  <div class='ocr_page' id='page_1' title='image "/cluster/home/n/w/nwhite01/storage/ocr_20150623/156/hvd.32044054760145/465.png"; bbox 0 0 3922 6080; ppageno 0'>
   <div class='ocr_carea' id='block_1_1' title="bbox 261 197 364 250">
    <p class='ocr_par' dir='ltr' id='par_1_1' title="bbox 261 197 364 250">
     <span class='ocr_line' id='line_1_1' title="bbox 261 197 364 250; baseline 0.01 -1"><span class='ocrx_word' id='word_1_1' title='bbox 261 197 364 250; x_wconf 76' lang='grc'><strong>919</strong></span> 
     </span>
    </p>
   </div>
   <div class='ocr_carea' id='block_1_2' title="bbox 1148 188 2866 251">
    <p class='ocr_par' dir='ltr' id='par_1_2' title="bbox 1148 188 2866 251">
     <span class='ocr_line' id='line_1_2' title="bbox 1148 188 2866 251; baseline -0.001 -3"><span class='ocrx_word' id='word_1_2' title='bbox 1148 195 1208 248; x_wconf 84' lang='grc' dir='ltr'><strong>ν.</strong></span> <span class='ocrx_word' id='word_1_3' title='bbox 1250 193 1581 250; x_wconf 81' lang='lat' dir='ltr'><strong>GUIBERTI</strong></span> <span class='ocrx_word' id='word_1_4' title='bbox 1619 193 1910 250; x_wconf 80' lang='lat' dir='ltr'><strong>ABBATIS</strong></span> <span class='ocrx_word' id='word_1_5' title='bbox 1948 194 2011 251; x_wconf 90' lang='lat' dir='ltr'><strong>S.</strong></span> <span class='ocrx_word' id='word_1_6' title='bbox 2057 193 2297 250; x_wconf 78' lang='lat' dir='ltr'><strong>MARUE</strong></span> <span class='ocrx_word' id='word_1_7' title='bbox 2339 191 2428 247; x_wconf 85' lang='lat' dir='ltr'><strong>DE</strong></span> <span class='ocrx_word' id='word_1_8' title='bbox 2469 188 2866 247; x_wconf 82' lang='lat' dir='ltr'><strong>NOVIGENTO</strong></span> 
     </span>
    </p>
   </div>
   <div class='ocr_carea' id='block_1_3' title="bbox 3650 192 3766 246">
    <p class='ocr_par' dir='ltr' id='par_1_3' title="bbox 3650 192 3766 246">
     <span class='ocr_line' id='line_1_3' title="bbox 3650 192 3766 246; baseline -0.009 -1"><span class='ocrx_word' id='word_1_9' title='bbox 3650 192 3766 246; x_wconf 75' lang='lat'><strong>920</strong></span> 
     </span>
    </p>
   </div>
   <div class='ocr_carea' id='block_1_4' title="bbox 265 318 3765 395">
    <p class='ocr_par' dir='ltr' id='par_1_4' title="bbox 265 318 3765 395">
     <span class='ocr_line' id='line_1_4' title="bbox 265 318 3765 395; baseline -0.003 -12"><span class='ocrx_word' id='word_1_10' title='bbox 265 325 457 395; x_wconf 86' lang='lat' dir='ltr'><strong>clesia,</strong></span> <span class='ocrx_word' id='word_1_11' title='bbox 515 325 614 382; x_wconf 89' lang='lat' dir='ltr'><strong>sed</strong></span> <span class='ocrx_word' id='word_1_12' title='bbox 693 323 1078 380; x_wconf 87' lang='lat' dir='ltr'><strong>Ecclesiarum</strong></span> <span class='ocrx_word' id='word_1_13' title='bbox 1137 322 1332 380; x_wconf 71' lang='lat' dir='ltr'><strong>Galliae</strong></span> <span class='ocrx_word' id='word_1_14' title='bbox 1391 323 1836 391; x_wconf 77' lang='lat' dir='ltr'><strong>Florentissima,</strong></span> <span class='ocrx_word' id='word_1_15' title='bbox 1894 332 1948 380; x_wconf 90' lang='lat' dir='ltr'><strong>et</strong></span> <span class='ocrx_word' id='word_1_16' title='bbox 1984 326 2029 378; x_wconf 85' lang='lat' dir='ltr'><strong>A</strong></span> <span class='ocrx_word' id='word_1_17' title='bbox 2059 323 2311 390; x_wconf 90' lang='lat' dir='ltr'><strong>duceret,</strong></span> <span class='ocrx_word' id='word_1_18' title='bbox 2334 335 2469 378; x_wconf 90' lang='lat' dir='ltr'><strong>cum</strong></span> <span class='ocrx_word' id='word_1_19' title='bbox 2490 334 2564 377; x_wconf 84' lang='lat' dir='ltr'><strong>ex</strong></span> <span class='ocrx_word' id='word_1_20' title='bbox 2595 320 2720 390; x_wconf 87' lang='lat' dir='ltr'><strong>ejus</strong></span> <span class='ocrx_word' id='word_1_21' title='bbox 2762 318 2938 376; x_wconf 90' lang='lat' dir='ltr'><strong>latere</strong></span> <span class='ocrx_word' id='word_1_22' title='bbox 2989 318 3277 375; x_wconf 76' lang='lat' dir='ltr'><strong>diutinam</strong></span> <span class='ocrx_word' id='word_1_23' title='bbox 3308 318 3564 375; x_wconf 84' lang='lat' dir='ltr'><strong>fabulam</strong></span> <span class='ocrx_word' id='word_1_24' title='bbox 3615 332 3765 375; x_wconf 86' lang='lat' dir='ltr'><strong>cum</strong></span> 
     </span>
    </p>
   </div>
   <div class='ocr_carea' id='block_1_5' title="bbox 268 411 1958 486">
    <p class='ocr_par' dir='ltr' id='par_1_5' title="bbox 268 411 1958 486">
     <span class='ocr_line' id='line_1_5' title="bbox 268 411 1958 486; baseline -0.002 -15"><span class='ocrx_word' id='word_1_25' title='bbox 268 416 439 486; x_wconf 88' lang='lat' dir='ltr'><strong>cujus</strong></span> <span class='ocrx_word' id='word_1_26' title='bbox 494 414 762 468; x_wconf 91' lang='lat' dir='ltr'><strong>Latinum</strong></span> <span class='ocrx_word' id='word_1_27' title='bbox 823 412 1019 467; x_wconf 90' lang='lat' dir='ltr'><strong>orbem</strong></span> <span class='ocrx_word' id='word_1_28' title='bbox 1079 411 1588 482; x_wconf 67' lang='lat' dir='ltr'><strong>praetergrediatur</strong></span> <span class='ocrx_word' id='word_1_29' title='bbox 1644 413 1814 468; x_wconf 90' lang='lat' dir='ltr'><strong>fama.</strong></span> <span class='ocrx_word' id='word_1_30' title='bbox 1887 413 1958 468; x_wconf 91' lang='lat' dir='ltr'><strong>Et</strong></span> 
     </span>
    </p>
   </div>
   <div class='ocr_carea' id='block_1_6' title="bbox 269 499 1959 574">
    <p class='ocr_par' dir='ltr' id='par_1_6' title="bbox 269 499 1959 574">
     <span class='ocr_line' id='line_1_6' title="bbox 269 499 1959 574; baseline -0.002 -15"><span class='ocrx_word' id='word_1_31' title='bbox 269 518 443 574; x_wconf 88' lang='lat' dir='ltr'><strong>quem</strong></span> <span class='ocrx_word' id='word_1_32' title='bbox 464 501 703 557; x_wconf 78' lang='lat' dir='ltr'><strong>virum?</strong></span> <span class='ocrx_word' id='word_1_33' title='bbox 742 499 944 556; x_wconf 84' lang='lat' dir='ltr'><strong>Nonne</strong></span> <span class='ocrx_word' id='word_1_34' title='bbox 971 513 1106 554; x_wconf 91' lang='lat' dir='ltr'><strong>eum</strong></span> <span class='ocrx_word' id='word_1_35' title='bbox 1149 513 1323 568; x_wconf 88' lang='lat' dir='ltr'><strong>quem</strong></span> <span class='ocrx_word' id='word_1_36' title='bbox 1365 507 1420 554; x_wconf 90' lang='lat' dir='ltr'><strong>et</strong></span> <span class='ocrx_word' id='word_1_37' title='bbox 1457 513 1640 567; x_wconf 82' lang='lat' dir='ltr'><strong>genus</strong></span> <span class='ocrx_word' id='word_1_38' title='bbox 1669 514 1959 556; x_wconf 89' lang='lat' dir='ltr'><strong>commen-</strong></span> 
     </span>
    </p>
   </div>
   <div class='ocr_carea' id='block_1_7' title="bbox 271 588 1956 660">
    <p class='ocr_par' dir='ltr' id='par_1_7' title="bbox 271 588 1956 660">
     <span class='ocr_line' id='line_1_7' title="bbox 271 588 1956 660; baseline -0.001 -13"><span class='ocrx_word' id='word_1_39' title='bbox 271 593 444 648; x_wconf 90' lang='lat' dir='ltr'><strong>dabat</strong></span> <span class='ocrx_word' id='word_1_40' title='bbox 498 588 816 660; x_wconf 87' lang='lat' dir='ltr'><strong>egregium,</strong></span> <span class='ocrx_word' id='word_1_41' title='bbox 848 597 904 644; x_wconf 92' lang='lat' dir='ltr'><strong>et</strong></span> <span class='ocrx_word' id='word_1_42' title='bbox 963 588 1436 658; x_wconf 66' lang='lat' dir='ltr'><strong>praestantissima</strong></span> <span class='ocrx_word' id='word_1_43' title='bbox 1497 590 1655 644; x_wconf 92' lang='lat' dir='ltr'><strong>tenui</strong></span> <span class='ocrx_word' id='word_1_44' title='bbox 1704 604 1956 658; x_wconf 89' lang='lat' dir='ltr'><strong>corpore,</strong></span> 
     </span>
    </p>
   </div>
   <div class='ocr_carea' id='block_1_8' title="bbox 269 675 1960 747">
    <p class='ocr_par' dir='ltr' id='par_1_8' title="bbox 269 675 1960 747">
     <span class='ocr_line' id='line_1_8' title="bbox 269 675 1960 747; baseline 0 -13"><span class='ocrx_word' id='word_1_45' title='bbox 269 678 437 734; x_wconf 87' lang='lat' dir='ltr'><strong>corde</strong></span> <span class='ocrx_word' id='word_1_46' title='bbox 451 676 822 747; x_wconf 86' lang='lat' dir='ltr'><strong>magnanimo</strong></span> <span class='ocrx_word' id='word_1_47' title='bbox 843 675 1094 731; x_wconf 89' lang='lat' dir='ltr'><strong>fecerant</strong></span> <span class='ocrx_word' id='word_1_48' title='bbox 1117 675 1213 730; x_wconf 92' lang='lat' dir='ltr'><strong>toti</strong></span> <span class='ocrx_word' id='word_1_49' title='bbox 1243 677 1498 731; x_wconf 58' lang='lat' dir='ltr'><strong>Francia:</strong></span> <span class='ocrx_word' id='word_1_50' title='bbox 1536 690 1701 732; x_wconf 90' lang='lat' dir='ltr'><strong>arma</strong></span> <span class='ocrx_word' id='word_1_51' title='bbox 1715 685 1914 733; x_wconf 92' lang='lat' dir='ltr'><strong>notum</strong></span> <span class='ocrx_word' id='word_1_52' title='bbox 1931 678 1960 734; x_wconf 64' lang='grc' dir='ltr'><strong>’ἵ</strong></span> 
     </span>
    </p>
   </div>
   <div class='ocr_carea' id='block_1_9' title="bbox 271 764 1956 837">
    <p class='ocr_par' dir='ltr' id='par_1_9' title="bbox 271 764 1956 837">
     <span class='ocr_line' id='line_1_9' title="bbox 271 764 1956 837; baseline -0.001 -15"><span class='ocrx_word' id='word_1_53' title='bbox 271 767 456 822; x_wconf 92' lang='lat' dir='ltr'><strong>Locus</strong></span> <span class='ocrx_word' id='word_1_54' title='bbox 483 764 663 835; x_wconf 80' lang='lat' dir='ltr'><strong>igitur</strong></span> <span class='ocrx_word' id='word_1_55' title='bbox 691 771 747 821; x_wconf 88' lang='lat' dir='ltr'><strong>et</strong></span> <span class='ocrx_word' id='word_1_56' title='bbox 770 765 988 820; x_wconf 88' lang='lat' dir='ltr'><strong>crimen</strong></span> <span class='ocrx_word' id='word_1_57' title='bbox 1017 773 1072 819; x_wconf 92' lang='lat' dir='ltr'><strong>et</strong></span> <span class='ocrx_word' id='word_1_58' title='bbox 1098 764 1344 820; x_wconf 87' lang='lat' dir='ltr'><strong>dedecus</strong></span> <span class='ocrx_word' id='word_1_59' title='bbox 1366 765 1584 835; x_wconf 87' lang='lat' dir='ltr'><strong>ubique</strong></span> <span class='ocrx_word' id='word_1_60' title='bbox 1610 766 1956 837; x_wconf 89' lang='lat' dir='ltr'><strong>vulgabuut.</strong></span> 
     </span>
    </p>
   </div>
   <div class='ocr_carea' id='block_1_10' title="bbox 271 849 1962 923">
    <p class='ocr_par' dir='ltr' id='par_1_10' title="bbox 271 849 1962 923">
     <span class='ocr_line' id='line_1_10' title="bbox 271 849 1962 923; baseline -0.002 -14"><span class='ocrx_word' id='word_1_61' title='bbox 271 852 325 909; x_wconf 92' lang='lat' dir='ltr'><strong>Si</strong></span> <span class='ocrx_word' id='word_1_62' title='bbox 355 866 494 923; x_wconf 87' lang='lat' dir='ltr'><strong>ergo</strong></span> <span class='ocrx_word' id='word_1_63' title='bbox 538 865 612 908; x_wconf 82' lang='lat' dir='ltr'><strong>ex</strong></span> <span class='ocrx_word' id='word_1_64' title='bbox 645 850 859 918; x_wconf 91' lang='lat' dir='ltr'><strong>animo,</strong></span> <span class='ocrx_word' id='word_1_65' title='bbox 885 863 958 904; x_wconf 80' lang='lat' dir='ltr'><strong>ex</strong></span> <span class='ocrx_word' id='word_1_66' title='bbox 990 849 1118 905; x_wconf 88' lang='lat' dir='ltr'><strong>imis</strong></span> <span class='ocrx_word' id='word_1_67' title='bbox 1158 851 1486 919; x_wconf 63' lang='lat' dir='ltr'><strong>praecordiis</strong></span> <span class='ocrx_word' id='word_1_68' title='bbox 1518 866 1619 920; x_wconf 91' lang='lat' dir='ltr'><strong>pro</strong></span> <span class='ocrx_word' id='word_1_69' title='bbox 1649 852 1962 908; x_wconf 58' lang='lat' dir='ltr'><strong>misxabili</strong></span> 
     </span>
    </p>
   </div>
   <div class='ocr_carea' id='block_1_11' title="bbox 269 938 1964 1003">
    <p class='ocr_par' dir='ltr' id='par_1_11' title="bbox 269 938 1964 1003">
     <span class='ocr_line' id='line_1_11' title="bbox 269 938 1964 1003; baseline -0.001 -6"><span class='ocrx_word' id='word_1_70' title='bbox 269 948 482 997; x_wconf 90' lang='lat' dir='ltr'><strong>eventu</strong></span> <span class='ocrx_word' id='word_1_71' title='bbox 515 954 630 995; x_wconf 91' lang='lat' dir='ltr'><strong>non</strong></span> <span class='ocrx_word' id='word_1_72' title='bbox 660 938 1056 1003; x_wconf 86' lang='lat' dir='ltr'><strong>tribulamini;</strong></span> <span class='ocrx_word' id='word_1_73' title='bbox 1089 938 1137 992; x_wconf 90' lang='lat' dir='ltr'><strong>si</strong></span> <span class='ocrx_word' id='word_1_74' title='bbox 1179 952 1293 992; x_wconf 91' lang='lat' dir='ltr'><strong>non</strong></span> <span class='ocrx_word' id='word_1_75' title='bbox 1355 938 1739 996; x_wconf 71' lang='lat' dir='ltr'><strong>dehonestatze</strong></span> <span class='ocrx_word' id='word_1_76' title='bbox 1794 949 1964 996; x_wconf 75' lang='lat' dir='ltr'><strong>tantae</strong></span> 
     </span>
    </p>
   </div>
   <div class='ocr_carea' id='block_1_12' title="bbox 273 1026 1960 1097">
    <p class='ocr_par' dir='ltr' id='par_1_12' title="bbox 273 1026 1960 1097">
     <span class='ocr_line' id='line_1_12' title="bbox 273 1026 1960 1097; baseline 0 -12"><span class='ocrx_word' id='word_1_77' title='bbox 273 1029 563 1086; x_wconf 75' lang='lat' dir='ltr'><strong>sanctitati</strong></span> <span class='ocrx_word' id='word_1_78' title='bbox 587 1027 1038 1097; x_wconf 89' lang='lat' dir='ltr'><strong>compatiamini,</strong></span> <span class='ocrx_word' id='word_1_79' title='bbox 1091 1026 1284 1082; x_wconf 87' lang='lat' dir='ltr'><strong>sciatis</strong></span> <span class='ocrx_word' id='word_1_80' title='bbox 1334 1027 1570 1083; x_wconf 88' lang='lat' dir='ltr'><strong>indubie</strong></span> <span class='ocrx_word' id='word_1_81' title='bbox 1600 1029 1780 1085; x_wconf 91' lang='lat' dir='ltr'><strong>Deum</strong></span> <span class='ocrx_word' id='word_1_82' title='bbox 1809 1031 1960 1085; x_wconf 91' lang='lat' dir='ltr'><strong>viam</strong></span> 
     </span>
    </p>
   </div>
   <div class='ocr_carea' id='block_1_13' title="bbox 271 1114 1964 1188">
    <p class='ocr_par' dir='ltr' id='par_1_13' title="bbox 271 1114 1964 1188">
     <span class='ocr_line' id='line_1_13' title="bbox 271 1114 1964 1188; baseline 0.002 -15"><span class='ocrx_word' id='word_1_83' title='bbox 271 1117 562 1173; x_wconf 88' lang='lat' dir='ltr'><strong>facturum</strong></span> <span class='ocrx_word' id='word_1_84' title='bbox 584 1115 798 1172; x_wconf 74' lang='lat' dir='ltr'><strong>semitze</strong></span> <span class='ocrx_word' id='word_1_85' title='bbox 831 1114 930 1170; x_wconf 79' lang='lat' dir='ltr'><strong>irze</strong></span> <span class='ocrx_word' id='word_1_86' title='bbox 963 1129 1101 1181; x_wconf 78' lang='lat' dir='ltr'><strong>suae,</strong></span> <span class='ocrx_word' id='word_1_87' title='bbox 1137 1115 1554 1172; x_wconf 84' lang='lat' dir='ltr'><strong>animositatem</strong></span> <span class='ocrx_word' id='word_1_88' title='bbox 1585 1117 1800 1174; x_wconf 86' lang='lat' dir='ltr'><strong>scilicet</strong></span> <span class='ocrx_word' id='word_1_89' title='bbox 1832 1133 1964 1188; x_wconf 65' lang='lat' dir='ltr'><strong>qua:</strong></span> 
     </span>
    </p>
   </div>
   <div class='ocr_carea' id='block_1_14' title="bbox 275 1203 1967 1274">
    <p class='ocr_par' dir='ltr' id='par_1_14' title="bbox 275 1203 1967 1274">
     <span class='ocr_line' id='line_1_14' title="bbox 275 1203 1967 1274; baseline -0.001 -11"><span class='ocrx_word' id='word_1_90' title='bbox 275 1207 488 1263; x_wconf 89' lang='lat' dir='ltr'><strong>latebat</strong></span> <span class='ocrx_word' id='word_1_91' title='bbox 536 1207 593 1260; x_wconf 92' lang='lat' dir='ltr'><strong>in</strong></span> <span class='ocrx_word' id='word_1_92' title='bbox 649 1212 848 1274; x_wconf 86' lang='lat' dir='ltr'><strong>aperta</strong></span> <span class='ocrx_word' id='word_1_93' title='bbox 889 1204 1064 1259; x_wconf 85' lang='lat' dir='ltr'><strong>vestri</strong></span> <span class='ocrx_word' id='word_1_94' title='bbox 1102 1203 1414 1272; x_wconf 83' lang='lat' dir='ltr'><strong>perditione</strong></span> <span class='ocrx_word' id='word_1_95' title='bbox 1465 1204 1861 1261; x_wconf 89' lang='lat' dir='ltr'><strong>dilataturum.</strong></span> <span class='ocrx_word' id='word_1_96' title='bbox 1896 1209 1967 1263; x_wconf 91' lang='lat' dir='ltr'><strong>Et</strong></span> 
     </span>
    </p>
   </div>
   <div class='ocr_carea' id='block_1_15' title="bbox 274 1291 1968 1366">
    <p class='ocr_par' dir='ltr' id='par_1_15' title="bbox 274 1291 1968 1366">
     <span class='ocr_line' id='line_1_15' title="bbox 274 1291 1968 1366; baseline -0.001 -15"><span class='ocrx_word' id='word_1_97' title='bbox 274 1295 560 1366; x_wconf 89' lang='lat' dir='ltr'><strong>quomodo</strong></span> <span class='ocrx_word' id='word_1_98' title='bbox 613 1294 823 1364; x_wconf 84' lang='lat' dir='ltr'><strong>putatis</strong></span> <span class='ocrx_word' id='word_1_99' title='bbox 853 1306 1087 1362; x_wconf 91' lang='lat' dir='ltr'><strong>parsum</strong></span> <span class='ocrx_word' id='word_1_100' title='bbox 1136 1291 1204 1346; x_wconf 89' lang='lat' dir='ltr'><strong>iri</strong></span> <span class='ocrx_word' id='word_1_101' title='bbox 1260 1293 1440 1347; x_wconf 91' lang='lat' dir='ltr'><strong>Deum</strong></span> <span class='ocrx_word' id='word_1_102' title='bbox 1488 1292 1546 1346; x_wconf 90' lang='lat' dir='ltr'><strong>in</strong></span> <span class='ocrx_word' id='word_1_103' title='bbox 1603 1293 1968 1350; x_wconf 90' lang='lat' dir='ltr'><strong>conclusione</strong></span> 
     </span>
    </p>
   </div>
   <div class='ocr_carea' id='block_1_16' title="bbox 270 1383 1967 1457">
    <p class='ocr_par' dir='ltr' id='par_1_16' title="bbox 270 1383 1967 1457">
     <span class='ocr_line' id='line_1_16' title="bbox 270 1383 1967 1457; baseline -0.002 -15"><span class='ocrx_word' id='word_1_104' title='bbox 270 1385 688 1457; x_wconf 90' lang='lat' dir='ltr'><strong>jumentorum,</strong></span> <span class='ocrx_word' id='word_1_105' title='bbox 741 1383 796 1438; x_wconf 91' lang='lat' dir='ltr'><strong>id</strong></span> <span class='ocrx_word' id='word_1_106' title='bbox 849 1389 934 1438; x_wconf 91' lang='lat' dir='ltr'><strong>est</strong></span> <span class='ocrx_word' id='word_1_107' title='bbox 989 1395 1294 1450; x_wconf 82' lang='lat' dir='ltr'><strong>corporum</strong></span> <span class='ocrx_word' id='word_1_108' title='bbox 1351 1388 1695 1447; x_wconf 86' lang='lat' dir='ltr'><strong>vestrorum,</strong></span> <span class='ocrx_word' id='word_1_109' title='bbox 1750 1383 1853 1452; x_wconf 90' lang='lat' dir='ltr'><strong>qui</strong></span> <span class='ocrx_word' id='word_1_110' title='bbox 1895 1383 1967 1439; x_wconf 92' lang='lat' dir='ltr'><strong>ob</strong></span> 
     </span>
    </p>
   </div>
   <div class='ocr_carea' id='block_1_17' title="bbox 276 1468 1966 1542">
    <p class='ocr_par' dir='ltr' id='par_1_17' title="bbox 276 1468 1966 1542">
     <span class='ocr_line' id='line_1_17' title="bbox 276 1468 1966 1542; baseline -0.003 -13"><span class='ocrx_word' id='word_1_111' title='bbox 276 1471 828 1542; x_wconf 87' lang='lat' dir='ltr'><strong>incorrigibilitatem</strong></span> <span class='ocrx_word' id='word_1_112' title='bbox 860 1477 1129 1535; x_wconf 86' lang='lat' dir='ltr'><strong>vestram,</strong></span> <span class='ocrx_word' id='word_1_113' title='bbox 1193 1468 1361 1524; x_wconf 90' lang='lat' dir='ltr'><strong>morti</strong></span> <span class='ocrx_word' id='word_1_114' title='bbox 1397 1483 1509 1523; x_wconf 90' lang='lat' dir='ltr'><strong>non</strong></span> <span class='ocrx_word' id='word_1_115' title='bbox 1555 1470 1803 1538; x_wconf 85' lang='lat' dir='ltr'><strong>pepercit</strong></span> <span class='ocrx_word' id='word_1_116' title='bbox 1833 1471 1966 1525; x_wconf 88' lang='lat' dir='ltr'><strong>ani-</strong></span> 
     </span>
    </p>
   </div>
   <div class='ocr_carea' id='block_1_18' title="bbox 276 1555 1964 1629">
    <p class='ocr_par' dir='ltr' id='par_1_18' title="bbox 276 1555 1964 1629">
     <span class='ocr_line' id='line_1_18' title="bbox 276 1555 1964 1629; baseline -0.001 -12"><span class='ocrx_word' id='word_1_117' title='bbox 276 1559 547 1616; x_wconf 79' lang='lat' dir='ltr'><strong>marum?</strong></span> <span class='ocrx_word' id='word_1_118' title='bbox 594 1558 734 1614; x_wconf 87' lang='lat' dir='ltr'><strong>Cum</strong></span> <span class='ocrx_word' id='word_1_119' title='bbox 794 1558 972 1629; x_wconf 88' lang='lat' dir='ltr'><strong>igitur</strong></span> <span class='ocrx_word' id='word_1_120' title='bbox 1033 1555 1277 1627; x_wconf 89' lang='lat' dir='ltr'><strong>pessimo</strong></span> <span class='ocrx_word' id='word_1_121' title='bbox 1331 1569 1597 1626; x_wconf 89' lang='lat' dir='ltr'><strong>processu</strong></span> <span class='ocrx_word' id='word_1_122' title='bbox 1673 1559 1964 1626; x_wconf 85' lang='lat' dir='ltr'><strong>graduum</strong></span> 
     </span>
    </p>
   </div>
   <div class='ocr_carea' id='block_1_19' title="bbox 276 1643 1969 1714">
    <p class='ocr_par' dir='ltr' id='par_1_19' title="bbox 276 1643 1969 1714">
     <span class='ocr_line' id='line_1_19' title="bbox 276 1643 1969 1714; baseline -0.001 -11"><span class='ocrx_word' id='word_1_123' title='bbox 276 1647 475 1703; x_wconf 89' lang='lat' dir='ltr'><strong>divina</strong></span> <span class='ocrx_word' id='word_1_124' title='bbox 501 1646 559 1700; x_wconf 92' lang='lat' dir='ltr'><strong>in</strong></span> <span class='ocrx_word' id='word_1_125' title='bbox 591 1659 694 1700; x_wconf 90' lang='lat' dir='ltr'><strong>nos</strong></span> <span class='ocrx_word' id='word_1_126' title='bbox 714 1651 1124 1714; x_wconf 89' lang='lat' dir='ltr'><strong>promoveatur</strong></span> <span class='ocrx_word' id='word_1_127' title='bbox 1159 1643 1322 1708; x_wconf 90' lang='lat' dir='ltr'><strong>ultio,</strong></span> <span class='ocrx_word' id='word_1_128' title='bbox 1371 1643 1664 1700; x_wconf 88' lang='lat' dir='ltr'><strong>sciendum</strong></span> <span class='ocrx_word' id='word_1_129' title='bbox 1693 1654 1776 1701; x_wconf 92' lang='lat' dir='ltr'><strong>est</strong></span> <span class='ocrx_word' id='word_1_130' title='bbox 1806 1646 1969 1701; x_wconf 84' lang='lat' dir='ltr'><strong>vobis</strong></span> 
     </span>
    </p>
   </div>
   <div class='ocr_carea' id='block_1_20' title="bbox 279 1731 1968 1804">
    <p class='ocr_par' dir='ltr' id='par_1_20' title="bbox 279 1731 1968 1804">
     <span class='ocr_line' id='line_1_20' title="bbox 279 1731 1968 1804; baseline 0 -15"><span class='ocrx_word' id='word_1_131' title='bbox 279 1735 418 1804; x_wconf 85' lang='lat' dir='ltr'><strong>quia</strong></span> <span class='ocrx_word' id='word_1_132' title='bbox 449 1733 559 1788; x_wconf 91' lang='lat' dir='ltr'><strong>nisi</strong></span> <span class='ocrx_word' id='word_1_133' title='bbox 591 1734 698 1789; x_wconf 89' lang='lat' dir='ltr'><strong>sub</strong></span> <span class='ocrx_word' id='word_1_134' title='bbox 725 1733 824 1788; x_wconf 90' lang='lat' dir='ltr'><strong>Dei</strong></span> <span class='ocrx_word' id='word_1_135' title='bbox 855 1732 1022 1802; x_wconf 90' lang='lat' dir='ltr'><strong>virga</strong></span> <span class='ocrx_word' id='word_1_136' title='bbox 1053 1745 1155 1787; x_wconf 91' lang='lat' dir='ltr'><strong>vos</strong></span> <span class='ocrx_word' id='word_1_137' title='bbox 1188 1731 1602 1788; x_wconf 90' lang='lat' dir='ltr'><strong>emendatiores</strong></span> <span class='ocrx_word' id='word_1_138' title='bbox 1629 1733 1968 1801; x_wconf 85' lang='lat' dir='ltr'><strong>exhibeatis,</strong></span> 
     </span>
    </p>
   </div>
   <div class='ocr_carea' id='block_1_21' title="bbox 279 1817 1973 1891">
    <p class='ocr_par' dir='ltr' id='par_1_21' title="bbox 279 1817 1973 1891">
     <span class='ocr_line' id='line_1_21' title="bbox 279 1817 1973 1891; baseline 0 -16"><span class='ocrx_word' id='word_1_139' title='bbox 279 1820 435 1891; x_wconf 91' lang='lat' dir='ltr'><strong>quod</strong></span> <span class='ocrx_word' id='word_1_140' title='bbox 484 1820 541 1874; x_wconf 91' lang='lat' dir='ltr'><strong>in</strong></span> <span class='ocrx_word' id='word_1_141' title='bbox 591 1826 804 1874; x_wconf 91' lang='lat' dir='ltr'><strong>statum</strong></span> <span class='ocrx_word' id='word_1_142' title='bbox 862 1817 1252 1886; x_wconf 87' lang='lat' dir='ltr'><strong>undecunque</strong></span> <span class='ocrx_word' id='word_1_143' title='bbox 1309 1818 1683 1882; x_wconf 90' lang='lat' dir='ltr'><strong>teterrimum,</strong></span> <span class='ocrx_word' id='word_1_144' title='bbox 1746 1834 1844 1888; x_wconf 91' lang='lat' dir='ltr'><strong>per</strong></span> <span class='ocrx_word' id='word_1_145' title='bbox 1905 1833 1973 1876; x_wconf 90' lang='lat' dir='ltr'><strong>ea</strong></span> 
     </span>
    </p>
   </div>
   <div class='ocr_carea' id='block_1_22' title="bbox 279 1904 1970 1980">
    <p class='ocr_par' dir='ltr' id='par_1_22' title="bbox 279 1904 1970 1980">
     <span class='ocr_line' id='line_1_22' title="bbox 279 1904 1970 1980; baseline -0.005 -15"><span class='ocrx_word' id='word_1_146' title='bbox 279 1924 411 1980; x_wconf 73' lang='lat' dir='ltr'><strong>quae</strong></span> <span class='ocrx_word' id='word_1_147' title='bbox 445 1908 592 1963; x_wconf 87' lang='lat' dir='ltr'><strong>inter</strong></span> <span class='ocrx_word' id='word_1_148' title='bbox 631 1921 732 1962; x_wconf 91' lang='lat' dir='ltr'><strong>vos</strong></span> <span class='ocrx_word' id='word_1_149' title='bbox 755 1905 1083 1961; x_wconf 89' lang='lat' dir='ltr'><strong>coalescunt</strong></span> <span class='ocrx_word' id='word_1_150' title='bbox 1115 1904 1382 1960; x_wconf 90' lang='lat' dir='ltr'><strong>intestina</strong></span> <span class='ocrx_word' id='word_1_151' title='bbox 1436 1905 1601 1973; x_wconf 90' lang='lat' dir='ltr'><strong>bella,</strong></span> <span class='ocrx_word' id='word_1_152' title='bbox 1661 1907 1898 1962; x_wconf 89' lang='lat' dir='ltr'><strong>cadatis.</strong></span> <span class='ocrx_word' id='word_1_153' title='bbox 1941 1928 1970 1956; x_wconf 82' lang='grc'><strong>»</strong></span> 
     </span>
    </p>
   </div>
   <div class='ocr_carea' id='block_1_23' title="bbox 347 1992 1970 2064">
    <p class='ocr_par' dir='ltr' id='par_1_23' title="bbox 347 1992 1970 2064">
     <span class='ocr_line' id='line_1_23' title="bbox 347 1992 1970 2064; baseline 0 -14"><span class='ocrx_word' id='word_1_154' title='bbox 347 1992 1281 2063; x_wconf 72' lang='lat' dir='ltr'><strong>Interfectoresexcommunicato:</strong></span> <span class='ocrx_word' id='word_1_155' title='bbox 1289 1993 1629 2064; x_wconf 82' lang='lat' dir='ltr'><strong>pronuntiat</strong></span> <span class='ocrx_word' id='word_1_156' title='bbox 1649 1995 1970 2063; x_wconf 72' lang='lat' dir='ltr'><strong>Guibertua,</strong></span> 
     </span>
    </p>
   </div>
   <div class='ocr_carea' id='block_1_24' title="bbox 278 2081 1973 2158">
    <p class='ocr_par' dir='ltr' id='par_1_24' title="bbox 278 2081 1973 2158">
     <span class='ocr_line' id='line_1_24' title="bbox 278 2081 1973 2158; baseline 0 -18"><span class='ocrx_word' id='word_1_157' title='bbox 278 2102 388 2158; x_wconf 86' lang='lat' dir='ltr'><strong>quo</strong></span> <span class='ocrx_word' id='word_1_158' title='bbox 415 2084 568 2140; x_wconf 80' lang='lat' dir='ltr'><strong>iram</strong></span> <span class='ocrx_word' id='word_1_159' title='bbox 591 2082 836 2138; x_wconf 76' lang='lat' dir='ltr'><strong>incurrit</strong></span> <span class='ocrx_word' id='word_1_160' title='bbox 863 2081 1319 2148; x_wconf 76' lang='lat' dir='ltr'><strong>coniuratorum.</strong></span> <span class='ocrx_word' id='word_1_161' title='bbox 1342 2111 1408 2123; x_wconf 92' lang='lat'>—</span> <span class='ocrx_word' id='word_1_162' title='bbox 1423 2082 1556 2138; x_wconf 76' lang='lat' dir='ltr'><strong>Haec</strong></span> <span class='ocrx_word' id='word_1_163' title='bbox 1583 2083 1814 2154; x_wconf 90' lang='lat' dir='ltr'><strong>aliaque</strong></span> <span class='ocrx_word' id='word_1_164' title='bbox 1830 2099 1973 2140; x_wconf 89' lang='lat' dir='ltr'><strong>eou-</strong></span> 
     </span>
    </p>
   </div>
   <div class='ocr_carea' id='block_1_25' title="bbox 279 2169 1974 2240">
    <p class='ocr_par' dir='ltr' id='par_1_25' title="bbox 279 2169 1974 2240">
     <span class='ocr_line' id='line_1_25' title="bbox 279 2169 1974 2240; baseline -0.001 -10"><span class='ocrx_word' id='word_1_165' title='bbox 279 2183 499 2240; x_wconf 83' lang='lat' dir='ltr'><strong>texens,</strong></span> <span class='ocrx_word' id='word_1_166' title='bbox 558 2171 709 2228; x_wconf 91' lang='lat' dir='ltr'><strong>clero</strong></span> <span class='ocrx_word' id='word_1_167' title='bbox 760 2170 1020 2240; x_wconf 87' lang='lat' dir='ltr'><strong>jubente,</strong></span> <span class='ocrx_word' id='word_1_168' title='bbox 1071 2169 1401 2240; x_wconf 89' lang='lat' dir='ltr'><strong>populoque</strong></span> <span class='ocrx_word' id='word_1_169' title='bbox 1441 2170 1685 2239; x_wconf 90' lang='lat' dir='ltr'><strong>volente,</strong></span> <span class='ocrx_word' id='word_1_170' title='bbox 1766 2173 1974 2229; x_wconf 91' lang='lat' dir='ltr'><strong>nobilis</strong></span> 
     </span>
    </p>
   </div>
   <div class='ocr_carea' id='block_1_26' title="bbox 283 2257 1975 2328">
    <p class='ocr_par' dir='ltr' id='par_1_26' title="bbox 283 2257 1975 2328">
     <span class='ocr_line' id='line_1_26' title="bbox 283 2257 1975 2328; baseline 0 -12"><span class='ocrx_word' id='word_1_171' title='bbox 283 2261 436 2317; x_wconf 89' lang='lat' dir='ltr'><strong>illius</strong></span> <span class='ocrx_word' id='word_1_172' title='bbox 484 2259 732 2315; x_wconf 89' lang='lat' dir='ltr'><strong>hominis</strong></span> <span class='ocrx_word' id='word_1_173' title='bbox 796 2265 1200 2328; x_wconf 89' lang='lat' dir='ltr'><strong>peremptores,</strong></span> <span class='ocrx_word' id='word_1_174' title='bbox 1280 2257 1656 2328; x_wconf 88' lang='lat' dir='ltr'><strong>ejusdemque</strong></span> <span class='ocrx_word' id='word_1_175' title='bbox 1705 2260 1975 2317; x_wconf 80' lang='lat' dir='ltr'><strong>facinoris</strong></span> 
     </span>
    </p>
   </div>
   <div class='ocr_carea' id='block_1_27' title="bbox 281 2345 1970 2419">
    <p class='ocr_par' dir='ltr' id='par_1_27' title="bbox 281 2345 1970 2419">
     <span class='ocr_line' id='line_1_27' title="bbox 281 2345 1970 2419; baseline 0.001 -14"><span class='ocrx_word' id='word_1_176' title='bbox 281 2349 555 2415; x_wconf 84' lang='lat' dir='ltr'><strong>fautores,</strong></span> <span class='ocrx_word' id='word_1_177' title='bbox 610 2356 665 2403; x_wconf 91' lang='lat' dir='ltr'><strong>et</strong></span> <span class='ocrx_word' id='word_1_178' title='bbox 713 2345 1048 2416; x_wconf 90' lang='lat' dir='ltr'><strong>complicem</strong></span> <span class='ocrx_word' id='word_1_179' title='bbox 1110 2360 1208 2416; x_wconf 91' lang='lat' dir='ltr'><strong>per</strong></span> <span class='ocrx_word' id='word_1_180' title='bbox 1261 2346 1599 2415; x_wconf 72' lang='lat' dir='ltr'><strong>praedictum</strong></span> <span class='ocrx_word' id='word_1_181' title='bbox 1641 2348 1970 2419; x_wconf 90' lang='lat' dir='ltr'><strong>episcopum</strong></span> 
     </span>
    </p>
   </div>
   <div class='ocr_carea' id='block_1_28' title="bbox 283 2433 1974 2506">
    <p class='ocr_par' dir='ltr' id='par_1_28' title="bbox 283 2433 1974 2506">
     <span class='ocr_line' id='line_1_28' title="bbox 283 2433 1974 2506; baseline 0.001 -14"><span class='ocrx_word' id='word_1_182' title='bbox 283 2437 385 2506; x_wconf 90' lang='lat' dir='ltr'><strong>qui</strong></span> <span class='ocrx_word' id='word_1_183' title='bbox 423 2435 830 2492; x_wconf 90' lang='lat' dir='ltr'><strong>reconciliahat</strong></span> <span class='ocrx_word' id='word_1_184' title='bbox 851 2433 1167 2501; x_wconf 89' lang='lat' dir='ltr'><strong>ecclesiam,</strong></span> <span class='ocrx_word' id='word_1_185' title='bbox 1198 2435 1974 2494; x_wconf 83' lang='lat' dir='ltr'><strong>excommunicandosenun-</strong></span> 
     </span>
    </p>
   </div>
   <div class='ocr_carea' id='block_1_29' title="bbox 285 2522 1975 2593">
    <p class='ocr_par' dir='ltr' id='par_1_29' title="bbox 285 2522 1975 2593">
     <span class='ocr_line' id='line_1_29' title="bbox 285 2522 1975 2593; baseline 0 -11"><span class='ocrx_word' id='word_1_186' title='bbox 285 2525 443 2593; x_wconf 90' lang='lat' dir='ltr'><strong>tiavi,</strong></span> <span class='ocrx_word' id='word_1_187' title='bbox 477 2540 582 2580; x_wconf 90' lang='lat' dir='ltr'><strong>nec</strong></span> <span class='ocrx_word' id='word_1_188' title='bbox 617 2524 812 2580; x_wconf 93' lang='lat' dir='ltr'><strong>minus</strong></span> <span class='ocrx_word' id='word_1_189' title='bbox 853 2537 967 2589; x_wconf 91' lang='lat' dir='ltr'><strong>eos,</strong></span> <span class='ocrx_word' id='word_1_190' title='bbox 1025 2522 1126 2592; x_wconf 90' lang='lat' dir='ltr'><strong>qui</strong></span> <span class='ocrx_word' id='word_1_191' title='bbox 1171 2522 1433 2590; x_wconf 65' lang='lat' dir='ltr'><strong>praesidio</strong></span> <span class='ocrx_word' id='word_1_192' title='bbox 1479 2524 1561 2578; x_wconf 90' lang='lat' dir='ltr'><strong>eis</strong></span> <span class='ocrx_word' id='word_1_193' title='bbox 1607 2532 1813 2592; x_wconf 91' lang='lat' dir='ltr'><strong>essent,</strong></span> <span class='ocrx_word' id='word_1_194' title='bbox 1872 2534 1975 2582; x_wconf 90' lang='lat' dir='ltr'><strong>aut</strong></span> 
     </span>
    </p>
   </div>
   <div class='ocr_carea' id='block_1_30' title="bbox 284 2610 1975 2682">
    <p class='ocr_par' dir='ltr' id='par_1_30' title="bbox 284 2610 1975 2682">
     <span class='ocr_line' id='line_1_30' title="bbox 284 2610 1975 2682; baseline 0 -12"><span class='ocrx_word' id='word_1_195' title='bbox 284 2613 731 2670; x_wconf 88' lang='lat' dir='ltr'><strong>contubernium</strong></span> <span class='ocrx_word' id='word_1_196' title='bbox 770 2612 1109 2682; x_wconf 76' lang='lat' dir='ltr'><strong>praeberent.</strong></span> <span class='ocrx_word' id='word_1_197' title='bbox 1165 2610 1388 2677; x_wconf 90' lang='lat' dir='ltr'><strong>Quibus</strong></span> <span class='ocrx_word' id='word_1_198' title='bbox 1429 2625 1529 2680; x_wconf 87' lang='lat' dir='ltr'><strong>per</strong></span> <span class='ocrx_word' id='word_1_199' title='bbox 1563 2612 1820 2668; x_wconf 90' lang='lat' dir='ltr'><strong>omnium</strong></span> <span class='ocrx_word' id='word_1_200' title='bbox 1873 2629 1975 2670; x_wconf 89' lang='lat' dir='ltr'><strong>ora</strong></span> 
     </span>
    </p>
   </div>
   <div class='ocr_carea' id='block_1_31' title="bbox 281 2698 1974 2766">
    <p class='ocr_par' dir='ltr' id='par_1_31' title="bbox 281 2698 1974 2766">
     <span class='ocr_line' id='line_1_31' title="bbox 281 2698 1974 2766; baseline 0.001 -10"><span class='ocrx_word' id='word_1_201' title='bbox 281 2700 819 2766; x_wconf 83' lang='lat' dir='ltr'><strong>excommunicatis,</strong></span> <span class='ocrx_word' id='word_1_202' title='bbox 900 2698 1139 2755; x_wconf 89' lang='lat' dir='ltr'><strong>ecclesia</strong></span> <span class='ocrx_word' id='word_1_203' title='bbox 1209 2698 1536 2754; x_wconf 89' lang='lat' dir='ltr'><strong>solemniter</strong></span> <span class='ocrx_word' id='word_1_204' title='bbox 1608 2701 1974 2758; x_wconf 82' lang='lat' dir='ltr'><strong>reconciliata</strong></span> 
     </span>
    </p>
   </div>
   <div class='ocr_carea' id='block_1_32' title="bbox 282 2786 1971 2859">
    <p class='ocr_par' dir='ltr' id='par_1_32' title="bbox 282 2786 1971 2859">
     <span class='ocr_line' id='line_1_32' title="bbox 282 2786 1971 2859; baseline 0.002 -15"><span class='ocrx_word' id='word_1_205' title='bbox 282 2796 381 2844; x_wconf 91' lang='lat' dir='ltr'><strong>est.</strong></span> <span class='ocrx_word' id='word_1_206' title='bbox 416 2791 637 2844; x_wconf 89' lang='lat' dir='ltr'><strong>Interea</strong></span> <span class='ocrx_word' id='word_1_207' title='bbox 675 2788 748 2843; x_wconf 90' lang='lat' dir='ltr'><strong>ad</strong></span> <span class='ocrx_word' id='word_1_208' title='bbox 774 2801 945 2844; x_wconf 90' lang='lat' dir='ltr'><strong>aures</strong></span> <span class='ocrx_word' id='word_1_209' title='bbox 976 2786 1510 2842; x_wconf 89' lang='lat' dir='ltr'><strong>arcbidiaconorum</strong></span> <span class='ocrx_word' id='word_1_210' title='bbox 1561 2795 1614 2843; x_wconf 90' lang='lat' dir='ltr'><strong>et</strong></span> <span class='ocrx_word' id='word_1_211' title='bbox 1646 2803 1971 2859; x_wconf 87' lang='lat' dir='ltr'><strong>procerum,</strong></span> 
     </span>
    </p>
   </div>
   <div class='ocr_carea' id='block_1_33' title="bbox 283 2875 1975 2945">
    <p class='ocr_par' dir='ltr' id='par_1_33' title="bbox 283 2875 1975 2945">
     <span class='ocr_line' id='line_1_33' title="bbox 283 2875 1975 2945; baseline 0.003 -15"><span class='ocrx_word' id='word_1_212' title='bbox 283 2875 386 2945; x_wconf 91' lang='lat' dir='ltr'><strong>qui</strong></span> <span class='ocrx_word' id='word_1_213' title='bbox 439 2876 510 2930; x_wconf 91' lang='lat' dir='ltr'><strong>ab</strong></span> <span class='ocrx_word' id='word_1_214' title='bbox 568 2876 796 2931; x_wconf 86' lang='lat' dir='ltr'><strong>urbana</strong></span> <span class='ocrx_word' id='word_1_215' title='bbox 834 2875 1099 2931; x_wconf 88' lang='lat' dir='ltr'><strong>societate</strong></span> <span class='ocrx_word' id='word_1_216' title='bbox 1156 2875 1534 2942; x_wconf 87' lang='lat' dir='ltr'><strong>desciverant,</strong></span> <span class='ocrx_word' id='word_1_217' title='bbox 1593 2879 1975 2935; x_wconf 88' lang='lat' dir='ltr'><strong>anathematis</strong></span> 
     </span>
    </p>
   </div>
   <div class='ocr_carea' id='block_1_34' title="bbox 284 2962 1977 3034">
    <p class='ocr_par' dir='ltr' id='par_1_34' title="bbox 284 2962 1977 3034">
     <span class='ocr_line' id='line_1_34' title="bbox 284 2962 1977 3034; baseline 0.002 -15"><span class='ocrx_word' id='word_1_218' title='bbox 284 2963 462 3033; x_wconf 87' lang='lat' dir='ltr'><strong>hujus</strong></span> <span class='ocrx_word' id='word_1_219' title='bbox 493 2962 776 3019; x_wconf 89' lang='lat' dir='ltr'><strong>sententia</strong></span> <span class='ocrx_word' id='word_1_220' title='bbox 805 2963 1128 3018; x_wconf 87' lang='lat' dir='ltr'><strong>devehitur.</strong></span> <span class='ocrx_word' id='word_1_221' title='bbox 1157 2964 1224 3018; x_wconf 92' lang='lat' dir='ltr'><strong>In</strong></span> <span class='ocrx_word' id='word_1_222' title='bbox 1258 2977 1350 3019; x_wconf 90' lang='lat' dir='ltr'><strong>me</strong></span> <span class='ocrx_word' id='word_1_223' title='bbox 1380 2963 1561 3034; x_wconf 84' lang='lat' dir='ltr'><strong>igitur</strong></span> <span class='ocrx_word' id='word_1_224' title='bbox 1588 2979 1690 3034; x_wconf 91' lang='lat' dir='ltr'><strong>pro</strong></span> <span class='ocrx_word' id='word_1_225' title='bbox 1719 2980 1977 3023; x_wconf 90' lang='lat' dir='ltr'><strong>sermone</strong></span> 
     </span>
    </p>
   </div>
   <div class='ocr_carea' id='block_1_35' title="bbox 283 3051 1972 3121">
    <p class='ocr_par' dir='ltr' id='par_1_35' title="bbox 283 3051 1972 3121">
     <span class='ocr_line' id='line_1_35' title="bbox 283 3051 1972 3121; baseline 0.002 -14"><span class='ocrx_word' id='word_1_226' title='bbox 283 3051 500 3116; x_wconf 91' lang='lat' dir='ltr'><strong>habito,</strong></span> <span class='ocrx_word' id='word_1_227' title='bbox 553 3059 608 3107; x_wconf 89' lang='lat' dir='ltr'><strong>et</strong></span> <span class='ocrx_word' id='word_1_228' title='bbox 658 3051 1271 3107; x_wconf 84' lang='lat' dir='ltr'><strong>excommunicationis</strong></span> <span class='ocrx_word' id='word_1_229' title='bbox 1323 3053 1808 3121; x_wconf 88' lang='lat' dir='ltr'><strong>pronuntiatione,</strong></span> <span class='ocrx_word' id='word_1_230' title='bbox 1853 3070 1972 3110; x_wconf 89' lang='lat' dir='ltr'><strong>om-</strong></span> 
     </span>
    </p>
   </div>
   <div class='ocr_carea' id='block_1_36' title="bbox 284 3140 1975 3209">
    <p class='ocr_par' dir='ltr' id='par_1_36' title="bbox 284 3140 1975 3209">
     <span class='ocr_line' id='line_1_36' title="bbox 284 3140 1975 3209; baseline 0.001 -13"><span class='ocrx_word' id='word_1_231' title='bbox 284 3141 447 3196; x_wconf 91' lang='lat' dir='ltr'><strong>nium</strong></span> <span class='ocrx_word' id='word_1_232' title='bbox 477 3140 707 3195; x_wconf 92' lang='lat' dir='ltr'><strong>illorum</strong></span> <span class='ocrx_word' id='word_1_233' title='bbox 735 3140 1100 3195; x_wconf 82' lang='lat' dir='ltr'><strong>exclusorum</strong></span> <span class='ocrx_word' id='word_1_234' title='bbox 1150 3154 1429 3196; x_wconf 91' lang='lat' dir='ltr'><strong>conversa</strong></span> <span class='ocrx_word' id='word_1_235' title='bbox 1472 3149 1607 3196; x_wconf 91' lang='lat' dir='ltr'><strong>sunt</strong></span> <span class='ocrx_word' id='word_1_236' title='bbox 1661 3143 1812 3209; x_wconf 90' lang='lat' dir='ltr'><strong>odia,</strong></span> <span class='ocrx_word' id='word_1_237' title='bbox 1847 3156 1975 3198; x_wconf 89' lang='lat' dir='ltr'><strong>ma-</strong></span> 
     </span>
    </p>
   </div>
   <div class='ocr_carea' id='block_1_37' title="bbox 283 3227 1975 3300">
    <p class='ocr_par' dir='ltr' id='par_1_37' title="bbox 283 3227 1975 3300">
     <span class='ocr_line' id='line_1_37' title="bbox 283 3227 1975 3300; baseline 0.001 -16"><span class='ocrx_word' id='word_1_238' title='bbox 283 3229 441 3284; x_wconf 83' lang='lat' dir='ltr'><strong>xime</strong></span> <span class='ocrx_word' id='word_1_239' title='bbox 470 3227 681 3284; x_wconf 89' lang='lat' dir='ltr'><strong>Galteri</strong></span> <span class='ocrx_word' id='word_1_240' title='bbox 709 3228 1099 3284; x_wconf 89' lang='lat' dir='ltr'><strong>archidiaconi</strong></span> <span class='ocrx_word' id='word_1_241' title='bbox 1150 3229 1388 3300; x_wconf 86' lang='lat' dir='ltr'><strong>grandis</strong></span> <span class='ocrx_word' id='word_1_242' title='bbox 1438 3239 1519 3285; x_wconf 78' lang='lat' dir='ltr'><strong>est</strong></span> <span class='ocrx_word' id='word_1_243' title='bbox 1548 3231 1853 3288; x_wconf 88' lang='lat' dir='ltr'><strong>adversum</strong></span> <span class='ocrx_word' id='word_1_244' title='bbox 1885 3245 1975 3286; x_wconf 91' lang='lat' dir='ltr'><strong>me</strong></span> 
     </span>
    </p>
   </div>
   <div class='ocr_carea' id='block_1_38' title="bbox 283 3316 1972 3387">
    <p class='ocr_par' dir='ltr' id='par_1_38' title="bbox 283 3316 1972 3387">
     <span class='ocr_line' id='line_1_38' title="bbox 283 3316 1972 3387; baseline 0.001 -14"><span class='ocrx_word' id='word_1_245' title='bbox 283 3331 557 3373; x_wconf 90' lang='lat' dir='ltr'><strong>succensa</strong></span> <span class='ocrx_word' id='word_1_246' title='bbox 595 3317 881 3372; x_wconf 89' lang='lat' dir='ltr'><strong>vecordia.</strong></span> <span class='ocrx_word' id='word_1_247' title='bbox 919 3317 1057 3372; x_wconf 90' lang='lat' dir='ltr'><strong>Erat</strong></span> <span class='ocrx_word' id='word_1_248' title='bbox 1091 3316 1374 3387; x_wconf 89' lang='lat' dir='ltr'><strong>siquidem</strong></span> <span class='ocrx_word' id='word_1_249' title='bbox 1429 3318 1630 3374; x_wconf 80' lang='lat' dir='ltr'><strong>audire</strong></span> <span class='ocrx_word' id='word_1_250' title='bbox 1664 3319 1972 3375; x_wconf 88' lang='lat' dir='ltr'><strong>immanem</strong></span> 
     </span>
    </p>
   </div>
   <div class='ocr_carea' id='block_1_39' title="bbox 283 3405 1976 3478">
    <p class='ocr_par' dir='ltr' id='par_1_39' title="bbox 283 3405 1976 3478">
     <span class='ocr_line' id='line_1_39' title="bbox 283 3405 1976 3478; baseline 0.001 -17"><span class='ocrx_word' id='word_1_251' title='bbox 283 3405 586 3472; x_wconf 89' lang='lat' dir='ltr'><strong>tonitrum,</strong></span> <span class='ocrx_word' id='word_1_252' title='bbox 634 3405 729 3461; x_wconf 92' lang='lat' dir='ltr'><strong>cui</strong></span> <span class='ocrx_word' id='word_1_253' title='bbox 776 3412 987 3469; x_wconf 91' lang='lat' dir='ltr'><strong>tamen,</strong></span> <span class='ocrx_word' id='word_1_254' title='bbox 1035 3407 1148 3462; x_wconf 91' lang='lat' dir='ltr'><strong>Deo</strong></span> <span class='ocrx_word' id='word_1_255' title='bbox 1180 3410 1415 3462; x_wconf 88' lang='lat' dir='ltr'><strong>auctore</strong></span> <span class='ocrx_word' id='word_1_256' title='bbox 1444 3407 1742 3478; x_wconf 82' lang='lat' dir='ltr'><strong>fulgurum</strong></span> <span class='ocrx_word' id='word_1_257' title='bbox 1775 3408 1976 3464; x_wconf 90' lang='lat' dir='ltr'><strong>nullus</strong></span> 
     </span>
    </p>
   </div>
   <div class='ocr_carea' id='block_1_40' title="bbox 284 3494 1972 3566">
    <p class='ocr_par' dir='ltr' id='par_1_40' title="bbox 284 3494 1972 3566">
     <span class='ocr_line' id='line_1_40' title="bbox 284 3494 1972 3566; baseline 0.001 -16"><span class='ocrx_word' id='word_1_258' title='bbox 284 3508 454 3550; x_wconf 90' lang='lat' dir='ltr'><strong>casus</strong></span> <span class='ocrx_word' id='word_1_259' title='bbox 473 3494 792 3550; x_wconf 85' lang='lat' dir='ltr'><strong>accesserit.</strong></span> <span class='ocrx_word' id='word_1_260' title='bbox 825 3494 984 3550; x_wconf 89' lang='lat' dir='ltr'><strong>Clam</strong></span> <span class='ocrx_word' id='word_1_261' title='bbox 1019 3494 1210 3563; x_wconf 89' lang='lat' dir='ltr'><strong>inme,</strong></span> <span class='ocrx_word' id='word_1_262' title='bbox 1239 3494 1296 3550; x_wconf 91' lang='lat' dir='ltr'><strong>in</strong></span> <span class='ocrx_word' id='word_1_263' title='bbox 1331 3504 1600 3566; x_wconf 91' lang='lat' dir='ltr'><strong>promptu</strong></span> <span class='ocrx_word' id='word_1_264' title='bbox 1631 3497 1972 3553; x_wconf 88' lang='lat' dir='ltr'><strong>reverentia.</strong></span> 
     </span>
    </p>
   </div>
   <div class='ocr_carea' id='block_1_41' title="bbox 285 3583 1376 3654">
    <p class='ocr_par' dir='ltr' id='par_1_41' title="bbox 285 3583 1376 3654">
     <span class='ocr_line' id='line_1_41' title="bbox 285 3583 1376 3654; baseline -0.002 -16"><span class='ocrx_word' id='word_1_265' title='bbox 285 3583 473 3654; x_wconf 87' lang='lat' dir='ltr'><strong>Igitur</strong></span> <span class='ocrx_word' id='word_1_266' title='bbox 493 3583 565 3638; x_wconf 89' lang='lat' dir='ltr'><strong>ad</strong></span> <span class='ocrx_word' id='word_1_267' title='bbox 596 3596 715 3638; x_wconf 90' lang='lat' dir='ltr'><strong>rem</strong></span> <span class='ocrx_word' id='word_1_268' title='bbox 748 3583 1052 3638; x_wconf 89' lang='lat' dir='ltr'><strong>redeamus</strong></span> <span class='ocrx_word' id='word_1_269' title='bbox 1083 3583 1376 3639; x_wconf 90' lang='lat' dir='ltr'><strong>omissam.</strong></span> 
     </span>
    </p>
   </div>
   <div class='ocr_carea' id='block_1_42' title="bbox 887 3671 1368 3728">
    <p class='ocr_par' dir='ltr' id='par_1_42' title="bbox 887 3671 1368 3728">
     <span class='ocr_line' id='line_1_42' title="bbox 887 3671 1368 3728; baseline -0.004 -1"><span class='ocrx_word' id='word_1_270' title='bbox 887 3671 1119 3728; x_wconf 83' lang='lat' dir='ltr'><strong>CAPUT</strong></span> <span class='ocrx_word' id='word_1_271' title='bbox 1162 3673 1233 3728; x_wconf 87' lang='lat' dir='ltr'><strong>VI</strong></span> <span class='ocrx_word' id='word_1_272' title='bbox 1264 3671 1368 3725; x_wconf 74' lang='lat' dir='ltr'><strong>bis.</strong></span> 
     </span>
    </p>
   </div>
   <div class='ocr_carea' id='block_1_43' title="bbox 352 3758 1976 3833">
    <p class='ocr_par' dir='ltr' id='par_1_43' title="bbox 352 3758 1976 3833">
     <span class='ocr_line' id='line_1_43' title="bbox 352 3758 1976 3833; baseline 0.001 -19"><span class='ocrx_word' id='word_1_273' title='bbox 352 3760 536 3814; x_wconf 86' lang='lat' dir='ltr'><strong>Roma</strong></span> <span class='ocrx_word' id='word_1_274' title='bbox 563 3758 863 3831; x_wconf 72' lang='lat' dir='ltr'><strong>episcon</strong></span> <span class='ocrx_word' id='word_1_275' title='bbox 891 3759 1232 3815; x_wconf 85' lang='lat' dir='ltr'><strong>Laudunum</strong></span> <span class='ocrx_word' id='word_1_276' title='bbox 1275 3759 1446 3815; x_wconf 77' lang='lat' dir='ltr'><strong>venit.</strong></span> <span class='ocrx_word' id='word_1_277' title='bbox 1473 3761 1765 3830; x_wconf 79' lang='lat' dir='ltr'><strong>Praecepto</strong></span> <span class='ocrx_word' id='word_1_278' title='bbox 1819 3759 1976 3833; x_wconf 68' lang='lat' dir='ltr'><strong>regio</strong></span> 
     </span>
    </p>
   </div>
   <div class='ocr_carea' id='block_1_44' title="bbox 281 3847 1976 3920">
    <p class='ocr_par' dir='ltr' id='par_1_44' title="bbox 281 3847 1976 3920">
     <span class='ocr_line' id='line_1_44' title="bbox 281 3847 1976 3920; baseline 0.001 -18"><span class='ocrx_word' id='word_1_279' title='bbox 281 3847 482 3902; x_wconf 68' lang='lat' dir='ltr'><strong>domus</strong></span> <span class='ocrx_word' id='word_1_280' title='bbox 537 3847 884 3918; x_wconf 69' lang='lat' dir='ltr'><strong>episcopalis</strong></span> <span class='ocrx_word' id='word_1_281' title='bbox 911 3847 1259 3904; x_wconf 74' lang='lat' dir='ltr'><strong>exinanilur.</strong></span> <span class='ocrx_word' id='word_1_282' title='bbox 1295 3879 1357 3887; x_wconf 92' lang='lat'>—</span> <span class='ocrx_word' id='word_1_283' title='bbox 1393 3851 1663 3904; x_wconf 81' lang='lat' dir='ltr'><strong>Armatus</strong></span> <span class='ocrx_word' id='word_1_284' title='bbox 1690 3847 1893 3920; x_wconf 88' lang='lat' dir='ltr'><strong>sigillis</strong></span> <span class='ocrx_word' id='word_1_285' title='bbox 1921 3857 1976 3905; x_wconf 93' lang='lat' dir='ltr'><strong>et</strong></span> 
     </span>
    </p>
   </div>
   <div class='ocr_carea' id='block_1_45' title="bbox 284 3935 1974 4007">
    <p class='ocr_par' dir='ltr' id='par_1_45' title="bbox 284 3935 1974 4007">
     <span class='ocr_line' id='line_1_45' title="bbox 284 3935 1974 4007; baseline 0.001 -16"><span class='ocrx_word' id='word_1_286' title='bbox 284 3935 545 4005; x_wconf 90' lang='lat' dir='ltr'><strong>apicibus</strong></span> <span class='ocrx_word' id='word_1_287' title='bbox 575 3936 900 4005; x_wconf 90' lang='lat' dir='ltr'><strong>apostolicis</strong></span> <span class='ocrx_word' id='word_1_288' title='bbox 931 3936 1198 3993; x_wconf 91' lang='lat' dir='ltr'><strong>dominus</strong></span> <span class='ocrx_word' id='word_1_289' title='bbox 1237 3937 1446 4007; x_wconf 67' lang='lat' dir='ltr'><strong>praesul</strong></span> <span class='ocrx_word' id='word_1_290' title='bbox 1501 3938 1677 3992; x_wconf 82' lang='lat' dir='ltr'><strong>Roma</strong></span> <span class='ocrx_word' id='word_1_291' title='bbox 1721 3937 1974 4007; x_wconf 88' lang='lat' dir='ltr'><strong>regredi-</strong></span> 
     </span>
    </p>
   </div>
   <div class='ocr_carea' id='block_1_46' title="bbox 288 4023 1974 4095">
    <p class='ocr_par' dir='ltr' id='par_1_46' title="bbox 288 4023 1974 4095">
     <span class='ocr_line' id='line_1_46' title="bbox 288 4023 1974 4095; baseline 0.001 -16"><span class='ocrx_word' id='word_1_292' title='bbox 288 4031 400 4079; x_wconf 91' lang='lat' dir='ltr'><strong>tur.</strong></span> <span class='ocrx_word' id='word_1_293' title='bbox 439 4025 557 4079; x_wconf 81' lang='lat' dir='ltr'><strong>Rex</strong></span> <span class='ocrx_word' id='word_1_294' title='bbox 588 4031 783 4079; x_wconf 89' lang='lat' dir='ltr'><strong>autam</strong></span> <span class='ocrx_word' id='word_1_295' title='bbox 811 4023 1062 4080; x_wconf 88' lang='lat' dir='ltr'><strong>Gerardo</strong></span> <span class='ocrx_word' id='word_1_296' title='bbox 1091 4025 1294 4092; x_wconf 92' lang='lat' dir='ltr'><strong>occiso,</strong></span> <span class='ocrx_word' id='word_1_297' title='bbox 1337 4026 1612 4095; x_wconf 89' lang='lat' dir='ltr'><strong>quoniam</strong></span> <span class='ocrx_word' id='word_1_298' title='bbox 1644 4024 1974 4094; x_wconf 88' lang='lat' dir='ltr'><strong>episcopum</strong></span> 
     </span>
    </p>
   </div>
   <div class='ocr_carea' id='block_1_47' title="bbox 283 4110 1970 4183">
    <p class='ocr_par' dir='ltr' id='par_1_47' title="bbox 283 4110 1970 4183">
     <span class='ocr_line' id='line_1_47' title="bbox 283 4110 1970 4183; baseline 0.001 -17"><span class='ocrx_word' id='word_1_299' title='bbox 283 4110 464 4181; x_wconf 85' lang='lat' dir='ltr'><strong>hujus</strong></span> <span class='ocrx_word' id='word_1_300' title='bbox 516 4111 784 4167; x_wconf 90' lang='lat' dir='ltr'><strong>facinoris</strong></span> <span class='ocrx_word' id='word_1_301' title='bbox 813 4113 1105 4168; x_wconf 90' lang='lat' dir='ltr'><strong>conscium</strong></span> <span class='ocrx_word' id='word_1_302' title='bbox 1136 4113 1370 4169; x_wconf 89' lang='lat' dir='ltr'><strong>omnino</strong></span> <span class='ocrx_word' id='word_1_303' title='bbox 1397 4113 1764 4182; x_wconf 89' lang='lat' dir='ltr'><strong>opinabatur,</strong></span> <span class='ocrx_word' id='word_1_304' title='bbox 1815 4113 1970 4183; x_wconf 92' lang='lat' dir='ltr'><strong>quod</strong></span> 
     </span>
    </p>
   </div>
   <div class='ocr_carea' id='block_1_48' title="bbox 2067 407 3761 480">
    <p class='ocr_par' dir='ltr' id='par_1_48' title="bbox 2067 407 3761 480">
     <span class='ocr_line' id='line_1_48' title="bbox 2067 407 3761 480; baseline -0.004 -14"><span class='ocrx_word' id='word_1_305' title='bbox 2067 412 2197 479; x_wconf 90' lang='lat' dir='ltr'><strong>illis,</strong></span> <span class='ocrx_word' id='word_1_306' title='bbox 2242 424 2389 480; x_wconf 91' lang='lat' dir='ltr'><strong>quos</strong></span> <span class='ocrx_word' id='word_1_307' title='bbox 2431 409 2537 465; x_wconf 91' lang='lat' dir='ltr'><strong>sibi</strong></span> <span class='ocrx_word' id='word_1_308' title='bbox 2594 408 2743 463; x_wconf 92' lang='lat' dir='ltr'><strong>solos</strong></span> <span class='ocrx_word' id='word_1_309' title='bbox 2772 408 3168 463; x_wconf 85' lang='lat' dir='ltr'><strong>arbitrabatur</strong></span> <span class='ocrx_word' id='word_1_310' title='bbox 3209 407 3419 471; x_wconf 85' lang='lat' dir='ltr'><strong>ﬁdeles,</strong></span> <span class='ocrx_word' id='word_1_311' title='bbox 3493 407 3761 464; x_wconf 88' lang='lat' dir='ltr'><strong>haberet.</strong></span> 
     </span>
    </p>
   </div>
   <div class='ocr_carea' id='block_1_49' title="bbox 2069 495 3769 569">
    <p class='ocr_par' dir='ltr' id='par_1_49' title="bbox 2069 495 3769 569">
     <span class='ocr_line' id='line_1_49' title="bbox 2069 495 3769 569; baseline -0.003 -15"><span class='ocrx_word' id='word_1_312' title='bbox 2069 499 2208 554; x_wconf 87' lang='lat' dir='ltr'><strong>lude</strong></span> <span class='ocrx_word' id='word_1_313' title='bbox 2245 497 2589 569; x_wconf 87' lang='lat' dir='ltr'><strong>digrediens,</strong></span> <span class='ocrx_word' id='word_1_314' title='bbox 2642 495 2922 553; x_wconf 88' lang='lat' dir='ltr'><strong>Codiciaei</strong></span> <span class='ocrx_word' id='word_1_315' title='bbox 2965 495 3159 567; x_wconf 86' lang='lat' dir='ltr'><strong>(vulgo</strong></span> <span class='ocrx_word' id='word_1_316' title='bbox 3213 495 3418 568; x_wconf 79' lang='lat' dir='ltr'><strong>Coucy)</strong></span> <span class='ocrx_word' id='word_1_317' title='bbox 3460 497 3769 566; x_wconf 72' lang='lat' dir='ltr'><strong>cum‘ipsis</strong></span> 
     </span>
    </p>
   </div>
   <div class='ocr_carea' id='block_1_50' title="bbox 2067 585 2818 654">
    <p class='ocr_par' dir='ltr' id='par_1_50' title="bbox 2067 585 2818 654">
     <span class='ocr_line' id='line_1_50' title="bbox 2067 585 2818 654; baseline -0.005 -12"><span class='ocrx_word' id='word_1_318' title='bbox 2067 587 2339 642; x_wconf 91' lang='lat' dir='ltr'><strong>omnibus</strong></span> <span class='ocrx_word' id='word_1_319' title='bbox 2368 585 2688 654; x_wconf 91' lang='lat' dir='ltr'><strong>hospitatus</strong></span> <span class='ocrx_word' id='word_1_320' title='bbox 2713 593 2818 641; x_wconf 89' lang='lat' dir='ltr'><strong>est.</strong></span> 
     </span>
    </p>
   </div>
   <div class='ocr_carea' id='block_1_51' title="bbox 2141 670 3774 743">
    <p class='ocr_par' dir='ltr' id='par_1_51' title="bbox 2141 670 3774 743">
     <span class='ocr_line' id='line_1_51' title="bbox 2141 670 3774 743; baseline -0.004 -13"><span class='ocrx_word' id='word_1_321' title='bbox 2141 673 2481 732; x_wconf 80' lang='lat' dir='ltr'><strong>Gualdricus</strong></span> <span class='ocrx_word' id='word_1_322' title='bbox 2505 672 2722 727; x_wconf 67' lang='lat' dir='ltr'><strong>milites</strong></span> <span class='ocrx_word' id='word_1_323' title='bbox 2735 670 3272 743; x_wconf 76' lang='lat' dir='ltr'><strong>congregat,minita</strong></span> <span class='ocrx_word' id='word_1_324' title='bbox 3279 674 3480 743; x_wconf 81' lang='lat' dir='ltr'><strong>turque</strong></span> <span class='ocrx_word' id='word_1_325' title='bbox 3488 689 3549 727; x_wconf 68' lang='lat' dir='ltr'><strong>se</strong></span> <span class='ocrx_word' id='word_1_326' title='bbox 3563 671 3774 726; x_wconf 81' lang='lat' dir='ltr'><strong>urbem</strong></span> 
     </span>
    </p>
   </div>
   <div class='ocr_carea' id='block_1_52' title="bbox 2067 760 3776 834">
    <p class='ocr_par' dir='ltr' id='par_1_52' title="bbox 2067 760 3776 834">
     <span class='ocr_line' id='line_1_52' title="bbox 2067 760 3776 834; baseline -0.001 -17"><span class='ocrx_word' id='word_1_327' title='bbox 2067 766 2302 817; x_wconf 87' lang='lat' dir='ltr'><strong>armata</strong></span> <span class='ocrx_word' id='word_1_328' title='bbox 2362 762 2786 834; x_wconf 73' lang='lat' dir='ltr'><strong>ingressurum;</strong></span> <span class='ocrx_word' id='word_1_329' title='bbox 2859 761 2958 814; x_wconf 71' lang='lat' dir='ltr'><strong>sed</strong></span> <span class='ocrx_word' id='word_1_330' title='bbox 3011 760 3270 827; x_wconf 72' lang='lat' dir='ltr'><strong>frustra.</strong></span> <span class='ocrx_word' id='word_1_331' title='bbox 3329 790 3399 801; x_wconf 97' lang='lat'><strong><em>—</em></strong></span> <span class='ocrx_word' id='word_1_332' title='bbox 3455 760 3574 827; x_wconf 88' lang='lat' dir='ltr'><strong>Quo</strong></span> <span class='ocrx_word' id='word_1_333' title='bbox 3657 775 3776 830; x_wconf 80' lang='lat' dir='ltr'><strong>ego</strong></span> 
     </span>
    </p>
   </div>
   <div class='ocr_carea' id='block_1_53' title="bbox 2071 848 3774 920">
    <p class='ocr_par' dir='ltr' id='par_1_53' title="bbox 2071 848 3774 920">
     <span class='ocr_line' id='line_1_53' title="bbox 2071 848 3774 920; baseline -0.003 -13"><span class='ocrx_word' id='word_1_334' title='bbox 2071 860 2378 920; x_wconf 87' lang='lat' dir='ltr'><strong>comperto,</strong></span> <span class='ocrx_word' id='word_1_335' title='bbox 2412 865 2545 905; x_wconf 92' lang='lat' dir='ltr'><strong>cum</strong></span> <span class='ocrx_word' id='word_1_336' title='bbox 2578 849 2747 904; x_wconf 89' lang='lat' dir='ltr'><strong>valde</strong></span> <span class='ocrx_word' id='word_1_337' title='bbox 2800 850 2970 904; x_wconf 82' lang='lat' dir='ltr'><strong>talem</strong></span> <span class='ocrx_word' id='word_1_338' title='bbox 3020 848 3148 919; x_wconf 89' lang='lat' dir='ltr'><strong>ejus</strong></span> <span class='ocrx_word' id='word_1_339' title='bbox 3198 849 3456 904; x_wconf 89' lang='lat' dir='ltr'><strong>habitum</strong></span> <span class='ocrx_word' id='word_1_340' title='bbox 3495 848 3774 904; x_wconf 90' lang='lat' dir='ltr'><strong>horruis—</strong></span> 
     </span>
    </p>
   </div>
   <div class='ocr_carea' id='block_1_54' title="bbox 2071 937 3778 1008">
    <p class='ocr_par' dir='ltr' id='par_1_54' title="bbox 2071 937 3778 1008">
     <span class='ocr_line' id='line_1_54' title="bbox 2071 937 3778 1008; baseline -0.003 -13"><span class='ocrx_word' id='word_1_341' title='bbox 2071 955 2210 1006; x_wconf 91' lang='lat' dir='ltr'><strong>sem,</strong></span> <span class='ocrx_word' id='word_1_342' title='bbox 2271 940 2504 994; x_wconf 90' lang='lat' dir='ltr'><strong>omnino</strong></span> <span class='ocrx_word' id='word_1_343' title='bbox 2561 952 2652 994; x_wconf 89' lang='lat' dir='ltr'><strong>me</strong></span> <span class='ocrx_word' id='word_1_344' title='bbox 2707 937 2780 993; x_wconf 90' lang='lat' dir='ltr'><strong>ab</strong></span> <span class='ocrx_word' id='word_1_345' title='bbox 2839 939 2964 1008; x_wconf 88' lang='lat' dir='ltr'><strong>ejus</strong></span> <span class='ocrx_word' id='word_1_346' title='bbox 3021 937 3285 993; x_wconf 90' lang='lat' dir='ltr'><strong>contuitu</strong></span> <span class='ocrx_word' id='word_1_347' title='bbox 3313 952 3380 993; x_wconf 89' lang='lat' dir='ltr'><strong>ac</strong></span> <span class='ocrx_word' id='word_1_348' title='bbox 3420 938 3778 993; x_wconf 87' lang='lat' dir='ltr'><strong>salutatione</strong></span> 
     </span>
    </p>
   </div>
   <div class='ocr_carea' id='block_1_55' title="bbox 2073 1026 3781 1097">
    <p class='ocr_par' dir='ltr' id='par_1_55' title="bbox 2073 1026 3781 1097">
     <span class='ocr_line' id='line_1_55' title="bbox 2073 1026 3781 1097; baseline -0.004 -13"><span class='ocrx_word' id='word_1_349' title='bbox 2073 1028 2352 1084; x_wconf 90' lang='lat' dir='ltr'><strong>continui.</strong></span> <span class='ocrx_word' id='word_1_350' title='bbox 2380 1027 2489 1094; x_wconf 91' lang='lat' dir='ltr'><strong>Qui</strong></span> <span class='ocrx_word' id='word_1_351' title='bbox 2515 1035 2640 1097; x_wconf 92' lang='lat' dir='ltr'><strong>post</strong></span> <span class='ocrx_word' id='word_1_352' title='bbox 2670 1027 2948 1090; x_wconf 83' lang='lat' dir='ltr'><strong>triduum,</strong></span> <span class='ocrx_word' id='word_1_353' title='bbox 2981 1027 3036 1081; x_wconf 90' lang='lat' dir='ltr'><strong>ni</strong></span> <span class='ocrx_word' id='word_1_354' title='bbox 3069 1027 3253 1093; x_wconf 88' lang='lat' dir='ltr'><strong>fallor,</strong></span> <span class='ocrx_word' id='word_1_355' title='bbox 3293 1026 3476 1095; x_wconf 87' lang='lat' dir='ltr'><strong>sopita</strong></span> <span class='ocrx_word' id='word_1_356' title='bbox 3502 1026 3781 1083; x_wconf 84' lang='lat' dir='ltr'><strong>exterius</strong></span> 
     </span>
    </p>
   </div>
   <div class='ocr_carea' id='block_1_56' title="bbox 2075 1113 3777 1187">
    <p class='ocr_par' dir='ltr' id='par_1_56' title="bbox 2075 1113 3777 1187">
     <span class='ocr_line' id='line_1_56' title="bbox 2075 1113 3777 1187; baseline -0.004 -14"><span class='ocrx_word' id='word_1_357' title='bbox 2075 1131 2193 1187; x_wconf 91' lang='lat' dir='ltr'><strong>qua</strong></span> <span class='ocrx_word' id='word_1_358' title='bbox 2224 1118 2382 1171; x_wconf 81' lang='lat' dir='ltr'><strong>intro</strong></span> <span class='ocrx_word' id='word_1_359' title='bbox 2404 1116 2475 1170; x_wconf 88' lang='lat' dir='ltr'><strong>ad</strong></span> <span class='ocrx_word' id='word_1_360' title='bbox 2509 1130 2599 1170; x_wconf 91' lang='lat' dir='ltr'><strong>me</strong></span> <span class='ocrx_word' id='word_1_361' title='bbox 2627 1129 2858 1170; x_wconf 90' lang='lat' dir='ltr'><strong>versum</strong></span> <span class='ocrx_word' id='word_1_362' title='bbox 2895 1114 3155 1185; x_wconf 89' lang='lat' dir='ltr'><strong>spirabat</strong></span> <span class='ocrx_word' id='word_1_363' title='bbox 3190 1115 3455 1170; x_wconf 88' lang='lat' dir='ltr'><strong>vecordia</strong></span> <span class='ocrx_word' id='word_1_364' title='bbox 3487 1113 3777 1183; x_wconf 87' lang='lat' dir='ltr'><strong>(multum</strong></span> 
     </span>
    </p>
   </div>
   <div class='ocr_carea' id='block_1_57' title="bbox 2075 1201 3784 1274">
    <p class='ocr_par' dir='ltr' id='par_1_57' title="bbox 2075 1201 3784 1274">
     <span class='ocr_line' id='line_1_57' title="bbox 2075 1201 3784 1274; baseline -0.003 -13"><span class='ocrx_word' id='word_1_365' title='bbox 2075 1205 2230 1261; x_wconf 92' lang='lat' dir='ltr'><strong>enim</strong></span> <span class='ocrx_word' id='word_1_366' title='bbox 2263 1219 2352 1260; x_wconf 91' lang='lat' dir='ltr'><strong>me</strong></span> <span class='ocrx_word' id='word_1_367' title='bbox 2401 1204 2558 1274; x_wconf 90' lang='lat' dir='ltr'><strong>apud</strong></span> <span class='ocrx_word' id='word_1_368' title='bbox 2601 1217 2734 1259; x_wconf 92' lang='lat' dir='ltr'><strong>eum</strong></span> <span class='ocrx_word' id='word_1_369' title='bbox 2785 1217 2889 1273; x_wconf 89' lang='lat' dir='ltr'><strong>pro</strong></span> <span class='ocrx_word' id='word_1_370' title='bbox 2951 1201 3300 1273; x_wconf 90' lang='lat' dir='ltr'><strong>supradictis</strong></span> <span class='ocrx_word' id='word_1_371' title='bbox 3342 1201 3599 1257; x_wconf 87' lang='lat' dir='ltr'><strong>laterales</strong></span> <span class='ocrx_word' id='word_1_372' title='bbox 3641 1203 3784 1270; x_wconf 88' lang='lat' dir='ltr'><strong>ejus</strong></span> 
     </span>
    </p>
   </div>
   <div class='ocr_carea' id='block_1_58' title="bbox 2077 1291 3777 1361">
    <p class='ocr_par' dir='ltr' id='par_1_58' title="bbox 2077 1291 3777 1361">
     <span class='ocr_line' id='line_1_58' title="bbox 2077 1291 3777 1361; baseline -0.004 -11"><span class='ocrx_word' id='word_1_373' title='bbox 2077 1294 2451 1361; x_wconf 75' lang='lat' dir='ltr'><strong>arcesserent)</strong></span> <span class='ocrx_word' id='word_1_374' title='bbox 2485 1291 2781 1347; x_wconf 88' lang='lat' dir='ltr'><strong>mandavit</strong></span> <span class='ocrx_word' id='word_1_375' title='bbox 2819 1299 2885 1346; x_wconf 88' lang='lat' dir='ltr'><strong>ut</strong></span> <span class='ocrx_word' id='word_1_376' title='bbox 2926 1291 2996 1346; x_wconf 90' lang='lat' dir='ltr'><strong>ad</strong></span> <span class='ocrx_word' id='word_1_377' title='bbox 3039 1304 3099 1346; x_wconf 92' lang='lat' dir='ltr'><strong>se</strong></span> <span class='ocrx_word' id='word_1_378' title='bbox 3157 1291 3427 1346; x_wconf 88' lang='lat' dir='ltr'><strong>venirem.</strong></span> <span class='ocrx_word' id='word_1_379' title='bbox 3461 1291 3586 1354; x_wconf 87' lang='lat' dir='ltr'><strong>Quo</strong></span> <span class='ocrx_word' id='word_1_380' title='bbox 3627 1304 3777 1346; x_wconf 87' lang='lat' dir='ltr'><strong>cum</strong></span> 
     </span>
    </p>
   </div>
   <div class='ocr_carea' id='block_1_59' title="bbox 2076 1378 3777 1448">
    <p class='ocr_par' dir='ltr' id='par_1_59' title="bbox 2076 1378 3777 1448">
     <span class='ocr_line' id='line_1_59' title="bbox 2076 1378 3777 1448; baseline -0.004 -10"><span class='ocrx_word' id='word_1_381' title='bbox 2076 1397 2166 1438; x_wconf 92' lang='lat' dir='ltr'><strong>me</strong></span> <span class='ocrx_word' id='word_1_382' title='bbox 2185 1380 2593 1446; x_wconf 80' lang='lat' dir='ltr'><strong>exhibuissem,</strong></span> <span class='ocrx_word' id='word_1_383' title='bbox 2618 1387 2674 1435; x_wconf 90' lang='lat' dir='ltr'><strong>et</strong></span> <span class='ocrx_word' id='word_1_384' title='bbox 2712 1379 2947 1435; x_wconf 92' lang='lat' dir='ltr'><strong>domum</strong></span> <span class='ocrx_word' id='word_1_385' title='bbox 2969 1379 3196 1448; x_wconf 91' lang='lat' dir='ltr'><strong>plenam</strong></span> <span class='ocrx_word' id='word_1_386' title='bbox 3230 1378 3777 1446; x_wconf 77' lang='lat' dir='ltr'><strong>excommunicatis,</strong></span> 
     </span>
    </p>
   </div>
   <div class='ocr_carea' id='block_1_60' title="bbox 2080 1466 3781 1538">
    <p class='ocr_par' dir='ltr' id='par_1_60' title="bbox 2080 1466 3781 1538">
     <span class='ocr_line' id='line_1_60' title="bbox 2080 1466 3781 1538; baseline -0.004 -12"><span class='ocrx_word' id='word_1_387' title='bbox 2080 1469 2495 1538; x_wconf 90' lang='lat' dir='ltr'><strong>homicidisque</strong></span> <span class='ocrx_word' id='word_1_388' title='bbox 2543 1468 2830 1534; x_wconf 91' lang='lat' dir='ltr'><strong>vidissem,</strong></span> <span class='ocrx_word' id='word_1_389' title='bbox 2889 1466 3152 1536; x_wconf 61' lang='lat' dir='ltr'><strong>aestuavi,</strong></span> <span class='ocrx_word' id='word_1_390' title='bbox 3202 1466 3514 1522; x_wconf 77' lang='lat' dir='ltr'><strong>exclusioni</strong></span> <span class='ocrx_word' id='word_1_391' title='bbox 3551 1480 3676 1521; x_wconf 65' lang='lat' dir='ltr'><strong>suae</strong></span> <span class='ocrx_word' id='word_1_392' title='bbox 3707 1473 3781 1520; x_wconf 86' lang='lat' dir='ltr'><strong>ut</strong></span> 
     </span>
    </p>
   </div>
   <div class='ocr_carea' id='block_1_61' title="bbox 2084 1555 3782 1631">
    <p class='ocr_par' dir='ltr' id='par_1_61' title="bbox 2084 1555 3782 1631">
     <span class='ocr_line' id='line_1_61' title="bbox 2084 1555 3782 1631; baseline -0.002 -18"><span class='ocrx_word' id='word_1_393' title='bbox 2084 1557 2329 1631; x_wconf 78' lang='lat' dir='ltr'><strong>[videtur</strong></span> <span class='ocrx_word' id='word_1_394' title='bbox 2353 1557 2547 1611; x_wconf 73' lang='lat' dir='ltr'><strong>deesse</strong></span> <span class='ocrx_word' id='word_1_395' title='bbox 2584 1555 2720 1629; x_wconf 90' lang='lat' dir='ltr'><strong>non]</strong></span> <span class='ocrx_word' id='word_1_396' title='bbox 2777 1556 3093 1617; x_wconf 86' lang='lat' dir='ltr'><strong>anniterer.</strong></span> <span class='ocrx_word' id='word_1_397' title='bbox 3145 1555 3472 1625; x_wconf 86' lang='lat' dir='ltr'><strong>postulavit,</strong></span> <span class='ocrx_word' id='word_1_398' title='bbox 3529 1555 3782 1610; x_wconf 88' lang='lat' dir='ltr'><strong>ostensis</strong></span> 
     </span>
    </p>
   </div>
   <div class='ocr_carea' id='block_1_62' title="bbox 1987 1618 3781 1717">
    <p class='ocr_par' dir='ltr' id='par_1_62' title="bbox 1987 1618 3781 1717">
     <span class='ocr_line' id='line_1_62' title="bbox 1987 1618 3781 1717; baseline -0.001 -17"><span class='ocrx_word' id='word_1_399' title='bbox 1987 1618 2052 1674; x_wconf 71' lang='grc' dir='ltr'><strong>’Β</strong></span> <span class='ocrx_word' id='word_1_400' title='bbox 2080 1618 2239 1717; x_wconf 71' lang='lat' dir='ltr'><strong>papae</strong></span> <span class='ocrx_word' id='word_1_401' title='bbox 2278 1645 2530 1716; x_wconf 85' lang='lat' dir='ltr'><strong>syllabis.</strong></span> <span class='ocrx_word' id='word_1_402' title='bbox 2582 1618 2884 1700; x_wconf 58' lang='lat' dir='ltr'><strong>Auxilium</strong></span> <span class='ocrx_word' id='word_1_403' title='bbox 2917 1643 3090 1714; x_wconf 90' lang='lat' dir='ltr'><strong>quale</strong></span> <span class='ocrx_word' id='word_1_404' title='bbox 3120 1618 3339 1713; x_wconf 77' lang='lat' dir='ltr'><strong>possem</strong></span> <span class='ocrx_word' id='word_1_405' title='bbox 3368 1618 3666 1708; x_wconf 81' lang='lat' dir='ltr'><strong>fallaciter,</strong></span> <span class='ocrx_word' id='word_1_406' title='bbox 3711 1650 3781 1699; x_wconf 92' lang='lat' dir='ltr'><strong>tu</strong></span> 
     </span>
    </p>
   </div>
   <div class='ocr_carea' id='block_1_63' title="bbox 2079 1730 3778 1802">
    <p class='ocr_par' dir='ltr' id='par_1_63' title="bbox 2079 1730 3778 1802">
     <span class='ocr_line' id='line_1_63' title="bbox 2079 1730 3778 1802; baseline -0.003 -11"><span class='ocrx_word' id='word_1_407' title='bbox 2079 1735 2189 1791; x_wconf 90' lang='lat' dir='ltr'><strong>scis</strong></span> <span class='ocrx_word' id='word_1_408' title='bbox 2223 1735 2394 1801; x_wconf 88' lang='lat' dir='ltr'><strong>Deus,</strong></span> <span class='ocrx_word' id='word_1_409' title='bbox 2423 1741 2479 1789; x_wconf 89' lang='lat' dir='ltr'><strong>et</strong></span> <span class='ocrx_word' id='word_1_410' title='bbox 2507 1748 2624 1789; x_wconf 89' lang='lat' dir='ltr'><strong>non</strong></span> <span class='ocrx_word' id='word_1_411' title='bbox 2668 1747 2743 1790; x_wconf 83' lang='lat' dir='ltr'><strong>ex</strong></span> <span class='ocrx_word' id='word_1_412' title='bbox 2773 1733 2941 1788; x_wconf 90' lang='lat' dir='ltr'><strong>corde</strong></span> <span class='ocrx_word' id='word_1_413' title='bbox 2972 1731 3274 1802; x_wconf 90' lang='lat' dir='ltr'><strong>spopondi.</strong></span> <span class='ocrx_word' id='word_1_414' title='bbox 3309 1731 3583 1788; x_wconf 79' lang='lat' dir='ltr'><strong>Videbam</strong></span> <span class='ocrx_word' id='word_1_415' title='bbox 3613 1730 3778 1786; x_wconf 86' lang='lat' dir='ltr'><strong>enim</strong></span> 
     </span>
    </p>
   </div>
   <div class='ocr_carea' id='block_1_64' title="bbox 2079 1820 3774 1894">
    <p class='ocr_par' dir='ltr' id='par_1_64' title="bbox 2079 1820 3774 1894">
     <span class='ocr_line' id='line_1_64' title="bbox 2079 1820 3774 1894; baseline -0.003 -15"><span class='ocrx_word' id='word_1_416' title='bbox 2079 1837 2216 1879; x_wconf 88' lang='lat' dir='ltr'><strong>vera</strong></span> <span class='ocrx_word' id='word_1_417' title='bbox 2239 1823 2365 1894; x_wconf 90' lang='lat' dir='ltr'><strong>ejus</strong></span> <span class='ocrx_word' id='word_1_418' title='bbox 2396 1822 2567 1890; x_wconf 90' lang='lat' dir='ltr'><strong>mala,</strong></span> <span class='ocrx_word' id='word_1_419' title='bbox 2595 1836 2730 1878; x_wconf 91' lang='lat' dir='ltr'><strong>cum</strong></span> <span class='ocrx_word' id='word_1_420' title='bbox 2770 1821 2858 1886; x_wconf 88' lang='lat' dir='ltr'><strong>iis,</strong></span> <span class='ocrx_word' id='word_1_421' title='bbox 2909 1835 3056 1892; x_wconf 90' lang='lat' dir='ltr'><strong>quos</strong></span> <span class='ocrx_word' id='word_1_422' title='bbox 3083 1820 3330 1876; x_wconf 84' lang='lat' dir='ltr'><strong>Ecclesia</strong></span> <span class='ocrx_word' id='word_1_423' title='bbox 3391 1833 3498 1875; x_wconf 91' lang='lat' dir='ltr'><strong>sua</strong></span> <span class='ocrx_word' id='word_1_424' title='bbox 3525 1833 3774 1875; x_wconf 84' lang='lat' dir='ltr'><strong>excom-</strong></span> 
     </span>
    </p>
   </div>
   <div class='ocr_carea' id='block_1_65' title="bbox 2080 1908 3783 1981">
    <p class='ocr_par' dir='ltr' id='par_1_65' title="bbox 2080 1908 3783 1981">
     <span class='ocr_line' id='line_1_65' title="bbox 2080 1908 3783 1981; baseline -0.003 -14"><span class='ocrx_word' id='word_1_425' title='bbox 2080 1911 2481 1967; x_wconf 87' lang='lat' dir='ltr'><strong>municaverat</strong></span> <span class='ocrx_word' id='word_1_426' title='bbox 2561 1909 2783 1981; x_wconf 91' lang='lat' dir='ltr'><strong>quique</strong></span> <span class='ocrx_word' id='word_1_427' title='bbox 2831 1923 2957 1965; x_wconf 92' lang='lat' dir='ltr'><strong>eam</strong></span> <span class='ocrx_word' id='word_1_428' title='bbox 3027 1917 3328 1978; x_wconf 88' lang='lat' dir='ltr'><strong>tantopere</strong></span> <span class='ocrx_word' id='word_1_429' title='bbox 3396 1908 3783 1976; x_wconf 67' lang='lat' dir='ltr'><strong>fuedaverant,</strong></span> 
     </span>
    </p>
   </div>
   <div class='ocr_carea' id='block_1_66' title="bbox 2079 1997 3783 2069">
    <p class='ocr_par' dir='ltr' id='par_1_66' title="bbox 2079 1997 3783 2069">
     <span class='ocr_line' id='line_1_66' title="bbox 2079 1997 3783 2069; baseline -0.002 -15"><span class='ocrx_word' id='word_1_430' title='bbox 2079 1999 2523 2067; x_wconf 89' lang='lat' dir='ltr'><strong>communicare,</strong></span> <span class='ocrx_word' id='word_1_431' title='bbox 2575 2012 2707 2054; x_wconf 89' lang='lat' dir='ltr'><strong>cum</strong></span> <span class='ocrx_word' id='word_1_432' title='bbox 2761 1997 3148 2069; x_wconf 87' lang='lat' dir='ltr'><strong>Ingelrannus</strong></span> <span class='ocrx_word' id='word_1_433' title='bbox 3203 1997 3297 2053; x_wconf 90' lang='lat' dir='ltr'><strong>ille</strong></span> <span class='ocrx_word' id='word_1_434' title='bbox 3360 1997 3702 2066; x_wconf 67' lang='lat' dir='ltr'><strong>praecriptus</strong></span> <span class='ocrx_word' id='word_1_435' title='bbox 3725 1999 3783 2051; x_wconf 90' lang='lat' dir='ltr'><strong>ei</strong></span> 
     </span>
    </p>
   </div>
   <div class='ocr_carea' id='block_1_67' title="bbox 2080 2086 3783 2156">
    <p class='ocr_par' dir='ltr' id='par_1_67' title="bbox 2080 2086 3783 2156">
     <span class='ocr_line' id='line_1_67' title="bbox 2080 2086 3783 2156; baseline -0.002 -13"><span class='ocrx_word' id='word_1_436' title='bbox 2080 2088 2372 2154; x_wconf 87' lang='lat' dir='ltr'><strong>assideret,</strong></span> <span class='ocrx_word' id='word_1_437' title='bbox 2400 2094 2456 2142; x_wconf 93' lang='lat' dir='ltr'><strong>et</strong></span> <span class='ocrx_word' id='word_1_438' title='bbox 2508 2087 2796 2142; x_wconf 91' lang='lat' dir='ltr'><strong>comitissa</strong></span> <span class='ocrx_word' id='word_1_439' title='bbox 2849 2087 3139 2156; x_wconf 73' lang='lat' dir='ltr'><strong>praedicta,</strong></span> <span class='ocrx_word' id='word_1_440' title='bbox 3194 2101 3326 2156; x_wconf 67' lang='lat' dir='ltr'><strong>quae</strong></span> <span class='ocrx_word' id='word_1_441' title='bbox 3381 2086 3561 2155; x_wconf 89' lang='lat' dir='ltr'><strong>pridie</strong></span> <span class='ocrx_word' id='word_1_442' title='bbox 3593 2100 3783 2155; x_wconf 88' lang='lat' dir='ltr'><strong>quam</strong></span> 
     </span>
    </p>
   </div>
   <div class='ocr_carea' id='block_1_68' title="bbox 2080 2173 3782 2244">
    <p class='ocr_par' dir='ltr' id='par_1_68' title="bbox 2080 2173 3782 2244">
     <span class='ocr_line' id='line_1_68' title="bbox 2080 2173 3782 2244; baseline -0.002 -13"><span class='ocrx_word' id='word_1_443' title='bbox 2080 2175 2369 2232; x_wconf 88' lang='lat' dir='ltr'><strong>Gerardus</strong></span> <span class='ocrx_word' id='word_1_444' title='bbox 2406 2175 2683 2243; x_wconf 88' lang='lat' dir='ltr'><strong>interiret,</strong></span> <span class='ocrx_word' id='word_1_445' title='bbox 2717 2175 2942 2231; x_wconf 90' lang='lat' dir='ltr'><strong>duobus</strong></span> <span class='ocrx_word' id='word_1_446' title='bbox 2976 2175 3087 2229; x_wconf 86' lang='lat' dir='ltr'><strong>illis</strong></span> <span class='ocrx_word' id='word_1_447' title='bbox 3133 2175 3399 2230; x_wconf 88' lang='lat' dir='ltr'><strong>interitus</strong></span> <span class='ocrx_word' id='word_1_448' title='bbox 3427 2173 3553 2244; x_wconf 90' lang='lat' dir='ltr'><strong>ejus</strong></span> <span class='ocrx_word' id='word_1_449' title='bbox 3577 2182 3782 2229; x_wconf 86' lang='lat' dir='ltr'><strong>aucto-</strong></span> 
     </span>
    </p>
   </div>
   <div class='ocr_carea' id='block_1_69' title="bbox 2081 2263 3787 2336">
    <p class='ocr_par' dir='ltr' id='par_1_69' title="bbox 2081 2263 3787 2336">
     <span class='ocr_line' id='line_1_69' title="bbox 2081 2263 3787 2336; baseline -0.001 -16"><span class='ocrx_word' id='word_1_450' title='bbox 2081 2264 2260 2331; x_wconf 91' lang='lat' dir='ltr'><strong>ribus,</strong></span> <span class='ocrx_word' id='word_1_451' title='bbox 2287 2263 2506 2336; x_wconf 88' lang='lat' dir='ltr'><strong>gladios</strong></span> <span class='ocrx_word' id='word_1_452' title='bbox 2534 2278 2668 2320; x_wconf 89' lang='lat' dir='ltr'><strong>suos</strong></span> <span class='ocrx_word' id='word_1_453' title='bbox 2699 2265 2931 2334; x_wconf 89' lang='lat' dir='ltr'><strong>propria</strong></span> <span class='ocrx_word' id='word_1_454' title='bbox 2963 2263 3165 2334; x_wconf 89' lang='lat' dir='ltr'><strong>lingua</strong></span> <span class='ocrx_word' id='word_1_455' title='bbox 3211 2270 3461 2330; x_wconf 90' lang='lat' dir='ltr'><strong>acuerat,</strong></span> <span class='ocrx_word' id='word_1_456' title='bbox 3495 2270 3787 2334; x_wconf 86' lang='lat' dir='ltr'><strong>aggratu-</strong></span> 
     </span>
    </p>
   </div>
   <div class='ocr_carea' id='block_1_70' title="bbox 2083 2351 3781 2424">
    <p class='ocr_par' dir='ltr' id='par_1_70' title="bbox 2083 2351 3781 2424">
     <span class='ocr_line' id='line_1_70' title="bbox 2083 2351 3781 2424; baseline -0.001 -16"><span class='ocrx_word' id='word_1_457' title='bbox 2083 2353 2313 2409; x_wconf 90' lang='lat' dir='ltr'><strong>labatur</strong></span> <span class='ocrx_word' id='word_1_458' title='bbox 2341 2352 2642 2408; x_wconf 75' lang='lat' dir='ltr'><strong>atfectibus</strong></span> <span class='ocrx_word' id='word_1_459' title='bbox 2680 2353 2774 2423; x_wconf 88' lang='lat' dir='ltr'><strong>[f.,</strong></span> <span class='ocrx_word' id='word_1_460' title='bbox 2824 2367 3025 2408; x_wconf 90' lang='lat' dir='ltr'><strong>eorum</strong></span> <span class='ocrx_word' id='word_1_461' title='bbox 3074 2351 3414 2424; x_wconf 77' lang='lat' dir='ltr'><strong>affectibus].</strong></span> <span class='ocrx_word' id='word_1_462' title='bbox 3463 2352 3604 2419; x_wconf 83' lang='lat' dir='ltr'><strong>Quia</strong></span> <span class='ocrx_word' id='word_1_463' title='bbox 3634 2367 3781 2423; x_wconf 82' lang='lat' dir='ltr'><strong>ergo</strong></span> 
     </span>
    </p>
   </div>
   <div class='ocr_carea' id='block_1_71' title="bbox 2081 2441 3781 2513">
    <p class='ocr_par' dir='ltr' id='par_1_71' title="bbox 2081 2441 3781 2513">
     <span class='ocr_line' id='line_1_71' title="bbox 2081 2441 3781 2513; baseline -0.002 -15"><span class='ocrx_word' id='word_1_464' title='bbox 2081 2444 2236 2513; x_wconf 90' lang='lat' dir='ltr'><strong>regio</strong></span> <span class='ocrx_word' id='word_1_465' title='bbox 2256 2443 2425 2513; x_wconf 90' lang='lat' dir='ltr'><strong>jussu</strong></span> <span class='ocrx_word' id='word_1_466' title='bbox 2463 2441 2770 2497; x_wconf 91' lang='lat' dir='ltr'><strong>arcebatur</strong></span> <span class='ocrx_word' id='word_1_467' title='bbox 2799 2443 2870 2496; x_wconf 88' lang='lat' dir='ltr'><strong>ab</strong></span> <span class='ocrx_word' id='word_1_468' title='bbox 2893 2442 3054 2508; x_wconf 89' lang='lat' dir='ltr'><strong>urbe,</strong></span> <span class='ocrx_word' id='word_1_469' title='bbox 3089 2441 3393 2496; x_wconf 89' lang='lat' dir='ltr'><strong>temeraria</strong></span> <span class='ocrx_word' id='word_1_470' title='bbox 3439 2442 3612 2496; x_wconf 89' lang='lat' dir='ltr'><strong>nimis</strong></span> <span class='ocrx_word' id='word_1_471' title='bbox 3660 2455 3781 2495; x_wconf 90' lang='lat' dir='ltr'><strong>an-</strong></span> 
     </span>
    </p>
   </div>
   <div class='ocr_carea' id='block_1_72' title="bbox 2082 2529 3788 2601">
    <p class='ocr_par' dir='ltr' id='par_1_72' title="bbox 2082 2529 3788 2601">
     <span class='ocr_line' id='line_1_72' title="bbox 2082 2529 3788 2601; baseline -0.001 -15"><span class='ocrx_word' id='word_1_472' title='bbox 2082 2530 2245 2586; x_wconf 89' lang='lat' dir='ltr'><strong>dacia</strong></span> <span class='ocrx_word' id='word_1_473' title='bbox 2297 2530 2630 2598; x_wconf 78' lang='lat' dir='ltr'><strong>minabatur</strong></span> <span class='ocrx_word' id='word_1_474' title='bbox 2695 2545 2753 2585; x_wconf 91' lang='lat' dir='ltr'><strong>se</strong></span> <span class='ocrx_word' id='word_1_475' title='bbox 2812 2529 3214 2601; x_wconf 86' lang='lat' dir='ltr'><strong>ingressurum</strong></span> <span class='ocrx_word' id='word_1_476' title='bbox 3282 2529 3788 2586; x_wconf 87' lang='lat' dir='ltr'><strong>succenturiatum</strong></span> 
     </span>
    </p>
   </div>
   <div class='ocr_carea' id='block_1_73' title="bbox 2084 2618 3790 2692">
    <p class='ocr_par' dir='ltr' id='par_1_73' title="bbox 2084 2618 3790 2692">
     <span class='ocr_line' id='line_1_73' title="bbox 2084 2618 3790 2692; baseline -0.001 -17"><span class='ocrx_word' id='word_1_477' title='bbox 2084 2619 2431 2692; x_wconf 89' lang='lat' dir='ltr'><strong>militaribus</strong></span> <span class='ocrx_word' id='word_1_478' title='bbox 2484 2619 2592 2674; x_wconf 90' lang='lat' dir='ltr'><strong>alis</strong></span> <span class='ocrx_word' id='word_1_479' title='bbox 2637 2619 2695 2674; x_wconf 93' lang='lat' dir='ltr'><strong>in</strong></span> <span class='ocrx_word' id='word_1_480' title='bbox 2754 2619 2992 2689; x_wconf 80' lang='lat' dir='ltr'><strong>urbem;</strong></span> <span class='ocrx_word' id='word_1_481' title='bbox 3049 2626 3102 2674; x_wconf 91' lang='lat' dir='ltr'><strong>et</strong></span> <span class='ocrx_word' id='word_1_482' title='bbox 3152 2619 3307 2689; x_wconf 93' lang='lat' dir='ltr'><strong>quod</strong></span> <span class='ocrx_word' id='word_1_483' title='bbox 3357 2618 3681 2674; x_wconf 55' lang='lat' dir='ltr'><strong>Caesaribus</strong></span> <span class='ocrx_word' id='word_1_484' title='bbox 3725 2628 3790 2673; x_wconf 88' lang='lat' dir='ltr'><strong>et</strong></span> 
     </span>
    </p>
   </div>
   <div class='ocr_carea' id='block_1_74' title="bbox 2082 2707 3790 2778">
    <p class='ocr_par' dir='ltr' id='par_1_74' title="bbox 2082 2707 3790 2778">
     <span class='ocr_line' id='line_1_74' title="bbox 2082 2707 3790 2778; baseline -0.001 -14"><span class='ocrx_word' id='word_1_485' title='bbox 2082 2707 2362 2778; x_wconf 81' lang='lat' dir='ltr'><strong>Augustis</strong></span> <span class='ocrx_word' id='word_1_486' title='bbox 2391 2707 2492 2763; x_wconf 81' lang='lat' dir='ltr'><strong>vix</strong></span> <span class='ocrx_word' id='word_1_487' title='bbox 2522 2707 2786 2777; x_wconf 90' lang='lat' dir='ltr'><strong>possibile</strong></span> <span class='ocrx_word' id='word_1_488' title='bbox 2836 2709 2995 2775; x_wconf 90' lang='lat' dir='ltr'><strong>foret,</strong></span> <span class='ocrx_word' id='word_1_489' title='bbox 3031 2707 3139 2763; x_wconf 91' lang='lat' dir='ltr'><strong>hoc</strong></span> <span class='ocrx_word' id='word_1_490' title='bbox 3167 2721 3227 2763; x_wconf 88' lang='lat' dir='ltr'><strong>se</strong></span> <span class='ocrx_word' id='word_1_491' title='bbox 3257 2707 3541 2763; x_wconf 86' lang='lat' dir='ltr'><strong>asserebat</strong></span> <span class='ocrx_word' id='word_1_492' title='bbox 3586 2720 3790 2762; x_wconf 87' lang='lat' dir='ltr'><strong>armo-</strong></span> 
     </span>
    </p>
   </div>
   <div class='ocr_carea' id='block_1_75' title="bbox 2083 2794 3795 2865">
    <p class='ocr_par' dir='ltr' id='par_1_75' title="bbox 2083 2794 3795 2865">
     <span class='ocr_line' id='line_1_75' title="bbox 2083 2794 3795 2865; baseline -0.001 -13"><span class='ocrx_word' id='word_1_493' title='bbox 2083 2810 2214 2852; x_wconf 90' lang='lat' dir='ltr'><strong>rum</strong></span> <span class='ocrx_word' id='word_1_494' title='bbox 2253 2795 2526 2852; x_wconf 92' lang='lat' dir='ltr'><strong>violentia</strong></span> <span class='ocrx_word' id='word_1_495' title='bbox 2585 2805 2972 2864; x_wconf 89' lang='lat' dir='ltr'><strong>peracturum.</strong></span> <span class='ocrx_word' id='word_1_496' title='bbox 3007 2797 3246 2852; x_wconf 87' lang='lat' dir='ltr'><strong>Manum</strong></span> <span class='ocrx_word' id='word_1_497' title='bbox 3304 2796 3497 2864; x_wconf 89' lang='lat' dir='ltr'><strong>itaque</strong></span> <span class='ocrx_word' id='word_1_498' title='bbox 3552 2794 3795 2865; x_wconf 88' lang='lat' dir='ltr'><strong>collegit</strong></span> 
     </span>
    </p>
   </div>
   <div class='ocr_carea' id='block_1_76' title="bbox 2015 2884 3792 2971">
    <p class='ocr_par' dir='ltr' id='par_1_76' title="bbox 2015 2884 3792 2971">
     <span class='ocr_line' id='line_1_76' title="bbox 2015 2884 3792 2971; baseline -0.001 -31"><span class='ocrx_word' id='word_1_499' title='bbox 2015 2917 2056 2971; x_wconf 75' lang='lat' dir='ltr'>C</span> <span class='ocrx_word' id='word_1_500' title='bbox 2086 2892 2429 2954; x_wconf 89' lang='lat' dir='ltr'><strong>equestrem,</strong></span> <span class='ocrx_word' id='word_1_501' title='bbox 2473 2893 2528 2940; x_wconf 93' lang='lat' dir='ltr'><strong>et</strong></span> <span class='ocrx_word' id='word_1_502' title='bbox 2583 2884 2776 2954; x_wconf 91' lang='lat' dir='ltr'><strong>copias</strong></span> <span class='ocrx_word' id='word_1_503' title='bbox 2824 2885 3213 2956; x_wconf 88' lang='lat' dir='ltr'><strong>plurimarum</strong></span> <span class='ocrx_word' id='word_1_504' title='bbox 3270 2899 3418 2955; x_wconf 90' lang='lat' dir='ltr'><strong>quas</strong></span> <span class='ocrx_word' id='word_1_505' title='bbox 3463 2898 3574 2939; x_wconf 90' lang='lat' dir='ltr'><strong>non</strong></span> <span class='ocrx_word' id='word_1_506' title='bbox 3636 2884 3792 2939; x_wconf 86' lang='lat' dir='ltr'><strong>bene</strong></span> 
     </span>
    </p>
   </div>
   <div class='ocr_carea' id='block_1_77' title="bbox 2085 2971 3792 3042">
    <p class='ocr_par' dir='ltr' id='par_1_77' title="bbox 2085 2971 3792 3042">
     <span class='ocr_line' id='line_1_77' title="bbox 2085 2971 3792 3042; baseline -0.005 -10"><span class='ocrx_word' id='word_1_507' title='bbox 2085 2974 2455 3040; x_wconf 82' lang='lat' dir='ltr'><strong>conflaverat,</strong></span> <span class='ocrx_word' id='word_1_508' title='bbox 2525 2987 2741 3042; x_wconf 89' lang='lat' dir='ltr'><strong>rerum,</strong></span> <span class='ocrx_word' id='word_1_509' title='bbox 2773 2975 2896 3030; x_wconf 92' lang='lat' dir='ltr'><strong>sine</strong></span> <span class='ocrx_word' id='word_1_510' title='bbox 2925 2974 3064 3040; x_wconf 92' lang='lat' dir='ltr'><strong>ulla,</strong></span> <span class='ocrx_word' id='word_1_511' title='bbox 3102 2981 3165 3029; x_wconf 94' lang='lat' dir='ltr'><strong>ut</strong></span> <span class='ocrx_word' id='word_1_512' title='bbox 3196 2973 3396 3028; x_wconf 91' lang='lat' dir='ltr'><strong>solitus</strong></span> <span class='ocrx_word' id='word_1_513' title='bbox 3422 2979 3564 3036; x_wconf 89' lang='lat' dir='ltr'><strong>erat,</strong></span> <span class='ocrx_word' id='word_1_514' title='bbox 3607 2971 3792 3039; x_wconf 81' lang='lat' dir='ltr'><strong>fruge</strong></span> 
     </span>
    </p>
   </div>
   <div class='ocr_carea' id='block_1_78' title="bbox 2082 3057 3784 3130">
    <p class='ocr_par' dir='ltr' id='par_1_78' title="bbox 2082 3057 3784 3130">
     <span class='ocr_line' id='line_1_78' title="bbox 2082 3057 3784 3130; baseline -0.005 -10"><span class='ocrx_word' id='word_1_515' title='bbox 2082 3061 2458 3130; x_wconf 88' lang='lat' dir='ltr'><strong>consumpsit.</strong></span> <span class='ocrx_word' id='word_1_516' title='bbox 2484 3061 2737 3117; x_wconf 90' lang='lat' dir='ltr'><strong>Tandem</strong></span> <span class='ocrx_word' id='word_1_517' title='bbox 2770 3076 2902 3117; x_wconf 91' lang='lat' dir='ltr'><strong>cum</strong></span> <span class='ocrx_word' id='word_1_518' title='bbox 2936 3061 3081 3117; x_wconf 91' lang='lat' dir='ltr'><strong>nihil</strong></span> <span class='ocrx_word' id='word_1_519' title='bbox 3125 3061 3234 3117; x_wconf 88' lang='lat' dir='ltr'><strong>nisi</strong></span> <span class='ocrx_word' id='word_1_520' title='bbox 3263 3060 3574 3116; x_wconf 90' lang='lat' dir='ltr'><strong>ridiculum</strong></span> <span class='ocrx_word' id='word_1_521' title='bbox 3628 3057 3784 3128; x_wconf 83' lang='lat' dir='ltr'><strong>quid</strong></span> 
     </span>
    </p>
   </div>
   <div class='ocr_carea' id='block_1_79' title="bbox 2085 3145 3790 3217">
    <p class='ocr_par' dir='ltr' id='par_1_79' title="bbox 2085 3145 3790 3217">
     <span class='ocr_line' id='line_1_79' title="bbox 2085 3145 3790 3217; baseline -0.003 -12"><span class='ocrx_word' id='word_1_522' title='bbox 2085 3150 2154 3205; x_wconf 90' lang='lat' dir='ltr'><strong>de</strong></span> <span class='ocrx_word' id='word_1_523' title='bbox 2214 3153 2294 3204; x_wconf 88' lang='lat' dir='ltr'><strong>tot</strong></span> <span class='ocrx_word' id='word_1_524' title='bbox 2346 3147 2670 3203; x_wconf 83' lang='lat' dir='ltr'><strong>auxiliariis</strong></span> <span class='ocrx_word' id='word_1_525' title='bbox 2723 3148 3070 3212; x_wconf 82' lang='lat' dir='ltr'><strong>confecisset,</strong></span> <span class='ocrx_word' id='word_1_526' title='bbox 3131 3162 3233 3217; x_wconf 89' lang='lat' dir='ltr'><strong>per</strong></span> <span class='ocrx_word' id='word_1_527' title='bbox 3274 3145 3662 3202; x_wconf 87' lang='lat' dir='ltr'><strong>internuntios</strong></span> <span class='ocrx_word' id='word_1_528' title='bbox 3721 3159 3790 3200; x_wconf 88' lang='lat' dir='ltr'><strong>se</strong></span> 
     </span>
    </p>
   </div>
   <div class='ocr_carea' id='block_1_80' title="bbox 2083 3230 3790 3304">
    <p class='ocr_par' dir='ltr' id='par_1_80' title="bbox 2083 3230 3790 3304">
     <span class='ocr_line' id='line_1_80' title="bbox 2083 3230 3790 3304; baseline -0.004 -13"><span class='ocrx_word' id='word_1_529' title='bbox 2083 3247 2336 3304; x_wconf 91' lang='lat' dir='ltr'><strong>suosque</strong></span> <span class='ocrx_word' id='word_1_530' title='bbox 2395 3232 2454 3286; x_wconf 90' lang='lat' dir='ltr'><strong>in</strong></span> <span class='ocrx_word' id='word_1_531' title='bbox 2502 3247 2640 3289; x_wconf 91' lang='lat' dir='ltr'><strong>nece</strong></span> <span class='ocrx_word' id='word_1_532' title='bbox 2669 3233 2906 3290; x_wconf 90' lang='lat' dir='ltr'><strong>Gerardi</strong></span> <span class='ocrx_word' id='word_1_533' title='bbox 2950 3233 3272 3303; x_wconf 90' lang='lat' dir='ltr'><strong>complices,</strong></span> <span class='ocrx_word' id='word_1_534' title='bbox 3323 3232 3484 3287; x_wconf 87' lang='lat' dir='ltr'><strong>urbis</strong></span> <span class='ocrx_word' id='word_1_535' title='bbox 3517 3230 3790 3286; x_wconf 87' lang='lat' dir='ltr'><strong>videlicet</strong></span> 
     </span>
    </p>
   </div>
   <div class='ocr_carea' id='block_1_81' title="bbox 2084 3322 3790 3391">
    <p class='ocr_par' dir='ltr' id='par_1_81' title="bbox 2084 3322 3790 3391">
     <span class='ocr_line' id='line_1_81' title="bbox 2084 3322 3790 3391; baseline -0.004 -12"><span class='ocrx_word' id='word_1_536' title='bbox 2084 3337 2215 3379; x_wconf 89' lang='lat' dir='ltr'><strong>cum</strong></span> <span class='ocrx_word' id='word_1_537' title='bbox 2261 3329 2505 3390; x_wconf 91' lang='lat' dir='ltr'><strong>utroque</strong></span> <span class='ocrx_word' id='word_1_538' title='bbox 2543 3322 2950 3379; x_wconf 75' lang='lat' dir='ltr'><strong>archidiacono</strong></span> <span class='ocrx_word' id='word_1_539' title='bbox 2977 3335 3255 3391; x_wconf 89' lang='lat' dir='ltr'><strong>proceres,</strong></span> <span class='ocrx_word' id='word_1_540' title='bbox 3299 3334 3506 3391; x_wconf 91' lang='lat' dir='ltr'><strong>magno</strong></span> <span class='ocrx_word' id='word_1_541' title='bbox 3537 3326 3790 3390; x_wconf 75' lang='lat' dir='ltr'><strong>aggesta</strong></span> 
     </span>
    </p>
   </div>
   <div class='ocr_carea' id='block_1_82' title="bbox 2085 3408 3788 3480">
    <p class='ocr_par' dir='ltr' id='par_1_82' title="bbox 2085 3408 3788 3480">
     <span class='ocr_line' id='line_1_82' title="bbox 2085 3408 3788 3480; baseline -0.003 -13"><span class='ocrx_word' id='word_1_542' title='bbox 2085 3424 2392 3467; x_wconf 90' lang='lat' dir='ltr'><strong>munerum</strong></span> <span class='ocrx_word' id='word_1_543' title='bbox 2445 3423 2578 3464; x_wconf 90' lang='lat' dir='ltr'><strong>cum</strong></span> <span class='ocrx_word' id='word_1_544' title='bbox 2621 3410 2912 3467; x_wconf 90' lang='lat' dir='ltr'><strong>Ludovico</strong></span> <span class='ocrx_word' id='word_1_545' title='bbox 2970 3409 3219 3480; x_wconf 88' lang='lat' dir='ltr'><strong>Philippi</strong></span> <span class='ocrx_word' id='word_1_546' title='bbox 3279 3409 3430 3480; x_wconf 90' lang='lat' dir='ltr'><strong>regis</strong></span> <span class='ocrx_word' id='word_1_547' title='bbox 3483 3408 3593 3463; x_wconf 90' lang='lat' dir='ltr'><strong>tilio</strong></span> <span class='ocrx_word' id='word_1_548' title='bbox 3645 3421 3788 3479; x_wconf 82' lang='lat' dir='ltr'><strong>rege</strong></span> 
     </span>
    </p>
   </div>
   <div class='ocr_carea' id='block_1_83' title="bbox 2084 3499 2422 3569">
    <p class='ocr_par' dir='ltr' id='par_1_83' title="bbox 2084 3499 2422 3569">
     <span class='ocr_line' id='line_1_83' title="bbox 2084 3499 2422 3569; baseline -0.015 -14"><span class='ocrx_word' id='word_1_549' title='bbox 2084 3513 2205 3556; x_wconf 90' lang='lat' dir='ltr'><strong>com</strong></span> <span class='ocrx_word' id='word_1_550' title='bbox 2215 3499 2422 3569; x_wconf 89' lang='lat' dir='ltr'><strong>posuit.</strong></span> 
     </span>
    </p>
   </div>
   <div class='ocr_carea' id='block_1_84' title="bbox 2159 3581 3797 3661">
    <p class='ocr_par' dir='ltr' id='par_1_84' title="bbox 2159 3581 3797 3661">
     <span class='ocr_line' id='line_1_84' title="bbox 2159 3581 3797 3661; baseline -0.005 -16"><span class='ocrx_word' id='word_1_551' title='bbox 2159 3589 2276 3645; x_wconf 79' lang='lat' dir='ltr'><strong>Eos</strong></span> <span class='ocrx_word' id='word_1_552' title='bbox 2293 3591 2394 3661; x_wconf 78' lang='lat' dir='ltr'><strong>qui</strong></span> <span class='ocrx_word' id='word_1_553' title='bbox 2421 3590 2484 3646; x_wconf 76' lang='lat' dir='ltr'><strong>in</strong></span> <span class='ocrx_word' id='word_1_554' title='bbox 2510 3589 2836 3659; x_wconf 76' lang='lat' dir='ltr'><strong>conjuratos</strong></span> <span class='ocrx_word' id='word_1_555' title='bbox 2853 3585 3289 3641; x_wconf 67' lang='lat' dir='ltr'><strong>insurrexerunt</strong></span> <span class='ocrx_word' id='word_1_556' title='bbox 3317 3583 3613 3655; x_wconf 71' lang='lat' dir='ltr'><strong>episcopus</strong></span> <span class='ocrx_word' id='word_1_557' title='bbox 3644 3581 3797 3636; x_wconf 86' lang='lat' dir='ltr'><strong>Gal-</strong></span> 
     </span>
    </p>
   </div>
   <div class='ocr_carea' id='block_1_85' title="bbox 2082 3671 3798 3748">
    <p class='ocr_par' dir='ltr' id='par_1_85' title="bbox 2082 3671 3798 3748">
     <span class='ocr_line' id='line_1_85' title="bbox 2082 3671 3798 3748; baseline -0.002 -18"><span class='ocrx_word' id='word_1_558' title='bbox 2082 3677 2273 3733; x_wconf 79' lang='lat' dir='ltr'><strong>dricus</strong></span> <span class='ocrx_word' id='word_1_559' title='bbox 2303 3682 2676 3735; x_wconf 83' lang='lat' dir='ltr'><strong>anathemate</strong></span> <span class='ocrx_word' id='word_1_560' title='bbox 2726 3675 3001 3748; x_wconf 77' lang='lat' dir='ltr'><strong>perculit.</strong></span> <span class='ocrx_word' id='word_1_561' title='bbox 3043 3705 3117 3717; x_wconf 93' lang='lat'><em>—</em></span> <span class='ocrx_word' id='word_1_562' title='bbox 3161 3677 3547 3744; x_wconf 86' lang='lat' dir='ltr'><strong>lntrogressus</strong></span> <span class='ocrx_word' id='word_1_563' title='bbox 3597 3671 3798 3742; x_wconf 86' lang='lat' dir='ltr'><strong>igitur</strong></span> 
     </span>
    </p>
   </div>
   <div class='ocr_carea' id='block_1_86' title="bbox 2088 3759 3802 3834">
    <p class='ocr_par' dir='ltr' id='par_1_86' title="bbox 2088 3759 3802 3834">
     <span class='ocr_line' id='line_1_86' title="bbox 2088 3759 3802 3834; baseline -0.003 -14"><span class='ocrx_word' id='word_1_564' title='bbox 2088 3765 2311 3833; x_wconf 91' lang='lat' dir='ltr'><strong>urbem,</strong></span> <span class='ocrx_word' id='word_1_565' title='bbox 2397 3783 2531 3823; x_wconf 91' lang='lat' dir='ltr'><strong>cum</strong></span> <span class='ocrx_word' id='word_1_566' title='bbox 2594 3764 2746 3834; x_wconf 90' lang='lat' dir='ltr'><strong>apud</strong></span> <span class='ocrx_word' id='word_1_567' title='bbox 2805 3763 3076 3820; x_wconf 91' lang='lat' dir='ltr'><strong>Sanctum</strong></span> <span class='ocrx_word' id='word_1_568' title='bbox 3142 3761 3443 3818; x_wconf 89' lang='lat' dir='ltr'><strong>Nicolaum</strong></span> <span class='ocrx_word' id='word_1_569' title='bbox 3490 3760 3559 3816; x_wconf 88' lang='lat' dir='ltr'><strong>de</strong></span> <span class='ocrx_word' id='word_1_570' title='bbox 3625 3759 3802 3815; x_wconf 88' lang='lat' dir='ltr'><strong>saltu</strong></span> 
     </span>
    </p>
   </div>
   <div class='ocr_carea' id='block_1_87' title="bbox 2084 3845 3791 3918">
    <p class='ocr_par' dir='ltr' id='par_1_87' title="bbox 2084 3845 3791 3918">
     <span class='ocr_line' id='line_1_87' title="bbox 2084 3845 3791 3918; baseline -0.005 -10"><span class='ocrx_word' id='word_1_571' title='bbox 2084 3856 2554 3912; x_wconf 91' lang='lat' dir='ltr'><strong>conventiculum</strong></span> <span class='ocrx_word' id='word_1_572' title='bbox 2592 3853 2948 3918; x_wconf 89' lang='lat' dir='ltr'><strong>celebrasset,</strong></span> <span class='ocrx_word' id='word_1_573' title='bbox 2984 3850 3135 3906; x_wconf 91' lang='lat' dir='ltr'><strong>inter</strong></span> <span class='ocrx_word' id='word_1_574' title='bbox 3180 3849 3402 3914; x_wconf 87' lang='lat' dir='ltr'><strong>missas,</strong></span> <span class='ocrx_word' id='word_1_575' title='bbox 3436 3860 3581 3917; x_wconf 88' lang='lat' dir='ltr'><strong>quas</strong></span> <span class='ocrx_word' id='word_1_576' title='bbox 3631 3845 3791 3901; x_wconf 89' lang='lat' dir='ltr'><strong>inibi</strong></span> 
     </span>
    </p>
   </div>
   <div class='ocr_carea' id='block_1_88' title="bbox 2082 3932 3787 4009">
    <p class='ocr_par' dir='ltr' id='par_1_88' title="bbox 2082 3932 3787 4009">
     <span class='ocr_line' id='line_1_88' title="bbox 2082 3932 3787 4009; baseline -0.004 -15"><span class='ocrx_word' id='word_1_577' title='bbox 2082 3939 2308 4009; x_wconf 81' lang='lat' dir='ltr'><strong>agebat,</strong></span> <span class='ocrx_word' id='word_1_578' title='bbox 2357 3938 3000 3998; x_wconf 80' lang='lat' dir='ltr'><strong>excommunicaturum</strong></span> <span class='ocrx_word' id='word_1_579' title='bbox 3035 3950 3093 3991; x_wconf 90' lang='lat' dir='ltr'><strong>se</strong></span> <span class='ocrx_word' id='word_1_580' title='bbox 3120 3950 3234 4000; x_wconf 90' lang='lat' dir='ltr'><strong>eos,</strong></span> <span class='ocrx_word' id='word_1_581' title='bbox 3273 3934 3370 4004; x_wconf 88' lang='lat' dir='ltr'><strong>qui</strong></span> <span class='ocrx_word' id='word_1_582' title='bbox 3441 3932 3787 4002; x_wconf 80' lang='lat' dir='ltr'><strong>conjuratos</strong></span> 
     </span>
    </p>
   </div>
   <div class='ocr_carea' id='block_1_89' title="bbox 2085 4021 3794 4106">
    <p class='ocr_par' dir='ltr' id='par_1_89' title="bbox 2085 4021 3794 4106">
     <span class='ocr_line' id='line_1_89' title="bbox 2085 4021 3794 4106; baseline -0.004 -24"><span class='ocrx_word' id='word_1_583' title='bbox 2085 4026 2211 4083; x_wconf 92' lang='lat' dir='ltr'><strong>illos</strong></span> <span class='ocrx_word' id='word_1_584' title='bbox 2248 4029 2429 4106; x_wconf 78' lang='lat' dir='ltr'><strong>rebus</strong></span> <span class='ocrx_word' id='word_1_585' title='bbox 2485 4029 2605 4086; x_wconf 89' lang='lat' dir='ltr'><strong>suis</strong></span> <span class='ocrx_word' id='word_1_586' title='bbox 2653 4027 3096 4089; x_wconf 88' lang='lat' dir='ltr'><strong>abdamnarant,</strong></span> <span class='ocrx_word' id='word_1_587' title='bbox 3149 4022 3400 4078; x_wconf 90' lang='lat' dir='ltr'><strong>Gerardo</strong></span> <span class='ocrx_word' id='word_1_588' title='bbox 3453 4021 3794 4091; x_wconf 71' lang='lat' dir='ltr'><strong>peremptoj,</strong></span> 
     </span>
    </p>
   </div>
   <div class='ocr_carea' id='block_1_90' title="bbox 2082 4110 3800 4188">
    <p class='ocr_par' dir='ltr' id='par_1_90' title="bbox 2082 4110 3800 4188">
     <span class='ocr_line' id='line_1_90' title="bbox 2082 4110 3800 4188; baseline -0.005 -17"><span class='ocrx_word' id='word_1_589' title='bbox 2082 4117 2155 4172; x_wconf 89' lang='lat' dir='ltr'><strong>ab</strong></span> <span class='ocrx_word' id='word_1_590' title='bbox 2187 4118 2330 4174; x_wconf 92' lang='lat' dir='ltr'><strong>urbe</strong></span> <span class='ocrx_word' id='word_1_591' title='bbox 2375 4117 2718 4188; x_wconf 88' lang='lat' dir='ltr'><strong>prodierant,</strong></span> <span class='ocrx_word' id='word_1_592' title='bbox 2781 4113 3136 4184; x_wconf 87' lang='lat' dir='ltr'><strong>pronuntiat.</strong></span> <span class='ocrx_word' id='word_1_593' title='bbox 3190 4111 3350 4178; x_wconf 91' lang='lat' dir='ltr'><strong>Quod</strong></span> <span class='ocrx_word' id='word_1_594' title='bbox 3396 4124 3528 4165; x_wconf 89' lang='lat' dir='ltr'><strong>cum</strong></span> <span class='ocrx_word' id='word_1_595' title='bbox 3557 4125 3668 4179; x_wconf 87' lang='lat' dir='ltr'><strong>ego</strong></span> <span class='ocrx_word' id='word_1_596' title='bbox 3701 4110 3800 4166; x_wconf 84' lang='lat' dir='ltr'><strong>sic</strong></span> 
     </span>
    </p>
   </div>
   <div class='ocr_carea' id='block_1_91' title="bbox 285 4197 3794 4274">
    <p class='ocr_par' dir='ltr' id='par_1_91' title="bbox 285 4197 3794 4274">
     <span class='ocr_line' id='line_1_91' title="bbox 285 4197 3794 4274; baseline -0.001 -20"><span class='ocrx_word' id='word_1_597' title='bbox 285 4199 478 4255; x_wconf 90' lang='lat' dir='ltr'><strong>fucata</strong></span> <span class='ocrx_word' id='word_1_598' title='bbox 543 4199 802 4255; x_wconf 90' lang='lat' dir='ltr'><strong>absentia</strong></span> <span class='ocrx_word' id='word_1_599' title='bbox 855 4207 1044 4272; x_wconf 89' lang='lat' dir='ltr'><strong>tegere</strong></span> <span class='ocrx_word' id='word_1_600' title='bbox 1094 4201 1407 4268; x_wconf 89' lang='lat' dir='ltr'><strong>nitebatur,</strong></span> <span class='ocrx_word' id='word_1_601' title='bbox 1483 4209 1658 4257; x_wconf 90' lang='lat' dir='ltr'><strong>totam</strong></span> <span class='ocrx_word' id='word_1_602' title='bbox 1731 4201 1978 4271; x_wconf 91' lang='lat' dir='ltr'><strong>episcopi</strong></span> <span class='ocrx_word' id='word_1_603' title='bbox 2018 4199 2062 4253; x_wconf 90' lang='lat' dir='ltr'><strong>D</strong></span> <span class='ocrx_word' id='word_1_604' title='bbox 2087 4205 2583 4274; x_wconf 87' lang='lat' dir='ltr'><strong>diciaudivissem,</strong></span> <span class='ocrx_word' id='word_1_605' title='bbox 2609 4204 2835 4262; x_wconf 91' lang='lat' dir='ltr'><strong>cuidam</strong></span> <span class='ocrx_word' id='word_1_606' title='bbox 2867 4200 3130 4258; x_wconf 87' lang='lat' dir='ltr'><strong>coabbati</strong></span> <span class='ocrx_word' id='word_1_607' title='bbox 3153 4214 3278 4256; x_wconf 89' lang='lat' dir='ltr'><strong>meo</strong></span> <span class='ocrx_word' id='word_1_608' title='bbox 3302 4197 3569 4254; x_wconf 86' lang='lat' dir='ltr'><strong>assidenti</strong></span> <span class='ocrx_word' id='word_1_609' title='bbox 3611 4198 3794 4264; x_wconf 88' lang='lat' dir='ltr'><strong>mihi,</strong></span> 
     </span>
    </p>
   </div>
   <div class='ocr_carea' id='block_1_92' title="bbox 283 4286 1972 4359">
    <p class='ocr_par' dir='ltr' id='par_1_92' title="bbox 283 4286 1972 4359">
     <span class='ocr_line' id='line_1_92' title="bbox 283 4286 1972 4359; baseline 0.001 -17"><span class='ocrx_word' id='word_1_610' title='bbox 283 4286 525 4352; x_wconf 88' lang='lat' dir='ltr'><strong>curiam,</strong></span> <span class='ocrx_word' id='word_1_611' title='bbox 551 4286 738 4358; x_wconf 87' lang='lat' dir='ltr'><strong>fruge,</strong></span> <span class='ocrx_word' id='word_1_612' title='bbox 766 4288 924 4354; x_wconf 89' lang='lat' dir='ltr'><strong>vino,</strong></span> <span class='ocrx_word' id='word_1_613' title='bbox 959 4302 1029 4344; x_wconf 91' lang='lat' dir='ltr'><strong>ac</strong></span> <span class='ocrx_word' id='word_1_614' title='bbox 1078 4288 1264 4344; x_wconf 92' lang='lat' dir='ltr'><strong>larido</strong></span> <span class='ocrx_word' id='word_1_615' title='bbox 1320 4289 1551 4359; x_wconf 90' lang='lat' dir='ltr'><strong>spoliari</strong></span> <span class='ocrx_word' id='word_1_616' title='bbox 1609 4296 1972 4358; x_wconf 61' lang='lat' dir='ltr'><strong>praeceperat,</strong></span> 
     </span>
    </p>
   </div>
   <div class='ocr_carea' id='block_1_93' title="bbox 283 4375 1979 4447">
    <p class='ocr_par' dir='ltr' id='par_1_93' title="bbox 283 4375 1979 4447">
     <span class='ocr_line' id='line_1_93' title="bbox 283 4375 1979 4447; baseline 0.002 -17"><span class='ocrx_word' id='word_1_617' title='bbox 283 4389 386 4430; x_wconf 91' lang='lat' dir='ltr'><strong>nec</strong></span> <span class='ocrx_word' id='word_1_618' title='bbox 413 4375 680 4432; x_wconf 91' lang='lat' dir='ltr'><strong>eumdem</strong></span> <span class='ocrx_word' id='word_1_619' title='bbox 704 4376 894 4432; x_wconf 75' lang='lat' dir='ltr'><strong>Romae</strong></span> <span class='ocrx_word' id='word_1_620' title='bbox 925 4377 1192 4446; x_wconf 89' lang='lat' dir='ltr'><strong>positum,</strong></span> <span class='ocrx_word' id='word_1_621' title='bbox 1223 4377 1417 4447; x_wconf 63' lang='lat' dir='ltr'><strong>praeda</strong></span> <span class='ocrx_word' id='word_1_622' title='bbox 1445 4385 1499 4433; x_wconf 92' lang='lat' dir='ltr'><strong>et</strong></span> <span class='ocrx_word' id='word_1_623' title='bbox 1539 4377 1747 4447; x_wconf 72' lang='lat' dir='ltr'><strong>praedae</strong></span> <span class='ocrx_word' id='word_1_624' title='bbox 1804 4391 1979 4433; x_wconf 89' lang='lat' dir='ltr'><strong>causa</strong></span> 
     </span>
    </p>
   </div>
   <div class='ocr_carea' id='block_1_94' title="bbox 285 4464 1972 4536">
    <p class='ocr_par' dir='ltr' id='par_1_94' title="bbox 285 4464 1972 4536">
     <span class='ocr_line' id='line_1_94' title="bbox 285 4464 1972 4536; baseline 0.002 -17"><span class='ocrx_word' id='word_1_625' title='bbox 285 4464 550 4520; x_wconf 87' lang='lat' dir='ltr'><strong>latuerat.</strong></span> <span class='ocrx_word' id='word_1_626' title='bbox 581 4465 732 4536; x_wconf 89' lang='lat' dir='ltr'><strong>Ergo</strong></span> <span class='ocrx_word' id='word_1_627' title='bbox 762 4465 832 4520; x_wconf 91' lang='lat' dir='ltr'><strong>ad</strong></span> <span class='ocrx_word' id='word_1_628' title='bbox 872 4479 1085 4535; x_wconf 86' lang='lat' dir='ltr'><strong>regem,</strong></span> <span class='ocrx_word' id='word_1_629' title='bbox 1118 4466 1217 4536; x_wconf 91' lang='lat' dir='ltr'><strong>qui</strong></span> <span class='ocrx_word' id='word_1_630' title='bbox 1261 4480 1394 4522; x_wconf 92' lang='lat' dir='ltr'><strong>eum</strong></span> <span class='ocrx_word' id='word_1_631' title='bbox 1427 4479 1460 4520; x_wconf 91' lang='lat' dir='ltr'><strong>a</strong></span> <span class='ocrx_word' id='word_1_632' title='bbox 1498 4465 1630 4520; x_wconf 90' lang='lat' dir='ltr'><strong>sede</strong></span> <span class='ocrx_word' id='word_1_633' title='bbox 1661 4465 1972 4522; x_wconf 90' lang='lat' dir='ltr'><strong>arcendum</strong></span> 
     </span>
    </p>
   </div>
   <div class='ocr_carea' id='block_1_95' title="bbox 282 4553 1973 4624">
    <p class='ocr_par' dir='ltr' id='par_1_95' title="bbox 282 4553 1973 4624">
     <span class='ocr_line' id='line_1_95' title="bbox 282 4553 1973 4624; baseline 0.001 -16"><span class='ocrx_word' id='word_1_634' title='bbox 282 4560 604 4619; x_wconf 89' lang='lat' dir='ltr'><strong>censuerat,</strong></span> <span class='ocrx_word' id='word_1_635' title='bbox 633 4553 872 4624; x_wconf 89' lang='lat' dir='ltr'><strong>suisque</strong></span> <span class='ocrx_word' id='word_1_636' title='bbox 887 4554 1237 4624; x_wconf 90' lang='lat' dir='ltr'><strong>privaverat,</strong></span> <span class='ocrx_word' id='word_1_637' title='bbox 1272 4553 1474 4610; x_wconf 65' lang='lat' dir='ltr'><strong>littera:</strong></span> <span class='ocrx_word' id='word_1_638' title='bbox 1500 4561 1637 4610; x_wconf 90' lang='lat' dir='ltr'><strong>sunt</strong></span> <span class='ocrx_word' id='word_1_639' title='bbox 1658 4554 1973 4621; x_wconf 64' lang='lat' dir='ltr'><strong>destinatae,</strong></span> 
     </span>
    </p>
   </div>
   <div class='ocr_carea' id='block_1_96' title="bbox 283 4640 1976 4710">
    <p class='ocr_par' dir='ltr' id='par_1_96' title="bbox 283 4640 1976 4710">
     <span class='ocr_line' id='line_1_96' title="bbox 283 4640 1976 4710; baseline 0.002 -16"><span class='ocrx_word' id='word_1_640' title='bbox 283 4641 354 4695; x_wconf 92' lang='lat' dir='ltr'><strong>ad</strong></span> <span class='ocrx_word' id='word_1_641' title='bbox 389 4640 752 4710; x_wconf 89' lang='lat' dir='ltr'><strong>coepiscopos</strong></span> <span class='ocrx_word' id='word_1_642' title='bbox 780 4649 835 4696; x_wconf 91' lang='lat' dir='ltr'><strong>et</strong></span> <span class='ocrx_word' id='word_1_643' title='bbox 865 4641 1101 4696; x_wconf 90' lang='lat' dir='ltr'><strong>abhates</strong></span> <span class='ocrx_word' id='word_1_644' title='bbox 1127 4655 1248 4697; x_wconf 65' lang='lat' dir='ltr'><strong>suae</strong></span> <span class='ocrx_word' id='word_1_645' title='bbox 1273 4648 1329 4698; x_wconf 93' lang='lat' dir='ltr'><strong>et</strong></span> <span class='ocrx_word' id='word_1_646' title='bbox 1377 4641 1623 4697; x_wconf 87' lang='lat' dir='ltr'><strong>aliorum</strong></span> <span class='ocrx_word' id='word_1_647' title='bbox 1669 4641 1976 4698; x_wconf 79' lang='lat' dir='ltr'><strong>diceceseos</strong></span> 
     </span>
    </p>
   </div>
   <div class='ocr_carea' id='block_1_97' title="bbox 283 4728 1977 4800">
    <p class='ocr_par' dir='ltr' id='par_1_97' title="bbox 283 4728 1977 4800">
     <span class='ocr_line' id='line_1_97' title="bbox 283 4728 1977 4800; baseline 0.002 -18"><span class='ocrx_word' id='word_1_648' title='bbox 283 4729 477 4785; x_wconf 64' lang='lat' dir='ltr'><strong>altera:</strong></span> <span class='ocrx_word' id='word_1_649' title='bbox 508 4729 581 4784; x_wconf 92' lang='lat' dir='ltr'><strong>ab</strong></span> <span class='ocrx_word' id='word_1_650' title='bbox 629 4743 694 4784; x_wconf 92' lang='lat' dir='ltr'><strong>eo</strong></span> <span class='ocrx_word' id='word_1_651' title='bbox 723 4733 860 4784; x_wconf 88' lang='lat' dir='ltr'><strong>sunt</strong></span> <span class='ocrx_word' id='word_1_652' title='bbox 905 4728 1120 4794; x_wconf 71' lang='lat' dir='ltr'><strong>allatae;</strong></span> <span class='ocrx_word' id='word_1_653' title='bbox 1174 4729 1271 4785; x_wconf 90' lang='lat' dir='ltr'><strong>sed</strong></span> <span class='ocrx_word' id='word_1_654' title='bbox 1309 4730 1585 4800; x_wconf 90' lang='lat' dir='ltr'><strong>quoniam</strong></span> <span class='ocrx_word' id='word_1_655' title='bbox 1641 4731 1790 4786; x_wconf 89' lang='lat' dir='ltr'><strong>inter</strong></span> <span class='ocrx_word' id='word_1_656' title='bbox 1821 4732 1977 4786; x_wconf 90' lang='lat' dir='ltr'><strong>Lau-</strong></span> 
     </span>
    </p>
   </div>
   <div class='ocr_carea' id='block_1_98' title="bbox 282 4815 1976 4888">
    <p class='ocr_par' dir='ltr' id='par_1_98' title="bbox 282 4815 1976 4888">
     <span class='ocr_line' id='line_1_98' title="bbox 282 4815 1976 4888; baseline 0.001 -17"><span class='ocrx_word' id='word_1_657' title='bbox 282 4816 588 4881; x_wconf 88' lang='lat' dir='ltr'><strong>dunenses,</strong></span> <span class='ocrx_word' id='word_1_658' title='bbox 619 4823 676 4872; x_wconf 93' lang='lat' dir='ltr'><strong>et</strong></span> <span class='ocrx_word' id='word_1_659' title='bbox 719 4815 970 4882; x_wconf 88' lang='lat' dir='ltr'><strong>Suessos,</strong></span> <span class='ocrx_word' id='word_1_660' title='bbox 1000 4824 1232 4885; x_wconf 88' lang='lat' dir='ltr'><strong>pontem</strong></span> <span class='ocrx_word' id='word_1_661' title='bbox 1267 4818 1492 4888; x_wconf 65' lang='lat' dir='ltr'><strong>Aquilae</strong></span> <span class='ocrx_word' id='word_1_662' title='bbox 1524 4817 1711 4874; x_wconf 90' lang='lat' dir='ltr'><strong>Fluvii</strong></span> <span class='ocrx_word' id='word_1_663' title='bbox 1758 4818 1976 4874; x_wconf 89' lang='lat' dir='ltr'><strong>limita-</strong></span> 
     </span>
    </p>
   </div>
   <div class='ocr_carea' id='block_1_99' title="bbox 282 4903 1980 4976">
    <p class='ocr_par' dir='ltr' id='par_1_99' title="bbox 282 4903 1980 4976">
     <span class='ocr_line' id='line_1_99' title="bbox 282 4903 1980 4976; baseline 0.001 -17"><span class='ocrx_word' id='word_1_664' title='bbox 282 4919 458 4960; x_wconf 90' lang='lat' dir='ltr'><strong>neum</strong></span> <span class='ocrx_word' id='word_1_665' title='bbox 496 4918 617 4961; x_wconf 87' lang='lat' dir='ltr'><strong>esse</strong></span> <span class='ocrx_word' id='word_1_666' title='bbox 646 4903 1043 4974; x_wconf 69' lang='lat' dir='ltr'><strong>praediximus,</strong></span> <span class='ocrx_word' id='word_1_667' title='bbox 1073 4904 1385 4962; x_wconf 87' lang='lat' dir='ltr'><strong>introeunti</strong></span> <span class='ocrx_word' id='word_1_668' title='bbox 1435 4907 1485 4962; x_wconf 92' lang='lat' dir='ltr'><strong>ei</strong></span> <span class='ocrx_word' id='word_1_669' title='bbox 1533 4907 1776 4976; x_wconf 90' lang='lat' dir='ltr'><strong>primam</strong></span> <span class='ocrx_word' id='word_1_670' title='bbox 1817 4919 1980 4975; x_wconf 90' lang='lat' dir='ltr'><strong>paro-</strong></span> 
     </span>
    </p>
   </div>
   <div class='ocr_carea' id='block_1_100' title="bbox 281 4991 1974 5065">
    <p class='ocr_par' dir='ltr' id='par_1_100' title="bbox 281 4991 1974 5065">
     <span class='ocr_line' id='line_1_100' title="bbox 281 4991 1974 5065; baseline 0.001 -17"><span class='ocrx_word' id='word_1_671' title='bbox 281 4992 423 5049; x_wconf 72' lang='lat' dir='ltr'><strong>chize</strong></span> <span class='ocrx_word' id='word_1_672' title='bbox 445 4992 692 5063; x_wconf 76' lang='lat' dir='ltr'><strong>propriae</strong></span> <span class='ocrx_word' id='word_1_673' title='bbox 712 4991 938 5063; x_wconf 91' lang='lat' dir='ltr'><strong>glebam</strong></span> <span class='ocrx_word' id='word_1_674' title='bbox 960 5001 1276 5051; x_wconf 88' lang='lat' dir='ltr'><strong>occurrunt</strong></span> <span class='ocrx_word' id='word_1_675' title='bbox 1294 5009 1555 5065; x_wconf 89' lang='lat' dir='ltr'><strong>propere,</strong></span> <span class='ocrx_word' id='word_1_676' title='bbox 1578 5008 1724 5064; x_wconf 90' lang='lat' dir='ltr'><strong>quos</strong></span> <span class='ocrx_word' id='word_1_677' title='bbox 1757 4993 1974 5062; x_wconf 88' lang='lat' dir='ltr'><strong>pridem</strong></span> 
     </span>
    </p>
   </div>
   <div class='ocr_carea' id='block_1_101' title="bbox 281 5079 1965 5151">
    <p class='ocr_par' dir='ltr' id='par_1_101' title="bbox 281 5079 1965 5151">
     <span class='ocr_line' id='line_1_101' title="bbox 281 5079 1965 5151; baseline -0.001 -15"><span class='ocrx_word' id='word_1_678' title='bbox 281 5079 994 5137; x_wconf 82' lang='lat' dir='ltr'><strong>excommunicaveramus</strong></span> <span class='ocrx_word' id='word_1_679' title='bbox 1023 5082 1412 5138; x_wconf 87' lang='lat' dir='ltr'><strong>archidiaconi</strong></span> <span class='ocrx_word' id='word_1_680' title='bbox 1451 5083 1542 5138; x_wconf 90' lang='lat' dir='ltr'><strong>sui</strong></span> <span class='ocrx_word' id='word_1_681' title='bbox 1587 5090 1643 5138; x_wconf 91' lang='lat' dir='ltr'><strong>et</strong></span> <span class='ocrx_word' id='word_1_682' title='bbox 1686 5095 1965 5151; x_wconf 87' lang='lat' dir='ltr'><strong>proceres.</strong></span> 
     </span>
    </p>
   </div>
   <div class='ocr_carea' id='block_1_102' title="bbox 282 5166 1975 5241">
    <p class='ocr_par' dir='ltr' id='par_1_102' title="bbox 282 5166 1975 5241">
     <span class='ocr_line' id='line_1_102' title="bbox 282 5166 1975 5241; baseline 0.001 -20"><span class='ocrx_word' id='word_1_683' title='bbox 282 5166 436 5233; x_wconf 92' lang='lat' dir='ltr'><strong>Quos</strong></span> <span class='ocrx_word' id='word_1_684' title='bbox 456 5169 630 5224; x_wconf 87' lang='lat' dir='ltr'><strong>tantis</strong></span> <span class='ocrx_word' id='word_1_685' title='bbox 658 5167 990 5224; x_wconf 89' lang='lat' dir='ltr'><strong>osculorum</strong></span> <span class='ocrx_word' id='word_1_686' title='bbox 1039 5177 1214 5240; x_wconf 89' lang='lat' dir='ltr'><strong>atque</strong></span> <span class='ocrx_word' id='word_1_687' title='bbox 1257 5171 1668 5241; x_wconf 83' lang='lat' dir='ltr'><strong>complexuum</strong></span> <span class='ocrx_word' id='word_1_688' title='bbox 1724 5169 1975 5238; x_wconf 90' lang='lat' dir='ltr'><strong>suscepit</strong></span> 
     </span>
    </p>
   </div>
   <div class='ocr_carea' id='block_1_103' title="bbox 285 5252 1971 5326">
    <p class='ocr_par' dir='ltr' id='par_1_103' title="bbox 285 5252 1971 5326">
     <span class='ocr_line' id='line_1_103' title="bbox 285 5252 1971 5326; baseline 0.002 -19"><span class='ocrx_word' id='word_1_689' title='bbox 285 5252 583 5311; x_wconf 74' lang='lat' dir='ltr'><strong>aﬁectibus</strong></span> <span class='ocrx_word' id='word_1_690' title='bbox 634 5264 696 5312; x_wconf 92' lang='lat' dir='ltr'><strong>ut</strong></span> <span class='ocrx_word' id='word_1_691' title='bbox 728 5257 912 5313; x_wconf 79' lang='lat' dir='ltr'><strong>Beatae</strong></span> <span class='ocrx_word' id='word_1_692' title='bbox 959 5258 1171 5326; x_wconf 65' lang='lat' dir='ltr'><strong>Mariae,</strong></span> <span class='ocrx_word' id='word_1_693' title='bbox 1219 5259 1310 5314; x_wconf 90' lang='lat' dir='ltr'><strong>cui</strong></span> <span class='ocrx_word' id='word_1_694' title='bbox 1366 5259 1480 5314; x_wconf 88' lang='lat' dir='ltr'><strong>Deo</strong></span> <span class='ocrx_word' id='word_1_695' title='bbox 1524 5265 1756 5313; x_wconf 84' lang='lat' dir='ltr'><strong>auctore</strong></span> <span class='ocrx_word' id='word_1_696' title='bbox 1787 5256 1971 5312; x_wconf 86' lang='lat' dir='ltr'><strong>servi-</strong></span> 
     </span>
    </p>
   </div>
   <div class='ocr_carea' id='block_1_104' title="bbox 285 5344 1973 5416">
    <p class='ocr_par' dir='ltr' id='par_1_104' title="bbox 285 5344 1973 5416">
     <span class='ocr_line' id='line_1_104' title="bbox 285 5344 1973 5416; baseline 0.004 -21"><span class='ocrx_word' id='word_1_697' title='bbox 285 5355 434 5408; x_wconf 89' lang='lat' dir='ltr'><strong>mus,</strong></span> <span class='ocrx_word' id='word_1_698' title='bbox 490 5344 807 5412; x_wconf 90' lang='lat' dir='ltr'><strong>ecclesiam,</strong></span> <span class='ocrx_word' id='word_1_699' title='bbox 853 5360 1032 5416; x_wconf 89' lang='lat' dir='ltr'><strong>quam</strong></span> <span class='ocrx_word' id='word_1_700' title='bbox 1063 5346 1121 5401; x_wconf 91' lang='lat' dir='ltr'><strong>in</strong></span> <span class='ocrx_word' id='word_1_701' title='bbox 1150 5346 1237 5403; x_wconf 91' lang='lat' dir='ltr'><strong>sui</strong></span> <span class='ocrx_word' id='word_1_702' title='bbox 1311 5347 1528 5402; x_wconf 88' lang='lat' dir='ltr'><strong>linihus</strong></span> <span class='ocrx_word' id='word_1_703' title='bbox 1606 5345 1973 5415; x_wconf 83' lang='lat' dir='ltr'><strong>pontificatus</strong></span> 
     </span>
    </p>
   </div>
   <div class='ocr_carea' id='block_1_105' title="bbox 289 5429 1972 5506">
    <p class='ocr_par' dir='ltr' id='par_1_105' title="bbox 289 5429 1972 5506">
     <span class='ocr_line' id='line_1_105' title="bbox 289 5429 1972 5506; baseline 0.004 -23"><span class='ocrx_word' id='word_1_704' title='bbox 289 5429 529 5498; x_wconf 90' lang='lat' dir='ltr'><strong>primam</strong></span> <span class='ocrx_word' id='word_1_705' title='bbox 549 5430 885 5500; x_wconf 78' lang='lat' dir='ltr'><strong>offenderat,</strong></span> <span class='ocrx_word' id='word_1_706' title='bbox 916 5449 1022 5491; x_wconf 90' lang='lat' dir='ltr'><strong>suo</strong></span> <span class='ocrx_word' id='word_1_707' title='bbox 1053 5434 1288 5492; x_wconf 90' lang='lat' dir='ltr'><strong>visitatu</strong></span> <span class='ocrx_word' id='word_1_708' title='bbox 1318 5448 1690 5506; x_wconf 87' lang='lat' dir='ltr'><strong>nequaquam</strong></span> <span class='ocrx_word' id='word_1_709' title='bbox 1735 5434 1972 5506; x_wconf 86' lang='lat' dir='ltr'><strong>dignam</strong></span> 
     </span>
    </p>
   </div>
   <div class='ocr_carea' id='block_1_106' title="bbox 2084 4287 3798 4362">
    <p class='ocr_par' dir='ltr' id='par_1_106' title="bbox 2084 4287 3798 4362">
     <span class='ocr_line' id='line_1_106' title="bbox 2084 4287 3798 4362; baseline -0.002 -17"><span class='ocrx_word' id='word_1_710' title='bbox 2084 4292 2215 4347; x_wconf 90' lang='lat' dir='ltr'><strong>auri</strong></span> <span class='ocrx_word' id='word_1_711' title='bbox 2263 4291 2390 4362; x_wconf 90' lang='lat' dir='ltr'><strong>ejus</strong></span> <span class='ocrx_word' id='word_1_712' title='bbox 2437 4293 2914 4354; x_wconf 88' lang='lat' dir='ltr'><strong>immurmurans,</strong></span> <span class='ocrx_word' id='word_1_713' title='bbox 2965 4288 3105 4342; x_wconf 88' lang='lat' dir='ltr'><strong>aio:</strong></span> <span class='ocrx_word' id='word_1_714' title='bbox 3166 4287 3338 4349; x_wconf 87' lang='lat' dir='ltr'><strong>Audi,</strong></span> <span class='ocrx_word' id='word_1_715' title='bbox 3391 4300 3603 4356; x_wconf 76' lang='lat' dir='ltr'><strong>quaeso,</strong></span> <span class='ocrx_word' id='word_1_716' title='bbox 3659 4299 3798 4341; x_wconf 87' lang='lat' dir='ltr'><strong>rem</strong></span> 
     </span>
    </p>
   </div>
   <div class='ocr_carea' id='block_1_107' title="bbox 2087 4373 3799 4448">
    <p class='ocr_par' dir='ltr' id='par_1_107' title="bbox 2087 4373 3799 4448">
     <span class='ocr_line' id='line_1_107' title="bbox 2087 4373 3799 4448; baseline -0.002 -15"><span class='ocrx_word' id='word_1_717' title='bbox 2087 4387 2514 4448; x_wconf 66' lang='lat' dir='ltr'><strong>praepesteram.</strong></span> <span class='ocrx_word' id='word_1_718' title='bbox 2542 4374 3060 4433; x_wconf 81' lang='lat' dir='ltr'><strong>Excommunicare</strong></span> <span class='ocrx_word' id='word_1_719' title='bbox 3080 4374 3355 4430; x_wconf 88' lang='lat' dir='ltr'><strong>debuerat</strong></span> <span class='ocrx_word' id='word_1_720' title='bbox 3374 4388 3468 4428; x_wconf 92' lang='lat' dir='ltr'><strong>eos</strong></span> <span class='ocrx_word' id='word_1_721' title='bbox 3488 4373 3585 4443; x_wconf 90' lang='lat' dir='ltr'><strong>qui</strong></span> <span class='ocrx_word' id='word_1_722' title='bbox 3606 4387 3799 4430; x_wconf 87' lang='lat' dir='ltr'><strong>suam</strong></span> 
     </span>
    </p>
   </div>
   <div class='ocr_carea' id='block_1_108' title="bbox 2087 4462 3798 4527">
    <p class='ocr_par' dir='ltr' id='par_1_108' title="bbox 2087 4462 3798 4527">
     <span class='ocr_line' id='line_1_108' title="bbox 2087 4462 3798 4527; baseline -0.002 -6"><span class='ocrx_word' id='word_1_723' title='bbox 2087 4474 2202 4522; x_wconf 90' lang='lat' dir='ltr'><strong>tam</strong></span> <span class='ocrx_word' id='word_1_724' title='bbox 2236 4467 2521 4523; x_wconf 91' lang='lat' dir='ltr'><strong>horrendo</strong></span> <span class='ocrx_word' id='word_1_725' title='bbox 2551 4465 2804 4521; x_wconf 82' lang='lat' dir='ltr'><strong>facinore</strong></span> <span class='ocrx_word' id='word_1_726' title='bbox 2825 4463 3324 4519; x_wconf 85' lang='lat' dir='ltr'><strong>attaminaverunt</strong></span> <span class='ocrx_word' id='word_1_727' title='bbox 3353 4462 3669 4527; x_wconf 90' lang='lat' dir='ltr'><strong>ecclesiam,</strong></span> <span class='ocrx_word' id='word_1_728' title='bbox 3728 4473 3798 4518; x_wconf 81' lang='lat' dir='ltr'><strong>et</strong></span> 
     </span>
    </p>
   </div>
   <div class='ocr_carea' id='block_1_109' title="bbox 2087 4547 3799 4624">
    <p class='ocr_par' dir='ltr' id='par_1_109' title="bbox 2087 4547 3799 4624">
     <span class='ocr_line' id='line_1_109' title="bbox 2087 4547 3799 4624; baseline -0.002 -14"><span class='ocrx_word' id='word_1_729' title='bbox 2087 4553 2206 4624; x_wconf 88' lang='lat' dir='ltr'><strong>ipse</strong></span> <span class='ocrx_word' id='word_1_730' title='bbox 2234 4555 2292 4609; x_wconf 92' lang='lat' dir='ltr'><strong>in</strong></span> <span class='ocrx_word' id='word_1_731' title='bbox 2320 4553 2737 4611; x_wconf 89' lang='lat' dir='ltr'><strong>homicidarum</strong></span> <span class='ocrx_word' id='word_1_732' title='bbox 2759 4552 3067 4622; x_wconf 88' lang='lat' dir='ltr'><strong>punituros</strong></span> <span class='ocrx_word' id='word_1_733' title='bbox 3092 4549 3184 4622; x_wconf 46' lang='grc' dir='ltr'><strong>[ἡ</strong></span> <span class='ocrx_word' id='word_1_734' title='bbox 3212 4547 3565 4621; x_wconf 88' lang='lat' dir='ltr'><strong>punitorum]</strong></span> <span class='ocrx_word' id='word_1_735' title='bbox 3591 4548 3799 4618; x_wconf 83' lang='lat' dir='ltr'><strong>justas</strong></span> 
     </span>
    </p>
   </div>
   <div class='ocr_carea' id='block_1_110' title="bbox 2085 4637 3788 4710">
    <p class='ocr_par' dir='ltr' id='par_1_110' title="bbox 2085 4637 3788 4710">
     <span class='ocr_line' id='line_1_110' title="bbox 2085 4637 3788 4710; baseline -0.003 -12"><span class='ocrx_word' id='word_1_736' title='bbox 2085 4651 2139 4698; x_wconf 86' lang='lat' dir='ltr'><strong>et</strong></span> <span class='ocrx_word' id='word_1_737' title='bbox 2169 4642 2428 4698; x_wconf 90' lang='lat' dir='ltr'><strong>criminis</strong></span> <span class='ocrx_word' id='word_1_738' title='bbox 2459 4641 2714 4698; x_wconf 90' lang='lat' dir='ltr'><strong>vindices</strong></span> <span class='ocrx_word' id='word_1_739' title='bbox 2745 4652 2945 4710; x_wconf 79' lang='lat' dir='ltr'><strong>pceuas</strong></span> <span class='ocrx_word' id='word_1_740' title='bbox 2994 4637 3309 4693; x_wconf 87' lang='lat' dir='ltr'><strong>ulciscitur.</strong></span> <span class='ocrx_word' id='word_1_741' title='bbox 3372 4637 3447 4692; x_wconf 88' lang='lat' dir='ltr'><strong>At</strong></span> <span class='ocrx_word' id='word_1_742' title='bbox 3473 4637 3788 4706; x_wconf 81' lang='lat' dir='ltr'><strong>episcopus</strong></span> 
     </span>
    </p>
   </div>
   <div class='ocr_carea' id='block_1_111' title="bbox 2087 4725 3798 4791">
    <p class='ocr_par' dir='ltr' id='par_1_111' title="bbox 2087 4725 3798 4791">
     <span class='ocr_line' id='line_1_111' title="bbox 2087 4725 3798 4791; baseline -0.001 -7"><span class='ocrx_word' id='word_1_743' title='bbox 2087 4731 2346 4786; x_wconf 91' lang='lat' dir='ltr'><strong>omnium</strong></span> <span class='ocrx_word' id='word_1_744' title='bbox 2377 4731 2661 4787; x_wconf 89' lang='lat' dir='ltr'><strong>bonarum</strong></span> <span class='ocrx_word' id='word_1_745' title='bbox 2715 4725 3195 4784; x_wconf 90' lang='lat' dir='ltr'><strong>conscientiarum</strong></span> <span class='ocrx_word' id='word_1_746' title='bbox 3237 4725 3501 4791; x_wconf 87' lang='lat' dir='ltr'><strong>timidus,</strong></span> <span class='ocrx_word' id='word_1_747' title='bbox 3532 4739 3666 4780; x_wconf 92' lang='lat' dir='ltr'><strong>cum</strong></span> <span class='ocrx_word' id='word_1_748' title='bbox 3694 4741 3798 4783; x_wconf 86' lang='lat' dir='ltr'><strong>me</strong></span> 
     </span>
    </p>
   </div>
   <div class='ocr_carea' id='block_1_112' title="bbox 2083 4811 3795 4885">
    <p class='ocr_par' dir='ltr' id='par_1_112' title="bbox 2083 4811 3795 4885">
     <span class='ocr_line' id='line_1_112' title="bbox 2083 4811 3795 4885; baseline -0.003 -12"><span class='ocrx_word' id='word_1_749' title='bbox 2083 4818 2390 4874; x_wconf 87' lang='lat' dir='ltr'><strong>mussitare</strong></span> <span class='ocrx_word' id='word_1_750' title='bbox 2409 4817 2661 4885; x_wconf 89' lang='lat' dir='ltr'><strong>vidisset,</strong></span> <span class='ocrx_word' id='word_1_751' title='bbox 2694 4823 2859 4872; x_wconf 89' lang='lat' dir='ltr'><strong>ratus</strong></span> <span class='ocrx_word' id='word_1_752' title='bbox 2899 4821 2983 4870; x_wconf 91' lang='lat' dir='ltr'><strong>est</strong></span> <span class='ocrx_word' id='word_1_753' title='bbox 3011 4813 3081 4869; x_wconf 90' lang='lat' dir='ltr'><strong>de</strong></span> <span class='ocrx_word' id='word_1_754' title='bbox 3104 4827 3163 4869; x_wconf 90' lang='lat' dir='ltr'><strong>se</strong></span> <span class='ocrx_word' id='word_1_755' title='bbox 3186 4813 3426 4869; x_wconf 91' lang='lat' dir='ltr'><strong>verbum</strong></span> <span class='ocrx_word' id='word_1_756' title='bbox 3461 4811 3602 4868; x_wconf 86' lang='lat' dir='ltr'><strong>ﬁeri.</strong></span> <span class='ocrx_word' id='word_1_757' title='bbox 3629 4818 3795 4868; x_wconf 74' lang='lat'><strong>503</strong></span> 
     </span>
    </p>
   </div>
   <div class='ocr_carea' id='block_1_113' title="bbox 2081 4897 3796 4976">
    <p class='ocr_par' dir='ltr' id='par_1_113' title="bbox 2081 4897 3796 4976">
     <span class='ocr_line' id='line_1_113' title="bbox 2081 4897 3796 4976; baseline -0.004 -16"><span class='ocrx_word' id='word_1_758' title='bbox 2081 4905 2226 4972; x_wconf 90' lang='lat' dir='ltr'><strong>Quid</strong></span> <span class='ocrx_word' id='word_1_759' title='bbox 2287 4905 2492 4976; x_wconf 78' lang='lat' dir='ltr'><strong>inquit,</strong></span> <span class='ocrx_word' id='word_1_760' title='bbox 2534 4904 2741 4972; x_wconf 88' lang='lat' dir='ltr'><strong>dicitis,</strong></span> <span class='ocrx_word' id='word_1_761' title='bbox 2794 4901 3023 4959; x_wconf 90' lang='lat' dir='ltr'><strong>domine</strong></span> <span class='ocrx_word' id='word_1_762' title='bbox 3079 4900 3270 4957; x_wconf 89' lang='lat' dir='ltr'><strong>abba?</strong></span> <span class='ocrx_word' id='word_1_763' title='bbox 3310 4901 3476 4956; x_wconf 90' lang='lat' dir='ltr'><strong>Tunc</strong></span> <span class='ocrx_word' id='word_1_764' title='bbox 3517 4897 3796 4955; x_wconf 85' lang='lat' dir='ltr'><strong>Galterus</strong></span> 
     </span>
    </p>
   </div>
   <div class='ocr_carea' id='block_1_114' title="bbox 2082 4984 3792 5060">
    <p class='ocr_par' dir='ltr' id='par_1_114' title="bbox 2082 4984 3792 5060">
     <span class='ocr_line' id='line_1_114' title="bbox 2082 4984 3792 5060; baseline -0.004 -14"><span class='ocrx_word' id='word_1_765' title='bbox 2082 4991 2525 5048; x_wconf 89' lang='lat' dir='ltr'><strong>archidiaconus</strong></span> <span class='ocrx_word' id='word_1_766' title='bbox 2548 5005 2667 5048; x_wconf 90' lang='lat' dir='ltr'><strong>sese</strong></span> <span class='ocrx_word' id='word_1_767' title='bbox 2698 4989 3062 5060; x_wconf 86' lang='lat' dir='ltr'><strong>propripieus</strong></span> <span class='ocrx_word' id='word_1_768' title='bbox 3092 4995 3405 5057; x_wconf 90' lang='lat' dir='ltr'><strong>antequam</strong></span> <span class='ocrx_word' id='word_1_769' title='bbox 3438 4984 3595 5054; x_wconf 89' lang='lat' dir='ltr'><strong>loqui</strong></span> <span class='ocrx_word' id='word_1_770' title='bbox 3650 4985 3792 5039; x_wconf 89' lang='lat' dir='ltr'><strong>lice-</strong></span> 
     </span>
    </p>
   </div>
   <div class='ocr_carea' id='block_1_115' title="bbox 2084 5072 3784 5152">
    <p class='ocr_par' dir='ltr' id='par_1_115' title="bbox 2084 5072 3784 5152">
     <span class='ocr_line' id='line_1_115' title="bbox 2084 5072 3784 5152; baseline -0.005 -16"><span class='ocrx_word' id='word_1_771' title='bbox 2084 5087 2208 5136; x_wconf 90' lang='lat' dir='ltr'><strong>ret:</strong></span> <span class='ocrx_word' id='word_1_772' title='bbox 2255 5081 2440 5152; x_wconf 88' lang='lat' dir='ltr'><strong>Agite,</strong></span> <span class='ocrx_word' id='word_1_773' title='bbox 2491 5079 2590 5148; x_wconf 91' lang='lat' dir='ltr'><strong>ait,</strong></span> <span class='ocrx_word' id='word_1_774' title='bbox 2657 5078 2904 5142; x_wconf 89' lang='lat' dir='ltr'><strong>domine,</strong></span> <span class='ocrx_word' id='word_1_775' title='bbox 2967 5090 3100 5147; x_wconf 71' lang='lat' dir='ltr'><strong>quze</strong></span> <span class='ocrx_word' id='word_1_776' title='bbox 3135 5075 3427 5145; x_wconf 78' lang='lat' dir='ltr'><strong>ctepistis:</strong></span> <span class='ocrx_word' id='word_1_777' title='bbox 3493 5072 3784 5129; x_wconf 87' lang='lat' dir='ltr'><strong>Dominus</strong></span> 
     </span>
    </p>
   </div>
   <div class='ocr_carea' id='block_1_116' title="bbox 2081 5164 3122 5240">
    <p class='ocr_par' dir='ltr' id='par_1_116' title="bbox 2081 5164 3122 5240">
     <span class='ocr_line' id='line_1_116' title="bbox 2081 5164 3122 5240; baseline -0.006 -17"><span class='ocrx_word' id='word_1_778' title='bbox 2081 5168 2260 5223; x_wconf 91' lang='lat' dir='ltr'><strong>abbas</strong></span> <span class='ocrx_word' id='word_1_779' title='bbox 2296 5167 2438 5223; x_wconf 92' lang='lat' dir='ltr'><strong>alias</strong></span> <span class='ocrx_word' id='word_1_780' title='bbox 2459 5166 2555 5240; x_wconf 66' lang='grc' dir='ltr'><strong>υἱ,</strong></span> <span class='ocrx_word' id='word_1_781' title='bbox 2588 5164 2716 5238; x_wconf 89' lang='lat' dir='ltr'><strong>alia]</strong></span> <span class='ocrx_word' id='word_1_782' title='bbox 2754 5165 3122 5235; x_wconf 86' lang='lat' dir='ltr'><strong>loquebatur.</strong></span> 
     </span>
    </p>
   </div>
   <div class='ocr_carea' id='block_1_117' title="bbox 2151 5248 3790 5313">
    <p class='ocr_par' dir='ltr' id='par_1_117' title="bbox 2151 5248 3790 5313">
     <span class='ocr_line' id='line_1_117' title="bbox 2151 5248 3790 5313; baseline -0.005 -1"><span class='ocrx_word' id='word_1_783' title='bbox 2151 5255 2380 5313; x_wconf 78' lang='lat' dir='ltr'><strong>Sam&#39;ori</strong></span> <span class='ocrx_word' id='word_1_784' title='bbox 2401 5255 2641 5311; x_wconf 72' lang='lat' dir='ltr'><strong>consitio</strong></span> <span class='ocrx_word' id='word_1_785' title='bbox 2659 5252 3120 5311; x_wconf 67' lang='lat' dir='ltr'><strong>excommunicat</strong></span> <span class='ocrx_word' id='word_1_786' title='bbox 3143 5254 3199 5305; x_wconf 90' lang='lat' dir='ltr'><strong>et</strong></span> <span class='ocrx_word' id='word_1_787' title='bbox 3223 5248 3503 5305; x_wconf 72' lang='lat' dir='ltr'><strong>occisores</strong></span> <span class='ocrx_word' id='word_1_788' title='bbox 3515 5249 3790 5306; x_wconf 75' lang='lat' dir='ltr'><strong>Gerardi.</strong></span> 
     </span>
    </p>
   </div>
   <div class='ocr_carea' id='block_1_118' title="bbox 2077 5336 3794 5412">
    <p class='ocr_par' dir='ltr' id='par_1_118' title="bbox 2077 5336 3794 5412">
     <span class='ocr_line' id='line_1_118' title="bbox 2077 5336 3794 5412; baseline -0.005 -12"><span class='ocrx_word' id='word_1_789' title='bbox 2077 5375 2145 5385; x_wconf 93' lang='lat'>—</span> <span class='ocrx_word' id='word_1_790' title='bbox 2179 5343 2719 5400; x_wconf 84' lang='lat' dir='ltr'><strong>Excommunicavit</strong></span> <span class='ocrx_word' id='word_1_791' title='bbox 2764 5342 2942 5412; x_wconf 89' lang='lat' dir='ltr'><strong>igitur</strong></span> <span class='ocrx_word' id='word_1_792' title='bbox 2970 5340 3144 5410; x_wconf 90' lang='lat' dir='ltr'><strong>(clero</strong></span> <span class='ocrx_word' id='word_1_793' title='bbox 3198 5346 3250 5394; x_wconf 89' lang='lat' dir='ltr'><strong>et</strong></span> <span class='ocrx_word' id='word_1_794' title='bbox 3282 5336 3494 5407; x_wconf 89' lang='lat' dir='ltr'><strong>populo</strong></span> <span class='ocrx_word' id='word_1_795' title='bbox 3543 5351 3794 5393; x_wconf 77' lang='lat' dir='ltr'><strong>excom—</strong></span> 
     </span>
    </p>
   </div>
   <div class='ocr_carea' id='block_1_119' title="bbox 2079 5425 3794 5495">
    <p class='ocr_par' dir='ltr' id='par_1_119' title="bbox 2079 5425 3794 5495">
     <span class='ocr_line' id='line_1_119' title="bbox 2079 5425 3794 5495; baseline -0.004 -7"><span class='ocrx_word' id='word_1_796' title='bbox 2079 5431 2526 5488; x_wconf 89' lang='lat' dir='ltr'><strong>municationem</strong></span> <span class='ocrx_word' id='word_1_797' title='bbox 2585 5429 2756 5485; x_wconf 90' lang='lat' dir='ltr'><strong>talem</strong></span> <span class='ocrx_word' id='word_1_798' title='bbox 2807 5425 3248 5495; x_wconf 85' lang='lat' dir='ltr'><strong>detestantibus)</strong></span> <span class='ocrx_word' id='word_1_799' title='bbox 3297 5425 3442 5491; x_wconf 90' lang='lat' dir='ltr'><strong>illos,</strong></span> <span class='ocrx_word' id='word_1_800' title='bbox 3487 5425 3593 5495; x_wconf 92' lang='lat' dir='ltr'><strong>qui</strong></span> <span class='ocrx_word' id='word_1_801' title='bbox 3624 5439 3794 5481; x_wconf 88' lang='lat' dir='ltr'><strong>com-</strong></span> 
     </span>
    </p>
   </div>
  </div>
