3922 6080
168 257 265 308 921

1269 257 1363 314 DE
1406 258 1565 314 VI'I'A
1605 258 1732 314 SUA
1776 259 1962 314 LIBRI
2000 257 2194 313 TBES.
2219 257 2440 311 ——-LIB.
2486 253 2584 309 III.

3565 255 3673 308 922

165 392 558 464 manipulares
585 391 993 464 sacrilegorum
1023 393 1360 451 carniﬁcum
1401 395 1683 452 laeserant.
1735 396 1865 452 Diu-
1900 399 1948 451 Α
1973 394 2083 450 sui.
2115 393 2377 464 Cumque
2417 397 2640 462 emptor
2668 389 2974 446 subsiliens
3015 402 3190 458 super
3227 402 3374 444 arcae
3424 389 3672 458 crepidi-

165 489 342 538 turna
371 483 566 553 itaque
595 483 768 539 totius
816 483 980 539 urbis
1007 491 1061 540 et
1099 485 1396 542 direceseos
1446 486 1706 543 simultas
1750 485 1858 540 ad-

166 583 368 625 versus
396 570 722 639 episcopum
763 570 889 638 fuit,
945 572 1084 640 quia
1136 573 1372 628 Gerardi
1429 574 1708 629 occisores
1749 585 1858 626 ex—

162 658 590 713 communicare
644 667 896 728 tempore
929 674 1044 715 non
1074 675 1253 730 parvo
1282 661 1580 717 distulerit.
1607 661 1860 716 Tandem

161 746 306 814 quia
359 760 418 801 se
482 753 808 814 suspectum
878 754 932 802 et
983 761 1126 816 pene
1195 749 1602 804 exsecrabilem
1663 747 1858 803 haberi

160 833 376 888 sciebat
433 833 506 889 ab
563 833 850 900 omnibus,
910 842 1172 891 auctores
1236 835 1757 892 excommunicavit
1807 842 1861 890 et

160 921 434 976 conscios.
465 921 748 988 Quoniam
801 930 994 978 autem
1044 922 1257 978 multas
1304 923 1577 992 pecunias
1614 937 1859 993 spopon-

159 1008 325 1064 derat
355 1009 465 1078 his,
513 1011 614 1081 qui
656 1025 714 1068 se
755 1019 810 1067 et
868 1012 1272 1081 praedictorum
1321 1011 1657 1068 sicariorum
1707 1027 1860 1067 com-

163 1095 338 1166 plices
387 1112 557 1166 penes
589 1113 781 1169 regem
831 1099 1196 1168 adiuverant,
1233 1099 1566 1155 lateralibus
1603 1100 1865 1154 videlicet

165 1185 339 1253 regis,
373 1200 506 1241 cum
537 1189 793 1256 coepisset
822 1187 1140 1243 detractare
1189 1187 1489 1257 promissa,
1535 1187 1668 1257 quis
1715 1187 1866 1242 dicat

169 1281 393 1343 quanta
429 1273 490 1330 in
538 1275 768 1344 publico
826 1275 1172 1345 improperia
1214 1275 1458 1344 audivit,
1509 1276 1647 1332 dum
1699 1289 1867 1331 nemo

169 1374 374 1416 eorum
413 1361 514 1431 qui
540 1363 658 1417 suis
700 1362 759 1416 in
808 1363 913 1418 hoc
949 1377 1120 1432 opere
1149 1363 1420 1418 favebant
1464 1365 1744 1433 partibus,
1777 1378 1864 1420 re-

169 1448 327 1520 giam
367 1449 562 1505 aulam
601 1450 824 1521 ingredi
871 1458 1259 1522 praesumeret,
1308 1451 1488 1507 donec
1531 1465 1730 1507 eorum
1778 1451 1869 1507 fu-

168 1545 334 1594 nesta
359 1539 546 1608 capita
593 1551 627 1593 a
685 1539 855 1605 caede,
915 1554 1047 1610 quae
1077 1540 1182 1595 sibi
1233 1540 1642 1606 intentabatur,
1677 1539 1870 1604 multo

167 1640 314 1682 auro
344 1634 698 1698 argentoque
754 1628 1072 1684 redimeret.
1130 1629 1245 1684 Nec
1273 1629 1393 1698 ipse
1422 1637 1610 1684 tamen
1644 1629 1716 1684 ab
1759 1629 1866 1684 Ec-

163 1714 339 1770 clesia
366 1723 585 1785 poterat
611 1717 870 1772 accusari
921 1731 1095 1788 quem
1129 1717 1199 1772 ab
1240 1717 1546 1788 apostolico
1595 1718 1862 1774 constite-

162 1811 256 1860 rat
283 1805 570 1860 excusari.

813 1944 1050 2002 CAPUT
1091 1946 1202 2000 VII.

233 2063 496 2119 Pet-versi
511 2063 722 2122 civium
743 2065 1208 2120 Landunensium
1226 2083 1414 2122 more:
1439 2068 1860 2140 exprimuntur.

157 2182 229 2190 —
260 2151 448 2222 Igitur
496 2159 623 2222 post
651 2151 1014 2222 aliquantum
1055 2154 1344 2223 temporis,
1395 2170 1529 2211 cum
1578 2156 1650 2211 ob
1677 2171 1860 2227 expo-

158 2241 401 2296 scendas
455 2241 730 2310 pecunias
782 2255 816 2296 a
870 2256 1004 2313 rege
1033 2243 1370 2314 Anglorum,
1431 2245 1525 2300 cui
1567 2247 1861 2315 quondam

159 2330 460 2396 servierat,
515 2331 698 2386 amico
763 2330 870 2386 sibi
915 2331 1074 2398 olim,
1121 2331 1410 2400 profectus
1457 2341 1603 2388 esset
1651 2332 1710 2388 in
1751 2336 1862 2389 An-

159 2417 357 2488 gliam.
388 2417 651 2474 Galterus
704 2417 1164 2486 archidiaconus,
1187 2426 1242 2474 et
1268 2419 1454 2476 Guido
1484 2434 1613 2476 cum
1659 2436 1861 2491 proce-

158 2505 325 2560 ribus
372 2504 534 2560 urbis
576 2504 687 2560 tale
752 2505 891 2576 quid
969 2506 1331 2562 commentati
1385 2515 1540 2562 sunt.
1595 2508 1733 2564 Urbi
1781 2508 1859 2563 illi

158 2598 323 2648 tanta
390 2592 462 2647 ab
516 2591 756 2662 antiquo
829 2593 1145 2649 adversitas
1193 2595 1507 2650 inoleverat
1548 2604 1612 2652 ut
1675 2612 1861 2666 neque

158 2679 331 2743 Deus,
365 2692 554 2748 neque
587 2679 862 2735 Dominus
895 2680 1184 2750 quispiam
1216 2681 1357 2737 inibi
1398 2683 1715 2751 timeretur,
1761 2686 1859 2740 sed

156 2768 232 2824 ad
273 2783 453 2838 posse,
520 2775 576 2824 et
624 2769 848 2824 libitum
895 2769 1183 2840 cujusque
1229 2769 1446 2839 rapinis
1492 2778 1548 2826 et
1605 2773 1860 2830 caedibus

156 2857 484 2926 respublica
548 2858 906 2913 misceretur.
957 2859 1120 2920 Nam,
1171 2865 1236 2913 ut
1290 2872 1324 2913 a
1373 2859 1560 2928 capite
1597 2861 1859 2930 pestifero

1969 496 2097 537 nem
2129 482 2197 537 de
2225 488 2426 536 ventre
2457 479 2745 549 penderet,
2785 479 2970 548 capite
2999 493 3066 534 ac
3103 476 3362 534 humeris
3391 475 3448 531 in
3495 489 3674 531 unam

1969 567 2477 639 procumbentibus
2519 580 2733 632 arcam,
2768 566 2954 620 bonus
2982 565 3244 620 venditor
3269 578 3299 618 a
3329 571 3486 634 tergo
3519 563 3674 633 posi-

1967 666 2080 723 tus,
2127 657 2372 713 sublatis
2427 656 2717 711 hominem
2759 654 3072 721 {incautum
3132 653 3392 723 pedibus,
3444 659 3675 722 repente

1967 746 2236 801 trudebat
2269 746 2326 800 in
2359 758 2575 807 aream,
2625 751 2678 799 et
2710 742 2928 813 dejecto
2976 757 3150 813 super
3199 749 3462 798 ruentem
3503 753 3675 809 oper-

1967 834 2119 901 culo,
2147 842 2268 889 tuto
2296 833 2562 889 servabat
2594 845 2779 901 usque
2822 831 2893 885 ad
2951 832 3044 886 sui
3095 829 3540 898 redemptionem
3577 839 3674 882 er-

1969 922 2216 992 gastulo.
2253 923 2388 978 Haec
2418 921 2474 975 in
2505 921 2651 976 urbe
2669 927 2724 975 et
2755 919 2803 974 is
2829 918 3038 975 similia
3062 917 3431 988 gerebantur.
3474 916 3670 980 Furta,

1971 1009 2086 1064 imo
2114 1009 2412 1065 latrocinia
2438 1021 2538 1077 per
2574 1007 2852 1076 primores
2881 1013 2935 1061 et
2965 1005 3281 1075 primorum
3327 1000 3675 1070 apparitores

1971 1096 2199 1166 publice
2240 1096 2580 1167 agebantur.
2608 1093 2763 1149 Nulli
2793 1093 3058 1149 noctibus
3086 1089 3411 1160 procedenti
3451 1086 3674 1143 securi-

1971 1194 2058 1242 tas
2107 1187 2488 1256 praebebatur,
2557 1183 2742 1240 solum
2801 1183 3050 1239 restabat
3109 1188 3210 1237 aut
3260 1177 3518 1244 distrahi,
3574 1183 3675 1232 aut

1972 1275 2124 1345 capi,
2157 1282 2258 1330 aut
2287 1274 2450 1330 caedi.

2048 1360 2385 1416 Communia
2437 1360 2593 1432 quid.
2647 1389 2716 1400 —
2772 1358 2933 1426 Quod
2997 1356 3421 1413 considerantes
3485 1352 3675 1409 clerus

1977 1466 2109 1509 cum
2144 1451 2582 1518 archidiaconis,
2645 1464 2713 1505 ac
2744 1463 3026 1519 proceres,
3061 1455 3114 1502 et
3158 1459 3362 1500 causas
3407 1439 3673 1513 exigendi

1979 1540 2254 1612 pecunias
2291 1555 2324 1595 a
2367 1539 2579 1610 populo
2617 1545 2994 1607 aucupantes,
3045 1535 3184 1589 dant
3229 1532 3312 1588 eis
3361 1545 3458 1600 per
3497 1530 3672 1585 inter-

1978 1629 2214 1684 nuntios
2236 1628 2543 1697 optionem,
2595 1634 2660 1681 ut
2702 1625 2746 1680 si
2801 1625 2982 1694 pretia
3033 1622 3209 1693 digna
3258 1618 3670 1688 impenderent,

1970 1715 2392 1772 communionis
2474 1713 2748 1770 faciendae
2813 1710 3100 1767 licentiam
3157 1709 3450 1764 haberent.
3499 1706 3673 1760 Com-

1971 1800 2174 1857 munio
2203 1807 2393 1856 autem
2425 1814 2641 1856 novum
2692 1812 2759 1854 ac
2788 1797 3100 1868 pessimum
3131 1807 3338 1850 nomen
3369 1792 3449 1849 sic
3475 1806 3535 1847 se
3565 1791 3673 1846 ha-

1971 1889 2085 1954 bet,
2130 1895 2193 1945 ut
2249 1887 2364 1958 (ίοο)
2412 1887 2592 1957 capite
2641 1886 2793 1943 censi
2833 1899 3033 1940 omnes
3090 1883 3322 1939 solitum
3379 1879 3673 1936 servitutis

1971 1976 2222 2032 debitum
2276 1975 2525 2032 dominis
2570 1975 2744 2031 semel
2787 1973 2847 2028 in
2887 1986 3039 2029 anno
3089 1970 3334 2035 solvant,
3365 1977 3420 2024 et
3453 1967 3500 2023 si
3531 1966 3672 2036 quid

1971 2073 2168 2120 contra
2209 2065 2346 2136 jura
2393 2062 2760 2133 deliquerint,
2808 2060 3080 2130 pensione
3132 2057 3300 2128 legali
3347 2054 3668 2110 emendent.

1969 2152 2196 2209 Caeterae
2254 2166 2534 2208 censuum
2592 2151 2939 2216 exactiones,
2973 2161 3105 2218 quae
3151 2145 3330 2201 servis
3357 2141 3540 2213 inﬂigi
3573 2156 3670 2197 so-

1972 2241 2104 2306 lent,
2138 2241 2482 2296 omnimodis
2533 2246 2755 2296 vacent.
2812 2239 2930 2293 Hac
2958 2240 3034 2292 se
3074 2232 3390 2291 redimendi
3424 2229 3668 2302 populus

1969 2327 2267 2384 occasione
2295 2333 2580 2396 suscepta,
2631 2326 2912 2382 maximos
2963 2331 3042 2380 tot
3067 2334 3380 2379 avarorum
3416 2317 3670 2375 hiatibus

1970 2416 2334 2472 obstruendis
2385 2414 2611 2487 argenti
2665 2428 2906 2484 aggeres
2943 2411 3314 2468 obdiderunt.
3352 2408 3460 2475 Qui
3509 2414 3668 2462 tanto

1969 2503 2153 2560 imbre
2199 2504 2322 2560 fuso
2391 2503 2707 2558 sereniores
2752 2500 2978 2566 redditi,
3038 2515 3098 2556 se
3153 2499 3323 2554 fidem
3367 2498 3447 2552 eis
3495 2507 3669 2564 super

1971 2591 2078 2648 isto
2119 2593 2345 2666 negotio
2393 2597 2726 2647 servaturos
2767 2588 3142 2645 sacramentis
3175 2584 3428 2657 praebitis
3469 2584 3667 2638 firma-

1969 2689 2202 2738 verunt.

2038 2772 2115 2823 In
2153 2767 2413 2823 Galliam
2433 2767 2583 2822 redit
2631 2765 2949 2838 episcopus.
2982 2768 3176 2836 Ipsum
3210 2763 3363 2818 inter
3389 2763 3445 2815 et
3473 2759 3663 2815 archi-

1966 2856 2271 2912 diaconum
2300 2855 2742 2910 simultates.—
2773 2856 2943 2910 Facta
2985 2854 3180 2922 itaque
3223 2852 3372 2907 inter
3423 2850 3661 2915 clerum,

152 2945 462 3001 exordium
533 2959 780 3012 sumam,
858 2947 905 3001 si
953 2947 1188 3016 quando
1237 2947 1374 3004 illuc
1433 2963 1622 3021 regem
1665 2951 1861 3008 venire
1897 2959 1937 3013 c
1969 2959 2246 3014 proceres,
2295 2951 2350 3000 et
2387 2943 2665 3013 populum
2701 2943 2884 2999 mutui
2914 2939 3183 3011 adjutorii
3240 2938 3661 3008 conjuratione,

159 3033 536 3103 contingeret,
573 3032 690 3102 ipse
723 3034 825 3103 qui
860 3034 968 3090 sibi
1015 3036 1391 3092 reverentiam
1439 3038 1672 3109 exigere
1703 3040 1858 3110 regio

152 3119 347 3190 rigore
395 3120 690 3188 debuerat,
747 3122 860 3191 ipse
896 3123 955 3177 in
990 3124 1081 3179 sui
1120 3124 1376 3194 primum
1407 3127 1654 3196 turpiter
1702 3129 1858 3184 mul-

158 3206 416 3262 tabatur.
448 3207 662 3276 Nempe
690 3223 822 3263 cum
854 3209 989 3280 equi
1029 3210 1155 3280 ejus
1187 3211 1258 3266 ad
1293 3225 1509 3282 aquam
1555 3227 1660 3269 seu
1691 3229 1858 3270 mane

153 3308 260 3351 seu
315 3306 545 3364 vespere
597 3296 961 3364 ducerentur,
993 3299 1310 3356 verberatis
1349 3301 1693 3359 clienticulis
1721 3305 1858 3374 equi

153 3383 613 3452 abripiebantur.
661 3385 818 3454 Ipsos
871 3386 1042 3442 etiam
1077 3386 1246 3443 tantis
1294 3388 1481 3444 addici
1528 3390 1858 3447 constiterat

155 3468 630 3538 vilipensionibus
661 3471 912 3538 clericos,
948 3480 1010 3528 ut
1041 3487 1230 3543 neque
1262 3475 1318 3528 in
1355 3476 1632 3544 personis.
1668 3491 1855 3545 neque

153 3559 216 3615 in
277 3559 448 3615 rebus
501 3572 699 3614 eorum
757 3568 1089 3629 parceretur
1147 3562 1378 3630 eisdem,
1439 3563 1536 3618 sed
1557 3561 1734 3634 lesset,
1769 3565 1851 3620 uti

154 3645 370 3716 legitur
402 3659 414 3698 :
446 3667 466 3692 ι
499 3644 655 3700 Sicut
687 3645 954 3715 populus,
1015 3647 1098 3702 sic
1150 3648 1414 3704 sacerdos
1472 3648 1636 3719 (Ιεαὶ.
1691 3664 1850 3719 xxxv,

153 3734 230 3803 2).
272 3753 293 3780 ι
330 3731 435 3788 Sed
485 3731 627 3801 quid
665 3732 736 3788 de
777 3733 991 3802 plebeis
1037 3734 1280 3805 loquor?
1307 3736 1485 3792 Nemo
1511 3737 1580 3792 de
1608 3739 1854 3808 agrariis

153 3819 589 3891 ingrediebatur
636 3819 694 3874 in
740 3822 962 3889 urbem,
1021 3838 1191 3880 nemo
1225 3824 1336 3878 nisi
1385 3824 1668 3880 tutissimo
1703 3840 1856 3882 com-

151 3915 350 3964 meatu
388 3907 691 3964 accedebat
710 3908 784 3963 ad
816 3909 1016 3977 ipsam,
1051 3911 1155 3982 qui
1187 3925 1302 3966 non
1333 3919 1434 3967 aut
1464 3912 1855 3970 incarceratus

152 3995 228 4051 ad
287 3994 733 4064 redemptionem
785 4005 1103 4068 cogeretur,
1149 4013 1252 4055 seu
1279 3999 1572 4055 occasione
1632 3999 1855 4071 objecta

151 4085 466 4140 duceretur
494 4083 616 4138 sine
635 4097 810 4141 causa
837 4085 894 4140 in
928 4100 1186 4142 causam.

225 4170 343 4226 Sub
398 4169 658 4240 exemplo
736 4171 1050 4229 inferamus
1101 4189 1308 4240 unum,
1384 4175 1542 4246 quod
1594 4175 1640 4231 si
1697 4177 1850 4247 apud

155 4259 439 4315 Barbaros
469 4267 570 4314 aut
597 4259 836 4328 Scythas
866 4260 1042 4328 fieret,
1081 4271 1230 4320 certe
1273 4279 1474 4321 eorum
1523 4265 1624 4335 qui
1655 4267 1849 4323 nullas

155 4346 370 4402 habent
447 4344 602 4416 legas
653 4347 1119 4416 profanissimum
1192 4360 1340 4408 esset
1409 4353 1646 4422 judicio.
1706 4353 1848 4410 Cum

152 4437 406 4493 Sabbato
434 4435 674 4492 diversis
709 4451 740 4491 e
781 4437 1014 4495 ruribus
1061 4441 1414 4498 mercimonii
1467 4443 1655 4514 gratia
1691 4444 1850 4513 plebs

153 4524 472 4595 agrestium
509 4523 605 4578 illo
635 4524 920 4593 venirent,
975 4525 1339 4584 civitatenses
1369 4531 1554 4599 cypho
1581 4539 1683 4587 aut
1712 4546 1848 4588 scu—

151 4612 308 4678 tella,
333 4617 436 4667 aut
473 4609 729 4680 quolibet
753 4611 864 4668 alio
903 4614 1068 4669 modo
1118 4615 1408 4686 legumen,
1438 4625 1540 4673 aut
1570 4618 1844 4686 triticum,

148 4714 257 4757 seu
287 4698 586 4768 quidpiam
642 4698 892 4770 alicujus
938 4701 1124 4772 frugis
1149 4703 1269 4759 foro
1299 4705 1465 4774 quasi
1504 4705 1707 4761 venale
1736 4707 1847 4762 cir-

147 4787 566 4852 cumferebant,
669 4802 921 4859 cumque
993 4792 1206 4847 rustico
1285 4793 1422 4848 talia
1493 4794 1847 4866 perquirenti

145 4875 460 4932 emendum
505 4874 863 4943 obtulissent,
907 4875 1000 4933 ille
1052 4885 1247 4934 taxato
1292 4879 1475 4949 pretio
1518 4895 1578 4936 se
1627 4881 1849 4950 pollice-

145 4965 325 5020 batur
342 4963 979 5032 empturum.Sequere,
1013 4965 1200 5021 aiebat
1224 4968 1510 5033 venditor,
1542 4983 1633 5024 me
1661 4967 1719 5023 in
1746 4969 1846 5024 do-

144 5067 310 5109 mum
342 5065 548 5114 meam,
581 5060 644 5107 ut
676 5052 750 5108 ibi
772 5053 1069 5109 residuum
1102 5053 1286 5126 frugis
1318 5055 1510 5127 hujus,
1545 5071 1721 5127 quam
1745 5057 1844 5114 tibi

141 5141 354 5207 vendo,
389 5140 604 5209 videas,
634 5140 942 5211 visumque
983 5143 1282 5214 suscipias.
1334 5147 1693 5216 Sequebatur
1719 5147 1843 5217 ille;

142 5228 244 5283 sed
273 5241 410 5282 cum
445 5227 837 5296 pervenissent
859 5229 932 5284 ad
954 5243 1168 5298 arcam,
1196 5231 1378 5288 ﬁdelis
1406 5235 1670 5291 venditor
1699 5237 1846 5292 elato

143 5321 201 5369 et
249 5319 509 5369 sustento
555 5328 704 5370 arcae
753 5317 1047 5385 operculo,
1112 5319 1345 5386 inclina,
1415 5321 1620 5385 aiebat.
1671 5333 1846 5395 caput

146 5409 320 5458 tuum
339 5408 395 5456 et
421 5400 588 5457 ulnas
616 5402 674 5458 in
715 5417 930 5470 arcam,
963 5413 1027 5462 ut
1053 5407 1249 5463 videas
1303 5411 1458 5479 quod
1514 5411 1623 5466 hoc
1664 5419 1844 5467 totum

150 5506 269 5548 non
313 5490 594 5561 discrepet
643 5491 718 5548 ab
745 5506 811 5548 ea
867 5501 1023 5562 parte
1049 5508 1226 5565 quam
1259 5497 1361 5552 tibi
1401 5497 1458 5552 in
1508 5498 1627 5554 foro
1650 5512 1845 5569 propo-

1964 3031 2037 3086 ab
2087 3031 2289 3101 Anglis
2345 3045 2479 3086 cum
2526 3030 2779 3100 plurima
2827 3030 2991 3100 copia
3045 3027 3317 3085 remeavit
3349 3027 3663 3096 episcopus,

1963 3121 2062 3190 qui
2094 3129 2297 3176 contra
2340 3121 2518 3192 hujus
2543 3128 2805 3176 auctores
2835 3119 3124 3184 novitatis,
3158 3124 3348 3172 motus
3393 3114 3661 3184 aliquan-

1962 3209 2062 3264 diu
2089 3223 2210 3265 sese
2257 3210 2330 3266 ab
2384 3211 2526 3266 urbe
2574 3209 2878 3265 continuit.
2930 3208 3144 3262 Tamen
3179 3205 3359 3274 plena!
3390 3202 3580 3259 laudis
3608 3209 3664 3258 ct

1962 3295 2159 3366 gloria
2242 3297 2390 3353 inter
2453 3298 2643 3367 ipsum
2697 3306 2752 3352 et
2818 3297 3111 3353 Galterum
3190 3292 3660 3349 archidiaconum

1960 3384 2290 3453 complicem
2337 3400 2510 3441 suum
2557 3387 2770 3442 obortae
2799 3393 2932 3441 sunt
2981 3383 3320 3439 simultates.
3357 3381 3661 3451 Loqueba-

1961 3479 2057 3527 tur
2106 3473 2549 3528 archidiaconus
2595 3488 2766 3544 super
2817 3487 2952 3527 nece
3004 3471 3242 3526 Gerardi
3291 3469 3460 3525 valde
3493 3468 3660 3523 inde—

1961 3565 2149 3615 centia
2178 3561 2245 3614 de
2273 3559 2537 3628 episcopo
2577 3576 2702 3616 suo.
2755 3559 3064 3629 Episcopus
3117 3558 3304 3613 nescio
3345 3572 3477 3627 quae
3524 3567 3658 3610 cum

1957 3648 2175 3702 caeteris
2204 3662 2379 3717 super
2409 3648 2517 3702 hac
2558 3663 2618 3703 re
2649 3649 2872 3719 agebat,
2927 3649 3032 3702 hoc
3085 3646 3222 3708 scio,
3259 3645 3398 3715 quia
3433 3656 3657 3699 mecum

1957 3736 2039 3791 sic
2058 3737 2126 3791 de
2154 3751 2218 3791 eo
2241 3737 2617 3806 querebatur.
2652 3743 2802 3792 504
2859 3736 3113 3802 Domine,
3153 3735 3438 3804 inquiens,
3471 3732 3654 3796 abba;

1959 3823 2005 3878 si
2036 3823 2337 3892 contigerit
2365 3824 2660 3880 Galterum
2691 3825 2748 3879 in
2798 3823 3005 3894 quovis
3033 3821 3278 3878 concilio
3307 3820 3532 3889 aliquas
3563 3818 3659 3872 ad-

1959 3926 2190 3966 versum
2265 3926 2352 3967 me
2423 3919 2640 3966 motare
2703 3909 3116 3975 accusationes,
3175 3906 3656 3978 aequanimiterne

1962 3999 2183 4055 feretis?
2241 3999 2435 4055 Nonne
2487 3999 2604 4069 ipse
2669 4007 2773 4066 est,
2826 3999 2926 4069 qui
2977 4013 3041 4055 eo
3101 4007 3373 4067 tempore,
3445 4010 3562 4065 quo
3623 4007 3658 4048 a

1960 4087 2162 4143 vestris
2218 4087 2513 4158 digressus
2562 4089 2855 4144 monachis
2912 4088 3243 4142 Flaviacum
3277 4082 3654 4148 concessistis,

1959 4175 2121 4231 vobis
2167 4175 2224 4230 in
2280 4184 2547 4245 promptu
2607 4175 3029 4240 blandiebatur,
3107 4174 3256 4230 clam
3313 4173 3658 4228 moliebatur

1886 4255 1930 4309 Π
1959 4263 2274 4329 dissidium,
2324 4263 2510 4332 palam
2541 4264 2743 4319 vestris
2777 4263 3165 4319 favorabiliter
3199 4262 3463 4318 adnitens
3487 4259 3657 4331 parti-

1959 4352 2091 4420 bus,
2145 4359 2200 4407 et
2260 4366 2348 4407 me
2403 4361 2605 4408 contra
2661 4368 2759 4409 vos
2816 4354 3057 4409 latenter
3094 4352 3378 4408 irritans?
3424 4352 3521 4407 His
3566 4365 3655 4406 me

1957 4442 2157 4494 contra
2209 4437 2500 4495 funestum
2586 4441 2872 4496 hominem
2929 4439 3216 4496 alliciebat
3270 4437 3652 4501 sermonibus,

1954 4525 2212 4597 ejusdem
2285 4527 2742 4596 ponderosissimi
2807 4540 3002 4584 reatus
3066 4527 3172 4582 sibi
3245 4523 3526 4590 conscius,
3601 4531 3656 4579 et

1957 4627 2130 4683 penes
2156 4615 2417 4670 omnium
2467 4615 2687 4685 judicia
2744 4616 3130 4684 undecunque
3189 4613 3424 4669 timidus
3462 4626 3529 4667 ac
3557 4627 3653 4668 su-

1957 4711 2203 4771 spectus.

2026 4789 2170 4845 Cum
2199 4789 2376 4860 igitur
2405 4791 2464 4847 in
2501 4807 2598 4848 eos
2629 4792 2730 4863 qui
2755 4792 3227 4861 conjuraverant,
3249 4797 3304 4846 et
3336 4790 3395 4845 in
3443 4797 3651 4846 aucto-

1957 4897 2275 4940 rcseorum
2316 4884 2615 4940 inflexibili
2666 4882 3166 4940 animadversione
3213 4890 3430 4938 motum
3474 4897 3534 4938 se
3563 4883 3648 4938 di-

1953 4979 2124 5038 ceret,
2154 4984 2323 5027 voces
2353 4972 2583 5028 tandem
2618 4972 2996 5042 grandisonas
3052 4970 3246 5025 oblata
3306 4977 3534 5039 repente
3563 4985 3649 5026 se-

1955 5059 2114 5116 davit
2181 5059 2311 5115 auri
2371 5059 2712 5130 argentique
2768 5058 3080 5129 congeries.
3154 5059 3379 5113 iuravit
3457 5057 3652 5127 itaque

1955 5147 2376 5205 communionis
2403 5147 2557 5203 illius
2585 5163 2647 5203 se
2666 5149 2804 5218 jura
2836 5156 3152 5208 tenturum,
3206 5161 3272 5202 eo
3301 5147 3454 5216 quod
3496 5147 3650 5217 apud

1954 5236 2462 5306 Noviomagensem
2535 5235 2738 5290 urbem
2825 5236 3024 5304 (vulgo
3080 5235 3331 5305 Noyon),
3387 5241 3441 5290 et
3501 5238 3650 5290 San-

1954 5324 2328 5389 Quintinense
2357 5322 2632 5392 oppidum
2685 5323 2885 5395 (vulgo
2938 5322 3414 5390 Sainl-Quentin)
3453 5324 3654 5379 ordine

1951 5411 2162 5480 scripta
2191 5412 2546 5468 exstiterant.
2611 5399 2956 5482 Compulsus
2992 5420 3047 5467 et
3080 5427 3179 5467 rex
3209 5421 3291 5468 est
3352 5411 3656 5481 largitione

1958 5499 2179 5571 plebeia
2227 5500 2472 5570 idipsum
2518 5501 2651 5571 jure
2691 5499 2947 5576 jurando
2979 5499 3229 5562 firmare.
3286 5501 3438 5561 Deus
3472 5514 3659 5568 meus,
