3922 6080
308 239 411 290 9'23

292 371 424 442 quis
451 371 638 426 dicere
663 373 837 439 queat
866 370 1007 435 quot
1043 362 1319 431 susceptis
1379 360 1574 431 populi
1627 359 1984 424 muneribus,
2026 363 2073 414 Α

290 468 432 530 quot
478 459 648 513 etiam
694 463 819 524 post
851 451 1090 522 praebita
1117 457 1476 506 sacramenta
1525 448 1595 503 ad
1647 448 1994 504 subverten-

291 548 431 603 dum
489 544 641 615 quod
719 542 1085 611 juraverant,
1137 535 1541 593 controversia;
1593 542 1990 602 emerserumt,

289 637 426 690 dum
476 645 669 688 servos
727 628 898 684 semel
948 627 1022 683 ab
1048 627 1178 697 jugi
1230 625 1525 681 exactione
1583 623 1991 692 emancipatos,

287 722 359 776 ad
390 721 623 776 modum
675 716 985 787 pristinum
1034 713 1290 784 redigere
1337 712 1650 783 quaerunt?
1693 713 1829 767 Erat
1857 725 1995 766 sane

288 806 666 878 implacabilis
731 803 1050 860 invidentia
1134 801 1400 871 episcopi,
1453 815 1520 856 ac
1567 814 1869 870 procerum
1934 799 1995 853 in

287 899 619 968 burgcnses,
649 901 705 950 et
742 893 880 948 dum
913 890 1383 956 Nortbmannico,
1420 891 1506 945 vel
1559 889 1794 959 Anglico
1840 901 1994 943 more

289 985 622 1041 Francicam
707 995 821 1036 non
909 977 1180 1048 praevalet
1271 977 1575 1032 extrudere
1653 976 1991 1040 libertatem,

288 1072 526 1143 languet
559 1075 751 1140 pastor
805 1081 925 1123 suae
984 1065 1349 1135 professionis
1377 1065 1676 1119 immemor
1719 1063 1872 1118 circa
1903 1061 1990 1117 in—

285 1159 629 1230 explebilem
661 1157 1051 1226 cupiditatem.
1103 1153 1159 1209 Si
1193 1153 1326 1222 quis
1354 1151 1724 1222 popularium
1759 1151 1816 1206 in
1847 1164 1993 1205 cau-

287 1263 407 1304 sam
441 1248 650 1302 ductus
680 1258 797 1299 non
821 1242 1019 1297 divina
1047 1241 1139 1297 sed
1176 1239 1550 1310 placitatoria,
1581 1246 1644 1294 ut
1673 1238 1753 1294 sic
1783 1238 1992 1305 dicam,

287 1332 611 1387 conditione
667 1330 887 1400 legibus
917 1328 1118 1383 fuisset
1171 1327 1454 1392 addictus,
1498 1326 1674 1396 hujus
1706 1339 1892 1395 usque
1920 1325 1994 1380 ad

287 1429 614 1476 extremum
637 1417 960 1474 substantia
982 1416 1458 1472 exhauriebatur.

361 1509 722 1562 Monetamm
775 1503 1088 1575 corruptio.
1137 1533 1207 1543 —
1253 1503 1414 1559 Unde
1490 1503 1632 1572 quia
1688 1517 1992 1559 munerum

287 1597 671 1666 susceptiones
721 1594 894 1650 totius
936 1592 1138 1663 judicii
1193 1593 1355 1662 sequi
1388 1592 1527 1649 solet
1579 1593 1819 1659 eversio,
1881 1607 1996 1647 mo-

1205 229 1260 280 V.
1303 225 1634 280 GUIBERTI
1675 223 1968 279 ABBATIS
2005 224 2063 278 S.
2105 221 2344 276 MARl/E
2386 221 2472 275 DE
2513 217 2908 274 NOVIGENTO

3702 215 3811 267 924

2174 359 2220 410 ,4
2229 359 2318 410 rte
2345 354 2749 425 superductum
2775 351 2952 408 violat
2980 350 3321 423 quandoque
3347 350 3642 421 pudorem.

2243 444 2528 515 Impietas
2555 445 2816 498 contecta
2843 439 2962 507 diu,
2994 456 3100 494 nec
3123 438 3294 493 clara
3321 438 3568 493 recondi.

2181 534 2256 587 Ut
2288 533 2388 587 tua:
2413 535 2578 587 clara
2608 530 2840 597 vitrum,
2863 528 2948 584 sic
2976 531 3242 600 penetrat
3271 525 3480 589 faciem
3509 544 3525 579 :

2101 623 2257 693 quod
2309 622 2553 677 obscure
2606 620 2676 674 de
2727 618 2995 684 Gerardo,
3028 625 3082 673 et
3113 615 3282 686 quasi
3309 631 3422 671 non
3457 614 3699 680 fecisset,
3724 613 3819 668 fe-

2101 718 2254 767 cerat
2283 711 2352 765 de
2389 710 2568 764 altero
2591 716 2712 778 post
2742 707 2976 777 aliquod
3010 714 3238 774 tempus
3267 705 3542 770 Gerardo,
3577 704 3824 758 evidens

2101 815 2221 856 suae
2277 797 2638 855 crudelitatis
2693 796 2848 851 dedit
2896 795 3196 850 indicium.
3245 794 3382 848 Erat
3430 792 3720 863 siquidem
3773 791 3824 846 is

2100 887 2392 945 Gerardus
2425 886 2609 956 major
2666 885 2877 947 nescio,
2930 898 3002 938 an
3063 882 3317 937 decanus
3351 881 3702 936 rusticorum
3743 879 3820 935 ad

2100 991 2160 1033 se
2184 975 2614 1046 pertinentium,
2647 975 2748 1044 qui
2806 974 2948 1042 quia
2977 971 3208 1041 pronior
3247 979 3370 1026 erat
3393 971 3466 1026 ad
3509 971 3817 1036 Thomam,

2101 1063 2454 1136 lngelranni,
2484 1063 2554 1119 de
2583 1077 2699 1133 quo
2747 1075 2926 1130 supra
2955 1061 3202 1131 egimus,
3249 1067 3308 1115 ut
3361 1058 3575 1114 dicitur
3604 1057 3816 1122 ﬁlium,

2100 1153 2295 1210 virum
2344 1153 2605 1208 omnium
2657 1165 2803 1221 quos
2853 1149 3123 1205 novimus
3171 1149 3276 1203 hac
3305 1155 3470 1202 aetate
3518 1143 3818 1215 nequissi-

2102 1258 2282 1307 mum,
2333 1243 2636 1313 episcopus
2684 1255 2818 1296 eum
2863 1239 3132 1294 omnibus
3191 1237 3435 1294 habebat
3494 1236 3814 1290 infensum.

2101 1331 2261 1388 Unde
2299 1338 2353 1386 et
2383 1345 2517 1387 eum
2545 1329 2880 1398 corripiens,
2914 1335 2968 1382 et
3002 1326 3155 1381 intra
3181 1324 3498 1394 episcopale
3530 1322 3817 1392 palatium

2100 1418 2372 1476 custodiae
2429 1432 2562 1474 eum
2615 1417 2871 1482 trudens,
2906 1421 3070 1470 nocte
3100 1427 3199 1482 per
3245 1427 3450 1468 manus
3503 1410 3816 1482 cujusdam

2100 1508 2191 1564 sui
2267 1506 2570 1575 Ethiopis,
2637 1505 2834 1560 oculos
2895 1503 3022 1572 ejus
3071 1503 3200 1557 fecit
3247 1501 3437 1556 evelli.
3482 1503 3605 1566 Quo
3665 1499 3817 1553 facto

2101 1603 2294 1665 aperte
2350 1593 2683 1664 ignominiaa
2713 1606 2772 1648 se
2802 1590 3044 1658 addixit,
3081 1590 3232 1660 quod
3293 1589 3363 1644 de
3391 1587 3689 1657 superiore
3716 1586 3816 1642 Ge-

289 1693 434 1740 netze
467 1697 830 1753 percussores
878 1681 1118 1736 scientes
1145 1679 1188 1736 si
1223 1689 1523 1750 peccarent
1557 1681 1612 1735 in
1646 1680 1834 1736 ofﬁcio
1864 1695 1986 1745 suo,
2030 1655 2073 1710 Β
2103 1684 2277 1740 rardo
2306 1682 2534 1750 fecerat,
2575 1680 2887 1746 refricavit,
2944 1655 3049 1735 nec
3099 1655 3348 1742 clerum,
3381 1655 3485 1732 nec
3531 1675 3814 1744 populum

289 1774 441 1843 quod
474 1769 808 1842 pecuniaria
862 1774 1092 1838 possent
1122 1765 1512 1836 redemptione
1543 1765 1776 1834 salvari,
1832 1772 1993 1821 tanta

287 1863 544 1919 eamdem
597 1859 842 1915 falsitate
874 1863 1281 1926 corruperunt,
1317 1864 1382 1912 ut
1413 1871 1514 1926 per
1562 1857 1669 1912 hoc
1709 1856 1781 1911 ad
1809 1864 1993 1912 extre-

291 1964 442 2006 mam
478 1947 712 2019 plurimi
747 1945 1120 2018 indigentiam
1153 1945 1523 2001 ducerentur.
1559 1945 1704 2000 Nam
1731 1960 1864 2002 cum
1894 1946 1991 2001 de-

288 2037 486 2093 narios
515 2049 586 2090 ex
613 2048 725 2090 acre
760 2033 1036 2088 vilissimo
1055 2032 1418 2099 conficerent,
1445 2047 1590 2102 quos
1621 2033 1678 2087 in
1706 2041 1992 2088 momento

289 2123 484 2194 pravis
510 2120 861 2192 quibusdam
893 2119 1135 2182 artibus,
1169 2126 1409 2189 argento
1452 2118 1817 2175 micantiores
1839 2117 1990 2174 face-

288 2219 414 2268 rent
444 2208 662 2280 vigiliis
694 2223 706 2262 :
741 2207 882 2278 proh
929 2206 1118 2262 dolor!
1159 2206 1464 2262 fallebatur
1493 2206 1771 2276 ineptum,
1806 2215 1862 2264 et
1885 2221 1994 2264 sua

289 2301 562 2371 pretiosa,
604 2311 672 2352 ac
699 2297 839 2352 vilia
863 2296 1246 2362 detrahentes,
1279 2296 1508 2351 nonnisi
1540 2295 1993 2365 impurissimam

287 2389 674 2458 suscipiebant
702 2387 966 2443 scoriam.
1003 2386 1070 2440 Et
1100 2384 1316 2440 domini
1368 2384 1617 2454 episcopi
1661 2399 1839 2456 super
1889 2385 1993 2441 isto

291 2477 715 2534 munerabatur
766 2474 1058 2544 patientia,
1116 2487 1216 2542 per
1263 2473 1418 2542 quod
1477 2487 1592 2528 non
1640 2473 1807 2528 modo
1843 2472 1995 2528 intra

289 2565 647 2638 provinciam
679 2563 1146 2627 Laudunensem,
1177 2561 1273 2617 sed
1300 2570 1354 2616 et
1385 2561 1552 2630 longe
1583 2561 1812 2630 lateque
1841 2559 1992 2616 mul-

289 2663 480 2710 torum
529 2651 958 2708 accelerabatur
1006 2649 1254 2704 miseria.
1314 2649 1576 2719 Cumque
1645 2662 1810 2704 suam
1881 2649 1994 2717 ipse

290 2746 576 2796 monetam
636 2751 738 2807 per
793 2751 852 2792 se
897 2735 1044 2791 male
1095 2742 1428 2805 corruptam
1470 2734 1889 2800 miserabiliter,
1939 2743 1995 2791 et

291 2826 490 2882 merito
523 2827 823 2894 impotens,
885 2837 988 2878 nec
1037 2829 1246 2889 tenere,
1289 2836 1396 2877 nec
1447 2821 1731 2893 corrigere
1786 2831 1990 2892 posset,

289 2914 702 2970 Ambianenses
767 2910 980 2978 obolos,
1031 2908 1535 2978 corruptissimum
1591 2909 1761 2965 etiam
1823 2911 1992 2981 quid-
2033 2945 2072 3000 ο

289 3004 443 3069 dam,
478 3002 536 3057 in
595 3002 739 3058 urbe
795 2998 1140 3070 aliquandiu
1179 3011 1454 3054 cursuros
1510 2997 1803 3054 instituit:
1847 3014 1994 3069 quos

290 3106 526 3163 quoque
553 3104 688 3146 cum
719 3089 1052 3146 nullatenus
1076 3086 1345 3142 cohibere
1378 3086 1614 3152 valeret,
1645 3087 1736 3143 sui
1760 3087 1991 3144 tandem

289 3180 562 3250 temporis
618 3190 1029 3248 percussuram
1073 3174 1276 3241 erexit,
1333 3174 1426 3230 cui
1477 3174 1691 3243 pariter
1745 3175 1816 3230 ad
1870 3185 1990 3231 suae

287 3283 544 3339 personae
572 3267 826 3338 signum,
857 3264 1101 3320 ferulam
1157 3261 1500 3332 pastoralem
1552 3262 1805 3332 imprimi
1845 3263 1988 3319 fecit.

287 3356 425 3424 Quae
457 3356 603 3412 clam
635 3355 708 3410 ab
737 3353 1008 3409 omnibus
1064 3365 1196 3406 cum
1241 3358 1401 3406 tanto
1438 3351 1722 3406 cachinno
1755 3366 1988 3421 sperne-

290 3445 522 3510 bantur,
557 3449 620 3498 ut
650 3439 960 3511 impuriore
1012 3445 1240 3494 moneta
1288 3437 1523 3493 omnino
1570 3438 1765 3496 minus
1793 3453 1990 3510 appre-

294 3532 565 3588 ciaretur.

358 3620 504 3675 Inde
537 3617 772 3674 sentina
807 3615 1189 3688 ﬂagitiorum.
1224 3645 1292 3654 -—-
1319 3615 1544 3671 Interea
1589 3629 1722 3672 cum
1775 3617 1846 3672 ad
1876 3617 1990 3672 sin-

289 3709 459 3781 gulas
492 3721 756 3778 quasque
815 3706 1024 3762 horum
1073 3717 1354 3759 novorum
1387 3703 1801 3760 numismatum
1853 3719 1986 3775 pro-

290 3797 564 3853 motiones
603 3795 937 3851 ferebantur
981 3791 1187 3858 edicta,
1221 3805 1293 3846 ne
1330 3791 1462 3861 quis
1509 3791 1780 3860 pessimas
1811 3793 1989 3862 ipsius

288 3893 669 3941 caraxatnras
709 3882 1098 3939 cavillaretur.
1137 3879 1275 3934 Inde
1304 3879 1667 3936 creberrimae
1708 3881 1987 3951 populum

289 3973 593 4042 impetendi
625 3971 966 4035 occasiones,
1001 3968 1167 4038 quasi
1201 3969 1298 4039 qui
1355 3967 1709 4024 calumniam
1768 3969 1989 4026 intulis-

287 4068 411 4118 sent
470 4060 732 4116 instituto
779 4057 1079 4128 pontiﬁcis,
1140 4056 1273 4112 inde
1323 4056 1776 4127 largissimorum
1835 4074 1986 4128 quae-

289 4163 520 4218 cunque
551 4148 669 4204 ﬁeri
719 4153 996 4217 poterant,
1029 4159 1310 4202 censuum
1345 4144 1716 4201 extortiones.
1763 4147 1848 4201 Ad
1881 4147 1987 4203 hoc

290 4237 608 4294 monachus
660 4237 900 4307 quidam
957 4236 1012 4290 in
1051 4233 1384 4290 omnimoda
1413 4233 1680 4302 opinione
1728 4237 1988 4305 turpissi-
2025 4227 2066 4280 Ε

290 4340 439 4392 mus,
503 4325 734 4380 nomine
793 4323 1199 4388 Theodericus,
1247 4335 1282 4376 a
1318 4321 1595 4387 Tornaco,
1661 4324 1831 4394 cujus
1867 4332 1992 4380 erat

291 4413 579 4484 indigena,
640 4413 913 4476 inﬁnitas,
945 4419 1000 4468 et
1032 4424 1066 4465 a
1110 4409 1394 4465 Flandriis
1447 4410 1735 4468 deferebat
1764 4414 1990 4484 argenti

291 4515 523 4557 massas.
559 4501 666 4568 Qui
710 4502 769 4556 in
800 4500 1160 4556 falsissimam
1205 4497 1470 4553 Lauduni
1502 4500 1764 4571 redigens
1781 4509 1992 4558 cuncta

288 4596 596 4656 monetam,
657 4590 986 4645 universam
1047 4585 1256 4642 exinde
1329 4589 1692 4657 respergebat
1749 4589 1990 4646 circum-

288 4693 524 4749 quaque
557 4678 928 4748 provinciam.
977 4676 1156 4745 Cujus
1183 4673 1372 4728 xeniis
1399 4675 1831 4736 detestabilibus
1851 4680 1991 4736 divi-

290 4775 411 4823 tum
469 4766 577 4822 sibi
635 4766 947 4823 concilians
1000 4761 1325 4830 avaritiam,
1383 4767 1768 4835 mendacium,
1802 4769 1991 4839 perju..

287 4856 460 4922 rium,
493 4862 921 4926 egestatemqne
956 4851 1223 4919 inferens,
1268 4853 1525 4918 veritate,
1555 4855 1800 4926 justitia,
1844 4871 1990 4926 opu-

287 4943 465 5000 lentia
514 4943 856 5000 destituebat
925 4942 1188 5011 patriam.
1239 4944 1413 5001 Nulla
1463 4943 1760 5013 hostilitas,
1813 4945 1990 5001 nullze

289 5033 517 5103 praedae,
547 5031 990 5088 nullaincendia
1020 5031 1170 5087 hanc
1200 5034 1362 5105 pejus
1389 5033 1582 5090 laesere
1611 5033 1987 5103 provinciam,

289 5136 424 5178 cum
455 5127 740 5177 vetustam
768 5119 894 5190 ejus
924 5121 1085 5176 urbis
1113 5129 1402 5179 monetam
1456 5121 1667 5178 muenia
1713 5122 1990 5180 haberent

291 5210 550 5266 Romana
573 5208 978 5281 gratissimam.

363 5296 498 5351 Dire
517 5297 816 5368 episcopus
825 5298 1082 5353 Gerardo
1096 5296 1580 5366 Ingelranniﬁlio
1599 5297 1750 5352 eruit
1774 5298 1986 5354 oculos.

291 5384 340 5438 A
369 5400 528 5456 papa
555 5385 1247 5458 mpenditurabofﬁcio;
1263 5387 1673 5445 undeRomam
1690 5386 1994 5464 proﬁcisci-

295 5474 406 5528 tur.
442 5503 508 5515 --
535 5473 605 5531 At
634 5475 911 5548 quoniam
945 5491 958 5534 :

2099 1772 2286 1839 latuit,
2341 1771 2494 1842 quod
2531 1771 2843 1839 episcopos,
2883 1767 3260 1837 presbyteros,
3315 1772 3491 1835 atque
3551 1763 3811 1825 clericos.

2099 1875 2134 1917 a
2182 1874 2316 1916 nece
2356 1859 2627 1929 necisque
2675 1856 2914 1927 judicio,
2967 1870 3069 1910 seu
3118 1851 3814 1921 truncationelmembro-

2101 1963 2231 2005 rum
2283 1947 2500 2014 Canon,
2567 1945 2627 2001 ni
2676 1945 2858 2011 fallor,
2911 1942 3219 1998 Toletanus
3276 1940 3546 2005 inhibuit,
3619 1953 3811 2009 regem

2099 2037 2271 2093 etiam
2324 2037 2442 2105 ipse
2498 2047 2697 2090 rumor
2749 2031 3004 2088 offendit.
3051 2029 3251 2086 Nescio
3292 2037 3565 2099 praeterea
3623 2041 3699 2082 an
3742 2027 3809 2081 ad

2100 2123 2468 2194 apostolicam
2496 2122 2685 2178 sedem
2749 2119 3092 2191 pervenerit,
3130 2119 3236 2174 hoc
3287 2117 3402 2173 scio
3431 2125 3624 2172 tamen
3654 2115 3810 2185 quod

2101 2213 2174 2268 ab
2202 2211 2388 2267 ofﬁcio
2416 2225 2550 2267 eum
2594 2223 2745 2279 papa
2799 2207 3178 2277 suspenderit,
3214 2205 3368 2275 quod
3407 2204 3632 2260 aestimo
3668 2203 3810 2273 quia

2101 2313 2215 2355 non
2247 2300 2318 2355 ob
2365 2298 2538 2354 aliam
2592 2311 2827 2354 causam
2894 2295 3108 2351 fecerit.
3165 2293 3252 2349 Ad
3318 2292 3626 2349 cumulum
3673 2306 3808 2347 vero

2099 2388 2234 2445 mali
2285 2387 2601 2458 quamdam
2649 2398 2970 2454 suspensus
3011 2381 3307 2438 ecclesiam
3357 2379 3663 2436 dedicavit.
3701 2380 3807 2435 Ro-

2103 2491 2256 2532 mam
2297 2490 2432 2547 ergo
2479 2473 2877 2545 proﬁciscitur,
2919 2470 3090 2541 cujus
3121 2469 3310 2526 verbis
3337 2477 3392 2526 ct
3438 2468 3812 2526 suasionibus

2102 2564 2391 2629 dominus,
2427 2577 2576 2634 papa
2605 2561 2900 2626 delinitur,
2931 2568 2986 2615 et
3016 2557 3410 2628 resumptalad
3440 2571 3544 2613 nos
3563 2557 3815 2612 auctori-

2103 2661 2217 2709 tate
2263 2657 2412 2707 εἱοὸ
2443 2651 2795 2708 remittitur..
2847 2649 3060 2705 Videns
3094 2648 3287 2717 itaque
3318 2647 3468 2702 Deus
3499 2645 3810 2716 magistros

2101 2749 2156 2797 et
2203 2740 2462 2797 subditos
2506 2740 2654 2795 facto
2683 2747 2738 2793 et
2769 2752 3054 2794 consensu
3086 2737 3208 2806 pari
3241 2735 3672 2791 communicare
3707 2749 3815 2789 ne—

2103 2829 2309 2900 quitia,
2337 2827 2457 2898 jam
2492 2842 2606 2882 non
2640 2826 2823 2897 potuit
2849 2839 2958 2882 sua
2985 2824 3281 2880 continere
3306 2823 3546 2894 judicia,
3592 2823 3814 2891 permi-

2102 2918 2174 2974 sit
2225 2917 2474 2986 denique
2535 2923 2836 2984 conceptas
2892 2913 3282 2984 malignitates
3336 2912 3394 2966 in
3441 2911 3812 2980 propatulum

2102 3006 2372 3062 devenire
2402 3005 2676 3071 furorem,
2710 3004 2812 3072 qui
2843 3003 2982 3058 dum
3005 3015 3076 3057 ex
3095 3001 3370 3070 superbia
3403 3013 3654 3070 praeceps
3695 3000 3813 3069 agi-

2102 3102 2218 3160 tur,
2281 3095 2390 3150 Deo
2436 3092 2683 3158 vindice,
2718 3105 2860 3148 casu
2892 3103 3319 3160 usquequaque
3350 3087 3635 3144 horrendo
3668 3102 3810 3142 eone

2102 3182 2398 3252 fringitur.

2170 3270 2415 3324 Metitur
2434 3266 2871 3325 Communionis
2882 3265 3332 3337 abrogationem,
3356 3264 3450 3318 die
3469 3265 3678 3320 eadem
3691 3281 3806 3334 qua

2100 3358 2409 3414 Ascetinu:
2459 3374 2645 3430 regem
2700 3356 3056 3429 prodiderat.
3091 3384 3158 3396 —
3199 3355 3282 3410 Ad
3341 3354 3805 3410 communionem

2102 3448 2316 3518 itaque,
2371 3461 2549 3518 quam
2582 3448 2908 3517 juraverat,
2962 3453 3016 3500 et
3061 3458 3253 3514 regem
3313 3441 3565 3512 praemiis
3607 3442 3805 3511 jurare

2099 3535 2472 3605 compulerat,
2508 3533 2936 3598 destruendam,
2962 3532 3020 3587 in
3056 3545 3325 3602 supremo
3344 3530 3808 3601 Quadragesimaa

2096 3623 2477 3679 sacrosanctis
2560 3621 2870 3678 Dominicae
2952 3620 3237 3690 passionis
3312 3619 3535 3684 diebus,
3609 3619 3806 3673 accitis

2099 3713 2456 3782 proceribus,
2513 3719 2568 3768 et
2625 3711 2977 3781 quibusdam
3053 3709 3297 3776 clericis,
3350 3709 3560 3763 instare
3618 3707 3806 3763 decre-

2096 3808 2278 3857 verat.
2307 3800 2390 3855 Ad
2447 3800 2500 3855 id
2533 3799 2611 3870 pii
2643 3798 2812 3855 oflicii
2871 3812 3061 3869 regem
3099 3804 3456 3858 evocaverat.
3511 3804 3566 3851 et
3624 3795 3810 3865 pridie

2097 3891 2456 3954 Parasceves,
2533 3888 2706 3944 Coena
2789 3887 3003 3943 scilicet
3087 3886 3398 3950 Dominica,
3482 3898 3676 3955 regem
3754 3893 3811 3941 et

2095 3991 2268 4033 suum
2329 3976 2668 4032 universum
2725 3974 3004 4045 populum
3054 3974 3309 4044 pejerare
3363 3973 3657 4038 docuerat,
3712 3973 3806 4028 cui

2095 4081 2154 4122 se
2210 4066 2418 4136 laqueo
2476 4065 2696 4135 primus
2748 4064 3120 4119 immerserat.
3200 4061 3323 4129 Quo
3388 4060 3652 4116 videlicet
3711 4061 3805 4117 die

2098 4153 2398 4210 Ascelinus
2423 4153 2727 4222 episcopus
2765 4152 3150 4221 praedecessor
3200 4149 3328 4220 ejus
3354 4163 3546 4220 regem
3602 4164 3800 4216 suum,

2096 4249 2162 4299 ut
2211 4241 2474 4312 praedixi,
2535 4239 2882 4310 prodiderat.
2942 4239 3085 4294 Nam
3144 4252 3264 4309 qua
3317 4238 3408 4293 die
3465 4237 3805 4308 gloriosissi-

2097 4345 2258 4386 mum
2343 4327 2759 4398 pontificalium
2832 4327 3154 4383 ofﬁciorum
3219 4325 3472 4381 chrisma
3534 4325 3800 4382 videlicet

2095 4431 2431 4475 consecrare
2499 4417 2799 4484 debuerat,
2859 4423 2914 4472 et
2955 4431 2988 4471 a
3051 4416 3172 4471 suis
3233 4414 3567 4470 excessibus
3610 4414 3802 4470 absol-

2096 4522 2230 4563 vere
2285 4507 2526 4576 plebem,
2585 4519 2654 4560 ea
2711 4519 2782 4560 ne
2832 4504 3058 4576 ingredi
3106 4503 3338 4574 quidem
3395 4503 3558 4559 visus
3611 4512 3698 4559 est
3721 4519 3807 4558 ec-

2095 4597 2348 4652 clesiam.
2411 4594 2852 4650 Machinabatur
2905 4607 3037 4649 cum
3089 4591 3426 4648 lateralibus
3509 4591 3682 4662 regis,
3742 4601 3806 4647 ut

2095 4683 2500 4740 communione
2529 4683 2822 4739 destructa
2851 4695 2953 4738 rex
2999 4681 3148 4737 idem
3179 4682 3235 4736 in
3268 4681 3516 4750 priorem
3567 4680 3804 4736 modum

2092 4773 2230 4842 jura
2260 4771 2540 4841 redigeret
2569 4769 2752 4826 urbis.
2813 4772 2882 4824 At
2912 4769 3231 4840 burgenses
3277 4768 3345 4824 de
3394 4781 3503 4823 sua
3559 4767 3802 4823 subver-

2094 4861 2252 4916 sione
2303 4865 2580 4925 verentes,
2635 4856 3094 4927 quadringentas
3146 4857 3368 4924 (utrum
3411 4854 3664 4923 amplius
3707 4870 3800 4910 ne-

2096 4947 2234 5016 scio)
2266 4947 2444 5002 libras
2473 4947 2595 5018 regi
2625 4960 2693 5001 ac
2722 4944 2893 5016 regiis
2939 4943 3300 5013 pollicentur.
3333 4943 3548 4998 Contra
3598 4943 3806 5012 episco-

2097 5049 2206 5104 pus
2271 5047 2533 5104 proceres
2597 5034 2806 5089 'secum
2871 5031 3032 5103 loqui
3105 5047 3238 5088 cum
3325 5045 3457 5103 rege
3516 5030 3799 5097 sollicitat,

2096 5123 2494 5193 spondentque
2547 5121 2764 5192 pariter
2829 5121 3237 5191 septingentas,
3306 5134 3408 5176 rex
3474 5119 3804 5176 Ludovicus

2097 5210 2338 5281 Philippi
2386 5210 2652 5267 ﬁlius.....
2718 5207 2813 5280 Lf.,
2859 5208 3122 5279 persona]
3180 5208 3549 5278 conspicuus,
3597 5216 3662 5265 ut
3703 5209 3804 5265 soli

2095 5298 2381 5370 majestati
2417 5297 2590 5368 regiae
2632 5298 2928 5354 videretur
2970 5297 3230 5362 idoneus,
3273 5296 3451 5352 armis
3507 5305 3801 5363 strenuus,

2098 5402 2200 5458 pro
2229 5387 2456 5459 negotio
2502 5386 2720 5444 inertiaa
2771 5386 3093 5458 impatiens,
3145 5385 3338 5442 animo
3393 5385 3506 5442 sub
3551 5385 3805 5443 adversis

2100 5477 2439 5552 intrepidus,
2461 5491 2595 5538 cum
2619 5476 2762 5536 alias
2784 5476 2971 5537 bonus
3003 5483 3168 5542 esset,
3207 5474 3263 5534 in
3299 5474 3405 5532 hoc
3433 5488 3552 5533 non
3599 5476 3803 5550 aquis.
