3922 6080
143 256 248 307 925

1212 255 1302 310 DE
1342 255 1505 310 VITA
1543 254 1682 311 SUA
1723 255 1909 311 LIBRI
1949 257 2147 314 TRES.
2197 290 2265 298 —-
2311 261 2438 316 LIB.
2484 261 2583 316 ΙΙΙ.

3548 273 3650 324 996

138 383 474 449 simuserat,
507 383 664 453 quod
691 382 903 440 vilibus
917 390 970 440 et
1001 385 1286 454 corruptis
1305 386 1552 442 avaritia
1579 387 1836 458 personis
1873 392 1920 444 Α
1943 391 2242 461 episcopus
2283 393 2587 449 missarum
2635 394 2842 463 ofﬁcio,
2893 412 2965 453 ex
3022 398 3446 469 episcopalibus
3493 401 3651 457 villis

138 473 317 528 nimie
354 487 552 528 aurem
607 479 660 528 et
686 473 948 528 animum
998 473 1190 529 dabat.
1225 475 1382 537 Quod
1413 475 1484 530 ad
1518 477 1840 532 maximum

139 561 232 616 sui
258 560 667 616 detrimentum
723 567 777 614 et
825 559 1394 630 vituperabilitatem,
1426 571 1481 618 et
1527 564 1839 620 multorum

140 649 450 718 perniciem
504 647 886 715 redundabat,
943 649 1100 719 quod
1155 649 1246 705 hic
1305 659 1360 706 et
1425 651 1568 707 alias
1628 653 1842 708 factum

142 745 388 793 constat.

213 826 399 896 Igitur
430 826 644 896 regius,
709 832 772 880 ut
823 825 966 890 dixi,
998 830 1289 896 appetitus
1317 827 1389 883 ad
1449 829 1671 898 potiora
1719 844 1844 900 pro-

140 915 316 969 missa
370 913 709 980 deﬂectitur,
763 928 948 984 eoque
1029 922 1230 970 contra
1299 916 1480 972 Deum
1553 918 1844 973 sanciente

142 1001 338 1056 omnia
367 1009 728 1057 sacramenta
743 1015 870 1068 sua,
903 1002 1117 1058 scilicet
1145 1003 1395 1073 episcopi
1426 1018 1493 1059 ac
1517 1019 1840 1074 procerum,

141 1088 265 1144 sine
298 1089 416 1145 ulla
457 1089 770 1145 honestatis
799 1105 866 1144 ac
891 1104 1190 1146 sacrorum
1235 1092 1459 1148 dierum
1495 1094 1844 1162 respectione

142 1184 469 1233 cassantur.
546 1179 629 1232 Ea
676 1187 838 1232 nocte
912 1193 1011 1233 rex
1087 1188 1312 1249 propter
1386 1181 1842 1250 injustissitnam,

143 1279 324 1334 quam
356 1265 566 1335 populo
598 1264 914 1321 incusserat
947 1266 1201 1335 turbam,
1255 1283 1388 1324 cum
1420 1268 1556 1324 foris
1611 1269 1846 1326 haberet

147 1354 484 1423 hospitium,
516 1355 765 1410 dormire
800 1355 1096 1424 pertimuit
1136 1365 1304 1412 extra
1331 1357 1652 1427 episcopale
1681 1357 1844 1427 pala-

147 1442 314 1498 tium.
363 1443 481 1498 Rex
533 1457 759 1498 summo
811 1457 976 1498 mane
1021 1453 1348 1512 recesserat,
1398 1453 1454 1500 et
1480 1446 1729 1516 episcopi
1771 1446 1844 1500 ad

147 1544 410 1600 proceres
438 1531 667 1600 sponsio
694 1531 843 1587 facta
892 1530 1100 1598 fuerat,
1140 1541 1203 1588 ut
1256 1548 1373 1590 non
1409 1542 1748 1590 vererentur
1777 1535 1845 1590 de

144 1626 321 1674 tanta
382 1620 638 1688 pactione
690 1621 966 1690 pecunia,
1014 1621 1257 1678 scientes
1302 1637 1360 1677 se
1401 1622 1688 1692 quidquid
1735 1622 1840 1692 ipsi

146 1686 641 1777 polliciti—fuerant
691 1686 1029 1766 soluturum
1085 1724 1224 1765 esse.
1285 1686 1445 1776 Quod
1499 1686 1582 1776 si;
1628 1686 1838 1780 inquit,
1880 1686 1924 1741 Β

142 1796 301 1866 quod
335 1796 492 1852 vobis
515 1797 786 1866 spondeo,
821 1812 938 1853 non
970 1798 1170 1864 fecero,
1205 1798 1411 1854 tradite
1444 1813 1534 1854 me
1565 1798 1844 1854 redimen-

149 1884 291 1940 dum
318 1886 532 1941 carceri
557 1885 734 1957 regio.

219 1970 518 2027 Dissoluta
537 1972 938 2028 Communione
951 1972 1014 2028 in
1043 1973 1179 2028 urbe
1197 1974 1608 2044 perturbantur
1628 1972 1844 2029 omnia.

140 2061 470 2133 Burgenses
496 2060 760 2133 episcopo
782 2061 1064 2116 violenta:
1097 2078 1306 2116 manu:
1329 2063 1540 2132 aferre
1561 2065 1843 2118 statuunt.

143 2179 217 2190 -ο
250 2149 456 2219 R‘uptis
506 2151 684 2220 igitur
739 2150 1168 2207 communitatis
1212 2152 1496 2221 pradicta
1541 2151 1849 2208 faderibus

141 2246 342 2294 tantus
371 2238 551 2304 furor,
613 2246 808 2295 tantus
841 2246 1062 2308 stupor,
1107 2240 1485 2310 burgensium
1517 2241 1690 2296 corda
1720 2255 1847 2298 cor-

143 2326 328 2396 ripuit
363 2335 426 2382 ut
444 2341 643 2382 omnes
685 2326 956 2382 ofﬁciales
1010 2326 1200 2382 ofﬁcia
1255 2342 1363 2383 sua
1417 2328 1760 2396 desererent,
1793 2337 1849 2385 et

144 2414 464 2470 cerdonum
511 2427 578 2469 ac
623 2423 888 2470 sutorum
936 2414 1252 2470 tabernula
1306 2415 1736 2485 clauderentur,
1791 2426 1847 2473 et

145 2517 335 2558 scena
365 2517 471 2558 nec
493 2501 693 2559 venale
723 2503 1022 2572 quidpiam
1073 2517 1108 2557 a
1147 2503 1504 2572 pandocibus
1547 2512 1603 2560 et
1644 2520 1848 2575 caupo-

146 2591 326 2646 nibus
354 2590 670 2657 sisteretur,
727 2592 880 2661 apud
941 2605 1088 2661 quos
1137 2591 1280 2646 nihil
1309 2591 1573 2649 futurum
1630 2594 1846 2650 residui

144 2679 395 2734 dominis
425 2679 814 2748 pradantibus
865 2686 1216 2749 speraretur.
1272 2679 1418 2736 Nam
1451 2683 1719 2750 protinus
1774 2683 1846 2738 ab

144 2768 414 2838 episcopo
457 2774 512 2823 et
543 2768 878 2837 proceribus
907 2769 1311 2824 universorum
1344 2769 1682 2826 substantia
1730 2785 1847 2827 me-

143 2854 396 2921 tiuntur,
428 2863 483 2912 et
513 2863 801 2925 quantum
832 2856 1082 2926 quisque
1111 2855 1243 2912 sciri
1269 2865 1492 2927 poterat
1517 2858 1739 2915 dedisse
1773 2860 1842 2916 ad

1955 480 2202 548 plurimo
2250 482 2429 538 accito
2487 483 2830 540 rusticorum
2883 486 3115 557 agmine
3161 495 3350 544 turres
3402 490 3653 546 ecclesia

1955 569 2162 636 munit,
2220 572 2560 641 curiamque
2605 587 2771 629 suam
2831 575 3114 630 asservari
3183 579 3458 646 pracipit,
3518 594 3650 635 cum

1955 656 2105 726 ipsos
2135 673 2370 730 quoque
2419 674 2590 729 prope
2639 676 2752 716 non
2807 663 3002 718 minus
3030 672 3322 733 pateretur
3379 666 3648 734 infensos,

1955 755 2151 815 utpote
2212 749 2310 818 qui
2365 748 2577 804 scirent
2607 749 2978 806 denariorum
3038 766 3297 823 aggeres,
3353 769 3498 823 quos
3531 755 3654 826 regi

1953 835 2306 903 promiserat,
2342 850 2414 891 ex
2437 837 2558 892 suis
2587 838 2841 907 ipsorum
2873 841 3186 910 marsupiis
3208 842 3576 898 hauriendos.

2022 921 2210 977 Statio
2237 924 2393 994 apud
2422 924 2482 978 S.
2526 925 2909 980 Vincentium.
2957 928 3210 982 Guiberti
3253 945 3484 984 annona
3513 929 3651 985 diri-

1949 1011 2125 1077 pitur.
2150 1042 2219 1051 —
2247 1012 2411 1068 Feria
2437 1013 2614 1083 igitur
2642 1017 2895 1071 secunda
2929 1024 3049 1085 post
3083 1017 3298 1072 Pascha
3340 1020 3643 1087 procedere

1957 1100 2130 1154 moris
2178 1109 2263 1156 est
2310 1101 2545 1157 clericos
2606 1104 2908 1159 stationem
2987 1105 3237 1162 facturos
3308 1107 3424 1177 (ιυί)
3499 1109 3654 1176 apud

1955 1187 2226 1243 Sanctum
2259 1189 2645 1246 Vincentium.
2682 1191 2965 1254 Quoniam
3009 1208 3145 1264 ergo
3191 1195 3453 1250 hesterno
3502 1210 3652 1264 pra-

1955 1283 2156 1331 ventos
2183 1291 2241 1332 se
2269 1291 2387 1332 esse
2416 1288 2740 1346 senserunt,
2783 1281 2889 1335 hac
2917 1281 3008 1335 die
3043 1281 3228 1337 moliri
3261 1283 3652 1350 decreverant,

1953 1372 2008 1419 et
2059 1364 2336 1430 fecissent,
2395 1366 2438 1419 si
2499 1381 2628 1422 cum
2690 1369 2954 1437 episcopo
3004 1384 3200 1424 omnes
3245 1385 3506 1438 proceres
3536 1387 3656 1428 esse

1954 1453 2288 1508 sensissent.
2326 1455 2468 1509 Nam
2505 1469 2687 1509 unum
2740 1470 2770 1510 e
2803 1457 3136 1525 proceribus
3170 1459 3226 1512 in
3258 1458 3538 1514 suburbio
3566 1475 3655 1516 re-

1958 1549 2247 1610 pererunt,
2281 1541 2473 1596 virum
2521 1542 2858 1605 innocuum.
2909 1544 3011 1613 qui
3059 1546 3464 1601 consobrinam
3507 1553 3657 1601 606

1957 1644 2140 1685 meam
2201 1630 2685 1686 adolescentulam
2752 1632 3090 1702 quamdam,
3157 1634 3379 1702 pudica
3453 1634 3658 1690 indolis

1955 1718 2224 1774 feminam
2276 1732 2463 1787 nuper
2504 1728 2817 1789 acceperat.
2877 1720 2982 1776 Sed
3033 1735 3104 1776 ne
3163 1721 3304 1777 alios
3367 1722 3657 1778 cautiores

1955 1807 2276 1872 redderent,
2335 1807 2567 1877 aggredi
2600 1809 2933 1864 noluerunt.
2966 1808 3108 1863 Cum
3156 1810 3334 1880 igitur
3384 1811 3504 1880 jam
3548 1817 3656 1866 ter-

1957 1894 2097 1950 tium
2127 1895 2356 1950 Pascha
2379 1895 2657 1966 attigisset
2681 1896 2850 1961 diem,
2883 1910 2979 1952 eos
3005 1912 3152 1966 quos
3191 1899 3262 1953 ad
3296 1900 3382 1953 sui
3417 1898 3654 1954 tutelam

1954 1985 2216 2040 turribus
2242 1993 2296 2040 et
2349 1985 2524 2040 curia
2555 1995 2958 2055 praposuerat,
2992 1995 3046 2042 et
3073 2001 3145 2042 ex
3176 2001 3283 2042 suo
3317 1987 3454 2043 inibi
3489 1987 3656 2043 victi—

1955 2081 2076 2128 tare
2135 2081 2417 2144 coegerat,
2473 2076 2730 2130 securior
2779 2074 2964 2130 factus
3014 2073 3148 2130 sinit
3197 2074 3372 2130 abire.
3438 2074 3656 2141 Quarto

1953 2161 2060 2229 die,
2095 2162 2236 2231 quia
2293 2175 2586 2217 annonam
2634 2176 2842 2228 meam,
2877 2171 2932 2218 et
2970 2161 3196 2232 aliquos
3255 2163 3466 2232 pariter
3496 2171 3652 2233 peta-

1953 2264 2138 2317 sones,
2170 2264 2316 2320 quos
2361 2247 2479 2319 (ιω)
2529 2249 2706 2321 vulgo
2761 2251 3004 2307 bacones
3051 2259 3278 2312 vocant,
3337 2251 3656 2322 diripuerat

1957 2353 2056 2408 per
2105 2352 2278 2393 suum
2312 2337 2660 2400 incendium.
2695 2340 2920 2409 perrexi
2974 2339 3048 2395 ad
3074 2353 3229 2395 eum.
3261 2340 3592 2396 Conventus
3618 2355 3653 2396 a

1957 2441 2045 2482 me
2102 2434 2165 2482 ut
2221 2430 2382 2482 tanta
2442 2427 2644 2482 urbem
2675 2428 2920 2496 procella
2973 2429 3269 2495 eximeret,
3315 2429 3649 2498 respondit:

1955 2515 2098 2580 Quid
2132 2514 2346 2584 putatis
2380 2515 2434 2568 in
2463 2529 2569 2570 sua
2629 2515 2986 2571 turbulentia
3014 2531 3109 2572 eos
3140 2529 3302 2586 posse
3334 2516 3562 2572 facere?
3608 2515 3655 2571 si

1952 2607 2196 2670 Joannes
2227 2618 2468 2660 maurus
2531 2619 2693 2660 meus
2723 2605 2932 2673 ipsum,
2983 2592 3083 2675 qui
3116 2605 3174 2660 in
3226 2608 3308 2660 eis
3335 2613 3418 2660 est
3448 2604 3650 2674 potior,

1956 2709 2093 2749 naso
2117 2693 2463 2759 detraheret,
2524 2692 2857 2748 nullatenus
2906 2693 3188 2763 grunnire
3241 2692 3656 2762 prasumeret?

1954 2783 2098 2839 Nam
2149 2796 2316 2837 suam
2377 2781 2517 2848 heri,
2578 2795 2754 2851 quam
2809 2782 3175 2852 appellabant
3237 2781 3650 2846 communiam,

1953 2884 2069 2938 eos,
2101 2869 2290 2939 quoad
2329 2868 2599 2935 viverem,
2633 2869 2905 2939 abjurare
2959 2869 3137 2939 coegi.
3184 2868 3332 2933 Dixi,
3381 2875 3436 2923 et
3474 2867 3657 2923 multo

145 2943 559 3000 instituendam
592 2945 1078 3010 communionem,
1112 2946 1474 3002 tantumdem
1503 2947 1844 3019 exigebatur

1993 2959 2238 3014 ominem
2271 2957 2473 3014 videns
2523 2971 2791 3013 eversum
2847 2957 3167 3028 supercilio,
3220 2957 3407 3012 dicere
3455 2970 3656 3026 super-

144 3031 480 3102 impendere
513 3033 585 3088 ad
642 3033 1062 3089 destituendam
1119 3035 1399 3090 eamdem.
1459 3037 1591 3093 Hac
1621 3037 1711 3094 die
1753 3038 1852 3094 Pa-

143 3133 429 3187 rasceves,
465 3121 620 3190 quod
663 3122 1074 3191 interpretatur
1096 3121 1470 3192 prapardtio,
1529 3127 1852 3183 tractaban-

146 3216 267 3276 tur,
308 3209 430 3265 hac
459 3209 708 3266 Sabbato
765 3209 1161 3278 Sacrosancto,
1221 3211 1280 3266 in
1327 3212 1544 3281 quibus
1569 3214 1850 3272 Dominici

144 3297 400 3366 corporis
423 3305 480 3353 et
519 3297 825 3369 sanguinis
865 3297 1137 3367 receptui,
1172 3298 1307 3354 solis
1342 3299 1477 3356 hinc
1509 3301 1847 3370 homicidiis,

149 3385 308 3440 illinc
348 3385 620 3455 perjuriis
650 3385 830 3441 animi
866 3387 1238 3456 aptabantur.
1273 3387 1416 3452 Quid
1447 3387 1663 3457 plura?
1705 3391 1852 3447 Pra-

144 3473 292 3529 sulis
338 3482 393 3530 et
451 3487 748 3543 procerum
770 3474 957 3530 omnis
990 3475 1079 3530 his
1103 3475 1308 3531 diebus
1339 3476 1581 3532 vacabat
1612 3477 1851 3534 intentio

144 3562 222 3618 ad
244 3561 603 3618 abradendas
631 3562 974 3619 inferiorum
1009 3563 1382 3620 substantias.
1412 3564 1486 3620 At
1516 3565 1850 3622 inferiorum

149 3665 267 3705 non
295 3651 416 3720 jam
451 3651 556 3718 ira,
591 3651 687 3708 sed
725 3651 914 3708 rabies
958 3651 1210 3709 feraliter
1255 3652 1464 3716 irritat,
1496 3654 1552 3708 in
1584 3661 1847 3722 mortem,

154 3739 269 3795 imo
300 3753 494 3796 necem
523 3740 771 3810 episcopi
795 3747 850 3795 et
888 3740 1233 3810 complicum
1263 3740 1409 3810 ejus,
1442 3741 1576 3798 dato
1605 3742 1848 3798 invicem

143 3835 508 3884 sacramento
562 3829 878 3899 conspirat.
941 3829 1138 3885 Fuisse
1199 3838 1392 3886 autem
1449 3832 1852 3902 quadragenos

144 3917 250 3987 qui
276 3916 624 3988 juraverint,
659 3917 915 3974 tradunt.
949 3919 1107 3983 Quod
1169 3932 1366 3974 eorum
1429 3919 1696 3976 molimen
1741 3935 1852 3976 om-

143 4005 285 4061 nino
316 4006 428 4076 tegi
458 4020 575 4061 non
612 4006 812 4062 valuit.
841 4006 986 4062 Nam
1028 4021 1160 4062 cum
1211 4006 1542 4078 contigisset
1590 4008 1850 4078 magistri

143 4093 356 4150 Anselli
394 4095 670 4159 notitiam,
699 4096 755 4150 in
789 4096 912 4164 ipsa
943 4095 1089 4151 sacri
1125 4095 1356 4153 Sabbati
1409 4096 1528 4166 jam
1579 4112 1846 4167 vespera-

143 4189 339 4238 scente
369 4183 478 4250 die,
512 4183 773 4238 cubitum
805 4185 964 4240 eunti
995 4183 1263 4254 episcopo
1303 4185 1620 4253 mandavit,
1675 4201 1745 4241 ne
1777 4186 1849 4242 ad

1957 3045 2119 3102 sedi?
2151 3049 2475 3118 Antequam
2530 3049 2722 3101 tamen
2774 3046 2848 3101 ab
2910 3045 3051 3100 urbe
3110 3044 3454 3109 recederem,
3489 3043 3652 3114 gravi

1959 3128 2032 3183 ab
2066 3127 2309 3182 invicem
2341 3126 2840 3183 animadversione
2895 3125 3289 3181 instabilitatis
3334 3139 3455 3180 sua
3482 3137 3660 3180 causa

1959 3215 2354 3272 dissensimus.
2379 3217 2456 3270 De
2485 3215 2718 3270 instanti
2758 3223 2949 3270 autem
2984 3213 3132 3269 malo
3164 3227 3297 3269 cum
3333 3227 3657 3282 pramone—

1960 3311 2120 3360 retur
2148 3317 2183 3358 a
2207 3303 2425 3368 multis,
2454 3304 2738 3359 neminem
2771 3302 3143 3372 dignabatur.

2599 3391 2828 3447 CAPUT
2861 3391 3006 3445 Vlll.

2033 3481 2118 3532 De
2160 3478 2408 3533 caedibus
2457 3494 2776 3549 procerum,
2825 3481 2880 3530 et
2908 3476 3191 3532 incendii:
3219 3475 3377 3531 urbis
3421 3476 3659 3530 Laudu-

1958 3566 2170 3620 nemis.
2210 3595 2284 3608 —
2328 3567 2556 3621 Postero
2605 3566 2717 3631 die,
2767 3567 2909 3622 feria
2955 3565 3219 3621 videlicet
3267 3565 3492 3635 quinta,
3525 3579 3659 3620 cum

1964 3661 2086 3724 post
2134 3654 2480 3709 meridianas
2509 3653 2578 3709 de
2607 3653 2909 3723 exigendis
2958 3653 3215 3722 pecuniis
3245 3667 3378 3708 cum
3427 3652 3656 3707 Galtero

1959 3742 2362 3799 archidiacono
2393 3749 2586 3812 ageret
2623 3742 2814 3809 horas,
2844 3756 2973 3796 ecce
3001 3754 3102 3809 per
3133 3740 3335 3796 urbem
3371 3739 3658 3796 tumultus

1962 3831 2244 3900 increpuit
2295 3829 2692 3885 Communium
2729 3829 3164 3886 inclamantium
3207 3845 3218 3883 :
3255 3836 3377 3884 tum
3426 3842 3659 3898 quoque

1961 3935 2058 3989 per
2089 3919 2333 3975 mediam
2367 3919 2551 3974 Beata
2587 3918 2774 3974 Maria
2800 3918 3116 3984 basilicam,
3155 3925 3209 3972 et
3243 3931 3342 3986 per
3387 3930 3512 3972 eam
3542 3931 3660 3985 qua

1957 4008 2236 4064 occisores
2285 4008 2522 4064 Gerardi
2557 4006 2920 4073 introierant,
2965 4006 3345 4076 exierantque
3392 4005 3656 4075 januam,

1959 4111 2090 4152 cum
2121 4097 2372 4158 ensibus.
2403 4096 2770 4165 bipennibus,
2814 4095 3072 4150 arcubus
3096 4102 3150 4149 et
3181 4093 3502 4160 securibus,
3537 4093 3659 4148 cla-

1959 4199 2082 4249 vas,
2115 4185 2460 4254 lanceasque
2521 4185 2766 4240 ferentes
2821 4197 2952 4239 cum
2984 4182 3241 4238 maximo
3276 4181 3507 4252 agmine
3551 4195 3662 4237 cu-

147 4269 466 4325 matutinas
514 4270 844 4340 procederet
884 4270 1129 4341 vigilias,
1163 4273 1346 4327 sciens
1395 4285 1470 4336 se,
1528 4273 1570 4327 si
1605 4272 1848 4337 veniret,
1888 4273 1931 4327 D
1962 4275 2103 4330 riam
2176 4273 2557 4344 pontiﬁcalem
2617 4274 2903 4328 intravere
2962 4273 3297 4342 burgenses.
3359 4271 3662 4340 Comperta

146 4357 630 4414 intertlciendum.
653 4358 833 4414 Atille
855 4366 986 4428 typo
1016 4357 1194 4414 nimio
1209 4359 1495 4429 stupidus.
1521 4361 1604 4427 Fi,
1638 4360 1845 4431 inquit,

147 4461 256 4517 ego
312 4461 384 4503 ne
443 4446 645 4502 talium
701 4447 971 4504 manibus
1025 4448 1350 4504 inteream?
1390 4447 1543 4515 Quos
1581 4449 1850 4519 quamvis

146 4548 247 4591 ore
277 4535 612 4605 despiceret,
645 4535 717 4591 ad
751 4536 1066 4592 matutinos
1099 4544 1286 4592 tamen
1319 4551 1578 4608 surgere,
1620 4545 1674 4593 et
1705 4537 1851 4592 basi-

149 4623 320 4679 licam
352 4623 573 4693 ingredi
607 4638 721 4679 non
757 4625 1134 4694 prasumpsit.

219 4712 497 4768 Postridie
518 4727 651 4768 cum
683 4713 751 4768 ad
783 4713 1200 4782 processionem
1249 4712 1466 4768 clerum
1513 4727 1684 4769 suum
1735 4713 1851 4783 ipse

143 4808 509 4872 sequeretur,
577 4801 918 4858 domesticos
983 4815 1139 4865 suos,
1203 4809 1258 4858 et
1321 4815 1583 4871 quosque
1646 4801 1852 4858 milites

142 4896 340 4959 spatas
388 4889 498 4945 sub
550 4889 804 4946 vestibus
839 4897 964 4960 post
1018 4905 1078 4945 se
1132 4888 1282 4946 ferre
1315 4889 1596 4959 pracepit.
1633 4891 1698 4944 In
1730 4904 1849 4959 qua

145 4977 511 5048 processione
557 4992 690 5034 cum
725 4993 931 5048 parum
961 4978 1103 5048 quid
1138 4977 1445 5043 tumultus,
1481 4984 1544 5033 ut
1565 4977 1767 5033 assolet
1793 4977 1850 5032 in

144 5065 544 5134 multitudine,
573 5067 819 5123 suboriri
871 5066 1149 5138 capisset,
1198 5065 1436 5137 quidam
1471 5065 1542 5121 de
1596 5065 1851 5134 Burgen-

145 5155 314 5210 sibus
339 5168 371 5210 e
391 5162 923 5226 cryptaemergens,
943 5163 1192 5226 captum
1211 5154 1424 5225 jurata
1441 5153 1851 5210 interfectionis

143 5243 448 5314 negotium
479 5245 774 5300 aestimans
802 5244 920 5300 alta
946 5258 1084 5300 voce
1134 5243 1305 5313 capit
1335 5243 1502 5313 quasi
1538 5257 1638 5312 pro
1683 5241 1848 5312 signo

146 5331 508 5388 inclamitare
541 5347 553 5386 :
592 5331 1004 5398 Communium,
1033 5331 1423 5387 communium
1463 5329 1847 5402 ingeminans.

143 5419 331 5489 Quod,
364 5421 505 5491 quia
533 5421 738 5477 festum
773 5429 916 5485 erat,
951 5419 1116 5477 facile
1155 5435 1474 5491 repressum
1529 5428 1633 5483 est,
1674 5419 1852 5488 suspi—

146 5511 370 5569 cionem
425 5517 615 5570 tamen
675 5509 916 5570 diversa
996 5510 1140 5585 parti
1199 5509 1412 5570 intulit.
1471 5513 1607 5571 Actu
1658 5509 1850 5586 itaque

1961 4363 2139 4434 hujus
2194 4363 2446 4418 novitate
2506 4360 2814 4416 moliminis
2865 4375 3128 4430 proceres
3181 4361 3252 4415 ad
3303 4359 3655 4429 episcopum,

1958 4453 2051 4508 cui
2107 4449 2435 4521 praesidium
2495 4464 2669 4520 super
2721 4450 2829 4504 hoc
2877 4450 3117 4505 incursu
3171 4448 3216 4502 si
3277 4447 3652 4516 contingeret,

1954 4539 2317 4609 juraverant,
2377 4553 2436 4595 se
2468 4538 2704 4606 laturos,
2760 4538 3152 4606 undecunque
3181 4541 3556 4591 concurrunt.
3593 4533 3658 4587 ln

1959 4642 2076 4697 quo
2137 4641 2426 4683 concursu
2479 4625 2856 4682 Guinimarus
2905 4624 3255 4680 castellanus
3309 4623 3398 4677 vir
3427 4619 3656 4682 nobilis,

1958 4725 2010 4771 et
2037 4715 2438 4786 pulcherrima
2468 4713 2826 4771 habitudinis
2841 4713 3051 4779 senior,
3077 4710 3336 4765 moribus
3362 4710 3656 4773 innocens,

1958 4818 2090 4859 cum
2126 4817 2226 4873 per
2277 4802 2572 4860 ecclesiam
2603 4802 2801 4873 clypeo
2832 4809 3060 4856 tantum
3106 4798 3368 4854 munitus
3411 4805 3465 4853 et
3497 4797 3663 4852 hasta

1961 4899 2345 4962 procurreret,
2399 4906 2532 4947 mox
2575 4899 2638 4948 ut
2690 4889 2954 4960 prasulis
3014 4887 3224 4944 atrium
3285 4885 3562 4951 introivit,
3626 4899 3661 4940 a

1959 4979 2211 5048 quodam
2258 4979 2590 5046 Rainberto,
2619 4978 2723 5049 qui
2755 4984 3045 5046 compater
3074 4976 3202 5046 ejus
3231 4975 3400 5030 etiam
3447 4973 3654 5040 fuerat,

1959 5066 2191 5137 bipenni
2217 5067 2274 5121 in
2303 5066 2566 5137 occipitio
2596 5081 2906 5136 percussus
2951 5064 3169 5134 primus
3204 5063 3496 5119 occubuit.
3540 5061 3658 5118 Nec

1961 5169 2118 5210 mora
2173 5155 2478 5211 Rainerius
2509 5155 2620 5223 ille,
2648 5155 2718 5211 de
2748 5169 2866 5224 quo
2895 5166 3071 5222 supra
3094 5152 3208 5223 egi,
3239 5150 3330 5206 cui
3360 5165 3487 5207 mea
3507 5165 3654 5207 con-

1961 5243 2194 5298 sobrina
2218 5250 2515 5313 nupserat,
2546 5257 2680 5298 cum
2710 5241 3054 5297 acceleraret
3097 5239 3324 5310 ingredi
3368 5238 3487 5308 ipse
3549 5253 3658 5308 pa-

1963 5329 2184 5396 latium,
2220 5329 2420 5385 lancea
2449 5343 2484 5384 a
2511 5335 2670 5399 tergo
2703 5327 2932 5394 feritur,
2963 5340 3093 5381 cum
3128 5326 3295 5396 podio
3324 5324 3662 5394 episcopalis

1962 5417 2193 5488 capella
2225 5417 2412 5475 nitens
2431 5430 2556 5472 eam
2586 5416 2781 5472 subire
2801 5417 2988 5481 vellet,
3026 5414 3222 5485 ibique
3249 5413 3656 5484 prosternitur,

1963 5521 2065 5569 nec
2123 5521 2286 5570 mora
2338 5521 2412 5568 ex
2445 5507 2572 5578 igne
2606 5505 2801 5583 palatii
2834 5507 2904 5567 ab
2940 5504 3178 5582 inguine
3234 5502 3472 5568 interius
3518 5517 3654 5564 con-
