3922 6080
315 216 418 268 927

1253 210 1312 262 V.
1356 209 1680 266 GUIBERTI
1719 209 2008 264 ABBATIS
2045 207 2104 262 S.
2146 207 2385 262 MARIzE
2427 208 2515 260 DE
2553 205 2947 263 NOVIGENTO

3721 209 3828 260 928

315 347 626 396 crematur.
682 339 804 395 Ado
876 337 1270 394 vicedominus
1345 337 1518 393 minis
1599 351 1753 404 acer,
1819 337 2014 393 animo
2050 340 2098 392 A
2125 337 2428 408 episcopus
2452 351 2586 393 eum
2607 337 2974 408 Isengrinum
3005 337 3296 393 irridendo
3328 350 3553 405 vocare,
3585 345 3829 407 propter

317 428 490 485 nimis
531 428 736 494 acrior,
793 426 933 496 quia
972 425 1219 482 solitudo
1285 433 1424 482 tunc
1473 441 1580 482 sua
1631 427 1826 482 minus
1877 441 2011 483 eum

319 518 467 574 inter
497 524 574 572 tot
603 515 890 571 efﬁcacem
943 514 1174 582 fecerat,
1207 529 1339 570 cum
1372 515 1444 571 ad
1472 515 1726 585 episcopi
1773 516 2010 570 domum

316 606 556 663 tendens
611 604 682 660 ab
742 603 1016 660 universo
1066 603 1434 674 impeteretur
1485 618 1690 670 cuneo,
1741 605 1905 660 hasta
1955 610 2011 658 et

317 694 506 765 gladio
557 700 851 762 tantopere
903 692 1128 758 restitit,
1184 700 1248 748 ut
1301 700 1417 748 tres
1491 693 1560 748 de
1620 691 2011 748 insistentibus

314 782 424 837 sibi
479 782 537 836 in
596 789 882 838 momento
956 788 1358 851 prosterneret.
1429 781 1642 836 Deinde
1714 780 2010 850 pransoria

314 883 512 926 mensa
565 870 714 926 aula
742 883 1070 938 conscensa,
1102 883 1234 926 cum
1283 876 1490 939 praeter
1521 878 1725 925 caetera
1767 868 2012 924 vulnera

314 959 590 1030 corporis,
647 960 844 1015 saucia
887 959 936 1015 ei
987 959 1108 1030 jam
1167 958 1545 1014 reddidissent
1603 971 1812 1028 genua,
1876 957 2011 1026 ipsis

315 1049 548 1104 demum
580 1048 825 1118 genibus
853 1047 1197 1104 incumbens
1249 1047 1452 1103 tandiu
1481 1047 1613 1102 hinc
1635 1054 1689 1101 et
1719 1046 1852 1102 inde
1883 1061 2012 1102 con-

316 1135 537 1192 fodiens
591 1136 912 1194 obsidentes
963 1136 1392 1208 ipropugnavit,
1451 1135 1633 1190 donec
1704 1135 2007 1206 fatigatum

319 1224 557 1295 quidam
615 1239 828 1294 corpus
875 1224 983 1280 telo
1039 1225 1279 1294 trajecit,
1329 1237 1500 1293 quem
1536 1230 1660 1292 post
1706 1223 2008 1291 paululum

317 1313 653 1369 earumdem
702 1313 1002 1370 domorum
1060 1313 1208 1386 ignis
1265 1326 1450 1382 usque
1481 1312 1553 1367 ad
1607 1319 1896 1368 extremos
1927 1311 2008 1368 ci-

319 1415 485 1457 neres
513 1402 749 1472 redegit.

386 1492 457 1546 In
477 1490 913 1544 subterraneum
940 1489 1188 1544 ecclesia
1217 1489 1406 1544 locum
1434 1487 1666 1560 aufugit
1687 1487 2004 1560 episcopus.

315 1604 387 1617 —
411 1577 584 1632 Porro
614 1578 945 1648 episcopum
971 1577 1221 1634 insolens
1239 1577 1453 1649 vulgus
1478 1577 1840 1648 aggrediens,
1873 1591 2006 1633 cum

317 1679 419 1734 pro
449 1667 734 1722 moenibus
762 1666 911 1722 aulae
942 1673 1336 1736 prostreperet,
1363 1666 1664 1736 episcopus
1687 1681 1820 1722 cum
1869 1665 2008 1736 qui-

314 1753 559 1810 busdam
626 1755 728 1825 qui
783 1755 890 1811 sibi
925 1755 1382 1825 opitulabantur,
1417 1754 1670 1825 jactibus
1723 1754 2003 1824 lapidum,

314 1842 776 1913 sagittarumque
835 1843 1042 1900 ictibus
1104 1844 1296 1914 quoad
1366 1843 1570 1914 potuit,
1635 1845 2003 1914 repugnavit.

314 1931 629 1988 Plurimam
663 1935 815 1988 enim
841 1946 1007 1988 suam
1033 1946 1257 2002 semper
1296 1933 1355 1987 in
1383 1931 1562 1987 armis
1609 1931 2003 2000 acrimoniam,

312 2019 398 2074 uti
425 2019 740 2088 quondam,
795 2027 851 2074 et
890 2033 1049 2075 nunc
1077 2034 1312 2090 quoque
1351 2020 1668 2089 promebat.
1711 2018 1816 2076 Sed
1867 2020 2009 2089 quia

314 2106 563 2163 indebite
591 2116 647 2163 et
677 2108 892 2164 frustra
919 2107 1101 2164 alium
1147 2115 1445 2177 acceperat
1491 2108 1771 2178 gladium,
1817 2109 2008 2178 gladio

311 2193 494 2263 periit.
527 2196 880 2252 Temerarios
907 2210 1045 2266 ergo
1102 2195 1276 2264 plebis
1320 2195 1573 2250 assultus
1606 2194 1846 2252 tolerare
1892 2210 2006 2251 non

312 2283 651 2354 pravalens,
685 2292 916 2354 sumpta
941 2284 1246 2354 cujusdam
1281 2283 1552 2352 mancipii
1597 2285 1687 2339 sui
1724 2291 1898 2351 veste,
1949 2284 2005 2340 in

311 2371 608 2428 cellarium
638 2373 891 2429 ecclesiae
921 2371 1278 2443 confugiens,
1312 2373 1464 2428 intra
1492 2387 1728 2442 parvam
1765 2376 2003 2444 apothe-

309 2472 435 2515 cam
467 2475 524 2516 se
555 2460 827 2528 condidit,
855 2469 909 2517 et
940 2475 974 2516 a
1007 2460 1161 2516 ﬁdeli
1213 2461 1468 2530 quodam
1523 2461 1792 2517 clientulo
1823 2462 2006 2518 fronte

310 2549 579 2604 obstrusa
631 2549 998 2616 introciusus,
1079 2563 1139 2605 se
1201 2549 1376 2605 latere
1424 2551 1684 2620 putabat.
1745 2550 2006 2621 Cumque

312 2636 418 2692 hac
445 2636 691 2708 illacque
727 2638 1115 2694 discurrentes
1145 2637 1247 2694 ubi
1287 2646 1450 2706 esset,
1513 2654 1629 2694 non
1686 2638 2002 2709 episcopus,

310 2725 404 2780 sed
433 2725 684 2793 furcifer,
735 2727 1178 2793 conclamarent,
1233 2742 1415 2783 unum
1468 2727 1538 2783 de
1572 2727 1833 2796 puerulis
1878 2727 2006 2798 ejus

309 2813 649 2883 corripiunt,
708 2815 804 2870 sed
857 2815 917 2871 in
979 2815 1086 2870 fide
1133 2815 1258 2884 ejus
1315 2815 1396 2870 nil
1444 2815 1597 2884 quod
1647 2815 1755 2871 sibi
1809 2816 2005 2872 liberet

306 2900 586 2957 efficiunt.
610 2901 869 2958 Alterum
901 2909 1286 2970 attrectantes,
1310 2911 1458 2960 nutu
1485 2903 1687 2973 perﬁdi
1713 2919 1830 2974 quo
1859 2912 2004 2960 esset

309 2989 660 3060 quaerendus
691 2991 1006 3060 accipiunt.
1063 2992 1454 3061 lngredientes
1495 2991 1671 3062 igitur
1709 2992 2002 3048 cellarium

307 3086 363 3134 et
391 3079 857 3151 circumquaque
887 3080 1182 3148 rimantes,
1217 3081 1446 3136 tandem
1497 3080 1605 3136 hoc
1649 3081 1815 3137 modo
1846 3095 2002 3152 repe-

309 3167 490 3223 riunt.

379 3256 783 3328 Teudegaldus
812 3258 981 3314 homo
1009 3265 1133 3314 erat
1188 3257 1612 3314 funestissimus
1653 3258 1807 3314 Beati
1855 3259 2004 3315 Vin-

309 3343 480 3399 centii
540 3345 790 3402 ecclesiae
841 3345 1026 3416 capite
1076 3361 1299 3413 census,
1361 3346 1692 3418 Ingelranni
1744 3346 2004 3402 Codicia-

307 3432 491 3488 censis
519 3434 620 3489 diu
651 3433 912 3490 officialis
936 3442 1111 3505 atque
1132 3435 1492 3505 praepositus,
1518 3437 1619 3505 qui
1650 3435 2006 3491 transitorias

305 3521 715 3579 redhibitiones
742 3523 896 3593 apud
921 3532 1171 3594 pontem,
1195 3524 1294 3594 qui
1330 3523 1526 3580 Scordi
1555 3523 1784 3590 dicitur,
1808 3523 2002 3579 obser-

305 3625 469 3679 vans,
524 3614 970 3670 commeantium
1001 3616 1340 3684 paucitatem
1397 3613 1700 3685 aliquoties
1742 3627 2002 3682 aucupa-

305 3702 501 3770 batur,
525 3709 724 3759 etcum
753 3717 847 3760 eos
874 3703 1048 3760 rebus
1067 3704 1334 3760 omnibus
1358 3704 1668 3772 spoliasset,
1692 3702 2002 3772 nequando

307 3789 418 3846 illis
446 3799 646 3847 contra
666 3807 799 3848 eum
826 3791 1187 3862 interpellare
1213 3793 1424 3856 liceret,
1453 3792 1658 3862 ejectos
1676 3792 1732 3846 in
1763 3791 2002 3847 flumine

306 3879 758 3948 supplumbabat
789 3880 920 3951 (47).
960 3881 1076 3936 Hoc
1133 3881 1357 3951 quoties
1397 3881 1591 3936 fecerit
1643 3881 1800 3936 solus
1851 3881 2000 3936 Deus

305 3968 484 4022 novit.
546 3968 876 4037 Furtorum,
939 3969 1499 4046 latrociniorumque,
1541 3982 1809 4025 numeros
1865 3983 1997 4023 cum

305 4055 377 4110 sit
406 4055 618 4111 referre
659 4055 903 4124 nullius,
948 4057 1302 4125 incohibiles,
1345 4064 1410 4112 ut
1453 4057 1534 4112 sic
1580 4057 1788 4123 dicam,
1827 4056 1994 4112 corde

305 4140 599 4210 nequitias
628 4141 797 4198 vultu
819 4143 1107 4199 teterrimo
1139 4143 1493 4214 przeferebat.
1527 4144 1579 4198 Is
1610 4143 1666 4197 in
1720 4141 1994 4197 offensam

305 4228 563 4284 incidens
595 4230 947 4300 Ingelranni,
995 4235 1177 4287 totum
1225 4246 1283 4286 se
1316 4231 1386 4286 ad
1435 4231 1823 4286 communiam
1856 4232 1999 4286 Lau-
2036 4229 2081 4282 D

304 4319 463 4374 duno
510 4319 850 4375 contulerat.
906 4321 953 4376 A
1005 4336 1120 4391 quo
1185 4335 1321 4392 ergo
1379 4333 1483 4375 nec
1537 4319 1834 4386 monacho,
1895 4334 2000 4374 nec

304 4406 533 4470 clerico,
555 4421 661 4463 nec
692 4408 1014 4479 peregrino,
1067 4409 1179 4463 imo
1210 4408 1358 4463 nulli
1387 4407 1554 4463 sexui
1602 4420 1838 4476 parsum
1864 4406 1996 4462 olim

303 4495 510 4561 fuerat,
535 4496 617 4551 sic
645 4496 894 4566 denique
933 4512 993 4553 se
1044 4497 1249 4552 habuit
1288 4496 1587 4552 occisurus
1643 4494 1996 4565 episcopum.

303 4584 432 4652 Ipse
491 4583 613 4640 dux
639 4593 693 4640 et
726 4584 984 4641 incentor
1010 4599 1143 4640 cum
1164 4591 1307 4640 esset
1360 4583 1540 4654 hujus
1565 4582 1768 4638 nefarii
1802 4583 1994 4653 coepti,

303 4685 663 4742 summopere
709 4688 882 4744 quem
942 4675 1159 4730 caeteris
1189 4673 1382 4729 acrius
1418 4673 1638 4742 oderat,
1679 4672 2000 4743 vestigabat

305 4761 657 4831 episcopum.

380 4849 726 4906 Trucidatur
734 4849 1034 4922 episcopus
1051 4853 1102 4905 et
1115 4867 1320 4922 corpus
1335 4851 1667 4923 opprobriis
1676 4851 1995 4922 exponitur.

305 4969 373 4980 —
405 4939 549 4995 Cum
594 4941 788 5010 itaque
827 4953 926 5010 per
956 4940 1189 5011 singula
1235 4955 1367 4996 eum
1417 4955 1556 4997 vasa
1593 4941 1996 5010 disquirerent,

307 5028 411 5084 iste
437 5042 541 5098 pro
570 5027 755 5084 fronte
786 5030 1041 5084 tonnulae
1100 5029 1273 5094 illius,
1335 5029 1393 5084 in
1425 5043 1544 5100 qua
1576 5028 1782 5083 latebat
1806 5028 1996 5095 homo,

307 5115 580 5179 substitit,
607 5124 663 5172 et
701 5125 894 5173 retuso
921 5117 1081 5174 obice
1111 5117 1554 5173 sciscitabantur
1587 5115 1998 5184 ingeminando

309 5203 441 5271 quis
483 5212 644 5260 esset.
671 5205 936 5277 Cumque
957 5208 1057 5262 vix
1086 5222 1154 5263 eo
1183 5207 1494 5277 fustigante
1528 5204 1716 5275 gelida
1741 5203 1860 5273 jam
1897 5217 1998 5258 ora

310 5291 622 5348 movisset:
673 5299 819 5352 50'!
879 5295 1173 5366 Captivus,
1232 5294 1442 5365 inquit.
1514 5292 1738 5348 Solebat
1805 5298 1997 5347 autem

384 5449 492 5517 (i7)
520 5451 953 5523 Submergebat.
989 5455 1124 5511 Inde
1141 5455 1373 5521 Gallice,
1399 5453 1658 5526 plonger.

2121 425 2383 496 lupinam
2436 425 2651 482 scilicet
2713 426 2997 496 speciem;
3039 425 3121 481 sic
3190 426 3344 480 enim
3404 425 3586 496 aliqui
3631 425 3824 481 solent

2120 514 2406 584 appellare
2461 514 2648 584 lupos.
2706 516 2800 570 Ait
2837 529 2974 587 ergo
3033 514 3303 570 scelestus
3334 514 3405 569 ad
3465 514 3824 584 praesulem:

2122 604 2353 659 Hiccine
2381 610 2464 658 est
2493 603 2762 658 dominus
2807 603 3141 674 Isengrinus
3181 602 3481 672 repositus.
3537 603 3832 658 Benulfus

2119 691 2297 762 igitur
2335 693 2605 762 quamvis
2661 701 2938 763 peccator,
2993 692 3252 748 Christus
3301 699 3421 747 tum
3468 692 3564 764 [[2,
3605 691 3823 764 tamen]

2117 780 2364 848 Domini,
2415 781 2484 836 de
2542 780 2774 836 vasculo
2836 778 3058 850 capillis
3108 781 3450 847 detrahitur,
3512 781 3830 850 multiplici

2119 869 2238 925 ictu
2273 869 2663 939 pertunditur,
2721 878 2775 924 et
2805 869 2915 925 sub
2973 869 3106 925 divo
3136 869 3193 924 in
3243 869 3482 925 claustri
3538 869 3835 925 clericalis

2118 957 2429 1028 angiportu
2451 965 2582 1013 ante
2601 958 2836 1013 domum
2867 957 3155 1014 Godefridi
3205 958 3483 1028 capellani
3516 958 3830 1014 statuitur.

2116 1045 2378 1114 Cumque
2402 1045 2482 1101 eis
2511 1045 2998 1101 miserabilissime
3026 1046 3396 1116 supplicaret,
3430 1047 3832 1117 jurejurando

2119 1134 2227 1205 ipsi
2277 1141 2535 1190 astruere
2589 1135 2789 1190 volens
2838 1148 2898 1190 se
2951 1149 3255 1205 nunquam
3307 1135 3579 1205 deinceps
3618 1149 3828 1191 eorum

2116 1221 2447 1292 episcopum
2479 1221 2766 1288 futurum,
2800 1221 3056 1276 infinitas
3083 1222 3164 1277 eis
3207 1221 3483 1291 pecunias
3542 1221 3828 1291 praebitu-
3873 1241 3879 1246 ί

2119 1327 2271 1379 rum,
2299 1311 2369 1367 de
2395 1312 2580 1382 patria
2611 1325 2972 1368 recessurum
2999 1327 3015 1381 ;
3052 1325 3368 1381 omnesque
3411 1319 3618 1367 contra
3651 1311 3831 1367 obfir-

2117 1400 2289 1456 matis
2343 1400 2552 1456 animis
2599 1401 2960 1468 insultarent,
3021 1413 3177 1455 unus
3205 1399 3434 1455 nomine
3465 1400 3826 1465 Bernartius,

2117 1497 2494 1560 cognomento
2546 1488 2616 1544 de
2687 1487 2958 1554 Brueriis,
3013 1487 3230 1543 elevato
3287 1487 3520 1556 bipenni
3563 1501 3826 1552 sacrum,

2119 1578 2389 1647 quamvis
2411 1577 2744 1647 peccatoris,
2779 1576 3044 1632 verticem
3077 1575 3434 1631 truculenter
3451 1575 3823 1639 excerebrat;

2117 1667 2219 1737 qui
2250 1681 2384 1722 cum
2413 1666 2703 1722 laberetur
2733 1665 2882 1721 inter
2910 1664 3224 1720 tenentium
3260 1677 3470 1720 manus
3501 1671 3824 1734 antequam

2115 1755 2418 1822 decideret,
2474 1754 2547 1810 ab
2606 1754 2784 1809 altero
2841 1753 2952 1809 sub
3003 1752 3339 1809 ocularibus
3396 1765 3494 1820 per
3552 1753 3818 1807 medium

2115 1843 2240 1898 nasi
2268 1858 2340 1900 ex
2372 1851 2700 1899 transverso
2727 1841 2845 1913 (ιοδ)
2876 1855 3185 1909 percussus
3223 1840 3516 1897 occubuit.
3578 1840 3670 1895 lbi
3705 1855 3823 1910 pes-

2114 1932 2381 1987 sumdato
2408 1939 2465 1988 et
2497 1931 2664 1987 tibias
2706 1931 3101 1997 conciderunt,
3161 1937 3215 1984 et
3266 1929 3510 1984 vulnera
3567 1929 3823 1998 plurima

2115 2019 2468 2076 indiderunt.
2487 2021 2561 2076 At
2576 2020 2998 2090 Teudegaudus
3019 2018 3224 2074 videns
3253 2018 3540 2073 annulum
3565 2018 3626 2073 in
3642 2019 3821 2088 digito

2114 2108 2405 2180 quondam
2431 2107 2733 2178 pontificis,
2783 2121 2916 2163 cum
2977 2106 3142 2163 facile
3197 2121 3311 2162 non
3371 2115 3561 2176 posset
3617 2116 3820 2162 extor-

2114 2211 2312 2268 quere,
2345 2197 2418 2253 ab
2446 2210 2512 2252 eo
2542 2196 2786 2267 digitum
2829 2203 3074 2261 mortuo,
3123 2209 3260 2251 ense
3291 2195 3569 2264 praecidit,
3635 2207 3820 2250 annu-

2112 2287 2354 2356 lumque
2411 2284 2708 2355 corripuit.
2743 2285 2946 2354 Itaque
2975 2283 3328 2353 exspoliatus
3383 2283 3458 2338 ad
3491 2283 3731 2339 nudum
3766 2285 3817 2338 in

2113 2375 2398 2445 angulum
2419 2381 2554 2429 ante
2593 2373 2870 2443 capellani
2917 2373 3006 2428 sui
3040 2373 3274 2428 domum
3307 2372 3630 2442 projicitur.
3671 2373 3820 2428 Deus

2113 2477 2291 2528 meus,
2323 2463 2456 2533 quis
2487 2469 2708 2518 retexat
2739 2469 2880 2532 quot
2914 2461 2972 2516 in
2995 2460 3278 2532 jacentem
3308 2475 3343 2516 a
3371 2462 3821 2517 transeuntibus

2112 2559 2247 2608 sunt
2272 2551 2524 2607 ludibria
2571 2551 2726 2622 jacta
2754 2551 3088 2617 verborum,
3120 2558 3261 2620 quot
3305 2550 3608 2620 glebarum
3646 2551 3819 2620 jacti-

2115 2640 2243 2706 bus,
2288 2648 2430 2710 quot
2497 2641 2673 2705 saxis,
2740 2649 2881 2710 quot
2933 2646 3016 2695 est
3072 2639 3413 2709 pulveribus
3460 2653 3681 2710 corpus
3723 2653 3819 2708 op-

2115 2744 2375 2800 pressum
2401 2735 2412 2784 ι

2185 2819 2288 2875 Sed
2339 2825 2650 2887 antequam
2709 2817 2780 2872 ad
2831 2816 2945 2872 alia
3001 2817 3460 2887 progrediamur,
3495 2817 3817 2872 dicendum

2041 2933 2082 2989 ο
2114 2907 2268 2979 quod
2300 2906 2577 2977 quiddam
2609 2919 2795 2975 nuper
2823 2906 3036 2961 factum
3060 2905 3132 2961 ad
3161 2920 3332 2962 suum
3375 2905 3543 2961 valde
3573 2907 3820 2974 profecit

2115 2995 2431 3052 interitum.
2466 2995 2614 3050 Ante
2656 2993 2821 3060 duos,
2883 2994 2992 3049 nisi
3047 2994 3230 3061 fallor,
3262 3009 3381 3050 sua;
3425 2994 3628 3050 mortis
3676 2994 3819 3060 dies,

2113 3091 2430 3140 conventus
2471 3090 2556 3139 est
2597 3083 2657 3138 in
2698 3083 2882 3138 media
2941 3083 3179 3138 basilica
3231 3097 3263 3136 a
3290 3081 3651 3152 primoribus
3682 3083 3816 3138 cleri

2111 3173 2224 3240 sui,
2257 3172 2412 3242 quod
2440 3171 2558 3242 regi
2586 3170 2640 3225 in
2670 3171 2812 3226 urbe
2837 3185 3026 3240 nuper
3055 3170 3360 3227 constituto
3380 3184 3476 3225 eos
3501 3171 3812 3236 detulerat,

2111 3262 2308 3318 dicens
2346 3259 2578 3315 clericos
2613 3274 2726 3315 non
2771 3273 2894 3315 esse
2938 3260 3301 3325 reverendos,
3345 3260 3484 3328 quia
3515 3266 3665 3327 pene
3695 3273 3811 3314 om-

2113 3361 2214 3402 nes
2242 3361 2313 3402 ex
2336 3349 2492 3417 regia
2536 3347 2719 3403 forent
2775 3348 3054 3403 servitute
3107 3346 3411 3418 progeniti.
3459 3347 3626 3412 Quod
3685 3361 3814 3401 cum

2109 3436 2160 3492 ei
2189 3435 2474 3505 objectum
2536 3435 2751 3498 fuisset,
2805 3436 2914 3491 hoc
2967 3437 3134 3492 modo
3173 3436 3434 3491 inliciaris
3473 3438 3557 3490 ait
3589 3451 3603 3488 :
3640 3436 3810 3492 Com-

2110 3523 2310 3580 munio
2354 3530 2572 3590 sancta,
2625 3537 2804 3594 quam
2833 3538 2906 3581 ex
2959 3524 3054 3580 illo
3083 3525 3302 3594 pridem
3359 3524 3530 3579 altari
3581 3525 3817 3595 suscepi

2111 3611 2426 3682 (dexteram
2459 3611 2613 3668 enim
2637 3611 2731 3667 illo
2766 3612 3149 3681 protenderat)
3177 3612 3372 3667 veniat
3397 3612 3541 3667 mihi
3577 3613 3654 3668 ad
3685 3627 3818 3682 per-

2111 3700 2336 3768 niciem,
2369 3707 2423 3755 et
2447 3701 2631 3755 sancti
2653 3700 2898 3770 Spiritus
2929 3701 3186 3771 gladium
3228 3701 3430 3756 invoco
3461 3700 3520 3755 in
3555 3702 3818 3756 animam

2111 3803 2317 3856 meam,
2350 3789 2395 3844 si
2432 3791 2552 3844 haec
2586 3803 2847 3859 unquam
2879 3790 3057 3845 verba
3091 3791 3210 3859 regi
3233 3790 3302 3844 de
3332 3789 3495 3844 vobis
3516 3789 3666 3844 dixi.
3698 3789 3820 3856 Quo

2109 3877 2324 3945 audito,
2367 3877 2604 3947 quidam
2660 3877 2827 3933 valde
2882 3878 3071 3932 mirati
3128 3885 3283 3942 sunt,
3335 3886 3391 3932 et
3433 3879 3822 3934 sacramentis

2109 3973 2488 4021 astruxerunt
2525 3980 2584 4021 se
2621 3980 2694 4020 ex
2726 3980 2824 4021 ore
2877 3967 3025 4037 ejus,
3049 3980 3184 4022 cum
3215 3965 3352 4021 talia
3380 3966 3498 4036 regi
3543 3966 3817 4033 deferret,

2107 4054 2352 4111 audisse.
2405 4053 2747 4110 Volubilitas
2777 4055 2943 4124 plane
2980 4056 3106 4125 ejus
3139 4054 3344 4110 mentis
3363 4062 3417 4110 et
3449 4055 3663 4126 lingua
3711 4056 3815 4125 ipsi

2109 4143 2380 4215 parturiit
2403 4143 2526 4200 haec
2544 4144 2742 4199 exitia.

2773 4232 3006 4290 CAPUT
3037 4232 3135 4287 1X.

2177 4319 2529 4391 Inter/icitur
2567 4321 2930 4393 Radulphus.
2981 4351 3049 4361 —
3079 4323 3300 4376 Interea
3344 4335 3473 4390 pars
3531 4323 3812 4392 quaedam

2111 4409 2354 4464 furentis
2403 4410 2564 4480 vulgi
2613 4410 2683 4465 ad
2734 4410 2970 4466 domum
3014 4410 3239 4466 Radulli
3295 4409 3667 4480 pertendunt,
3715 4412 3817 4481 qui

2107 4494 2353 4564 episcopi
2384 4495 2760 4564 discophorus
2804 4502 2946 4561 erat,
3001 4502 3056 4550 et
3123 4495 3192 4550 de
3245 4495 3486 4550 summis
3514 4493 3819 4550 familiari-

2109 4583 2218 4640 bus
2275 4583 2513 4639 Gerardi
2557 4583 2966 4640 Carisiacensis
3015 4583 3331 4652 exstiterat,
3389 4583 3480 4638 vir
3509 4583 3653 4638 exili
3688 4586 3815 4654 qui-

2107 4671 2233 4728 dem
2262 4669 2468 4739 forma,
2502 4671 2600 4727 sed
2629 4671 2925 4727 heroicum
2984 4671 3205 4727 habens
3233 4672 3514 4726 animum.
3567 4671 3627 4726 Is
3681 4672 3813 4727 lori-

2106 4767 2289 4824 catus,
2347 4758 2628 4830 galeatus,
2693 4774 2812 4815 non
2841 4760 2964 4815 sine
2993 4759 3106 4815 levi
3151 4767 3452 4815 armatura
3479 4774 3620 4814 cum
3675 4761 3809 4816 resi-

2107 4856 2256 4904 stere
2325 4848 2652 4917 destinaret,
2725 4847 2928 4904 videns
2984 4848 3104 4904 vim
3149 4847 3407 4914 nimiam,
3463 4848 3808 4918 veritusque

2109 4935 2318 5007 subjici
2374 4936 2588 5007 ignem,
2646 4950 2810 4992 arma
2863 4935 3089 5007 projcit,
3153 4936 3809 5005 nudumquesecorum

2106 5025 2510 5081 misericordiae
2560 5025 2618 5080 in
2655 5039 2705 5079 m
2729 5025 2888 5081 ,dum
2915 5025 3107 5082 crucis
3137 5024 3422 5093 exposuit.
3459 5024 3598 5092 Qui,
3635 5026 3750 5080 Deo
3779 5039 3808 5079 a

2104 5129 2165 5171 se
2207 5121 2444 5179 remoto,
2501 5113 2663 5170 humi
2699 5121 3048 5184 prostratum
3101 5113 3497 5170 crudelissime
3557 5115 3811 5170 trucida-

2109 5210 2266 5258 runt.
2299 5202 2426 5272 Ipse
2451 5211 2764 5273 antequam
2805 5203 3164 5258 carnificium
3201 5202 3339 5257 illud
3367 5203 3436 5257 de
3465 5201 3730 5258 Gerardo
3760 5204 3812 5256 in

2106 5292 2344 5347 ecclesia
2392 5291 2569 5360 fieret,
2601 5291 2932 5364 hujusmodi
2975 5290 3252 5349 visionem
3285 5290 3446 5346 vidit.
3491 5290 3814 5348 Videbatur
