3922 6080
133 265 246 317 929

1210 264 1300 318 DE
1340 263 1502 319 VITA
1540 264 1671 319 SUA
1711 264 1901 318 LIBRl
1943 263 2134 320 TRES.
2176 294 2241 304 —-
2274 265 2402 320 LIB.
2449 265 2541 318 111.

3542 273 3644 324 930

126 393 244 448 sibi
280 393 336 446 in
361 392 545 448 Beatzu
595 390 787 446 Mariae
820 391 1053 448 basilica
1092 407 1231 457 esse,
1293 394 1489 464 ibique
1539 408 1835 465 perversos
1873 394 2254 454 Ainstautem
2310 401 2552 450 mortem
2616 395 2785 464 coepit
2852 396 3078 451 veniam
3127 397 3200 452 ab
3259 413 3346 465 eo,
3408 399 3453 453 si
3511 415 3643 470 quae

129 481 490 538 habitudiuis
548 481 806 536 homines
861 482 1186 549 convenire,
1248 485 1350 552 qui
1383 484 1713 555 peregrinos
1752 484 1836 539 lu-

125 571 234 626 dos
265 571 380 625 illic
426 578 759 635 statuerent,
792 579 848 626 et
888 571 1236 640 quibusdam
1281 572 1835 628 circumsedentibus

121 659 454 728 spectacula
513 673 664 715 nova
711 659 932 714 darent.
993 659 1111 716 Sub
1160 674 1278 730 qua
1334 660 1718 730 propositione
1765 661 1835 715 de

124 748 300 803 domo
360 747 638 804 Guidonis
696 748 1062 815 thesaurarii,
1140 763 1270 818 quae
1313 751 1485 818 juxta
1538 746 1834 805 ecclesiam

123 845 273 904 erat,
323 837 421 892 alii
451 837 711 893 homines
737 838 974 893 exibant
1003 837 1208 906 pocula
1241 836 1577 904 deferentes,
1613 838 1670 892 in
1701 837 1832 908 qui-

126 927 242 981 bus
271 925 416 981 tanti
463 925 657 981 fetoris
703 925 1111 980 continebatur
1153 932 1323 994 potus
1354 932 1418 980 ut
1459 924 1836 982 intolerabilis

123 1012 511 1068 sentientibus
559 1019 724 1078 esset,
757 1012 858 1082 qui
921 1018 976 1066 et
1029 1025 1130 1082 per
1164 1012 1710 1070 circumsedentium
1740 1028 1830 1070 or-

125 1101 324 1156 dinem
374 1100 678 1156 ferebatur.
729 1099 890 1166 Quod
922 1099 1046 1154 luce
1097 1099 1311 1154 clarius
1345 1107 1449 1156 est.
1478 1099 1662 1166 Quam
1693 1101 1834 1158 hor-

127 1189 349 1244 rendus
377 1189 530 1244 enim
560 1187 641 1244 ibi
695 1187 993 1244 emicuerit
1033 1187 1382 1255 daemonum,
1414 1203 1711 1260 quamque
1740 1189 1836 1245 in-

126 1278 294 1334 visus
325 1277 518 1346 ludus,
552 1277 684 1347 quis
713 1284 882 1346 putor
905 1276 1158 1332 enormis
1197 1276 1428 1333 sceleris
1475 1277 1696 1348 ubique
1753 1279 1834 1334 lo-

126 1380 335 1422 corum
389 1367 458 1422 de
494 1367 692 1422 eadem
724 1365 893 1422 domo
924 1365 1194 1434 manarit,
1229 1365 1290 1421 in
1322 1374 1595 1436 promptu
1624 1375 1678 1423 et
1706 1382 1836 1423 mo-

125 1456 203 1511 do
258 1463 360 1512 est.
419 1455 563 1511 Nam
609 1454 766 1524 plebs
826 1453 1141 1509 furibunda
1195 1454 1387 1509 domui
1419 1454 1523 1518 illi,
1582 1456 1836 1524 primum

127 1544 269 1598 ficos
295 1543 508 1613 injecit,
537 1543 607 1598 de
652 1556 722 1597 ea
761 1543 819 1597 in
862 1541 1158 1598 ecclesiam
1208 1542 1491 1611 prosiluit,
1521 1551 1577 1598 et
1601 1545 1834 1600 demum

126 1632 410 1702 palatium
440 1631 758 1702 episcopale
788 1631 1085 1700 corripuit.

200 1721 474 1776 Ecclesia
487 1719 790 1792 omniaque
807 1718 991 1790 ipsius
999 1723 1341 1775 ornamenta
1360 1720 1740 1792 conﬂagrant.
1763 1751 1834 1764 ——-

124 1810 361 1866 Viditet
391 1811 548 1866 aliud
573 1810 966 1881 praenuntium
996 1817 1182 1866 status
1213 1810 1301 1865 sui
1336 1809 1537 1866 futuri.
1567 1810 1834 1866 Nuntiari

123 1897 238 1952 sibi
288 1899 346 1953 in
395 1899 617 1954 visione
672 1899 901 1954 videbat
949 1898 1021 1953 ab
1079 1899 1364 1968 armigero
1410 1913 1536 1966 suo,
1576 1907 1630 1954 et
1681 1897 1830 1953 dici:

123 1986 389 2054 Domine,
425 2001 612 2057 equus
639 1994 774 2042 tuus
802 1985 860 2041 in
905 1987 1176 2042 anteriori
1227 1994 1388 2056 parte
1437 1988 1633 2044 multae
1663 1995 1718 2043 et
1749 1988 1832 2042 iu-

123 2072 312 2130 solitae
359 2074 644 2130 vastitatis
685 2080 788 2140 est,
836 2080 891 2130 et
921 2074 980 2129 in
1024 2074 1432 2152 posterioribus
1463 2083 1634 2130 tanta;
1663 2075 1835 2132 exili-

129 2162 266 2218 tatis
298 2169 364 2218 ut
412 2177 519 2233 par
557 2177 850 2234 nusquam
912 2162 1173 2218 viderim.
1225 2162 1465 2233 Optimae
1503 2165 1658 2220 enim
1686 2179 1834 2234 opu—

125 2252 341 2319 lentiaa,
368 2252 721 2323 plurimique
753 2252 921 2323 pretii
952 2260 1083 2308 ante
1115 2251 1321 2319 fuerat,
1350 2267 1482 2323 quae
1505 2254 1632 2325 ejus
1663 2256 1831 2311 uber-

124 2347 218 2395 tas
251 2341 323 2395 ad
378 2348 491 2395 tam
546 2340 861 2412 proﬂigatae
919 2342 1119 2396 mortis
1172 2340 1400 2397 devenit
1445 2343 1833 2414 tenuitatem;

123 2443 319 2498 equus
349 2443 605 2499 namque
635 2429 878 2501 gloriam
909 2429 1101 2485 seaculi
1127 2429 1338 2501 signat.

203 2517 390 2588 Igitur
415 2533 486 2574 ex
514 2518 864 2589 cujusquam
907 2519 1157 2574 maxime
1212 2526 1441 2588 peccato
1493 2520 1831 2590 contigerat,

126 2612 196 2661 ut
250 2604 662 2676 gloriosissima
710 2606 946 2662 ecclesia
993 2607 1419 2664 miserabilibus
1473 2607 1836 2665 addiceretur

126 2695 392 2763 excidiis,
441 2709 511 2751 ex
558 2696 725 2752 domo
765 2696 976 2752 scilicet
1016 2696 1378 2762 thesaurarii,
1429 2699 1528 2767 qui
1561 2704 1615 2752 et
1646 2696 1834 2753 Simo-

126 2784 297 2839 niace
343 2783 784 2840 archidiaconus
839 2793 980 2849 erat,
1034 2786 1093 2840 in
1141 2785 1435 2840 ecclesiam
1501 2797 1834 2854 proserpere

129 2872 294 2928 visus
340 2880 423 2928 est
469 2872 638 2943 ignis.
691 2871 828 2939 Quae
876 2888 1008 2930 cum
1042 2888 1146 2943 pro
1195 2875 1492 2943 praesentis
1531 2873 1712 2944 gloria
1742 2887 1834 2928 so-

128 2960 443 3017 lemnitatis
513 2961 698 3030 palliis
748 2969 922 3033 atque
963 2963 1249 3033 tapetibus
1313 2962 1661 3018 nobilissime
1691 2962 1834 3018 foret

127 3049 579 3117 circumornata,
640 3059 882 3122 urgente
929 3051 1062 3122 igne
1117 3066 1305 3121 pauca
1333 3065 1404 3107 ex
1447 3051 1632 3121 palliis
1679 3051 1833 3106 furto

128 3139 372 3208 abrepta
403 3140 593 3208 potius
625 3153 801 3210 quam
851 3139 987 3195 focis
1021 3147 1170 3195 tacta
1225 3140 1544 3196 creduntur
1574 3153 1590 3210 ς
1621 3139 1834 3210 tapetia

129 3234 332 3282 autem
357 3226 575 3297 aliqua,
624 3228 765 3298 quia
791 3227 955 3283 facile
1008 3227 1176 3283 funes
1203 3241 1237 3282 a
1277 3227 1503 3283 trocleis
1549 3227 1769 3283 demitti
1800 3241 1834 3282 a

131 3316 341 3386 paucis
383 3330 494 3371 non
546 3324 828 3385 poterant,
873 3317 1233 3372 succubuere
1261 3316 1566 3378 caloribus,
1600 3316 1834 3372 Tabula

131 3403 336 3458 altaris
410 3416 621 3470 aureae,
665 3411 720 3458 et
776 3411 1108 3460 sanctorum
1185 3405 1392 3460 feretra
1437 3411 1636 3472 erepta
1697 3417 1834 3459 cum

131 3492 262 3562 ipsa
307 3490 420 3561 (ίοι)
475 3491 820 3560 prominenti
881 3507 1100 3560 eorum,
1175 3507 1351 3562 quam
1411 3493 1494 3547 sic
1563 3491 1831 3559 vocitant,

131 3595 294 3651 repa,
329 3587 532 3636 caetera
579 3580 639 3634 in
691 3595 836 3650 gyro
881 3581 1159 3637 incendiis
1206 3587 1346 3650 puto
1400 3586 1692 3648 correpta;
1728 3581 1836 3636 sub

131 3682 206 3724 ea
235 3667 388 3723 enim
419 3667 658 3738 quidam
706 3683 840 3725 cum
886 3683 946 3725 se
993 3669 1319 3724 reclusisset
1363 3667 1432 3723 de
1461 3667 1839 3724 nobilioribus

131 3757 374 3824 clericis,
429 3757 562 3812 inde
603 3758 870 3828 progredi
943 3771 1058 3812 non
1115 3771 1472 3828 praesumens
1516 3771 1589 3812 ne
1638 3757 1840 3813 turbas

131 3853 393 3902 errantes
447 3845 740 3913 incideret,
773 3859 906 3902 cum
962 3845 1153 3916 ignem
1214 3845 1368 3900 circa
1399 3860 1460 3900 se
1486 3844 1672 3900 ridere
1709 3859 1840 3900 sen-

132 3935 320 4000 sisset,
348 3934 420 3989 ad
477 3934 810 3990 cathedram
855 3933 1230 4003 episcopalem
1264 3932 1466 4000 currit,
1517 3931 1844 4001 superposi-

136 4033 259 4081 tam
304 4023 542 4078 vitream
595 4021 899 4092 capitalem
969 4014 1110 4092 pede
1180 4021 1490 4092 impulsam
1552 4021 1840 4092 pertudit;

139 4113 340 4182 sicque
368 4111 598 4167 desiliit.

213 4204 364 4254 508
420 4198 838 4255 Monasterium
872 4201 929 4257 S.
960 4199 1218 4256 Joannis
1271 4203 1445 4272 atque
1497 4199 1741 4255 ecclesia
1769 4201 1842 4255 Β.

1871 1683 1914 1738 Β

1875 2982 1914 3037 C

1940 490 2140 538 contra
2193 498 2327 539 eum
2386 483 2775 551 commisisset,
2853 493 3059 553 petere,
3106 494 3160 541 et
3216 501 3274 541 se
3325 488 3644 544 diutissime

1941 585 2073 627 cum
2142 572 2458 641 ejulatibus
2517 573 2995 642 constringentes,
3041 582 3094 629 et
3146 577 3342 631 oscula
3385 586 3646 632 extrema

1941 660 2200 728 libantes,
2246 675 2379 716 cum
2413 660 2507 715 illa
2537 659 2780 729 diceret;
2813 677 2918 716 cur
2955 677 3042 717 me
3071 663 3179 718 sub
3232 663 3437 732 gladiis
3475 666 3645 720 urbi-

1941 763 2142 804 corum
2175 749 2574 818 derelinquis?
2604 749 2701 804 Ille
2744 750 3108 818 apprehensa
3154 752 3412 807 mulieris
3440 753 3646 809 dextra

1942 836 2198 892 lanceam
2261 850 2440 891 manu
2482 843 2700 902 tenens,
2753 851 2883 891 cum
2927 837 3304 907 dispensatori
3349 841 3645 909 praecepis-

1939 933 2022 982 set
2059 925 2323 996 clypeum
2357 933 2480 996 post
2508 939 2568 980 se
2614 925 2760 980 ferre
2793 926 2938 995 (erat
2981 935 3174 982 autem
3217 928 3286 982 de
3317 929 3646 997 primordiis

1941 1015 2322 1085 proditorum)
2352 1014 2472 1083 ipse
2503 1027 2616 1068 non
2664 1015 2849 1069 solum
2891 1023 3015 1084 post
3054 1030 3186 1071 eum
3233 1017 3497 1086 clypeum
3529 1032 3644 1073 non

1943 1103 2099 1173 tulit,
2140 1103 2238 1159 sed
2268 1117 2402 1158 eum
2434 1103 2578 1158 dure
2622 1104 2799 1158 verbo
2843 1104 3222 1159 reverberans
3252 1119 3286 1159 a
3326 1113 3485 1176 tergo
3511 1120 3645 1162 eum

1943 1192 2198 1263 impegit.
2233 1193 2360 1247 Jam
2387 1206 2526 1262 ergo
2565 1206 2720 1258 eum,
2756 1192 2926 1262 cujus
2953 1206 3157 1248 servus
3197 1200 3340 1262 erat,
3392 1209 3507 1250 non
3544 1209 3646 1251 no-

1943 1289 2051 1338 rat.
2093 1282 2199 1338 Cui
2250 1289 2399 1338 certe
2429 1282 2580 1337 inter
2631 1283 3030 1351 prandendum
3065 1281 3236 1351 paulo
3265 1290 3397 1340 ante
3428 1283 3648 1340 servie-

1943 1376 2050 1424 rat.
2085 1370 2192 1424 Per
2248 1369 2466 1425 medias
2521 1368 2717 1439 itaque
2751 1377 2972 1424 turmas
3001 1369 3229 1424 defensa
3260 1384 3459 1438 uxore,
3494 1371 3648 1428 intra

1943 1457 2177 1512 domum
2213 1457 2442 1512 tandem
2473 1455 2775 1526 cujusdam
2835 1455 3071 1525 portarii
3102 1457 3345 1527 episcopi
3379 1473 3505 1514 eam
3545 1475 3646 1516 oc-

1943 1546 2146 1602 culuit.
2181 1546 2318 1612 Quae
2355 1560 2489 1600 cum
2517 1544 2751 1600 vidisset
2794 1545 3062 1611 assultus,
3121 1553 3174 1600 ct
3203 1546 3490 1616 subjectos
3515 1547 3648 1601 aedi-

1946 1635 2054 1690 bus
2111 1634 2290 1704 ignes,
2333 1634 2390 1688 in
2459 1635 2654 1704 fugam
2707 1649 3058 1704 quocunque
3111 1635 3356 1689 ducebat
3416 1635 3648 1690 fortuna

1943 1722 2318 1778 convertitur.
2379 1722 2517 1788 Quae
2565 1737 2699 1778 cum
2771 1724 3087 1794 burgenscs
3132 1724 3353 1793 aliquot
3406 1723 3648 1779 feminas

1943 1810 2284 1878 offendisset,
2317 1818 2485 1879 rapta
2514 1811 2586 1867 ab
2614 1811 2717 1879 eis,
2751 1811 3080 1882 pugnisque
3128 1812 3374 1881 pulsata,
3408 1819 3462 1868 et
3512 1827 3647 1882 pre-

1943 1899 2116 1966 tiosis,
2153 1911 2300 1968 quas
2329 1898 2576 1954 habebat
2628 1900 2886 1955 vestibus
2927 1899 3187 1970 spoliata,
3237 1900 3339 1956 vix
3387 1900 3468 1972 ad
3498 1899 3647 1954 San—

1942 1995 2102 2042 ctum
2131 1987 2316 2056 potuit
2363 1993 2596 2056 sumpta
2648 1986 3108 2043 Sanctimonialis
3157 1997 3309 2045 veste
3347 1988 3647 2058 pervenire

1946 2075 2336 2134 Vincentium.

2013 2168 2084 2221 At
2119 2164 2464 2220 consobrina
2504 2178 2627 2221 mea
2673 2165 2992 2221 discedente
3036 2167 3261 2233 marito,
3320 2173 3648 2236 contempta

1942 2253 2279 2324 supellectili
2338 2254 2562 2321 domus,
2610 2253 2788 2310 solam
2844 2254 2952 2308 sibi
3012 2253 3300 2310 lacernam
3370 2255 3642 2322 retinens,

1945 2354 2200 2407 murum,
2251 2356 2368 2411 quo
2421 2356 2592 2397 suum
2665 2342 3007 2398 viridarium
3068 2343 3428 2413 cingebatur,
3494 2343 3646 2399 virili

1941 2429 2234 2485 alacritate
2261 2431 2612 2498 conscendit,
2653 2430 2922 2499 saltuque
2966 2430 3174 2485 exinde
3221 2430 3446 2486 desiliit.
3506 2432 3646 2488 Inde

1943 2516 2000 2571 in
2059 2517 2420 2586 pauperculae
2477 2518 2781 2588 cujusdam
2852 2525 3078 2586 recepta
3139 2519 3460 2588 tugurium,
3510 2533 3642 2574 cum

1942 2612 2267 2674 grassantes
2304 2611 2430 2674 post
2484 2605 2773 2660 modicum
2831 2605 3099 2660 sensisset
3128 2604 3410 2670 flammas,
3446 2619 3648 2676 proru-

1943 2693 2023 2761 pit
2088 2693 2161 2748 ad
2219 2693 2452 2759 ostium,
2513 2692 2666 2762 quod
2728 2706 2876 2748 anus
2937 2689 3102 2747 extra
3151 2693 3532 2762 obseraverat,
3590 2701 3648 2750 et

1940 2781 2129 2852 lapide
2161 2783 2342 2838 fracta
2389 2797 2535 2850 sera,
2568 2797 2602 2838 a
2659 2783 2912 2853 quadam
2945 2785 3364 2840 sanctimoniali
3403 2792 3649 2856 cognata

1941 2883 2047 2925 sua
2079 2870 2379 2940 impetrato
2410 2871 2612 2927 habitu
2656 2878 2709 2926 et
2741 2871 2866 2927 velo
2919 2885 2978 2926 se
3024 2880 3349 2942 contegens,
3395 2881 3449 2929 et
3483 2874 3649 2943 linter

1943 2959 2254 3015 monachas
2284 2959 2585 3015 fovendam
2629 2975 2688 3015 se
2734 2960 2989 3027 credens,
3027 2973 3160 3016 cum
3202 2961 3466 3017 incendia
3506 2961 3647 3016 inibi

1944 3047 2166 3104 fervere
2217 3048 2572 3118 conspiciens
2620 3049 2936 3105 retorsisset
2977 3050 3244 3119 gradum,
3287 3051 3345 3105 in
3411 3050 3647 3106 domum

1943 3135 2254 3206 quamdam
2309 3137 2670 3193 remotiorem
2699 3151 2758 3192 se
2803 3137 3046 3192 contulit
3077 3137 3258 3193 donec
3318 3137 3585 3206 postridie
3614 3151 3649 3192 a
3733 3138 3738 3142 ’

1941 3224 2278 3294 parentibus
2309 3225 2550 3296 quaesita
2579 3225 2922 3294 comparuit,
2951 3233 3004 3280 et
3027 3231 3166 3281 tunc
3189 3225 3440 3282 dolorem
3473 3241 3647 3297 quem

1943 3325 2115 3381 super
2161 3319 2318 3368 metu
2378 3314 2576 3370 mortis
2627 3314 2931 3380 habuerat,
2985 3313 3041 3367 in
3101 3311 3448 3370 rabidiorem
3470 3329 3647 3385 super

1943 3399 2150 3455 marito
2180 3400 2442 3456 mutavit.

2011 3487 2150 3543 Alite
2203 3488 2492 3558 quaedam,
2551 3501 2703 3544 uxor
2765 3487 2978 3544 scilicet
3034 3497 3089 3543 et
3137 3489 3266 3546 filia:
3321 3489 3644 3547 Guinimari

1945 3576 2241 3631 castellani
2295 3591 2426 3632 cum
2462 3577 2746 3646 pluribus,
2778 3577 2915 3632 locis
2944 3592 3003 3632 se
3057 3577 3375 3633 humilibus
3402 3578 3648 3633 abdide-

1947 3672 2105 3720 runt.
2159 3663 2446 3720 Galterius
2489 3672 2680 3719 autem
2729 3665 3174 3719 archidiaconus
3209 3678 3343 3719 cum
3381 3665 3648 3736 episcopo

1950 3753 2189 3823 positus,
2226 3766 2358 3807 cum
2408 3752 2654 3808 obsideri
2682 3753 2917 3808 vidisset
2972 3751 3186 3820 aulam,
3239 3752 3379 3823 quia
3425 3767 3653 3824 semper

1949 3841 2138 3897 oleum
2189 3841 2414 3896 camino
2462 3855 2522 3896 se
2581 3841 2868 3896 addidisse
2913 3849 3280 3912 cognoverat,
3348 3853 3446 3910 per
3503 3839 3652 3895 fene-

1951 3938 2126 3986 stram
2184 3931 2389 3986 domus
2435 3929 2724 3997 exsiliens,
2776 3930 2833 3984 in
2887 3930 3226 3985 viridarium
3262 3928 3562 3999 pontificis,
3595 3936 3652 3984 et

1953 4033 1984 4074 a
2019 4034 2204 4087 muro,
2237 4033 2353 4090 quo
2385 4019 2766 4086 ambiebatur,
2803 4020 2858 4073 in
2918 4018 3115 4074 vineas
3145 4033 3246 4088 per
3275 4019 3406 4075 avia
3434 4019 3652 4075 vadens

1953 4109 2138 4179 capite
2184 4108 2457 4178 adoperto
2517 4109 2748 4164 castello
2816 4107 3016 4164 Montis
3064 4109 3219 4163 acuti
3269 4121 3328 4164 se
3377 4107 3649 4163 condidit.

1956 4199 2278 4268 Burgenses
2306 4212 2440 4254 vero
2469 4212 2602 4253 cum
2639 4198 2872 4253 minime
2895 4198 2966 4253 ab
3003 4198 3084 4253 eis
3124 4201 3474 4268 reperiretur
3511 4197 3656 4252 cloa-

139 4287 341 4346 Mariae
390 4288 726 4359 Profunda,
775 4293 832 4343 et
861 4290 916 4344 S.
959 4289 1120 4343 Petri
1155 4288 1560 4344 incenduntur.
1593 4321 1662 4330 —
1693 4291 1842 4346 Cru-
1880 4285 1920 4339 E
1951 4301 2046 4342 cas
2078 4301 2208 4342 eum
2240 4287 2330 4342 sui
2363 4286 2565 4342 timore
2613 4286 2805 4342 fovere
2861 4287 3143 4342 ridebant.
3213 4287 3363 4342 Uxor
3417 4300 3652 4356 quoque

138 4377 299 4434 citixi
355 4377 582 4433 Domini
635 4377 827 4448 imago
876 4377 1272 4435 decentissime
1323 4379 1624 4442 obaurata,
1691 4392 1845 4448 gem-

140 4464 371 4535 misque
399 4465 684 4533 distincta,
718 4479 853 4521 cum
894 4478 1029 4520 vase
1072 4466 1432 4536 saphyretico
1462 4481 1564 4536 pro
1605 4466 1846 4535 pedibus

141 4551 300 4608 illius
356 4552 626 4623 imaginis
684 4565 955 4622 appenso,
1010 4551 1070 4607 iu
1105 4561 1314 4608 terram
1372 4553 1502 4610 fusa
1533 4551 1840 4620 delabitur,

141 4655 251 4697 nec
275 4641 400 4696 sine
429 4639 678 4710 plurima
702 4641 931 4711 jactura
976 4641 1270 4711 recipitur.
1313 4642 1455 4698 Cum
1499 4642 1676 4711 igitur
1723 4654 1842 4695 cre-

140 4735 406 4784 maretur
465 4727 705 4782 ecclesia
770 4735 945 4797 atque
1001 4727 1302 4797 palatium,
1362 4727 1520 4783 dictu
1561 4726 1842 4792 mirabile,

141 4815 570 4887 mysticumque
616 4815 714 4872 Dei
757 4815 1064 4886 judicium,
1112 4816 1237 4872 titio
1298 4825 1494 4872 utrum
1551 4816 1741 4872 nescio
1769 4829 1846 4870 an

139 4904 319 4960 carbo
349 4903 420 4958 ad
454 4906 870 4960 monasterium
921 4903 1216 4974 virginum
1257 4903 1602 4970 convolavit,
1638 4901 1761 4973 (ίοθ)
1793 4909 1849 4957 et

139 4993 335 5050 Sancti
387 4994 624 5049 Joannis
669 4992 962 5050 ecclesiam
1014 4993 1385 5058 succendens,
1445 4992 1630 5047 Beataa
1675 4993 1848 5047 etiam

139 5082 358 5150 Maria,
404 5097 537 5153 quae
594 5081 886 5138 Profunda
936 5081 1164 5151 dicitur,
1220 5081 1530 5152 Sauctique
1588 5080 1740 5136 Petri
1790 5080 1846 5134 in

145 5172 370 5228 cineres
399 5171 699 5226 convertit.

215 5261 488 5315 Matronae
507 5257 767 5329 quaedam
800 5257 1142 5313 liberantur.
1171 5288 1240 5298 —-
1271 5257 1346 5313 At
1373 5270 1677 5327 procerum
1707 5270 1849 5312 con-

137 5350 312 5420 juges
358 5347 610 5417 qualiter
637 5348 746 5402 sub
785 5354 942 5402 tanto
996 5347 1225 5417 negotio
1260 5361 1322 5402 se
1346 5346 1584 5416 egerint,
1639 5345 1850 5402 referre

143 5451 261 5492 non
317 5434 492 5505 piget.
528 5433 881 5490 Vicedomini
912 5433 1128 5488 Adonis
1157 5447 1308 5489 uxor
1335 5433 1537 5489 videns
1562 5432 1633 5487 ad
1663 5438 1853 5502 partes

140 5522 394 5594 episcopi
456 5521 726 5578 maritum
757 5529 883 5578 orta
929 5520 1204 5578 seditione
1252 5520 1581 5588 concedere,
1617 5520 1854 5590 opinata

1953 4374 2178 4445 Bogerii
2207 4374 2411 4430 Montis
2455 4373 2608 4429 acuti
2642 4373 2877 4440 domini,
2934 4373 3346 4445 Armengardis
3396 4372 3650 4439 nomine,

1953 4477 2086 4518 cum
2114 4469 2260 4517 esset
2288 4462 2378 4517 die
2402 4462 2600 4517 eodem
2634 4463 2690 4516 in
2712 4463 2855 4518 urbe
2884 4463 3028 4532 (erat
3055 4463 3206 4518 enim
3248 4460 3492 4516 maritus
3528 4461 3655 4530 ejus

1953 4550 2299 4606 castellanus
2331 4549 2604 4605 'abbatiae
2645 4558 2771 4619 post
2816 4550 3155 4618 Gerardum)
3189 4549 3309 4618 ipsa
3337 4562 3470 4604 cum
3501 4562 3655 4604 uxo-

1954 4651 2014 4693 re
2046 4637 2160 4708 (ίοο)
2207 4637 2495 4707 Radulphi
2547 4638 2864 4707 discophori
2925 4637 3358 4704 monacharum,
3395 4637 3506 4692 nisi
3548 4636 3654 4692 fal-

1954 4726 2058 4793 lor,
2111 4725 2361 4795 tegmine
2409 4733 2640 4795 sumpto
2685 4740 2787 4797 per
2827 4724 3142 4780 convallem
3188 4724 3549 4779 Bibracinam
3582 4724 3654 4780 ad

1957 4815 2230 4870 Sanctum
2291 4814 2586 4870 contendit
2639 4813 3018 4869 Vincentium.
3075 4812 3252 4867 Filius
3281 4819 3471 4867 autem
3503 4826 3656 4881 prte-

1955 4901 2091 4958 dicti
2131 4902 2360 4957 Radulli
2437 4917 2538 4959 sex
2589 4903 2816 4959 circiter
2895 4915 3183 4957 annorum
3237 4915 3369 4957 cum
3419 4915 3453 4955 a
3505 4915 3657 4971 quo-

1956 4991 2087 5046 dam
2119 4991 2232 5061 (ιοτ)
2291 4992 2398 5046 sub
2429 4991 2586 5047 birro
2639 4989 2993 5047 liberationis
3049 5003 3225 5045 causa
3257 4990 3524 5058 ferretur,
3556 5002 3654 5057 pa-

1956 5079 2151 5136 risitus
2171 5088 2361 5136 autem
2394 5080 2604 5150 aliquis
2625 5081 2676 5136 ei
2705 5080 2933 5136 obviam
2973 5078 3158 5133 factus
3193 5077 3337 5148 quid
3369 5078 3475 5133 sub
3533 5091 3658 5148 cap-

1961 5181 2031 5238 pa
2074 5176 2323 5237 portaret
2381 5168 2625 5238 aspexit,
2653 5176 2708 5223 et
2764 5169 2910 5222 inter
2939 5167 3067 5235 ejus
3114 5165 3353 5220 brachia
3381 5164 3529 5220 illico
3554 5165 3658 5234 ju-

1959 5256 2201 5328 gulavit.

2031 5344 2137 5399 Per
2160 5345 2358 5401 vineas
2407 5345 2601 5414 itaque
2631 5343 2780 5398 inter
2815 5343 2931 5400 duo
2987 5340 3225 5396 brachia
3278 5339 3487 5395 montis
3515 5341 3662 5410 posi-

1959 5437 2068 5493 tas,
2099 5431 2189 5486 die
2219 5432 2334 5497 illa,
2360 5440 2416 5486 et
2448 5440 2612 5486 nocte
2643 5431 2748 5486 iter
2788 5429 3156 5502 fugientium,
3189 5435 3244 5484 et
3297 5427 3659 5497 clericorum,

1959 5527 2014 5575 et
2047 5519 2354 5576 mulierum
2387 5519 2512 5575 fuit.
2545 5519 2648 5577 Vir
2701 5518 2872 5588 plane
2903 5516 3237 5574 muliebrem
3270 5531 3386 5573 non
3416 5516 3662 5573 vereba-
