3922 6080
270 234 368 286 931
1176 230 1235 282 ν.
1278 229 1607 285 GUIBERTI
1649 229 1819 284 ΑΒΒΑ

1335 229 1607 285 lilBERTI
1649 228 1934 284 ABBATIS
1972 229 2030 283 S.
2075 230 2312 284 MARle
2356 230 2447 283 DE
2487 229 2884 284 NOVIGENTO

267 370 365 418 tur
397 364 680 428 habitum,
740 376 842 417 nec
882 359 1090 415 mulier
1130 359 1371 414 virilem.
1407 360 1625 414 Tantus
1679 360 1850 415 etiam
1891 358 1968 414 in-
2004 368 2051 417 Α
2079 361 2285 429 probro
2340 374 2438 415 seu
2473 359 2772 415 maledicto
2813 359 3147 428 praeteriret,
3175 360 3244 415 de
3289 360 3591 430 sepultura
3649 375 3800 415 vero

267 452 604 508 cendiorum
645 450 987 505 altrinsecus
1017 448 1328 517 positorum
1387 455 1574 504 motus
1618 447 1826 513 fuerat,
1861 448 1965 503 has
2072 446 2270 503 nullus
2307 447 2604 516 cogitaret,
2663 447 2938 516 magister
2984 447 3310 510 Anselmus,
3355 449 3455 519 qui
3515 449 3801 504 hesterno

267 541 328 596 in
361 547 550 611 partes
593 538 788 594 ﬂabris
842 537 1104 593 ﬂammas
1151 536 1557 606 torquentibus
1597 544 1657 592 ut
1700 536 1964 592 monachi
2073 550 2206 591 cum
2250 535 2448 592 seditio
2497 543 2786 603 aestuaret,
2835 536 3071 590 omnino
3099 551 3157 591 se
3188 537 3510 603 abdiderat,
3551 538 3626 592 ad
3667 544 3807 592 tra-

3678 231 3799 283 932

265 643 370 685 sua
410 630 604 684 omnia
651 633 988 682 vererentur
1047 625 1295 682 incendi.
1345 625 1529 681 Metus
1567 640 1704 680 vero
1755 626 1821 680 iis
1862 626 1960 694 qui

267 719 371 773 isto
395 716 773 786 confugerant
803 722 998 771 tantus
1037 723 1160 770 erat
1203 729 1272 770 ac
1317 715 1361 769 si
1400 727 1600 770 eorum
1647 714 1966 770 cervicibus

264 804 439 876 gladii
471 804 855 860 imminerent.
889 803 1047 858 Felix
1102 803 1285 859 Guido
1315 803 1756 858 archidiaconus
1791 810 1966 872 atque

263 893 682 958 thesaurarius,
740 893 841 963 qui
897 892 986 948 isti
1026 892 1250 963 negotio
1293 891 1493 947 defuit.
1546 889 1668 962 (ιοε)
1715 892 1804 947 Ad
1831 891 1969 946 San-

263 990 412 1038 ctam
442 982 594 1038 enim
628 982 866 1037 Mariam
921 980 1387 1036 Versiliacensem
1427 987 1656 1036 oratum
1699 988 1830 1035 ante
1861 982 1967 1035 Pa-

263 1071 401 1126 scha
452 1076 818 1139 processerat.
882 1071 961 1125 De
1003 1069 1130 1139 ejus
1169 1067 1527 1139 potissimum
1559 1068 1816 1124 absentia
1846 1080 1968 1122 car-

262 1159 460 1215 niﬁces
490 1158 906 1228 querebantur.

337 1247 540 1302 Plures
592 1246 948 1300 occiduntur.
983 1273 1051 1285 -
1085 1245 1296 1301 Occisis
1343 1244 1523 1315 igitur
1570 1244 1652 1301 sic
1707 1244 1968 1314 episcopo

264 1349 683 1406 procerumque
732 1334 1096 1404 primoribus.
1138 1334 1208 1388 ad
1241 1334 1594 1403 reliquorum
1620 1333 1720 1402 qui
1775 1347 1971 1402 super-

262 1432 428 1480 erant
471 1425 668 1480 domos
735 1423 1054 1479 obsidentes
1137 1422 1460 1478 intendunt.
1535 1423 1778 1478 Demum
1831 1435 1969 1491 ergo

263 1511 551 1567 Guillelmi
601 1510 703 1566 ﬁlii
753 1509 1026 1574 Haduini,
1065 1510 1168 1580 qui
1198 1525 1312 1565 non
1353 1517 1717 1566 consenserat
1744 1509 1970 1565 civibus

266 1601 326 1656 in
359 1606 541 1655 morte
575 1599 831 1665 Gerardi,
882 1599 979 1654 sed
1009 1613 1140 1656 cum
1175 1600 1292 1668 ipso
1347 1600 1655 1655 occidendo
1695 1599 1767 1654 ad
1799 1599 1972 1654 eccle-

2076 625 2274 692 goediaa
2296 623 2473 695 hujus
2499 631 2763 680 auctores
2793 636 3016 692 precem
3046 623 3216 690 fudit,
3252 632 3315 680 ut
3345 625 3664 690 hominem,
3700 624 3802 680 vel

2075 713 2215 782 quia
2260 713 2504 782 episcopi
2553 726 2761 768 nomen
2807 718 2861 767 et
2896 711 3122 783 insigne
3171 712 3475 781 habuerat,
3527 715 3805 769 sinerent

2073 815 2309 870 quoque
2335 801 2564 857 humari
2613 801 2711 855 vix
2752 808 3041 856 annuunt.
3099 800 3246 864 Quia
3282 815 3420 872 ergo
3467 801 3670 858 nudus
3723 801 3804 856 ad

2075 895 2242 944 terrae
2293 888 2500 944 canina
2553 889 2808 958 quadam
2857 888 3094 951 vilitate,
3136 903 3171 943 a
3222 890 3566 959 vespertinis
3633 890 3805 945 feriae

2075 977 2292 1048 quinta
2353 976 2527 1043 horis,
2580 977 2805 1033 tertiam
2877 977 3112 1032 crastini
3158 977 3272 1033 diei
3339 977 3539 1034 horam
3599 993 3806 1049 usque

2069 1066 2349 1137 iacuerat,
2391 1065 2632 1136 jubetur
2670 1065 2902 1122 tandem
2931 1079 2966 1120 a
2994 1066 3274 1136 magistro
3318 1066 3517 1134 levari,
3579 1068 3703 1138 (ηδ)
3744 1075 3803 1123 et

2073 1155 2310 1210 salbano
2378 1153 2697 1224 superjecto
2770 1153 2844 1209 ad
2909 1153 2966 1210 S.
3042 1154 3412 1212 Vincentium
3467 1156 3799 1226 deportari.

2076 1244 2198 1300 Dici
2229 1258 2341 1300 non
2381 1251 2561 1313 potest
2585 1250 2726 1314 quot
2764 1242 2955 1309 minis,
2988 1252 3129 1314 quot
3169 1245 3443 1300 conviciis
3484 1253 3800 1300 curatores

2076 1332 2294 1387 funeris
2346 1332 2725 1402 urgebantur,
2791 1338 2932 1402 quot
2990 1341 3254 1388 mortuus
3307 1333 3423 1402 ipse
3491 1331 3800 1388 maledicis

2076 1421 2440 1476 sermonibus
2493 1419 2842 1490 illapidatur.
2902 1421 3024 1491 (ιιι)
3070 1421 3304 1476 Delatus
3358 1421 3428 1476 ad
3484 1420 3797 1477 ecclesiam

2080 1508 2221 1563 nihil
2270 1522 2508 1577 prorsus
2551 1507 2747 1574 ofﬁcii,
2805 1523 2919 1564 non
2966 1509 3093 1565 dico
3142 1510 3297 1580 quod
3351 1511 3646 1579 episcopo,
3691 1509 3796 1564 sed

2083 1597 2237 1666 quod
2290 1597 2610 1653 Christiano
2680 1603 3022 1666 competeret
3091 1599 3147 1652 in
3204 1598 3497 1669 exsequiis
3557 1598 3791 1653 habuit.

264 1689 410 1745 siam
458 1698 730 1744 oraturus
781 1702 946 1744 mane
999 1697 1348 1758 perrexerat,
1401 1695 1518 1744 tota
1557 1695 1719 1744 nocte
1767 1701 1976 1758 perva-
2021 1663 2260 1741 BTerra
2317 1685 2570 1756 receptui
2630 1687 2758 1756 ejus
2820 1685 3188 1754 semicavata,
3234 1700 3445 1756 corpus
3497 1693 3584 1742 est
3636 1687 3794 1741 intro

267 1777 431 1833 dunt.
481 1777 744 1846 Cumque
794 1775 874 1832 illi
930 1776 1065 1831 hinc
1098 1777 1350 1847 ignibus,
1387 1776 1546 1832 illinc
1574 1775 1858 1842 asciculis,
1899 1790 1980 1831 se-

269 1867 510 1923 curibus
562 1873 737 1935 atque
791 1865 976 1920 contis
1005 1873 1252 1921 mactato
1291 1865 1506 1934 pariete
1539 1864 1894 1932 institissent,
1925 1871 1980 1920 et

266 1953 346 2010 illi
405 1954 504 2024 qui
567 1953 722 2009 intus
791 1960 956 2008 erant
1012 1953 1438 2010 mordacissime
1495 1954 1848 2020 restitissent,
1906 1953 1978 2008 ad

268 2041 610 2098 deditionem
643 2048 927 2110 postremo
959 2049 1212 2109 coactus,
1247 2042 1393 2097 miro
1425 2041 1522 2096 Dei
1555 2041 1792 2110 judicio,
1844 2053 1976 2096 cum

269 2131 427 2186 hunc
482 2130 702 2186 caeteris
759 2130 889 2200 plus
943 2130 1213 2197 odissent,
1265 2129 1492 2186 salvum
1525 2145 1592 2185 ac
1635 2130 1978 2186 incolumem

271 2219 648 2289 compedibus
698 2218 1060 2289 injecerumt.
1119 2218 1424 2274 Castellani
1461 2218 1651 2273 itidem
1687 2217 1800 2274 ﬁlio
1834 2217 1980 2273 fece—

269 2315 428 2364 runt.
461 2308 600 2364 Erat
641 2315 832 2364 autem
867 2308 924 2362 in
979 2308 1147 2362 domo
1177 2305 1468 2363 Guillelmi
1516 2306 1755 2377 quidam
1790 2306 1978 2362 adole-

269 2409 433 2451 scens
477 2395 665 2451 dictus
705 2403 760 2450 et
807 2395 926 2464 ipse
979 2394 1322 2451 Guillelmus
1367 2394 1614 2464 episcopi
1676 2394 1975 2451 cubicula-

272 2483 413 2550 rius,
449 2482 552 2552 qui
599 2482 916 2551 plurimum
954 2482 1186 2538 titulum
1216 2482 1276 2536 in
1311 2482 1408 2537 illa
1463 2481 1794 2538 defensione
1832 2495 1981 2537 com-

271 2571 504 2628 meruit.
562 2573 614 2626 Is
671 2571 839 2626 domo
903 2577 1089 2639 capta,
1139 2571 1212 2626 ab
1253 2585 1320 2625 ea
1368 2579 1526 2640 parte
1576 2570 1977 2641 hurgensium,

274 2675 406 2730 quae
430 2659 665 2715 domum
689 2659 1045 2726 consederat,
1078 2665 1162 2714 est
1191 2669 1530 2726 conventus,
1573 2665 1772 2715 utrum
1813 2659 1980 2714 sciret

275 2761 350 2803 an
379 2747 604 2804 occisus
653 2754 803 2803 esset
857 2746 1162 2816 episcopus
1208 2761 1407 2812 necne,
1458 2746 1551 2802 ille
1605 2762 1664 2802 se
1714 2748 1981 2818 ignorare

275 2835 586 2905 respondit.
649 2835 760 2890 Alii
813 2835 969 2890 enim
1019 2842 1206 2900 erant,
1258 2835 1361 2905 qui
1405 2834 1735 2904 episcopum
1767 2835 1983 2892 occide-

275 2931 441 2992 rant;
473 2922 568 2978 alii
609 2923 708 2993 qui
748 2922 898 2978 zedes
925 2929 1427 2994 expugnaverant.
1459 2925 1723 2993 Cumque
1743 2923 1983 2978 circum-
2019 2958 2060 3016 Ο

275 3012 466 3069 eundo
544 3012 791 3068 cadaver
849 3012 1096 3080 episcopi
1161 3013 1520 3080 reperissent,
1581 3012 1832 3082 rogitant
1882 3012 1982 3082 ju-

277 3113 482 3156 venem
531 3104 682 3154 509
717 3107 913 3156 utrum
961 3099 1162 3170 jacens
1209 3113 1418 3170 corpus
1471 3100 1518 3155 si
1557 3099 1682 3170 ejus
1722 3099 1864 3156 foret
1909 3113 1982 3154 ex

279 3189 474 3257 aliquo
513 3187 678 3258 signo
728 3186 1112 3243 convinceret.
1167 3188 1250 3242 Ita
1301 3193 1494 3244 autem
1543 3195 1741 3244 vertex
1786 3196 1840 3244 et
1883 3202 1985 3244 ora

280 3277 508 3332 fuerant
535 3290 608 3332 ex
640 3275 821 3331 multa
861 3275 1185 3331 concisione
1218 3282 1456 3338 mutata,
1492 3283 1556 3332 ut
1585 3276 1831 3333 discerni
1868 3291 1982 3332 non

284 3372 485 3435 posset.
522 3367 591 3420 At
629 3363 722 3420 ille
767 3363 1055 3430 recordor,
1097 3363 1234 3419 dum
1291 3364 1608 3432 adviveret,
1667 3364 1764 3432 ait,
1819 3371 1874 3420 et
1914 3364 1985 3420 de

280 3469 341 3510 re
382 3452 637 3520 militari,
698 3466 875 3523 quam
931 3451 1080 3508 malo
1135 3466 1239 3508 suo
1292 3452 1608 3523 plurimum
1659 3451 1980 3521 affectabat,

280 3541 540 3598 crebrius
585 3541 940 3611 loqueretur,
974 3540 1115 3610 quia
1156 3539 1212 3595 in
1244 3539 1552 3596 simulacro
1584 3554 1794 3612 pugnae
1845 3541 1985 3596 dum

280 3629 520 3686 militem
559 3630 867 3699 quemdam
916 3643 1068 3699 equo
1115 3637 1314 3685 vectus
1361 3628 1610 3685 ludendo
1671 3630 1982 3699 impeteret,

281 3718 353 3773 ab
383 3719 580 3774 eodem
620 3719 817 3789 equite
873 3726 1040 3774 conto
1091 3731 1415 3787 percussus,
1467 3717 1785 3788 subiectam
1844 3717 1986 3774 collo

2088 1774 2247 1830 brevi
2299 1775 2497 1830 tabula
2540 1773 2623 1830 sic
2679 1788 3072 1844 compressum
3115 1782 3181 1830 ut
3238 1783 3436 1844 pectus
3489 1782 3544 1831 et
3586 1783 3797 1830 venter

2087 1877 2261 1932 prope
2317 1877 2502 1932 usque
2555 1862 2629 1918 ad
2672 1863 2955 1932 crepitum
2989 1870 3364 1932 premeretur.
3403 1863 3472 1917 Et
3499 1876 3636 1918 cum
3669 1876 3796 1917 ma-

2087 1950 2171 2006 los
2229 1951 2606 2021 pollinctores,
2662 1958 2724 2008 ut
2770 1951 2912 2018 dixi,
2947 1951 3199 2018 haberet,
3245 1951 3313 2006 ad
3361 1951 3484 2006 haec
3506 1959 3664 2006 certe
3691 1949 3795 2005 ad-

2087 2041 2204 2096 huc
2264 2054 2297 2094 a
2345 2040 2723 2110 praesentibus
2783 2041 3201 2110 arguebantur,
3267 2048 3330 2096 ut
3397 2039 3794 2095 miserrimum

2086 2143 2296 2199 corpus
2325 2143 2443 2199 quo
2496 2136 2720 2199 possent
2751 2129 3002 2198 nequius
3046 2136 3435 2185 attrectarent.
3496 2129 3579 2183 Ea
3613 2129 3709 2182 die
3735 2127 3793 2182 in

2085 2218 2281 2272 eadem
2308 2217 2547 2273 ecclesia
2575 2231 2610 2271 a
2656 2217 2953 2272 monachis
2981 2215 3126 2272 nihil
3158 2215 3422 2271 divinum
3453 2222 3648 2271 actum
3684 2224 3793 2271 est.

2088 2305 2192 2362 Sed
2219 2305 2357 2375 quid
2389 2305 2515 2361 dico
2544 2318 2612 2362 ea
2641 2305 2775 2361 die?
2834 2305 2946 2360 imo
2977 2319 3078 2375 per
3106 2305 3328 2375 aliquot
3373 2304 3513 2372 dies,
3544 2319 3684 2360 cum
3726 2305 3795 2359 de

2088 2394 2158 2450 ad
2197 2409 2255 2450 se
2313 2393 2656 2464 fugientium
2720 2393 2905 2450 salute
2968 2393 3193 2463 trepidi,
3252 2393 3320 2449 de
3366 2406 3475 2448 sua
3531 2393 3795 2462 ipsorum

2086 2482 2258 2538 etiam
2287 2490 2465 2538 morte
2486 2483 2771 2538 timerent.

2158 2571 2326 2627 Mulli
2351 2571 2571 2626 nobile:
2595 2570 2708 2625 viri
2731 2572 3040 2643 sepulturae
3077 2571 3410 2627 traduntur.
3441 2570 3800 2640 Radulphus

2088 2659 2390 2716 Remensi:
2455 2659 2919 2733 archiepiscopus
2978 2659 3192 2716 missa:
3270 2659 3395 2733 agit
3437 2673 3543 2730 pro
3595 2659 3801 2727 defun-

2086 2749 2212 2804 clis.
2268 2780 2337 2789 —
2391 2750 2501 2804 Nec
2536 2763 2696 2804 mora
2742 2748 3150 2805 Guinimarum
3200 2748 3576 2804 castellanum
3609 2748 3798 2817 (quod

2087 2837 2198 2894 dici
2229 2838 2388 2893 dolor
2433 2841 2540 2904 est)
2594 2852 2744 2894 uxor
2787 2837 2934 2908 ejus,
2965 2845 3019 2894 et
3069 2837 3218 2905 ﬁlim,
3269 2837 3458 2893 nobile
3492 2836 3660 2892 vafde
3701 2852 3800 2906 ge-

2088 2941 2220 2994 nus,
2276 2928 2414 2997 ipsa;
2465 2927 2598 2982 solae
2653 2927 3035 2998 impingentes
3089 2934 3146 2982 et
3194 2926 3483 2982 trahentes
3522 2925 3583 2980 in
3608 2925 3798 2980 biroto

2090 3015 2471 3071 advexerunt.
2529 3015 2842 3086 Postquam
2921 3015 3250 3080 Rainerius,
3301 3022 3532 3084 sumpta
3578 3014 3796 3069 alicubi

2093 3103 2399 3173 posteriore
2445 3111 2606 3173 parte
2635 3118 2769 3159 cum
2805 3104 2950 3159 inter
2997 3103 3144 3159 duas
3174 3110 3347 3167 rotas,
3401 3116 3579 3171 super
3621 3115 3794 3157 axem

2092 3192 2329 3262 positus,
2373 3192 2668 3261 superiore
2727 3199 2886 3262 parte
2941 3205 3222 3247 coxarum
3274 3192 3465 3248 adhuc
3516 3190 3795 3246 stridente

2091 3295 2164 3336 ex
2205 3280 2456 3349 ignibus,
2491 3294 2524 3334 a
2573 3280 2823 3350 quodam
2863 3295 2967 3336 suo
3008 3280 3243 3348 rustico,
3301 3288 3356 3335 et
3403 3280 3656 3351 quadam
3701 3294 3793 3333 no-

2094 3369 2193 3425 bili
2240 3367 2555 3438 juvencula
2609 3369 3040 3440 consanguinea
3068 3383 3195 3436 sua,
3248 3367 3558 3424 miserabili
3586 3375 3642 3423 et
3682 3368 3794 3436 ipse

2093 3457 2258 3512 modo
2282 3455 2609 3512 adducitur.
2644 3457 2828 3527 Super
2855 3457 2945 3513 his
2973 3457 3202 3513 duobus
3255 3471 3441 3513 sermo
3476 3457 3687 3520 bonus,
3735 3463 3794 3511 ut

2093 3542 2304 3599 dicitur
2337 3543 2395 3598 in
2423 3542 2567 3599 libro
2597 3544 2843 3615 Regum,
2888 3545 3157 3601 inventus
3183 3545 3313 3615 (ΙΙΙ
3341 3545 3480 3616 Reg.
3510 3558 3627 3611 xiv,
3688 3546 3792 3608 l3),

2095 3641 2157 3688 ut
2209 3645 2407 3688 omnes
2436 3632 2540 3702 qui
2573 3632 2718 3689 bene
2757 3633 3056 3701 sentirent,
3103 3647 3302 3689 eorum
3338 3633 3620 3688 mortibus
3666 3649 3798 3689 con-

2093 3719 2368 3788 dolerent,
2422 3735 2526 3776 nec
2574 3721 2794 3790 uspiam
2847 3722 2982 3777 mali
3029 3728 3210 3790 erant,
3251 3729 3494 3791 excepta
3530 3721 3798 3778 societate

280 3807 426 3863 illud
457 3807 614 3877 quod
664 3815 868 3862 vocant
899 3805 1160 3862 canolam
1213 3790 1462 3876 fregerit.
1493 3806 1566 3861 Et
1604 3805 1989 3876 disquirentes
2096 3808 2523 3866 interfectorum
2567 3810 2821 3866 Gerardi.
2883 3811 3046 3868 Unde
3091 3820 3147 3867 et
3206 3790 3800 3881 multoieompassibi-

284 3896 505 3952 nodum
537 3895 819 3950 cicatricis
843 3895 1166 3950 inveniunt.
2096 3899 2209 3955 lius
2274 3912 2377 3954 suo
2453 3897 2720 3968 episcopo
2781 3907 2918 3955 sunt
2982 3899 3211 3969 sepulti.
3261 3899 3540 3969 Reliquiae
3603 3907 3797 3956 autem

354 3983 650 4037 Adalbero
673 3982 852 4037 abbas
870 3981 1202 4052 prohibetur
1217 3981 1420 4052 ψεῖ-γε
1443 3982 1690 4037 cadaver
1711 3981 1984 4054 episcopi.
2099 3985 2313 4042 Adonis
2363 3985 2703 4042 vicedomiui
2768 3995 2889 4056 post
2937 3987 3133 4057 plures
3185 3987 3360 4057 hujus
3406 3987 3700 4042 seditionis
3744 3995 3799 4043 et

288 4069 544 4142 Corpora
568 4073 902 4126 sanctorum
927 4069 990 4124 in
1018 4069 1260 4127 ecclesia
1287 4072 1348 4124 S.
1379 4069 1633 4126 Joannis
1668 4073 1888 4126 exusta.
1921 4100 1989 4112 —
2097 4074 2364 4141 incendii,
2398 4075 2518 4130 dies
2566 4076 2922 4145 parvissimze
2976 4083 3231 4146 repertae,
3262 4084 3318 4133 et
3364 4076 3423 4131 in
3455 4089 3648 4145 panno
3701 4090 3799 4131 an-

286 4157 399 4228 ('°9)
447 4157 640 4214 Abbas
694 4165 882 4214 autem
933 4157 1123 4214 Sancti
1181 4158 1468 4216 Vincentii
1523 4159 1804 4216 Adalbero
1855 4173 1988 4216 cum
2100 4163 2430 4233 gustissimo
2482 4165 2822 4233 constrictae,
2879 4179 3066 4236 usque
3113 4166 3186 4221 ad
3241 4165 3391 4220 diem
3434 4178 3550 4234 quo
3593 4165 3798 4221 Hadul-

285 4245 540 4302 audisset
585 4245 919 4316 episcopum
949 4247 1380 4317 interemptum,
1423 4247 1709 4319 velletque
1757 4248 1854 4304 illo
1887 4249 1987 4316 ire,
2031 4258 2073 4313 ι)
2102 4251 2251 4320 phus
2280 4251 2574 4308 Remensis
2625 4253 3089 4324 archiepiscopus
3139 4254 3490 4310 Laudunum
3527 4255 3687 4310 venit
3715 4269 3798 4310 ec-

289 4343 487 4404 aperta
514 4333 567 4390 ei
625 4333 812 4390 fronte
865 4335 1012 4391 illico
1066 4335 1297 4404 dicitur,
1331 4336 1485 4406 quod
1515 4336 1558 4391 si
1595 4335 1900 4393 insanienti
1934 4351 1992 4392 se
2098 4339 2329 4396 clesiam
2388 4341 2883 4410 reconciliaturus,
2923 4350 3061 4399 sunt
3103 4350 3367 4399 servatae.
3399 4342 3508 4409 Qui
3563 4343 3798 4398 veniens

287 4423 473 4480 turbae
515 4423 809 4492 insereret,
842 4424 966 4494 pari
999 4438 1134 4480 mox
1166 4424 1540 4481 internecioni
1569 4425 1988 4482 succumberet.

286 4513 569 4569 Asseruut
610 4519 762 4568 certe
791 4512 892 4582 qui
920 4512 1005 4568 illi
1037 4513 1264 4583 negotio
1297 4512 1684 4570 interfuerunt
1719 4513 1796 4570 ita
1843 4514 1990 4570 diem

287 4601 396 4657 diei
453 4601 714 4671 sequenti
758 4608 899 4658 tunc
928 4601 1351 4668 continuatum,
1387 4609 1450 4658 ut
1498 4602 1659 4658 nulla
1690 4603 1871 4658 noctis
1898 4617 1993 4658 oc-

287 4689 548 4746 cubitum
583 4688 882 4759 opacitatis
932 4689 1100 4759 signa
1129 4689 1551 4758 praetenderint.
1582 4689 1804 4756 Quibus
1861 4705 1992 4746 cum

289 4777 593 4848 objicerem
621 4778 939 4834 claritatem
965 4777 1188 4848 ignium
1217 4777 1324 4832 hoc
1359 4777 1572 4844 fecisse,
1623 4778 1997 4835 sacramentis

290 4867 647 4933 astruebant,
685 4866 840 4936 quod
872 4874 931 4921 et
973 4879 1178 4921 verum
1209 4873 1352 4932 erat,
1414 4866 1576 4938 ignes
1602 4867 1854 4923 interdiu
1889 4868 1997 4923 oh-

290 4963 472 5023 rutos,
497 4962 987 5024 consumptosque
1030 4953 1223 5010 fuisse.
1260 4955 1416 5025 Ignis
1445 4962 1636 5011 autem
1685 4955 1741 5010 in
1797 4967 1996 5011 mona-

291 5044 462 5100 sterio
512 5043 807 5114 virginum
843 5041 921 5098 ita
954 5042 1280 5112 praevaluit,
1316 5050 1380 5099 ut
1408 5043 1676 5114 quaedam
1697 5042 1767 5099 de
1803 5058 2000 5113 corpo-

291 5133 454 5189 ribus
482 5139 814 5188 sanctorum
845 5139 1140 5187 exureret.

975 5219 1208 5276 CAPUT
1246 5220 1320 5275 X.

370 5308 626 5363 Tandem
649 5306 929 5380 sepelitur
951 5309 1247 5380 episcopus
1269 5307 1332 5363 in
1359 5305 1603 5365 eccleria
1629 5309 1694 5364 S.
1751 5306 2000 5364 Vincen-

299 5393 368 5448 tii
395 5399 561 5450 extra
587 5396 804 5453 urbem.
835 5424 904 5436 ——
935 5397 1000 5451 In
1040 5395 1291 5453 crastino
1320 5396 1500 5467 igitur
1531 5395 1809 5466 quoniam
1835 5410 2002 5452 nemo

297 5490 416 5538 erat
454 5497 598 5553 pene
624 5484 724 5554 qui
756 5483 953 5553 jacens
984 5483 1234 5554 episcopi
1279 5484 1526 5540 cadaver
1559 5484 1686 5540 sine
1714 5485 1876 5556 jactu
1901 5491 2002 5541 aut

2100 4428 2171 4484 ad
2203 4428 2257 4482 S.
2291 4427 2679 4496 Vincentium,
2736 4429 3018 4486 solemnes
3067 4438 3205 4486 tunc
3242 4432 3494 4500 primum
3554 4444 3654 4500 pro
3683 4432 3799 4500 epi-

2100 4530 2289 4586 scopo,
2323 4517 2518 4573 etsuis
2545 4517 2920 4588 complicibus
2944 4519 3059 4589 egit
3103 4519 3319 4584 missas,
3375 4533 3507 4575 cum
3565 4519 3730 4574 multi
3764 4533 3799 4573 a

2103 4605 2386 4662 mortibus
2434 4619 2634 4662 eorum
2700 4607 3212 4676 praeterﬂuxissent
3266 4607 3403 4663 dies.
3460 4607 3799 4678 Radulphus

2104 4700 2296 4749 autem
2322 4693 2545 4764 dapifer
2571 4694 2772 4750 eadem
2803 4709 2922 4765 qua
2953 4701 3008 4751 et
3049 4694 3146 4751 alii
3187 4695 3298 4757 die,
3329 4695 3403 4751 ab
3457 4709 3576 4750 anu
3619 4704 3797 4751 matre

2103 4796 2236 4838 cum
2272 4782 2515 4852 parvqu
2545 4783 2658 4839 ﬁlio
2679 4783 2905 4840 delatus
2929 4799 3165 4856 quoquo
3196 4784 3362 4840 modo
3408 4792 3492 4840 est
3520 4785 3792 4854 sepultus,

2103 4877 2158 4925 et
2184 4869 2337 4925 ﬁlius
2356 4885 2530 4940 super
2556 4872 2735 4942 patris
2757 4880 2957 4943 pectus
2984 4875 3222 4943 positus.

2174 4959 2342 5012 Inter
2368 4957 2685 5015 missarum
2695 4959 2979 5015 solemnia
3003 4960 3156 5016 cives
3180 4978 3219 5016 a
3248 4960 3595 5016 Communia
3605 4961 3799 5016 dehor-

2106 5047 2283 5099 tatur.
2316 5075 2385 5084 —
2414 5045 2772 5103 Venerabilis
2819 5055 3012 5104 autem
3063 5057 3117 5105 et
3166 5049 3391 5119 sapiens
3437 5049 3798 5120 archiepisco-

2107 5146 2233 5202 pus,
2287 5148 2417 5189 cum
2465 5135 2732 5205 quaedam
2780 5135 3182 5193 defunctorum
3229 5150 3473 5207 corpora
3513 5138 3570 5193 in
3605 5138 3799 5194 melius

2111 5222 2512 5290 transtulisset,
2551 5225 2824 5280 omnibus
2853 5232 3046 5280 tamen
3081 5239 3213 5280 cum
3261 5225 3516 5281 maximo
3545 5225 3798 5282 afﬁnium

2109 5323 2177 5365 ac
2207 5317 2512 5379 parentum
2544 5311 2740 5368 dolore
2774 5312 2975 5368 divina
3027 5312 3216 5368 ofﬁcia
3243 5312 3632 5382 impendisset,
3665 5313 3802 5371 inter

2110 5398 2315 5454 missas
2346 5413 2670 5456 sermonem
2720 5400 2924 5457 habuit
2969 5401 3039 5458 de
3081 5401 3536 5458 exsecrabilibus
3565 5418 3802 5460 commu-

2111 5485 2224 5541 niis
2255 5485 2387 5552 illis,
2420 5487 2474 5541 in
2535 5488 2750 5559 quibus
2797 5496 2999 5547 contra
3024 5489 3124 5560 jus
3150 5498 3203 5546 et
3246 5489 3331 5545 fas
3358 5490 3640 5548 violenter
3665 5497 3802 5550 servi
