3922 6080
135 258 244 310 933

1205 257 1293 309 DE
1334 257 1491 312 VITA
1542 257 1677 310 ΒΗΑ
1719 255 1905 310 LIBRI
1946 255 2143 310 TRES.
2186 285 2253 293 —
2299 255 2428 310 LIB.
2474 256 2568 310 Ill.

3533 263 3637 316 934

133 401 168 441 a
209 387 575 442 dominorum
621 386 754 456 jure
801 401 858 441 se
905 385 1279 442 subtrahunt.
1325 409 1347 436 ι
1399 385 1580 452 Servi,
1642 384 1828 456 inquit
1864 384 2167 455 Aspondit
2196 401 2255 441 se
2307 401 2423 441 non
2478 400 2658 456 posse.
2716 386 2831 453 Sta,
2894 387 3103 457 inquit,
3150 403 3256 459 ego
3311 389 3514 446 faciam
3573 401 3635 448 ut

133 476 446 544 apostolus,
505 475 721 530 subditi
787 483 962 530 estote
1020 476 1076 530 in
1134 475 1289 530 omni
1345 474 1546 530 timore
1586 474 1832 530 dominis

133 566 188 633 (Ι
217 565 372 617 Petr.
402 577 504 630 xu,
526 566 632 629 l8).
669 586 696 612 »
724 564 795 618 Et
822 578 893 620 ne
921 563 1074 618 servi
1100 571 1414 619 causentur
1434 563 1708 619 duritiam
1740 563 1828 619 vel

131 653 441 708 avaritiam
498 652 884 718 dominorum,
936 651 1128 707 adhuc
1195 652 1474 707 audiant:
1513 673 1541 700 «
1597 653 1662 707 Et
1715 665 1828 708 non

131 749 362 797 tantum
393 741 557 798 bonis
611 748 666 796 et
713 741 1000 807 modestis,
1055 741 1150 796 sed
1196 749 1252 797 et
1293 741 1520 796 discolis
1561 740 1762 809 (ibid).
1802 763 1822 789 ι

132 831 307 887 Plane
335 832 396 887 in
444 829 791 886 authenticis
819 829 1142 884 canonibus
1187 830 1540 885 damnantur
1590 829 1830 885 anathe-

131 924 304 987 mate,
338 919 440 990 qui
469 933 664 975 servos
721 917 968 973 dominis
997 917 1288 988 religionis
1317 931 1497 973 causa
1528 917 1829 974 docuerint

131 1007 443 1075 inobedire,
497 1016 598 1064 aut
651 1007 858 1077 quovis
927 1005 1344 1076 subterfugere,
1413 1006 1626 1062 nedum
1682 1000 1828 1062 resi-

129 1107 278 1153 stere
309 1097 545 1168 (Concil.
597 1099 785 1168 Gang.
834 1110 966 1151 can.
1018 1096 1091 1166 3).
1129 1096 1287 1152 Unde
1339 1103 1394 1151 et
1449 1095 1592 1151 illud
1648 1110 1830 1167 argu-

128 1193 323 1240 mento
354 1192 456 1252 est,
491 1185 645 1254 quod
676 1198 868 1254 neque
899 1185 971 1240 ad
1010 1185 1245 1249 clerum,
1289 1199 1478 1254 neque
1520 1185 1591 1240 ad
1637 1199 1830 1240 sacros

127 1274 381 1339 ordines,
438 1288 554 1329 non
623 1273 692 1328 ad
750 1273 1156 1328 monachatum
1213 1273 1500 1343 quispiam
1532 1273 1825 1344 recipitur,

127 1362 240 1418 nisi
275 1362 374 1433 qui
406 1375 605 1417 exsors
629 1375 662 1416 a
687 1361 917 1416 servitio
967 1361 1279 1430 habeatur;
1313 1369 1575 1430 receptus
1609 1368 1828 1431 autem,

128 1450 473 1520 neutiquam
525 1458 724 1505 contra
761 1448 1058 1520 exigentes
1114 1450 1376 1504 dominos
1431 1457 1712 1505 teneatur.
1749 1451 1827 1506 De

127 1553 250 1609 qua
277 1554 340 1594 re
368 1539 540 1595 etiam
574 1539 864 1595 multoties
921 1539 980 1593 in
1007 1539 1167 1610 regia
1209 1539 1374 1595 curia
1417 1540 1649 1609 saepius,
1684 1541 1827 1596 alias

128 1628 188 1683 in
219 1627 459 1683 diversis
488 1628 868 1684 conventibus
923 1626 1260 1697 disputavit.
1298 1628 1429 1684 Haec
1475 1642 1576 1698 per
1604 1643 1824 1698 praeoc-

125 1717 496 1785 cupationem
521 1716 797 1782 diximus,
824 1717 946 1786 jam
980 1730 1138 1772 nunc
1183 1717 1511 1787 retrograde
1558 1717 1629 1772 ad
1669 1715 1822 1772 ordi-

125 1817 259 1860 nem
285 1805 606 1862 redeamus.

794 1929 1021 1985 CAPUT
1062 1929 1161 1984 XI.

201 2074 426 2126 Thomas
453 2069 882 2126 Codiciasensi:
917 2069 1313 2142 grassatione:
1354 2085 1425 2124 ac
1451 2069 1666 2124 rabida
1691 2086 1823 2124 cru-

124 2159 418 2214 delitalee.
449 2190 518 2200 —
543 2160 828 2229 Perpensa
856 2157 1034 2230 igitur
1071 2159 1450 2214 scelestissimi
1492 2160 1645 2214 cives
1693 2173 1827 2228 per-

126 2249 332 2318 petrati
359 2249 684 2319 quantitate
719 2247 988 2303 facinoris
1022 2259 1252 2317 magno,
1283 2246 1595 2303 extabuere
1645 2254 1826 2316 metu,

126 2338 354 2408 regium
390 2336 848 2407 pertimescentes
893 2334 1200 2407 judicium,
1234 2335 1386 2391 unde
1443 2335 1545 2405 qui
1593 2335 1824 2392 medici-

130 2440 268 2482 nam
297 2440 556 2496 qnaerere
580 2425 927 2489 debuerunt,
965 2437 1069 2479 suo
1096 2423 1315 2479 vulnus
1338 2423 1566 2480 vulneri
1598 2423 1827 2481 addide-

127 2523 285 2571 runt.
317 2516 426 2584 (ιη)
458 2515 732 2570 Thomam
779 2513 933 2570 enim
989 2511 1421 2579 Codiciasensis,
1482 2520 1547 2568 ut
1594 2513 1823 2580 dicitur,

129 2602 334 2669 ﬁlium,
371 2601 466 2658 cui
513 2608 637 2657 erat
697 2599 996 2656 castellum
1049 2599 1254 2656 Marna
1308 2599 1578 2669 (Mante),
1636 2601 1828 2670 praesi-

125 2689 287 2746 dium
340 2689 414 2745 ad
483 2689 572 2745 sui
633 2696 834 2745 contra
900 2688 1086 2758 regios
1134 2688 1381 2758 impetus
1437 2687 1822 2745 defensionem

125 2778 404 2833 accersire
463 2778 799 2848 disponunt.
877 2777 930 2832 Is
991 2776 1066 2831 ab
1145 2776 1378 2831 ineunte
1444 2775 1822 2832 adolescentia

123 2867 349 2936 pradas
400 2867 470 2922 de
518 2866 896 2936 pauperibus,
923 2873 979 2920 et
1008 2864 1535 2934 Hierosolymitauis
1573 2865 1823 2936 peregri-

1936 487 2088 544 aegre
2151 488 2439 544 properes.
2471 475 2757 545 Equoque
2797 475 3085 544 desiliens,
3116 476 3306 545 gladio
3329 479 3380 533 ei
3414 487 3636 535 utrum-

1937 575 2052 631 que
2080 563 2321 618 succidit
2363 563 2584 633 pedem,
2639 564 2790 619 unde
2816 572 2872 619 et
2923 572 3188 620 mortuus
3237 574 3340 622 est.
3396 568 3634 624 Frustra

1935 659 2239 706 contexam
2271 651 2605 720 huiusmodi
2661 661 2859 722 pestes,
2893 668 3026 708 cum
3069 653 3210 710 alias
3256 669 3359 710 nos
3405 665 3634 713 maneat

1937 752 2052 793 non
2084 739 2273 794 minor
2299 739 2518 795 occasio
2544 740 2847 796 referendi.
2880 741 2962 795 Ad
2995 756 3113 797 rem
3145 741 3396 798 veniam.

2006 827 2295 898 Pagenses
2338 845 2441 882 seu
2485 828 2691 883 rustici
2730 829 2927 884 urbem
2981 830 3425 886 Laudunensem
3483 832 3630 887 diri-

1928 914 2117 984 piunt.
2149 947 2216 956 —
2248 918 2374 986 Ipse
2399 917 2634 974 Gerardi
2689 919 3074 975 interfectores
3102 919 3204 975 diu
3247 921 3356 976 sub
3397 936 3630 978 excom-

1935 1005 2327 1061 municatione
2359 1007 2612 1071 retinuit,
2646 1008 2745 1063 diu
2787 1008 2944 1076 fovit,
2995 1010 3279 1065 neminem
3339 1025 3453 1066 non
3504 1026 3632 1068 sce-

1935 1092 2345 1149 leratissimum
2399 1095 2593 1162 coluit,
2635 1096 2726 1150 cui
2780 1095 2920 1151 illud
2972 1096 3386 1154 Sallustianum
3445 1101 3632 1170 potius

1936 1195 2112 1252 quam
2164 1180 2419 1238 Catilinae
2467 1183 2754 1254 congruit.
2806 1184 2952 1250 Quia
2998 1186 3179 1256 gratis
3224 1187 3411 1244 malus
3455 1197 3632 1260 atque

1934 1270 2184 1327 crudelis
2219 1279 2360 1327 erat.
2411 1271 2494 1326 Ad
2545 1271 2700 1327 hunc
2736 1286 2872 1343 ergo
2920 1287 3023 1343 pro
3077 1275 3311 1330 cumulo
3348 1276 3630 1334 malorum

1935 1359 2246 1430 dirigentes
2283 1367 2337 1415 et
2378 1367 2440 1415 ut
2470 1359 2542 1415 ad
2573 1374 2632 1415 se
2687 1361 2927 1427 veniret,
2959 1375 3136 1431 seque
3181 1372 3382 1419 contra
3440 1379 3630 1436 regem

1934 1455 2194 1504 tueretur
2236 1457 2484 1515 orantes,
2534 1447 2766 1504 tandem
2798 1448 3118 1504 venientem
3179 1450 3237 1504 in
3290 1452 3434 1507 urbe
3483 1453 3630 1507 reci-

1935 1535 2123 1604 piunt.
2155 1535 2298 1591 Cum
2339 1535 2434 1590 ille
2465 1533 2680 1590 auditis
2699 1549 2898 1590 eorum
2959 1534 3224 1604 precibus
3252 1535 3631 1592 consuluisset

1932 1637 2089 1692 suos,
2123 1623 2264 1692 quid
2303 1624 2408 1678 sibi
2468 1623 2614 1678 facto
2645 1637 2791 1692 opus
2826 1630 2988 1687 esset,
3024 1623 3444 1691 responderunt
3484 1639 3629 1680 una-

1935 1712 2118 1768 nimes
2179 1712 2237 1768 in
2296 1719 2454 1767 tanta
2506 1712 2816 1768 retentione
2872 1711 3033 1767 urbis
3085 1725 3220 1767 suas
3266 1711 3374 1766 sibi
3431 1721 3631 1769 contra

1934 1815 2125 1871 regem
2151 1816 2265 1856 non
2310 1799 2574 1856 sufficere
2621 1801 2772 1855 vires
2817 1799 3000 1870 (quod
3057 1799 3360 1856 oraculum
3415 1800 3632 1856 insanis

1933 1887 2264 1944 hominibus
2292 1889 2559 1959 quandiu
2587 1888 2644 1942 in
2665 1901 2772 1943 sua
2812 1887 3062 1957 ipsorum
3098 1888 3239 1944 urbe
3267 1896 3392 1946 erat
3419 1903 3626 1960 propa-

1931 1976 2049 2032 lare
2081 1991 2193 2032 nou
2229 1979 2430 2045 ausus)
2461 1976 2605 2031 dixit
2631 1976 2712 2031 eis
2747 1985 2807 2031 ut
2835 1976 3247 2046 egrederentur
3280 1977 3335 2032 in
3358 1992 3627 2047 campum

1937 2065 2079 2120 inibi
2129 2074 2452 2122 retecturus
2505 2064 2832 2120 consilium.
2883 2064 3108 2130 Quibus
3155 2065 3331 2120 ferme
3362 2065 3628 2122 milliario

1931 2153 2005 2208 ab
2063 2153 2205 2209 urbe
2251 2151 2523 2224 digressis
2577 2153 2765 2209 infert.
2818 2152 3030 2208 Civitas
3077 2153 3196 2208 haec
3257 2168 3390 2209 cum
3456 2162 3627 2224 caput

1931 2241 2096 2312 regni
2161 2242 2253 2306 sit,
2310 2257 2426 2298 non
2477 2249 2657 2312 potest
2719 2249 2922 2298 contra
2971 2255 3163 2312 regem
3211 2256 3246 2296 a
3279 2257 3367 2298 me
3423 2243 3623 2299 teneri.

1930 2330 2094 2394 Quod
2127 2331 2171 2386 si
2211 2331 2370 2402 regia
2418 2345 2581 2386 arma
2635 2331 2934 2394 veremini,
2981 2331 3037 2385 in
3070 2339 3278 2386 terram
3313 2345 3496 2387 meam
3537 2346 3626 2388 me

1930 2427 2252 2490 sequentes,
2309 2434 2398 2476 me
2429 2427 2668 2490 patrono
2701 2427 2758 2476 et
2785 2419 2971 2475 amico
3015 2420 3264 2475 utimini.
3307 2419 3431 2486 Quo
3469 2420 3626 2476 dictu

1929 2509 2480 2565 consternatissimos
2522 2507 2787 2564 reddidit.
2850 2509 2979 2564 Mox
3029 2523 3164 2578 ergo
3209 2516 3367 2564 metu
3420 2523 3625 2578 perpe-

1927 2598 2060 2653 trati
2120 2597 2388 2654 facinoris
2431 2604 2701 2664 amentes,
2768 2603 2824 2652 et
2878 2611 3072 2667 regem
3125 2596 3247 2652 suis
3299 2597 3625 2653 cervicibus

1929 2685 2229 2742 imminere
2281 2693 2568 2755 putantes,
2636 2685 3056 2740 innumerabile
3109 2699 3240 2740 cum
3291 2699 3356 2740 eo
3411 2685 3626 2756 vulgus

1929 2774 2262 2845 aufugiunt.
2297 2775 2368 2830 Et
2414 2773 2818 2844 Teudegaldus
2871 2773 2963 2829 ille
2996 2781 3321 2842 peremptor
3349 2774 3621 2844 episcopi,

1929 2865 2032 2933 qui
2082 2863 2402 2930 lacunaria,
2461 2870 2516 2918 et
2566 2862 2812 2918 fornices
2865 2862 3116 2918 ecclesiae
3194 2863 3251 2915 Β.
3315 2861 3623 2930 Vincentii,

123 2956 216 3011 nis
262 2955 495 3021 faciens,
545 2962 602 3010 et
653 2954 990 3010 incestuosis
1039 2953 1420 3010 matrimoniis
1475 2953 1817 3019 coalescens,
1859 2951 2377 3038 Cclaustralesque
2427 2965 2704 3018 recessus,
2779 2949 3053 3022 fugitivos
3123 2963 3270 3020 quos
3343 2949 3624 3007 occideret

124 3043 197 3098 ad
272 3042 788 3099 innumerabilium
852 3042 1152 3096 hominum
1219 3041 1460 3097 exitium
1511 3041 1820 3110 plurimam

122 3134 276 3184 suo
323 3129 481 3185 visus
508 3135 592 3184 est
643 3128 898 3199 attigisse
929 3128 1259 3198 potentiam.
1291 3128 1472 3198 Cujus
1512 3128 1822 3184 crudelitas

123 3219 331 3274 nostris
359 3226 454 3274 est~
471 3218 530 3272 in
563 3224 788 3273 tantum
813 3217 1040 3273 saeculis
1071 3217 1334 3273 inaudita
1381 3225 1445 3273 ut
1488 3215 1671 3287 aliqui
1716 3217 1820 3287 qui

121 3307 294 3363 etiam
324 3306 584 3363 crudeles
617 3313 914 3376 putantur,
966 3305 1218 3361 mitiores
1248 3305 1556 3362 videantur
1592 3306 1651 3360 in
1682 3320 1821 3362 nece

121 3395 437 3464 pecudum,
467 3409 644 3465 quam
679 3395 778 3450 iste
806 3394 864 3449 in
927 3394 1250 3449 hominum.
1297 3394 1442 3449 Nam
1484 3409 1600 3449 non
1649 3394 1818 3450 modo

119 3498 218 3539 eos
238 3481 428 3553 gladio
474 3481 828 3552 simpliciter,
884 3491 940 3537 et
986 3495 1085 3551 pro
1140 3488 1313 3548 certo,
1359 3489 1424 3537 ut
1475 3481 1599 3537 ﬁeri
1657 3482 1816 3549 solet,

120 3578 287 3626 reatu
317 3569 611 3638 interimit,
663 3569 761 3626 sed
810 3568 1114 3626 horrendis
1155 3569 1620 3625 excarniﬁcando
1672 3583 1818 3639 sup-

121 3659 325 3730 pliciis.
377 3661 520 3714 Cum
553 3659 704 3714 enim
757 3665 954 3727 captos
1010 3658 1081 3713 ad
1137 3658 1584 3727 redemptionem
1638 3672 1819 3728 quos-

119 3749 256 3805 libet
287 3755 532 3818 cogeret,
566 3747 670 3803 hos
707 3746 985 3803 testiculis
1039 3747 1393 3817 appendebat
1449 3749 1680 3817 propria
1718 3748 1820 3804 ali-

119 3835 350 3906 quoties
383 3847 583 3900 manu,
617 3833 834 3904 quibus
873 3847 1022 3904 saepe
1051 3847 1326 3904 corporea
1357 3834 1504 3890 mole
1532 3834 1814 3905 abruptis,

113 3921 342 3992 eruptio
375 3923 586 3992 pariter
625 3921 890 3977 vitalium
939 3936 1055 3976 non
1105 3921 1388 3978 tardabat.
1450 3920 1627 3978 Alteri
1683 3937 1817 3978 sus-

116 4025 328 4081 pensos
357 4024 457 4080 per
479 4009 708 4081 pollices
738 4017 839 4066 aut
868 4023 971 4079 per
1001 4009 1125 4079 ipsa
1157 4010 1443 4080 pudenda,
1482 4023 1622 4067 saxo
1643 4011 1816 4066 etiam

113 4099 473 4169 superposito
536 4099 809 4156 humeros
858 4098 1288 4168 oomprimebat,
1339 4105 1394 4154 et
1443 4100 1563 4168 ipse
1618 4101 1816 4156 subter

115 4188 191 4244 ob
221 4186 546 4256 ambulans,
597 4202 730 4243 cum
757 4187 913 4257 quod
974 4187 1182 4242 habere
1222 4201 1335 4242 non
1371 4194 1593 4257 poterat
1636 4188 1709 4244 ab
1733 4188 1815 4245 eis

1929 3039 2260 3110 quaerendo,
2291 3047 2488 3095 exerto
2518 3038 2708 3109 gladio
2740 3039 3081 3105 rimabatur,
3107 3039 3209 3110 qui
3241 3038 3623 3110 episcopalem

1928 3128 2214 3185 annulum
2246 3127 2427 3198 digito
2447 3125 2774 3197 praeferens,
2833 3142 2892 3183 se
2916 3127 3217 3198 praesulem
3275 3127 3616 3184 testabatur.

1929 3217 1984 3271 Is
2048 3231 2181 3272 cum
2234 3217 2355 3273 suis
2407 3217 2784 3287 complicibus
2837 3231 2950 3271 non
2982 3231 3164 3272 ausus
3214 3215 3423 3273 urbem
3462 3231 3623 3286 repe-

1931 3313 2066 3374 tere,
2114 3306 2390 3361 Thomam
2445 3320 2587 3375 pene
2658 3291 2878 3361 vacuus
2946 3305 3320 3375 sequebatur.
3378 3305 3628 3362 Thomas

1927 3402 2118 3450 autem
2175 3393 2544 3450 Guillelmum
2593 3393 2774 3448 lilium
2831 3393 3106 3458 Haduini,
3146 3402 3201 3449 et
3245 3394 3385 3450 alios
3431 3403 3626 3464 captos

1924 3481 2198 3538 liberarat
2237 3483 2295 3538 in
2341 3483 2504 3538 urbe.
2539 3483 2591 3536 Is
2647 3481 2798 3537 enim
2839 3495 3048 3550 expers
3067 3481 3303 3536 Gerardi
3346 3483 3626 3551 proditio-

1926 3569 2018 3624 nis
2041 3569 2354 3624 exstiterat.
2397 3568 2470 3623 At
2521 3567 2674 3622 fama
2711 3581 2952 3637 pegasea
2992 3567 3280 3624 celeritate
3331 3569 3622 3626 transfusa

1926 3654 2252 3710 vicinorum
2284 3667 2490 3710 rurum
2525 3653 2786 3708 homines
2823 3667 2888 3707 ac
2933 3653 3249 3722 oppidanos
3287 3655 3622 3723 exsuscitat,

1925 3756 2172 3799 vacuam
2239 3742 2661 3798 habitatoribus
2687 3741 2872 3797 ferens
2912 3742 3141 3797 urbem.
3203 3743 3366 3799 Tunc
3405 3744 3624 3814 quique

1926 3845 2204 3902 pagenses
2241 3831 2312 3886 ad
2361 3830 2678 3887 solitariam
2714 3839 3004 3900 proruunt
3047 3830 3362 3897 civitatem,
3407 3831 3626 3888 domos-

1926 3935 2040 3990 que
2074 3921 2292 3990 plenas,
2340 3920 2567 3976 nemine
2611 3920 2958 3988 defensante,
3003 3927 3424 3990 przeoccupant.
3461 3920 3626 3978 Cives

1924 4010 2092 4080 plane
2121 4023 2254 4065 cum
2301 4017 2490 4065 essent
2523 4009 2799 4079 opulenti,
2857 4009 3056 4065 habitu
3113 4024 3172 4066 se
3215 4023 3497 4079 pauperes
3523 4026 3616 4067 os-

1926 4097 2251 4154 tendebant.
2295 4097 2500 4154 Oculos
2549 4098 2704 4154 enim
2761 4112 3064 4168 procerum
3096 4097 3404 4155 adversum
3447 4113 3506 4155 se
3554 4100 3623 4156 ir-

1924 4187 1971 4243 ri
1980 4194 2098 4243 tare
2133 4186 2422 4243 nolebant.

113 4284 462 4347 extorquere
491 4291 606 4331 non
635 4283 839 4346 posset,
890 4275 1142 4333 fustibus
1198 4290 1373 4345 super
1420 4291 1621 4333 eorum
1680 4292 1811 4334 cor-
1849 4265 1893 4318 Ι)
1997 4277 2078 4332 Eo
2109 4283 2360 4346 tempore
2400 4275 2495 4330 illa
2547 4273 2840 4346 illegitima
2889 4273 3224 4346 Ingelranni
3276 4274 3531 4344 prtedicti
3569 4282 3624 4330 et

113 4379 256 4434 pora
282 4365 484 4421 tandiu
537 4364 948 4430 bacchabatur,
1005 4365 1184 4420 donec
1220 4365 1271 4420 ei
1324 4365 1606 4434 placentia
1633 4379 1812 4435 spon-

114 4454 336 4519 derent,
368 4461 470 4510 aut
501 4453 560 4508 in
591 4453 775 4522 pcenis
814 4460 1195 4510 morerentur.

187 4539 307 4594 Dici
334 4540 406 4595 ab
448 4539 565 4595 ullo
608 4553 727 4595 non
784 4545 961 4608 potest
1018 4549 1160 4608 quot
1189 4539 1247 4595 in
1293 4539 1422 4609 ejus
1476 4540 1809 4596 carceribus

115 4627 287 4695 fame,
320 4628 473 4695 tabo,
524 4627 898 4694 cruciatibus,
939 4635 994 4684 et
1033 4627 1088 4682 in
1123 4627 1248 4698 ejus
1297 4627 1544 4684 vinculs
1573 4629 1810 4698 expira-

110 4723 273 4772 runt.
315 4714 478 4772 Certe
506 4724 639 4771 ante
693 4716 796 4772 hos
837 4716 982 4771 duos
1024 4729 1206 4770 annos
1261 4729 1393 4772 cum
1447 4716 1505 4770 in
1564 4724 1811 4774 montem

111 4802 517 4860 Suessonicum
569 4811 768 4859 contra
824 4803 1108 4874 quosdam
1166 4803 1410 4859 rusticos
1465 4818 1628 4872 opem
1657 4806 1807 4861 .»cui-

107 4892 246 4946 dam
269 4891 499 4946 laturus
548 4891 779 4957 abisset,
805 4899 918 4947 tres
958 4904 1031 4946 ex
1089 4890 1197 4946 illis
1243 4891 1300 4945 in
1332 4890 1586 4960 quadam
1621 4906 1680 4947 se
1709 4906 1810 4947 oc-

108 4979 350 5034 culuere
377 4992 574 5034 cavea.
620 4977 884 5048 Cumque
939 4979 1012 5034 ad
1064 4993 1167 5034 ora
1217 4978 1550 5048 speleicum
1612 4979 1810 5036 lancea

109 5067 462 5136 devenisset,
520 5067 698 5124 unius
744 5081 816 5123 ex
875 5068 957 5124 eis
1013 5067 1098 5123 ori
1148 5066 1326 5122 telum
1380 5067 1698 5136 appodians
1729 5069 1812 5124 sic

109 5154 372 5225 impegit,
414 5163 476 5211 ut
504 5155 817 5210 interaneis
841 5155 1137 5211 terebratis
1163 5169 1264 5225 per
1288 5154 1542 5226 podicem
1594 5155 1808 5212 ferrum

109 5242 328 5298 lanceae
389 5243 744 5300 redderetur.
809 5243 956 5310 Quid
1006 5258 1323 5316 prosequor
1381 5244 1648 5300 infinita?
1705 5245 1810 5300 Per

110 5331 304 5400 ipsum
362 5331 648 5388 duoinibi
691 5331 903 5387 residui
962 5332 1198 5402 periere.
1239 5331 1482 5399 Quidam
1535 5332 1703 5388 etiam
1739 5332 1808 5388 de

106 5419 358 5488 captivis
413 5421 648 5477 saucius
689 5419 968 5490 proficisci
1025 5435 1140 5476 non
1190 5428 1428 5490 poterat.
1485 5421 1808 5491 Interrogat

107 5507 404 5564 hominem
430 5523 537 5564 cur
570 5522 686 5564 non
726 5509 893 5566 celeri
947 5508 1132 5578 gradu
1181 5509 1537 5579 graderetur.
1586 5508 1682 5564 Ille
1711 5522 1807 5564 re-

1922 4364 2245 4421 incestuosa
2290 4377 2459 4430 uxor,
2509 4377 2642 4418 cum
2692 4362 2814 4432 jam
2871 4365 2979 4419 sub
3041 4363 3227 4432 specie
3255 4363 3621 4419 continentire

1927 4467 2030 4522 pro
2087 4453 2246 4508 senio
2273 4459 2329 4508 et
2358 4451 2613 4521 corporis
2658 4451 2802 4507 mole
2849 4459 3262 4521 aspernaretur
3316 4449 3619 4521 Ingelran-

1921 4553 2082 4606 num,
2133 4539 2311 4617 veteri
2377 4548 2567 4595 tamen
2628 4539 2980 4594 amasiorum
3063 4553 3174 4594 usu
3238 4552 3430 4594 carere
3505 4552 3618 4593 non

1921 4635 2161 4696 poterat.
2227 4627 2387 4683 Unde
2431 4634 2487 4682 et
2535 4627 2806 4697 juvenem
2865 4627 3132 4683 idoneum
3189 4641 3321 4682 cum
3375 4634 3614 4694 amaret,

1917 4723 1974 4771 et
2021 4729 2146 4770 eam
2184 4715 2569 4785 Ingelrannus
2599 4716 2671 4772 ab
2701 4717 2827 4786 ejus
2871 4714 3106 4771 omnino
3156 4715 3617 4772 confabulatione

1919 4810 2159 4867 arceret,
2195 4802 2367 4857 tantis
2417 4811 2648 4872 repente
2697 4801 2983 4857 hominem
3033 4801 3330 4858 lenociniis
3377 4803 3613 4859 demen-

1919 4892 2062 4947 tavit
2094 4898 2157 4946 ut
2187 4904 2319 4946 eum
2371 4891 2442 4946 ad
2475 4907 2534 4946 se
2567 4891 2888 4957 accersiret,
2945 4891 3001 4946 in
3049 4891 3218 4947 domo
3248 4906 3355 4947 sua
3394 4899 3614 4948 statue—

1918 4988 2025 5045 ret,
2084 4979 2256 5034 ﬁliam
2311 4992 2476 5034 suam
2536 4977 2841 5049 parvulam
2891 4979 2960 5034 ad
3019 4979 3338 5048 palliandos
3394 4994 3616 5036 amores

1917 5068 2167 5124 nefarios
2235 5067 2412 5137 pactis
2468 5066 2836 5137 sponsalibus
2901 5067 3083 5130 daret,
3146 5067 3614 5139 defensoremque

1918 5163 2084 5212 terrae
2126 5169 2245 5211 suae
2283 5163 2483 5210 contra
2541 5155 2836 5222 Thomam,
2889 5169 3062 5224 quem
3119 5155 3616 5212 irremediabilitcr

1921 5244 2058 5314 ipse,
2093 5243 2516 5314 quidicebatur
2565 5251 2744 5313 pater,
2803 5243 3020 5310 oderat,
3078 5250 3132 5299 et
3169 5257 3340 5314 quem
3375 5258 3613 5314 prorsus

1917 5333 2283 5388 exheredare
2314 5331 2554 5398 volebat,
2587 5331 2813 5387 faceret.
2871 5331 2978 5386 Iste
3023 5346 3156 5387 cum
3183 5345 3250 5388 ea
3280 5340 3612 5402 tempestate

1918 5419 2389 5482 Codiciaciesset.
2443 5429 2498 5476 et
2555 5420 2771 5476 hostem
2816 5436 2874 5476 se
2901 5419 3131 5476 Thomze
3197 5421 3462 5478 futurum
3495 5437 3612 5478 om-

1917 5507 2090 5564 nibus
2125 5507 2306 5564 modis
2340 5507 2675 5572 declararet,
2705 5524 2913 5566 census
2970 5517 3159 5566 tamen
3209 5509 3424 5566 deesset
3459 5511 3612 5567 unde
