3922 6080
299 279 406 331 935

1179 276 1239 328 V.
1280 274 1620 329 GUIBERTI
1663 274 1954 329 ABBATIS
1990 274 2052 328 S.
2100 273 2342 329 ΜΑΒΙΛΞ
2385 273 2474 328 DE
2513 272 2909 328 NOVIGENTO

3695 277 3802 328 936

300 417 458 470 tanta
488 419 876 484 praesumeret,
911 409 1116 464 accidit
1167 410 1216 464 ei
1249 409 1427 478 hujus
1480 409 1725 464 fortunas
1773 423 1991 464 succes-
2029 411 2074 462 Α
2186 407 2348 462 Vitia
2379 407 2646 463 Galdrioé
2682 407 3032 463 exhibentur.
3068 439 3136 448 —
3169 408 3481 479 ("")Facta
3508 419 3646 467 sunt
3679 412 3802 466 [nec

300 518 757 662 sujngelranmls
796 589 852 641 et
885 585 1062 643 Guido
1101 585 1305 640 iterum
1342 586 1542 642 urbem
1571 585 1890 640 devastant.
1923 615 1992 624 ~—

298 675 606 736 Atidientes
657 683 848 733 autem
902 675 1286 747 lngelrannus
1340 683 1394 730 et
1445 674 1628 731 Guido
1682 675 1784 743 (sic
1837 676 1987 728 enim

297 766 635 837 vocabatur)
665 767 942 821 Thomam
1006 765 1078 819 ab
1111 765 1255 820 urbe
1287 765 1631 834 digressum,
1691 763 1992 832 populum-

297 870 412 927 que
471 862 751 922 secutum,
805 853 1152 909 Laudunum
1199 853 1435 920 adeunt,
1490 852 1611 907 sine
1659 850 1991 906 hominibus

295 945 493 1001 domos
548 943 702 999 omni
754 942 1014 998 ubertate
1072 941 1308 997 refertas
1364 940 1686 995 inveniunt.
1731 938 1988 1005 Quorum

296 1039 461 1088 tanta
510 1032 674 1100 copia
733 1030 862 1096 fuit,
913 1037 977 1086 ut
1024 1030 1068 1085 si
1101 1036 1266 1085 caute
1322 1029 1394 1084 ab
1439 1029 1505 1083 iis
1561 1029 1663 1099 qui
1707 1035 1989 1097 praeerant

296 1121 700 1185 custodiretur,
764 1133 837 1174 ne
892 1119 1126 1189 prodige
1175 1133 1208 1172 a
1261 1117 1528 1188 parasitis
1559 1131 1624 1171 ac
1647 1116 1874 1172 furibus
1904 1116 1990 1170 de-

296 1210 640 1276 traheretur,
712 1209 930 1264 frustra
985 1208 1265 1263 adversus
1323 1206 1658 1277 praedictum
1711 1207 1986 1276 juvenem

295 1298 799 1354 exterminandum
835 1297 1133 1362 niteretur,
1179 1309 1368 1365 neque
1427 1295 1545 1364 ipse
1571 1294 1749 1350 ullam
1775 1294 1834 1349 in
1867 1294 1988 1350 vita

295 1402 401 1443 sua
426 1387 677 1456 inopiam
712 1393 1020 1456 pateretur.
1065 1384 1200 1450 Quis
1231 1384 1380 1439 enim
1415 1385 1586 1451 dicat,
1643 1391 1745 1438 aut
1792 1384 1988 1438 dicens

297 1477 465 1531 fidem
509 1473 699 1542 faciat,
733 1473 873 1544 quid
913 1473 1313 1541 pecuniarum,
1355 1472 1495 1542 quid
1549 1471 1814 1539 vestium,
1844 1472 1983 1541 quid

297 1564 354 1619 in
395 1563 552 1620 omni
605 1563 788 1631 specie
817 1559 1154 1617 victualium
1216 1559 1288 1615 ibi
1343 1561 1417 1615 sit
1468 1560 1807 1629 repertum?
1843 1561 1983 1615 Cum

293 1654 444 1709 enim
476 1653 691 1707 rustica
738 1664 944 1705 manus
975 1656 1029 1704 et
1063 1648 1403 1715 suburbani,
1434 1649 1577 1718 quin
1608 1648 1779 1702 etiam
1820 1649 1984 1704 Mon—

293 1739 572 1796 tiacutani
625 1746 677 1794 et
741 1739 1220 1807 Petripontenses,
1301 1736 1500 1791 Ferani
1564 1749 1798 1806 quoque
1871 1737 1986 1790 huc

291 1829 576 1892 venerint,
620 1834 930 1896 antequam
964 1825 1353 1892 Codiacenses,
1413 1827 1628 1879 mirum
1677 1825 1835 1880 dictu
1868 1824 1982 1879 est!

291 1915 430 1988 quid
465 1915 684 1985 priores
729 1913 1068 1977 invenerint,
1125 1911 1263 1982 quid
1317 1911 1570 1980 tulerint,
1621 1925 1754 1966 cum
1808 1911 1986 1967 nostri

288 2004 629 2059 recentiores
679 2001 898 2056 tardius
953 2000 1338 2066 advenissent,
1393 1999 1613 2055 munda
1665 2000 1880 2064 omnia,
1931 2006 1987 2054 et

286 2093 451 2164 quasi
507 2091 720 2146 illibata
768 2104 824 2144 se
879 2088 1151 2158 reperisse
1218 2088 1585 2158 jactaverint.
1661 2087 1767 2143 Sed
1841 2087 1984 2157 quid

286 2182 446 2251 pensi
479 2194 544 2235 ac
576 2177 850 2234 moderati
880 2177 1033 2246 apud
1070 2177 1364 2232 helluones
1383 2183 1437 2232 et
1466 2176 1744 2232 scurras?
1774 2177 1983 2232 Vinum

284 2277 340 2325 et
369 2268 618 2325 triticum
653 2281 770 2337 qua
800 2265 845 2320 si
877 2265 1235 2334 repertitium
1266 2279 1381 2320 non
1424 2264 1669 2320 habebat
1709 2265 1979 2333 pretium,

285 2366 338 2415 et
368 2372 502 2413 cum
547 2357 688 2412 tales
739 2369 854 2410 non
894 2355 1172 2410 haberent
1231 2353 1531 2423 vectigalia
1579 2353 1812 2419 ibidem,
1860 2353 1984 2408 libi-

285 2447 418 2503 dine
451 2444 922 2516 dilapidabantur
961 2441 1267 2498 horrenda.
1300 2441 1479 2511 Coepit
1519 2455 1658 2512 ergo
1700 2442 1851 2498 inter
1887 2456 1983 2498 eos

285 2550 357 2592 ex
389 2542 671 2606 proventu
700 2538 840 2587 5n
888 2532 1227 2600 rapinarum
1290 2530 1504 2586 ohoriri
1562 2529 1866 2596 contentio,
1925 2537 1982 2586 et

285 2641 315 2680 a
348 2624 678 2696 quibusque
705 2621 976 2692 quaelibet
1014 2627 1181 2689 rapta
1236 2619 1561 2674 minoribus
1592 2620 1663 2674 ad
1694 2619 1980 2689 potentio-

284 2728 416 2770 rum
442 2714 579 2784 jura
610 2710 909 2766 transibat.
944 2709 1182 2764 Duobus
1229 2715 1397 2776 certe,
1450 2708 1496 2763 si
1529 2709 1732 2764 tertius
1773 2708 1978 2764 obvia-

281 2809 387 2870 ret,
415 2799 788 2869 spoliabatur.
847 2799 984 2852 Erat
1035 2796 1232 2866 itaque
1280 2796 1638 2852 miserrimus
1672 2795 1833 2852 urbis
1861 2807 1977 2852 sta-

279 2898 392 2946 tus.
437 2889 506 2943 Hi
544 2888 643 2958 qui
675 2885 746 2942 ab
779 2886 923 2942 urbe
958 2885 1352 2956 profugerant,
1395 2885 1594 2941 domos
1633 2885 1974 2942 clericorum

2103 509 2255 550 anno
2314 495 2734 552 incarnationis
2792 496 3101 553 Dominica;
3148 497 3450 553 millesimo
3494 499 3802 555 centesimo

2101 584 2458 651 duodecimo,
2533 585 2672 640 feria
2746 594 2912 640 sexta
2964 585 3238 655 paschali,
3296 588 3460 642 tertio
3516 588 3804 642 Kalendas

2103 673 2252 728 Maii.
2316 673 2602 729 Nimirum
2634 674 2754 743 ipse
2784 674 3085 743 episcopus
3114 674 3353 730 infinitae
3378 674 3626 731 levitatis
3645 684 3793 742 erat,

2103 768 2166 816 ut
2191 761 2361 816 etiam
2393 763 2439 816 si
2478 776 2610 831 quae
2641 763 2830 831 inepta
2869 776 2936 818 ac
2965 762 3267 819 saecularia
3297 765 3598 834 cogitaret,
3647 763 3804 820 facil-

2100 849 2232 905 lime
2263 849 2461 921 lingua
2495 850 2831 907 absolveret.
2865 851 3027 908 Certe
3057 852 3174 907 vidi
3206 851 3362 908 illam
3403 866 3590 908 meam
3619 866 3800 922 quam

2100 938 2397 1006 prmlibavi
2443 940 2866 1006 consobrinam,
2899 954 3032 996 cum
3078 953 3264 1010 nuper
3299 941 3360 994 in
3413 939 3558 996 urbe
3614 949 3804 1010 nupta

2099 1040 2216 1096 quo
2267 1029 2604 1097 pudoratius
2634 1035 2855 1098 poterat
2910 1043 2969 1084 se
3008 1028 3286 1084 haberet:
3322 1028 3414 1084 ille
3451 1028 3647 1098 etiam,
3710 1043 3804 1084 me

2098 1115 2384 1184 audiente,
2438 1117 2758 1173 merdosam
2789 1125 2965 1187 atque
2985 1118 3264 1174 rusticam
3294 1117 3622 1188 appellavit,
3658 1119 3805 1188 quia

2093 1217 2155 1259 se
2185 1205 2256 1259 ab
2301 1213 2634 1262 exterorum
2690 1205 2990 1277 colloquiis
3042 1220 3111 1262 ac
3165 1205 3388 1262 visibus
3431 1206 3800 1274 absentabat,

2095 1306 2164 1348 ac
2192 1307 2252 1348 se
2283 1294 2335 1349 ei
2359 1308 2518 1350 more
2549 1301 2886 1350 caeterarum
2921 1295 3255 1352 nullatenus
3275 1295 3594 1364 ingerebat.
3625 1295 3803 1351 Plane

2094 1387 2149 1436 et
2179 1381 2392 1436 librum
2427 1383 2734 1452 quemdam
2761 1383 2830 1439 de
2863 1382 3386 1452 Hierosolymitana
3432 1383 3803 1452 expeditione

2093 1471 2566 1539 conscripseram,
2627 1471 2782 1540 quod
2836 1485 2970 1526 cum
3037 1470 3232 1526 videre
3287 1470 3566 1540 gestisset,
3623 1471 3801 1541 eique

2094 1557 2288 1614 illatus
2319 1559 2534 1625 fuisset,
2593 1567 2888 1628 tantopere
2939 1572 3181 1614 exosum
3233 1558 3453 1625 habuit,
3513 1559 3795 1628 quoniam

2093 1647 2308 1701 domini
2381 1648 2486 1702 mei
2568 1647 2910 1704 Suessorum
2960 1648 3209 1717 episcopi
3259 1648 3501 1703 Lisiardi
3559 1647 3795 1705 nomine

2098 1736 2438 1804 prooemium
2487 1737 2676 1805 operis
2715 1737 3055 1807 insignitum
3091 1736 3249 1803 vidit,
3305 1745 3369 1792 ut
3397 1737 3674 1808 deinceps
3706 1753 3798 1794 ne—

2095 1838 2394 1894 quaquam
2426 1825 2610 1895 legere
2657 1825 3018 1896 dignaretur,
3078 1839 3212 1880 cum
3255 1833 3461 1882 caetera
3511 1827 3796 1895 opuscula

2095 1927 2240 1980 mea,
2294 1920 2349 1968 et
2388 1927 2445 1968 se
2496 1912 2649 1968 ultra
2697 1927 2928 1968 omnem
2983 1913 3290 1968 valentiam
3347 1927 3530 1968 meam
3587 1927 3793 1984 appre-

2095 2000 2350 2056 tiaretur.
2413 2001 2482 2055 Et
2537 2015 2669 2056 cum
2720 1999 2926 2056 efficax
2971 2001 3265 2056 videretur
3319 2000 3375 2054 in
3420 2001 3793 2056 elaborandis

2090 2089 2317 2159 opibus,
2369 2097 2549 2144 totum
2591 2089 2782 2144 subito
2831 2089 3189 2158 expendebat
3244 2089 3302 2144 in
3333 2090 3526 2145 causis
3581 2090 3794 2145 inutili-

2091 2177 2219 2233 bus.
2253 2177 2359 2232 Sed
2401 2177 2554 2232 mala
2587 2177 2696 2233 ista
2741 2191 2876 2233 cum
2919 2178 3097 2248 hujus
3141 2178 3493 2248 temporibus
3546 2192 3791 2248 praema-

2088 2273 2185 2323 tur
2193 2274 2420 2322 uerunt.

2161 2357 2392 2430 Quanta
2438 2353 2602 2408 mala
2645 2353 2912 2408 Laudant
2930 2356 3171 2425 patrata
3181 2354 3417 2423 fuerint
3440 2353 3560 2411 ista
3589 2361 3794 2426 tempe-

2087 2445 2255 2498 state.
2288 2471 2361 2483 —
2387 2441 2693 2498 Sciendum
2735 2450 2820 2498 est
2859 2443 3000 2512 quia
3038 2457 3154 2498 non
3202 2444 3472 2500 solumin
3501 2443 3632 2512 isto,
3693 2443 3791 2498 sed

2085 2546 2158 2588 ex
2198 2531 2465 2595 aliorum,
2508 2530 2620 2586 imo
2650 2531 2824 2586 totius
2852 2545 3082 2587 summa
3139 2531 3333 2601 populi
3366 2533 3678 2602 iniquitate
3705 2533 3788 2587 in-

2085 2626 2415 2675 creverunt.
2447 2619 2591 2674 Nam
2626 2619 2823 2676 intota
2855 2620 3098 2675 Francia
3127 2621 3326 2690 qualia
3355 2621 3508 2690 apud
3544 2620 3792 2675 Laudu-

2086 2722 2289 2763 nenses
2340 2721 2630 2779 nusquam
2684 2708 2900 2764 scelera
2965 2709 3352 2780 contigerunt.
3436 2709 3790 2764 Parvissimo

2081 2797 2237 2853 enim
2263 2804 2578 2867 antequam
2604 2797 2713 2852 ista
2742 2797 2943 2854 fierent
2988 2807 3260 2868 tempore,
3304 2798 3603 2868 presbyter
3648 2798 3791 2868 qui-

2084 2885 2214 2940 dam
2259 2886 2314 2940 in
2346 2885 2579 2955 propria
2633 2886 2800 2942 domo
2839 2901 2873 2941 a
2901 2901 3079 2956 puero
3123 2901 3294 2957 quem
3349 2887 3790 2942 familiariorem

276 2986 331 3034 et
361 2991 665 3048 procorum
695 2990 841 3046 quos
870 2975 1129 3043 oderant,
1175 2973 1534 3043 diripuerant
1561 2981 1735 3043 atque
1781 2973 1974 3030 incen-
2015 2995 2056 3051 ο
2089 2974 2354 3041 habebat,
2400 2989 2532 3030 cum
2581 2975 2798 3030 sederet
2829 2976 2899 3030 ad
2932 2989 3149 3044 prunas
3177 2989 3212 3030 a
3266 2984 3424 3045 tergo
3477 2988 3791 3045 percussus

279 3067 526 3123 derant:
562 3073 619 3120 at
663 3063 834 3119 modo
878 3062 1090 3119 residui
1146 3076 1405 3132 proceres
1443 3062 1820 3133 profugarum
1876 3077 1970 3118 us-

277 3171 391 3227 que
444 3155 515 3210 ad
563 3154 920 3209 confosceras
978 3151 1066 3224 [f.,
1123 3150 1326 3223 ferras]
1383 3160 1438 3207 et
1482 3152 1758 3220 pessulos,
1815 3153 1972 3208 omni

276 3244 599 3300 substantia
627 3249 801 3313 atque
857 3241 1202 3297 utensilibus
1229 3241 1680 3298 addemnabant.

347 3333 470 3388 Non
503 3347 639 3403 ergo
680 3345 750 3386 ne
795 3331 1113 3386 monachus
1136 3330 1368 3401 quidem
1402 3330 1556 3385 ullus
1598 3338 1718 3386 tuto
1752 3339 1974 3400 poterat

278 3422 499 3492 ingredi
529 3421 751 3488 urbem,
787 3419 875 3475 vel
905 3419 1116 3490 egredi,
1152 3420 1296 3489 quin
1323 3426 1590 3488 autequo
1621 3421 1971 3488 privaretur,

279 3518 380 3566 aut
409 3509 656 3581 propriis
702 3507 956 3564 induviis
1001 3507 1342 3562 nudaretur.
1404 3507 1490 3562 Ad
1539 3515 1801 3563 sanctum
1835 3507 1974 3565 Vin-

280 3598 531 3655 centium
581 3604 770 3654 sontes
803 3597 1174 3667 insontesque
1204 3611 1333 3652 cum
1368 3596 1594 3667 peculio
1633 3596 1814 3652 multo
1834 3596 1976 3651 coie-

280 3695 432 3744 rant.
466 3687 633 3754 Quid,
671 3686 904 3742 Domine
955 3687 1125 3752 Deus,
1188 3684 1516 3755 gladiorum
1573 3693 1839 3740 exertum
1892 3693 1976 3740 est

280 3791 454 3847 super
512 3775 841 3842 monachos,
892 3789 1006 3830 non
1046 3781 1162 3829 tam
1206 3787 1414 3829 census
1461 3787 1638 3843 quam
1702 3787 1975 3843 personas

279 3865 549 3921 volentes.
608 3863 693 3919 Ibi
748 3863 1104 3927 Guillelmus,
1156 3861 1406 3917 Haduini
1442 3861 1614 3927 filius,
1672 3862 1974 3917 immemor

280 3953 385 4010 sibi
442 3966 475 4007 a
525 3953 637 4007 Deo
690 3950 1041 4007 liberationis
1105 3950 1363 4017 indultae,
1433 3949 1743 4019 quemdam
1800 3963 1973 4005 suum

279 4049 650 4111 compatrem,
735 4039 829 4094 cui
908 4051 1040 4093 mox
1109 4038 1491 4108 spoponderat
1549 4037 1973 4094 immunitatem

280 4129 670 4186 membrorum
700 4135 755 4182 et
785 4127 937 4194 vitae,
969 4134 1023 4182 et
1049 4128 1119 4183 ad
1145 4141 1204 4183 se
1234 4141 1307 4182 ex
1338 4127 1446 4182 fide
1462 4127 1767 4198 collegerat
1794 4127 1974 4184 teneri

282 4233 316 4274 a
345 4218 464 4274 suis
499 4217 588 4290 [[2,
647 4215 850 4289 servis]
900 4216 1219 4272 Guinimari
1267 4224 1322 4271 et
1367 4215 1599 4271 Raineri
1646 4229 1969 4285 procerum,

2083 3065 2319 3120 interiit.
2353 3063 2533 3134 Cujus
2561 3078 2770 3133 corpus
2817 3063 2909 3120 ille
2955 3077 3210 3127 sumens.
3245 3064 3304 3119 in
3360 3077 3650 3119 cameram
3699 3079 3790 3119 se-

2082 3151 2380 3208 cretiorem
2425 3151 2740 3206 recondidit
2784 3160 2840 3207 et
2888 3166 2923 3207 a
2976 3152 3110 3208 foris
3167 3153 3460 3207 asseravit.
3518 3151 3789 3222 Cumque

2083 3253 2184 3309 per
2213 3238 2434 3308 aliquot
2482 3239 2603 3304 dies
2635 3253 2756 3294 non
2778 3239 2900 3294 viso
2925 3239 3179 3307 domino,
3205 3236 3466 3309 quonam
3505 3239 3725 3295 abisset
3750 3254 3784 3295 a

2084 3328 2297 3382 famqu
2328 3337 2672 3397 quaererent,
2707 3329 3094 3385 mentiebatur
3126 3330 3314 3384 nescio
3348 3343 3631 3398 quorsum
3687 3330 3784 3384 bn-

2084 3417 2278 3473 ninem
2335 3420 2616 3485 expetisse
2648 3417 2898 3488 negotia.
2958 3419 3026 3473 Et
3077 3432 3210 3474 cum
3258 3432 3374 3488 prae
3404 3417 3600 3474 fetoris
3635 3418 3786 3473 inso-

2083 3506 2259 3563 lentia
2304 3507 2454 3563 inter
2517 3507 2666 3563 aedes
2730 3507 2908 3563 foveri
2956 3521 3073 3563 non
3125 3514 3332 3577 posset,
3395 3505 3640 3563 collecta
3697 3507 3788 3562 ille

2084 3596 2300 3651 domini
2335 3596 2656 3652 substantia
2686 3597 2933 3652 cadaver
2975 3597 3035 3651 in
3078 3596 3304 3652 camino
3354 3597 3564 3652 domus
3610 3610 3789 3666 super

2085 3684 2303 3740 cineres
2341 3699 2518 3754 prono
2561 3699 2659 3741 ore
2697 3686 3034 3754 composuit,
3083 3693 3139 3741 et
3180 3685 3637 3741 instrumentum
3689 3685 3786 3740 de-

2084 3787 2258 3843 super
2287 3774 2560 3842 pendens,
2606 3776 2714 3845 (ίη)
2756 3775 2912 3845 quod
2955 3775 3287 3830 siccatorias
3346 3782 3574 3840 vocant,
3609 3787 3790 3843 super

2083 3877 2216 3919 eum
2261 3863 2482 3933 dejecit,
2537 3871 2602 3920 ut
2650 3871 2955 3934 putaretur
3009 3864 3148 3934 quia
3191 3864 3270 3919 sic
3317 3877 3451 3920 eum
3495 3863 3788 3919 machinae

2083 3964 2252 4006 casus
2279 3951 2585 4019 obtuderit,
2618 3952 2816 4022 sicque
2841 3966 2973 4008 cum
3003 3952 3178 4008 rebus
3207 3952 3454 4024 aufugit.

2153 4039 2362 4094 Decani
2394 4053 2628 4110 quoque
2652 4054 2767 4095 non
2799 4040 2966 4110 longe
2994 4048 3128 4097 ante
3159 4040 3447 4096 Kalendas
3483 4054 3608 4096 suae
3635 4040 3788 4096 dite-

2083 4142 2270 4184 cescos
2296 4129 2757 4198 presbyterorum
2781 4129 3047 4199 agebant.
3072 4129 3336 4199 Cumque
3367 4129 3609 4199 quidam
3646 4130 3789 4185 Bur-

2084 4217 2318 4287 gundus
2346 4217 2661 4287 presbyter,
2687 4217 2901 4288 loquax
2934 4218 3106 4274 nimis
3133 4226 3188 4274 et
3218 4217 3606 4288 promptulus,
3642 4233 3789 4274 con-

283 4305 385 4379 qui
415 4305 542 4362 caesi
573 4312 758 4370 erant,
813 4311 867 4360 et
912 4304 1176 4360 damnari
1233 4303 1616 4392 permisitaA
1655 4303 1770 4359 lilio
1818 4304 1970 4360 enim
2011 4337 2052 4392 Β
2089 4304 2314 4376 tignum
2345 4306 2453 4362 sibi
2491 4307 2888 4376 presbyterum
2912 4320 3087 4376 super
3111 4307 3362 4376 quodam
3394 4306 3507 4362 levi
3527 4307 3790 4376 capitulo

282 4394 500 4466 praefati
545 4392 836 4450 castellani
859 4393 929 4448 ad
960 4393 1096 4463 equi
1129 4393 1375 4449 caudam
1406 4391 1648 4461 pedibus
1678 4392 1968 4463 alligatus,

282 4483 560 4555 brevique
600 4489 788 4538 tractu
840 4481 1138 4538 cerebrum
1164 4495 1294 4536 cum
1329 4480 1586 4548 fudisset,
1644 4480 1824 4536 furcis
1853 4481 1974 4536 illa-

280 4581 375 4630 tus
410 4581 512 4629 est.
546 4571 876 4629 Vocabatur
923 4577 1114 4625 autem
1170 4569 1215 4625 is
1271 4568 1552 4624 Robertus
1593 4577 1972 4640 cognomento

280 4661 656 4728 Manducans,
681 4660 778 4715 vir
815 4658 974 4714 dives
1017 4667 1070 4714 et
1103 4657 1337 4727 probus.
1386 4659 1457 4712 At
1501 4657 1861 4728 dispensator
1890 4659 1972 4714 vi-

279 4749 581 4817 cedomini,
615 4749 683 4804 de
714 4762 831 4818 quo
861 4760 1039 4816 supra
1083 4746 1358 4813 diximus,
1411 4747 1510 4816 qui
1545 4747 1880 4815 vocabatur,
1912 4747 1970 4802 ni

279 4839 465 4906 fallor,
489 4837 802 4903 Ebrardus,
858 4836 1124 4907 quicum
1178 4849 1292 4905 quo
1341 4835 1431 4890 die
1478 4835 1598 4905 ipso
1629 4837 1969 4903 comederat,

279 4941 483 4983 servus
513 4926 810 4981 dominum
838 4923 1180 4993 perdiderat,
1218 4931 1450 4980 evectus
1478 4932 1560 4979 est
1618 4925 1677 4978 in
1704 4924 1969 4980 sublime.

280 5016 381 5070 His
410 5015 718 5087 generibus
749 5013 1019 5068 mortium
1058 5019 1112 5067 et
1140 5011 1232 5067 alii
1262 5020 1397 5067 sunt
1425 5013 1630 5069 exacti.
1657 5014 1971 5069 lnextrica-

278 5105 392 5161 bile
418 5112 501 5160 est
522 5118 653 5174 quae
686 5103 741 5157 in
768 5115 1123 5169 eversorum,
1155 5101 1244 5157 vel
1278 5101 1637 5162 inversorum
1675 5102 1973 5171 punitione

279 5195 400 5265 geri
431 5193 650 5262 ubique
692 5189 996 5260 contigerit
1051 5189 1357 5257 explicare.
1427 5187 1732 5243 Sciendum
1777 5195 1971 5243 autem

281 5281 420 5351 quia
449 5281 538 5336 die
563 5287 785 5350 postero
817 5278 969 5334 necis
988 5275 1154 5334 factm
1181 5277 1430 5332 Thomas
1461 5277 1619 5332 venit
1650 5276 1706 5330 iu
1747 5277 1970 5344 urbem,

280 5369 388 5422 hoc
443 5374 526 5423 est
586 5366 727 5422 feria
795 5374 977 5432 sexta,
1037 5365 1400 5436 Sabbatoque
1451 5363 1764 5430 recesserit,
1805 5372 1860 5421 et
1914 5366 1971 5421 in

279 5455 404 5525 ipsa
429 5453 728 5510 Dominica
775 5454 919 5512 tanti
980 5453 1252 5511 facinoris
1279 5468 1414 5511 mox
1444 5455 1597 5511 Deus
1626 5467 1823 5525 poenas
1875 5454 1970 5510 in-

280 5544 539 5601 cusserit.

2084 4402 2424 4462 accusasset,
2472 4409 2575 4466 pro
2622 4395 2746 4466 ipsa
2791 4394 2964 4466 culpa
2999 4396 3255 4452 decanus
3282 4396 3356 4451 ab
3380 4409 3449 4451 eo
3477 4409 3582 4451 sex
3623 4410 3793 4452 num-

2079 4497 2203 4539 mos
2235 4487 2459 4539 tantum
2478 4483 2686 4555 exegit.
2713 4483 2823 4548 Qui
2847 4483 2901 4538 id
2924 4483 3121 4540 damni
3140 4484 3280 4539 satis
3302 4497 3602 4553 superque
3633 4498 3790 4554 aegre

2079 4571 2283 4637 ferens,
2343 4579 2506 4628 nocte
2557 4587 2691 4628 cum
2727 4573 3084 4644 Burguudus
3141 4573 3470 4629 revertisset
3518 4574 3593 4628 ad
3658 4587 3786 4638 sua,

2082 4661 2376 4731 presbyter
2405 4661 2508 4732 qui
2535 4661 2800 4717 denarios
2830 4661 3158 4731 perdiderat
3192 4661 3432 4718 insidias
3457 4661 3569 4731 ipsi
3602 4671 3791 4718 teten-

2081 4749 2261 4804 derat.
2307 4749 2414 4815 Qui
2470 4763 2603 4806 cum
2653 4749 2859 4806 domus
2902 4764 3023 4806 suae
3073 4750 3290 4821 gradus
3347 4764 3483 4807 cum
3543 4751 3789 4807 lucerna

2081 4837 2428 4906 ascenderet,
2487 4838 2579 4894 ille
2621 4852 2754 4894 eum
2809 4852 2845 4892 a
2911 4839 3326 4909 posterioribus
3397 4842 3456 4894 in
3514 4840 3785 4910 occipitio

2078 4926 2245 4980 calva
2266 4926 2564 4995 percussit,
2592 4925 2694 4996 qui
2723 4939 2795 4981 ex
2823 4925 2943 4981 ictu
2973 4925 3277 4982 intestatus
3296 4926 3594 4982 occubuit.

2148 5014 2303 5070 Alter
2326 5013 2563 5084 quidam
2601 5014 2854 5070 Exosimi
2899 5013 3017 5084 ipse
3059 5015 3374 5084 presbyter,
3418 5029 3557 5071 cum
3610 5015 3784 5071 habe-

2079 5109 2163 5158 ret
2207 5102 2600 5173 presbyterum
2649 5104 2958 5160 missarum
3009 5104 3286 5160 solemnia
3314 5113 3606 5175 agentem,
3633 5106 3784 5163 alta-

2079 5191 2356 5260 ribusquc
2382 5199 2738 5260 przesentem.
2789 5205 2822 5246 a
2870 5192 3121 5262 quodam
3151 5207 3258 5249 suo
3297 5193 3636 5264 apparitore
3690 5208 3783 5250 sa-

2079 5279 2220 5350 gitta
2250 5278 2404 5334 feriri
2428 5279 2744 5335 mandavit.
2779 5282 2882 5345 Qui
2907 5294 3214 5350 percussus
3248 5282 3352 5337 etsi
3381 5295 3496 5336 non
3541 5282 3779 5347 interiit,

2079 5368 2380 5439 instigator
2410 5375 2602 5424 tamen
2634 5382 2702 5424 ac
2732 5369 2923 5439 Opifex
2962 5383 3077 5425 non
3125 5371 3249 5426 sine
3293 5371 3672 5427 interimendi
3701 5371 3782 5426 af-

2078 5458 2229 5513 fectu
2277 5457 2404 5523 fuit,
2465 5471 2571 5513 nec
2612 5457 2923 5526 homicidii,
2963 5465 3022 5514 et
3061 5459 3366 5529 sacrilegii,
3423 5460 3582 5529 apud
3625 5460 3783 5517 Chri-

2077 5545 2296 5602 stianos
2331 5547 2585 5603 mandati
2637 5547 2729 5617 [f.,
2761 5545 3062 5619 inauditi],
3105 5548 3344 5604 crimine
3377 5547 3591 5604 caruit.
3627 5549 3782 5605 Refe-
