3938 6082
140 304 238 354 U37

1239 299 1330 355 DE
1371 299 1534 354 VITA
1572 300 1706 354 SUA
1743 298 1928 356 LIBRI
1970 301 2241 356 TRES.—
2268 303 2396 358 LIB.
2439 303 2537 358 III.

3533 312 3635 364 938

140 438 348 486 runtur
376 438 430 486 et
486 427 603 484 alia
649 428 760 485 sub
814 428 1009 485 eodem
1045 436 1298 500 tempore
1329 437 1503 500 atque
1535 442 1680 500 pago
1713 443 1832 500 per-
1870 434 1915 485 A
2015 431 2250 485 Ferelra
2275 435 2330 484 et
2352 435 2684 486 sanctorum
2715 431 2972 504 reliquiae
2991 432 3504 504 circumferuntur,
3525 453 3636 508 quo

139 525 373 587 petrata.

207 603 502 677 Praesagia
517 603 796 676 prae/alas
805 604 1173 659 calamitates
1186 605 1654 676 praenuntiantia.
1677 607 1834 660 Puer

128 694 821 764 geminus.-—Apparucre
836 703 888 750 et
913 694 1158 751 visiones
1172 695 1387 750 malum
1404 697 1558 766 quod
1583 697 1830 766 praetuli-

136 797 264 838 mus
291 792 694 853 praesagantes.
723 783 924 839 Visum
942 785 1270 839 estcuidam
1296 799 1466 854 super
1480 785 1828 841 Laudunum

135 872 394 928 lunarem
428 871 693 927 cecidisse
712 871 968 942 globum,
984 873 1139 942 quod
1160 873 1445 944 signiﬁcat
1464 875 1828 944 repentinum

136 969 444 1016 venturum
477 960 602 1016 urbi
625 959 930 1016 defectum.
964 961 1206 1017 Cuidam
1251 976 1486 1032 quoque
1515 977 1588 1018 ex
1620 963 1831 1018 nostris

138 1051 325 1106 visum
365 1057 448 1105 est
495 1056 626 1105 ante
678 1064 869 1120 genua
919 1049 1183 1106 crucifixi
1242 1050 1300 1106 in
1352 1051 1590 1107 ecclesia
1646 1053 1830 1108 Beatte

141 1139 326 1194 Mariae
357 1145 467 1193 tres
495 1137 754 1208 ingentes
779 1139 1027 1193 scriatim
1089 1138 1278 1194 trabes
1303 1140 1610 1208 oppositas.
1649 1139 1830 1195 Locus

138 1232 328 1281 autem
385 1225 443 1280 in
493 1240 610 1295 quo
659 1225 950 1280 Gerardus
1013 1226 1226 1282 interiit
1277 1240 1482 1282 cruore
1526 1228 1830 1284 videbatur

137 1322 386 1384 opertus.
418 1313 745 1370 Cruciﬁxus
775 1314 1206 1370 eminentiorem
1241 1315 1493 1372 ecclesiae
1524 1330 1828 1386 personam

137 1402 510 1473 signiﬁcavit,
563 1408 714 1457 an
773 1403 867 1457 cui
937 1417 1071 1459 vere
1137 1410 1300 1459 terna
1353 1403 1542 1460 trabes
1590 1404 1826 1468 obstitit,

137 1492 274 1547 dum
305 1505 520 1561 parvus
551 1490 833 1554 introitus,
863 1499 917 1546 et
949 1500 1243 1559 peccatum
1277 1493 1430 1562 quod
1465 1493 1518 1546 in
1551 1492 1824 1561 Gerardo,

135 1587 192 1634 et
248 1579 316 1634 ad
367 1579 637 1634 ultimum
688 1579 745 1632 in
797 1579 958 1647 plebe
1021 1580 1398 1640 commiserat,
1469 1581 1671 1651 ingens
1726 1581 1826 1635 fini

135 1667 262 1737 ejus
281 1667 688 1723 offendiculum
733 1667 994 1736 praebuit.
1032 1668 1213 1723 Locus
1240 1668 1329 1723 ille
1361 1670 1418 1722 in
1448 1683 1566 1738 quo
1611 1669 1828 1724 obierat

134 1757 418 1826 sanguine
478 1755 797 1826 tegebatur,
873 1755 1012 1809 dum
1099 1763 1420 1825 perpetrata
1501 1757 1830 1827 malignitas

135 1845 296 1902 nulla
329 1843 683 1912 paenitudine
707 1842 1063 1898 abolebatur.
1106 1843 1512 1899 Audiebantur
1558 1853 1833 1914 praeterea

134 1935 338 1990 sicuta
370 1931 663 1987 monachis
694 1932 881 1986 Sancti
915 1931 1200 1987 Vincentii
1248 1931 1441 1999 didici,
1493 1939 1547 1988 et
1603 1933 1830 1988 tumul-

135 2029 232 2078 tus
271 2021 528 2091 quidam,
572 2028 638 2075 ut
669 2020 1002 2089 putabatur,
1047 2021 1435 2091 malignorum
1493 2021 1827 2090 spirituum,

134 2118 192 2165 et
223 2108 436 2179 species
487 2107 885 2164 incendiorum
943 2107 997 2162 in
1031 2122 1161 2164 aere
1219 2109 1518 2164 nocturnis
1558 2109 1713 2164 horis
1771 2109 1830 2164 in

135 2197 300 2254 urbe.
333 2196 514 2252 Natus
541 2202 624 2250 est
655 2196 826 2250 etiam
861 2203 992 2251 ante
1041 2195 1262 2266 aliquot
1311 2195 1432 2251 dies
1460 2209 1603 2264 puer
1645 2197 1832 2265 gemi-

136 2301 248 2342 nus
268 2286 435 2341 clune
461 2283 726 2352 superius
748 2283 1100 2350 ibidem,duo
1131 2284 1345 2339 scilicet
1367 2284 1588 2340 habens
1617 2285 1825 2354 capita,

136 2376 252 2430 duo
281 2387 466 2444 usque
491 2373 564 2427 ad
604 2386 767 2427 renes
817 2387 947 2428 cum
996 2371 1116 2427 suis
1162 2372 1414 2428 brachiis
1441 2372 1660 2428 habens
1703 2386 1828 2428 cor-

139 2476 295 2533 pora.
331 2461 552 2530 Duplex
594 2474 732 2529 ergo
768 2460 1052 2530 superius,
1094 2460 1333 2516 inferius
1382 2460 1622 2530 simplex
1689 2468 1829 2517 erat.

137 2551 464 2621 Baptizatus
493 2550 685 2618 itaque
703 2548 892 2605 triduo
913 2563 1146 2619 quoque
1170 2548 1333 2604 vixit.
1369 2549 1551 2605 Multa
1581 2550 1831 2620 denique

134 2647 192 2696 et
213 2639 335 2694 visa
365 2645 520 2703 sunt,
553 2645 608 2693 et
635 2637 927 2708 contigere
959 2645 1238 2706 portenta,
1263 2638 1331 2692 de
1349 2639 1566 2709 quibus
1596 2637 1831 2695 minime

136 2726 559 2797 ambigebatur,
585 2724 728 2795 quin
759 2724 1136 2794 praecinerent
1169 2725 1388 2782 malum
1439 2725 1579 2782 illud
1635 2726 1830 2782 maxi-

136 2830 300 2872 mum
322 2815 475 2886 quod
497 2813 868 2884 sequebatur.

782 2954 1012 3011 CAPUT
1051 2955 1179 3011 XII.

210 3088 425 3142 Poenas
467 3083 645 3140 sumit
677 3086 827 3139 Deus
866 3082 936 3136 de
962 3098 1096 3136 nece
1125 3081 1387 3136 Gerardi.
1419 3111 1489 3123 —
1517 3084 1829 3154 Postquam

138 3175 320 3246 sopito
351 3172 765 3244 aliquantisper
802 3170 1034 3227 turbine
1073 3170 1324 3226 Ecclesia
1354 3171 1523 3240 coepit
1562 3171 1827 3241 pedeten-

138 3272 241 3322 tim
295 3261 633 3319 clericorum
686 3259 998 3316 restaurari
1056 3259 1262 3315 studio.
1318 3258 1599 3326 Quoniam
1651 3259 1831 3330 igitur

139 3351 328 3423 paries
348 3350 460 3416 ille,
485 3364 601 3420 quo
629 3347 916 3404 Gerardus
953 3345 1293 3420 [supplenda
1316 3349 1451 3400 sunt
1479 3347 1592 3403 kaec
1618 3348 1824 3404 verba:

140 3438 474 3494 interfectus
510 3435 614 3509 est]
671 3443 905 3506 propter
964 3436 1078 3492 vim
1113 3437 1357 3493 incendii
1389 3437 1608 3493 caeteris
1636 3437 1831 3492 debili-

139 3525 310 3581 tatior
337 3524 658 3590 videbatur,
692 3536 864 3578 arcus
910 3522 1188 3592 quosdam
1236 3523 1383 3578 inter
1421 3523 1609 3592 ipsum
1643 3522 1829 3592 parie-

135 3622 250 3670 tem
308 3613 582 3678 medium,
634 3613 735 3682 qui
795 3611 1055 3666 exustior
1105 3609 1314 3680 fuerat,
1376 3619 1432 3666 et
1487 3611 1830 3667 exteriorem

136 3702 317 3758 aedem
365 3700 684 3756 immodicis
747 3699 1078 3768 sumptibus
1135 3707 1502 3769 peregerunt.
1569 3699 1830 3769 Cumque

137 3791 392 3861 quadam
449 3796 611 3844 nocte
661 3788 854 3858 fragor
891 3787 1093 3858 ingens
1125 3788 1518 3856 increpuisset,
1586 3789 1831 3843 tonitrus

136 3876 395 3947 impulsu
425 3874 682 3931 fulminis
711 3876 787 3930 ita
809 3887 1124 3930 concussus
1155 3880 1262 3941 est,
1307 3880 1372 3929 ut
1398 3873 1586 3944 juncti
1627 3874 1829 3943 parieti

134 3967 547 4022 dirimerentur
575 3978 767 4031 arcus,
826 3970 880 4018 et
912 3963 1098 4032 paries
1144 3963 1201 4017 in
1233 3970 1450 4030 partem
1497 3963 1833 4019 redderetur

133 4053 391 4121 acclivis,
421 4060 477 4109 et
506 4049 959 4120 necessariojam
1002 4049 1219 4105 destrui
1251 4056 1537 4118 oporteret
1566 4048 1638 4103 ab
1679 4047 1826 4104 imis.

132 4143 225 4209 Et,
261 4157 294 4197 ο
326 4142 539 4197 mirum
569 4139 663 4195 Dei
692 4136 1015 4210 judicium!
1075 4137 1223 4204 Quid
1283 4137 1352 4192 de
1400 4136 1509 4203 his,
1568 4138 1826 4214 Domine,

131 4233 238 4285 tua
290 4237 480 4285 censet
535 4228 828 4296 severitas,
892 4226 992 4296 qui
1050 4225 1341 4281 hominem
1401 4224 1503 4280 tibi
1546 4232 1826 4282 astantem

132 4333 374 4388 quoquo
422 4317 589 4373 modo
621 4324 674 4372 te
703 4289 962 4371 orantem
989 4314 1197 4384 punire
1228 4314 1316 4380 [f.,
1349 4312 1558 4382 punire
1595 4312 1827 4368 voluisti
1863 4289 1910 4346 Ῑ)

129 4406 242 4473 vel,
279 4405 473 4476 puniri
508 4402 859 4475 permisisti],
892 4403 940 4458 si
974 4401 1364 4458 insensibilem
1405 4400 1514 4456 sub
1545 4415 1663 4471 quo
1711 4401 1833 4456 haec

131 4497 277 4551 sunt
335 4501 461 4550 acta
490 4493 761 4564 parietem
820 4506 936 4547 non
983 4503 1318 4546 concessum
1366 4496 1450 4545 est
1505 4488 1832 4544 indemnem

131 4583 306 4640 esse?
328 4581 443 4638 Nec
473 4581 528 4637 id
558 4581 775 4652 injuria
815 4578 941 4644 fuit,
997 4585 1062 4634 ut
1092 4585 1311 4634 tantam
1359 4576 1633 4647 injuriam
1681 4589 1832 4647 aegre

133 4671 357 4737 tuleris,
386 4669 640 4725 Domine.
672 4668 834 4725 Certe
863 4668 907 4723 si
942 4666 1212 4722 inimicus
1250 4679 1413 4721 meus
1451 4664 1676 4720 veniam
1731 4678 1833 4734 pe-

131 4758 292 4815 tendi
325 4771 500 4814 causa
539 4757 784 4829 genibus
847 4755 986 4812 meis
1024 4755 1242 4826 jaceret
1294 4752 1533 4820 affusus,
1561 4760 1615 4808 et
1653 4765 1688 4807 a
1726 4767 1832 4808 suo

131 4847 298 4902 hoste
320 4853 452 4902 ante
479 4859 632 4901 meos
689 4844 1069 4916 perimeretur
1101 4842 1290 4912 pedes,
1324 4841 1394 4898 ob
1424 4839 1830 4896 contumeliam

131 4933 280 4988 mihi
314 4932 522 4988 factam
542 4931 712 5001 plane
740 4931 926 4987 omnis
982 4943 1110 4984 mea
1153 4941 1293 4998 erga
1319 4941 1452 4983 eum
1502 4926 1835 4982 animositas

132 5021 290 5076 illico
319 5019 623 5089 sopiretur.
668 5019 785 5074 Hoc
826 5031 930 5073 nos
979 5015 1258 5081 homines,
1291 5021 1346 5070 et
1373 5025 1435 5071 tu
1474 5013 1832 5084 potissimum

129 5122 289 5165 vena
320 5107 656 5173 clementiae,
716 5107 886 5162 Deus.
947 5104 1004 5160 Si
1055 5111 1118 5160 tu
1177 5103 1422 5158 infantes
1465 5101 1548 5158 tui
1600 5114 1836 5170 prorsus

130 5198 373 5269 ignaros
400 5196 509 5252 sub
536 5195 756 5251 Herode
786 5207 1050 5260 coronas,
1093 5191 1276 5248 solum
1310 5189 1448 5261 quia
1492 5202 1668 5245 causa
1707 5203 1833 5258 per-

131 5287 304 5342 niciei
337 5299 540 5342 eorum
588 5292 653 5340 tu
682 5283 896 5350 fueras,
948 5280 1348 5350 putandumne
1370 5287 1454 5335 est
1478 5277 1632 5348 quod
1667 5291 1838 5347 penes

132 5377 318 5444 hunc,
347 5375 478 5432 licet
521 5381 898 5444 peccatorem,
931 5371 1061 5426 licet
1093 5369 1462 5436 immeritum,
1498 5367 1570 5423 ad
1614 5366 1694 5422 tui
1726 5381 1836 5422 no-

133 5463 318 5520 minis
353 5461 789 5533 vilipensionem
840 5458 1113 5526 occisum,
1158 5457 1444 5514 obdurare
1499 5463 1552 5513 te
1609 5454 1835 5526 queas?

132 5551 265 5609 Non
289 5558 378 5609 est
408 5551 516 5607 hoc
547 5558 732 5616 tuum,
768 5546 996 5603 inﬁnita
1029 5547 1227 5616 pietas.

501 5650 776 5715 Parnon.
830 5645 1032 5712 CLVI.

1941 520 2134 575 multa
2155 524 2289 574 sunt
2299 523 2613 591 corr-agam
2631 521 2883 592 pecunia
2899 522 2977 576 ad
2991 523 3292 577 ecclesiam
3305 528 3638 580 restauran-

1939 606 2094 663 dam.
2130 640 2198 648 —
2229 610 2452 666 Interea
2476 611 2797 665 secundum
2825 610 2988 666 illum
3023 611 3491 682 qualemcunque
3523 630 3636 669 mo-

1941 710 2059 752 rem
2100 697 2172 752 ad
2220 699 2609 768 rorrogandas
2650 699 2921 767 pecunias
2974 708 3270 769 coeperunt
3326 701 3531 756 feretra
3581 711 3635 758 et

1941 793 2271 841 sanctorum
2314 788 2576 856 reliquiae
2622 787 2998 842 circumferri.
3033 789 3193 843 Unde
3217 789 3428 844 factum
3458 799 3541 847 est
3573 800 3636 848 ut

1945 872 2074 941 pius
2098 874 2189 928 ille
2234 875 2469 942 arbiter,
2501 876 2599 944 qui
2636 890 2782 946 quos
2814 875 2949 930 hinc
2978 877 3213 946 corripit
3263 877 3419 932 illinc
3477 879 3638 934 mise-

1942 962 2240 1018 ricorditer
2295 964 2644 1030 consolatur,
2731 966 2915 1020 multa
2967 979 3086 1034 qua
3144 965 3304 1020 ibant
3357 966 3636 1023 miracula

1937 1050 2252 1106 exhiberet.
2309 1052 2448 1107 Erat
2512 1061 2702 1108 autem
2776 1052 3148 1123 magniﬁcum
3213 1053 3634 1124 phylacterium

1939 1137 2237 1207 quiddam,
2267 1139 2422 1208 quod
2457 1139 2749 1195 ferebatur
2778 1155 2908 1195 cum
2965 1141 3162 1211 aliqua
3188 1142 3496 1211 cujuslibet
3529 1158 3637 1200 me-

1940 1227 2134 1282 morize
2163 1227 2343 1292 theca,
2378 1227 2433 1281 in
2467 1242 2582 1297 quo
2611 1228 2678 1283 de
2726 1228 2962 1283 camisia
3019 1229 3220 1285 matris
3281 1231 3536 1302 Virginis
3581 1239 3636 1288 et

1939 1314 2006 1369 de
2051 1314 2291 1385 spongia
2318 1315 2400 1370 ori
2453 1314 2766 1372 Salvatoris
2810 1317 2985 1383 illata,
3014 1325 3069 1373 et
3118 1318 3185 1374 de
3232 1333 3403 1386 cruce
3437 1320 3633 1390 ipsius,

1938 1403 1981 1458 si
2007 1403 2075 1458 de
2105 1403 2328 1474 capillis
2364 1404 2620 1474 ejusdem
2678 1405 2931 1459 Domina:
2962 1413 3168 1461 nostrae
3216 1408 3425 1476 nescio,
3454 1410 3638 1465 conti-

1942 1499 2132 1547 netur.
2171 1493 2268 1547 Est
2297 1501 2489 1548 autem
2537 1506 2606 1546 ex
2657 1505 2800 1548 auro
2855 1500 2910 1548 et
2969 1493 3275 1562 lapidibus,
3327 1504 3382 1552 et
3439 1513 3638 1554 versus

1938 1592 2083 1635 auro
2114 1580 2384 1649 insculpti
2415 1581 2682 1650 mysteria
2715 1581 2937 1636 interna
2967 1589 3285 1637 cantantes.
3328 1585 3388 1638 In
3417 1600 3633 1656 pagum

1939 1668 2135 1738 itaque
2163 1668 2516 1724 Turonicum
2548 1669 2801 1724 secunda
2823 1683 2930 1724 sua
2958 1670 3300 1739 profectione
3323 1673 3632 1742 venientes,

1868 1727 1910 1782 Β
1939 1756 2243 1826 cujusdam
2301 1756 2586 1825 prmdonis
2636 1757 3040 1827 municipium,
3065 1759 3219 1828 quod
3257 1727 3638 1818 Busensiacus

1939 1843 2153 1899 dicitur
2179 1841 2380 1915 [vulgo
2434 1844 2795 1915 Buxeng'ais],
2849 1846 3186 1917 attigerunt,
3220 1855 3273 1902 et
3317 1863 3636 1906 sermonem
3735 1874 3753 1894 -

1938 1931 2008 1987 de
2054 1931 2378 1987 calamitate
2420 1933 2670 1988 ecclesiae
2710 1947 2830 1988 suae
2875 1933 3024 1988 inter
3071 1933 3180 1989 alia
3231 1935 3301 1990 ad
3357 1936 3635 2006 populum

1941 2020 2290 2076 habuerunt.
2367 2019 2631 2090 Cumque
2683 2021 3109 2090 praasensissent
3189 2022 3375 2078 clerici
3428 2026 3630 2092 nostri,

1939 2108 2093 2178 quod
2121 2107 2412 2172 dominus,
2444 2115 2502 2163 ot
2534 2108 2808 2178 oppidani
2845 2108 2971 2178 ejus
2999 2109 3178 2165 malos
3206 2111 3430 2166 animos
3468 2127 3637 2182 gere-

1938 2203 2068 2252 rcnt
2125 2196 2195 2251 ad
2255 2196 2519 2263 verbum,
2577 2204 2630 2251 et
2687 2205 2966 2253 exeuntes
3010 2197 3078 2252 de
3118 2199 3346 2254 castello
3393 2200 3635 2270 diripere

1938 2284 2308 2350 destinarent,
2346 2285 2401 2339 in
2431 2291 2588 2339 arcto
2625 2283 2732 2356 [vel
2770 2284 2903 2355 alto]
2952 2285 3171 2356 positus
3213 2288 3258 2342 is
3311 2288 3414 2358 qui
3446 2289 3633 2361 decla-

1939 2373 2135 2428 mandi
2169 2373 2702 2440 habebatofticium,
2733 2373 2860 2429 licet
2892 2374 3061 2431 fidem
3090 2389 3289 2431 eorum
3316 2391 3446 2446 quae
3471 2392 3635 2448 spon-

1939 2459 2108 2516 debat
2166 2474 2278 2515 non
2331 2460 2586 2526 haberet,
2640 2466 2831 2516 tamen
2885 2463 3094 2516 astanti
3151 2463 3380 2532 populo,
3421 2465 3542 2520 ait:
3577 2465 3633 2521 Si

1937 2555 2022 2604 est
2053 2548 2283 2603 animus
2312 2548 2580 2603 inﬁrmus
2608 2548 2664 2603 in
2697 2548 2880 2612 vobis,
2913 2549 3143 2606 accedat
3171 2551 3242 2606 ad
3290 2566 3481 2609 sacras
3510 2555 3636 2610 reli-

1940 2636 2129 2707 quias,
2163 2644 2217 2692 et
2249 2637 2470 2692 haustis
2500 2636 2786 2703 laticibus,
2820 2651 2965 2706 quos
3012 2636 3270 2707 reliquiae
3315 2641 3632 2713 attigerint,

1941 2724 2186 2794 profecto
2225 2724 2546 2780 sanabitur.

2011 2811 2368 2867 Miraculum
2424 2816 2472 2866 l.
2506 2815 2695 2868 Mutus
2731 2829 2873 2885 puer
2913 2817 2969 2868 el
3017 2814 3226 2869 surdus
3269 2820 3531 2875 sanatur.
3563 2850 3632 2862 —

1937 2901 2101 2956 Tunc
2125 2901 2290 2956 lectus
2341 2900 2632 2967 dominus,
2664 2901 2909 2972 ejusque
2966 2910 3300 2970 castrenses,
3351 2905 3492 2962 dum
3537 2922 3632 2965 eos

1865 2989 2224 3054 caestimant
2279 3004 2353 3045 ex
2399 3004 2503 3045 suo
2562 2991 2814 3059 ipsorum
2870 2990 3045 3046 verbo
3102 3005 3204 3060 pro
3256 2994 3633 3053 mendacibus

1934 3077 2258 3147 capiendos,
2316 3076 2565 3133 oll‘erunt
2619 3077 2670 3132 ei
2710 3091 2954 3146 puerum
3013 3087 3240 3135 mutum
3283 3089 3340 3136 et
3384 3083 3630 3140 surdum

1937 3177 2118 3220 annos
2146 3173 2347 3220 natum
2370 3164 2597 3220 circiter
2629 3165 2856 3236 viginti.
2881 3166 3005 3222 Dici
3037 3181 3152 3222 non
3183 3175 3366 3238 potest
3404 3171 3476 3227 ab
3526 3172 3629 3228 ali-

1937 3267 2053 3322 quo
2085 3253 2197 3309 sub
2227 3260 2446 3324 quanto
2467 3253 2720 3324 periculo
2750 3261 2804 3310 et
2835 3269 3048 3324 angore
3102 3263 3242 3312 tunc
3270 3257 3460 3315 clerici
3503 3275 3633 3316 con-

1937 3341 2228 3399 stiterunt.
2272 3345 2343 3397 At
2398 3356 2532 3397 cum
2573 3342 2702 3398 altis
2751 3357 3116 3398 communem
3149 3345 3447 3402 Dominam
3497 3363 3631 3405 cum

1935 3443 2039 3485 suo
2070 3429 2239 3484 unico
2268 3431 2402 3485 Jesu
2461 3430 2698 3485 Domino
2755 3438 3060 3485 exorantes
3113 3433 3396 3501 suspiriis,
3455 3436 3633 3504 epotis

1936 3517 2112 3571 sacris
2149 3517 2318 3586 aquis
2374 3517 2766 3587 interrogatur
2820 3531 2854 3571 a
2908 3517 3223 3586 trepidante
3277 3522 3628 3591 presbytero,

1936 3603 2124 3659 nescio
2155 3605 2310 3674 quod
2337 3605 2600 3660 verbum.
2627 3604 2731 3660 Cui
2766 3605 2859 3660 ille
2891 3619 3025 3660 mox
3075 3605 3335 3662 absolute
3388 3623 3504 3664 non
3559 3611 3630 3664 ad

1935 3692 2114 3748 verba
2163 3692 2517 3763 interrogata
2557 3693 2864 3762 respondit,
2917 3694 3014 3748 sed
3073 3695 3270 3750 eadem
3321 3710 3454 3766 quae
3501 3711 3630 3767 pre-

1935 3778 2127 3848 sbyter
2155 3779 2332 3834 verba
2360 3779 2526 3834 dixit.
2555 3781 2661 3843 Qui
2682 3780 2836 3835 enim
2867 3795 3172 3852 nunquam
3194 3784 3458 3839 audierat
3489 3785 3632 3854 quid

1936 3867 2164 3931 diceret,
2194 3866 2302 3922 nisi
2335 3866 2490 3937 quod
2517 3867 2836 3935 dicebatur,
2873 3869 3194 3939 ignorabat.
3228 3869 3375 3938 Quid
3430 3873 3628 3928 immo-

1937 3955 2073 4012 rer?
2107 3957 2170 4010 lu
2203 3969 2455 4025 paupere
2495 3955 2702 4025 oppido
2733 3957 2907 4012 corda
2954 3956 3247 4014 confestim
3297 3960 3492 4030 seipsis
3525 3961 3632 4017 lar-

1938 4043 2098 4114 giora
2139 4042 2394 4099 fuerunt.
2443 4041 2648 4112 Oppidi
2678 4057 2864 4099 unum
2891 4044 3157 4100 dominus
3213 4061 3385 4116 quem
3445 4049 3631 4104 solum

1938 4130 2187 4186 habebat
2216 4145 2434 4200 equum
2475 4144 2608 4186 mox
2639 4131 2904 4200 praebuit,
2966 4147 3098 4188 cum
3131 4142 3469 4191 cmterorum
3508 4149 3632 4192 mu-

1939 4218 2234 4275 nificentia
2284 4233 2421 4275 suas
2475 4233 2617 4289 pene
2671 4219 3071 4289 possibilitates
3120 4223 3633 4292 excederetQuo-

1941 4322 2069 4365 rum
2117 4322 2254 4378 ergo
2311 4306 2633 4377 proditores
2679 4322 2800 4365 esse
2853 4309 3177 4378 voluerant,
3240 4311 3448 4368 horum
3499 4327 3633 4369 cum

1943 4397 2169 4468 magnis
2225 4395 2494 4466 lacrymis
2548 4396 2728 4452 Deum
2782 4397 3103 4467 adjutorem
3163 4398 3522 4456 laudantium
3552 4401 3635 4457 sic

1942 4485 2099 4541 fuere
2124 4492 2534 4555 prosecutores,
2569 4491 2634 4540 ut
2679 4484 2978 4555 juvenem,
3013 4487 3114 4556 qui
3143 4495 3382 4542 sanatus
3423 4487 3630 4556 fuerat,

1944 4580 2216 4642 perpetuo
2246 4579 2580 4627 sanctorum
2610 4572 2992 4643 reliquiarum
3050 4574 3424 4630 contubernio
3467 4589 3632 4630 man-

1941 4661 2218 4730 ciparent.
2252 4659 2429 4726 Quem
2463 4674 2567 4731 ego
2609 4659 2665 4715 in
2697 4660 2805 4716 hac
2855 4669 3053 4717 nostra
3093 4661 3400 4732 Novigenti
3454 4663 3633 4720 eccle-

1941 4747 2026 4804 sia
2054 4747 2335 4812 hebetem,
2394 4755 2450 4802 et
2490 4747 2560 4801 ad
2623 4749 2818 4804 omnia
2869 4749 3110 4805 dicenda
3161 4758 3216 4805 et
3268 4750 3636 4822 intelligenda

1942 4836 2143 4893 rudem
2185 4835 2323 4902 vidi,
2373 4834 2476 4904 qui
2534 4834 2712 4890 ﬁdelis
2753 4836 2893 4891 tanti
2945 4837 3206 4892 miraculi
3245 4837 3632 4907 circumlator,

1943 4924 2002 4980 in
2042 4922 2139 4979 tali
2168 4922 2536 4979 exsecutione
2581 4935 2695 4978 non
2753 4923 3002 4979 multum
3062 4933 3187 4994 post
3226 4934 3450 4996 tempus
3486 4927 3634 4983 diem

1942 5011 2099 5068 obiit.

2013 5097 2364 5154 Miraculum
2393 5102 2445 5152 2.
2471 5097 2686 5153 Mulier
2711 5115 2750 5153 a
2787 5098 3057 5171 passione
3080 5099 3250 5172 digiti
3273 5105 3531 5158 curatur.
3565 5132 3636 5145 —

1945 5189 2011 5244 In
2069 5187 2474 5259 Andegavensi
2529 5187 2669 5244 urbe
2727 5187 2937 5243 femina
2980 5189 3246 5258 quaedam
3307 5198 3448 5258 erat,
3505 5205 3637 5262 quae

1944 5276 2203 5348 puellula
2253 5283 2548 5346 nupserat,
2606 5277 2664 5331 in
2705 5290 2824 5346 qua
2878 5277 3148 5344 pueraria
3198 5284 3364 5333 aetate
3419 5278 3637 5334 annulo

1945 5379 2118 5436 quem
2150 5364 2392 5436 digitulo
2432 5365 2753 5420 inseruerat
2783 5363 3296 5432 irretractabiliter,
3348 5374 3412 5423 ut
3439 5366 3521 5422 sic
3551 5367 3636 5421 di-

1945 5468 2091 5517 cam,
2151 5454 2242 5509 die
2307 5460 2599 5523 noctuque
2656 5452 2935 5508 insertum
3002 5460 3284 5510 tenuerat.
3319 5453 3639 5510 Juvencula

1947 5541 2124 5612 igitur
2152 5540 2558 5597 accedentibus
2607 5539 2775 5597 annis
2806 5541 2863 5596 in
2915 5540 3188 5612 majorem
3219 5542 3638 5600 carnulentiam

3245 5647 3328 5705 30
