3922 6080
323 318 427 371 939
1218 311 1277 364 V.
1320 308 1657 366 GUIBERTI
1690 308 1979 363 ABBATIS
2015 306 2069 361 S.
2116 305 2352 361 ΜΑΒΙΑΞ
2391 304 2482 360 DE
2526 300 2916 359 NOVIGENTO
3130 338 3147 345 -
3721 297 3836 351 950

319 454 700 514 excrescente,
747 444 920 500 etiam
967 443 1120 498 circa
1174 438 1460 496 annulum
1516 438 1653 495 hinc
1708 437 1840 495 inde
1880 450 2015 493 caro
2051 440 2098 493 A
2129 441 2279 491 rant.
2316 435 2565 504 Epasmo
2616 431 2795 504 igitur
2850 429 3076 486 rediens
3139 428 3211 485 ad
3271 427 3507 485 clericos
3536 441 3610 483 an
3662 427 3832 498 loqui

321 537 723 608 protuberans,
779 531 1076 587 metallum
1126 544 1268 600 pene
1333 533 1686 595 contexerat,
1750 526 1906 583 unde
1962 533 2018 582 et

316 623 609 682 eximendi
653 635 784 677 eum
817 633 851 675 a
880 618 1056 689 digito
1088 631 1215 688 spes
1238 623 1355 672 tota
1384 615 1651 685 perierat.
1685 614 2019 669 AdVenien—

324 714 478 769 tibus
511 712 703 780 itaque
750 709 929 765 sacris
977 705 1336 778 pignoribus,
1368 709 1519 758 sua
1549 704 1685 759 dum
1723 709 1846 772 post
1893 713 2018 756 ser-

320 813 547 855 monem
596 798 858 854 habitum
917 811 1051 852 cum
1108 795 1323 850 caeteris
1371 792 1713 847 mulieribus
1752 790 2021 846 oblatura

320 888 589 951 venisset,
638 899 770 941 cum
806 898 1043 940 manum
1078 882 1407 938 tetendisset
1454 880 1526 935 ad
1585 880 1865 949 reliquias
1921 892 2017 933 ar-

321 983 559 1047 gentum
600 973 930 1043 depositura
974 971 1127 1041 quod
1186 970 1416 1034 tulerat,
1466 967 1690 1036 crepuit
1742 965 2017 1033 annulus,

322 1072 379 1121 et
402 1063 512 1119 sub
538 1077 714 1117 manu
746 1062 927 1131 ipsius
965 1068 1097 1115 ante
1123 1066 1321 1113 sancta
1362 1056 1685 1112 collabitur.
1730 1055 1853 1122 Quo
1900 1055 2020 1110 viso

321 1151 590 1223 populus,
623 1158 676 1205 et
707 1150 957 1204 maxime
988 1146 1272 1212 mulieres,
1308 1145 1461 1216 quod
1502 1152 1720 1199 tantam
1774 1143 2019 1213 gratiam

319 1240 500 1296 Mater
528 1238 703 1307 Virgo
729 1235 951 1292 feminae
986 1235 1067 1291 illi
1098 1234 1438 1301 contulerat,
1472 1232 1629 1303 quod
1674 1232 1846 1287 etiam
1895 1231 2019 1300 ipsa

321 1336 512 1399 petere
544 1341 658 1382 non
689 1325 958 1390 audebat,
983 1324 1093 1379 dici
1114 1338 1227 1378 non
1260 1329 1440 1391 potest
1471 1320 1610 1391 quid
1644 1333 2019 1375 nummorum

320 1415 589 1486 populus,
622 1413 761 1484 qttid
792 1413 1152 1482 potissimum
1208 1410 1433 1465 feminae
1481 1408 1780 1464 monilium
1838 1420 2023 1462 anuu-

322 1505 630 1573 lorumque
694 1500 1061 1557 contulerint.
1100 1500 1290 1569 Pagus
1336 1497 1691 1554 Turconicus
1737 1496 2019 1551 virtutum

323 1590 650 1648 communis
677 1589 937 1645 omnium
968 1587 1226 1643 Dominae
1253 1584 1880 1657 jucundabaturodore
1910 1597 2023 1639 res-

324 1693 564 1751 persus;
593 1685 653 1733 at
678 1691 814 1732 vero
858 1675 1289 1746 Andegavensis
1313 1673 1611 1745 jactitabat
1660 1687 1719 1728 se
1768 1672 1863 1729 Dei
1907 1671 2015 1728 Ge-

323 1768 584 1824 nitricem
614 1765 824 1821 habre
857 1778 973 1834 prae
1007 1764 1291 1819 manibus.

392 1854 750 1910 Miraculum
770 1856 820 1908 3.
836 1852 1045 1906 Mulier
1074 1852 1283 1906 hausta
1306 1867 1459 1923 aqua
1490 1848 1730 1905 ameris
1755 1846 2021 1919 reliquiis

323 1948 501 2012 tacta,
533 1940 833 1997 convaluit.
866 1971 935 1981 —
963 1939 1135 2005 Alias,
1194 1940 1290 1995 sed
1324 1953 1443 2008 quo
1474 1938 1529 1993 id
1586 1946 1777 1994 actum
1812 1939 1884 1993 sit
1914 1951 2019 2007 op-

322 2032 455 2103 pido
483 2030 650 2101 plane
678 2028 1004 2099 exprimere
1056 2042 1171 2083 non
1206 2041 1459 2097 possum,
1484 2026 1544 2082 in
1581 2027 1776 2082 eadem
1827 2033 2019 2082 tamen

324 2118 573 2184 dioecesi,
620 2117 690 2173 ad
722 2116 1035 2186 quamdam
1086 2115 1381 2170 honestam
1432 2114 1721 2181 feminam,
1774 2113 2023 2170 diutissi-

323 2221 418 2264 ma
460 2221 566 2262 nec
611 2205 804 2260 minus
844 2204 1148 2273 desperata
1199 2204 1531 2258 infirmitate
1562 2203 2021 2272 detentam,ipsa

324 2307 688 2363 summopere
739 2299 983 2362 petente,
1019 2291 1279 2361 reliqnize
1310 2291 1512 2347 delatae
1536 2298 1670 2347 sunt
1700 2305 1733 2346 a
1779 2291 2018 2347 clericis.

323 2381 477 2449 Quas
500 2396 633 2437 cum
664 2380 761 2436 illa
783 2379 1229 2450 praecordialiter
1259 2387 1531 2434 venerata
1561 2378 1775 2445 fuisset,
1809 2378 2021 2434 sacris-

325 2485 443 2541 que
474 2470 627 2526 unde
657 2468 855 2525 dilutae
893 2469 1123 2524 fuerant
1166 2475 1357 2537 potata
1388 2467 1654 2523 laticibus
1696 2481 1801 2523 nec
1862 2480 2023 2522 mora

324 2558 507 2615 Maria
537 2558 854 2612 medicante
880 2556 1195 2612 convaluit.
1239 2555 1501 2626 Cumque
1540 2568 1705 2611 sacra
1733 2556 1828 2611 Dei
1856 2556 2020 2611 debi-

324 2647 398 2701 tis
452 2643 791 2700 muneribus
858 2643 1212 2708 honorasset,
1286 2650 1340 2697 et
1409 2644 1654 2711 portitor
1724 2656 2018 2698 sacrorum

326 2735 527 2803 pedem
559 2747 593 2788 a
623 2733 829 2787 domus
869 2732 1063 2786 limine
1106 2729 1459 2797 excessisset,
1516 2744 1645 2786 ecce
1685 2744 1827 2800 puer
1871 2745 2021 2801 equo

324 2822 598 2886 insidens,
656 2820 1015 2889 rhedamque
1079 2818 1332 2886 trahens,
1393 2818 1680 2888 angiporti
1744 2819 2016 2887 medium,

324 2922 426 2979 per
456 2908 610 2979 quod
653 2906 1005 2963 transiturus
1062 2905 1269 2972 fuerat,
1323 2905 1660 2974 occupabat.
1712 2907 1797 2961 Ad
1846 2922 2017 2976 quem

2124 524 2311 580 valeat
2334 531 2389 579 et
2419 522 2609 578 nescio
2640 520 2856 590 quibus
2886 519 3076 574 verbis
3106 516 3515 588 interrogando
3543 525 3833 572 tentatur.

2126 613 2259 669 Mox
2319 611 2411 666 ille
2437 611 2635 666 eadem
2691 623 2822 679 quae
2875 608 3133 663 audierat
3173 620 3207 662 a
3241 613 3674 676 percunctatore
3729 618 3833 660 re—

2126 701 2375 772 spondit.
2426 698 2690 755 Intinitas
2759 699 2948 753 cuncti
3007 696 3218 767 glorias
3277 696 3335 750 in
3403 693 3649 750 sublime
3713 693 3839 748 Deo

2126 790 2407 855 tulerunt,
2440 788 2574 858 quis
2618 788 2769 842 dicat
2825 776 3086 856 jubilos?
3127 783 3385 853 Denique
3424 785 3493 837 ad
3540 781 3838 849 Nigellam

2126 878 2400 949 Oppidum
2457 875 2801 932 omnimodis
2860 874 3122 944 precibus
3170 873 3358 928 redire
3413 879 3732 942 coguntur,
3768 877 3841 925 ut

2126 966 2281 1037 quod
2332 965 2509 1021 sacris
2562 964 2758 1019 minus
2797 964 2984 1033 primo
3045 961 3394 1027 detulerant,
3455 957 3841 1029 integerrime

2128 1055 2512 1125 suppleretur.
2565 1052 2727 1119 Quod
2777 1058 2831 1108 et
2888 1050 3099 1106 eximie
3129 1050 3341 1105 factum
3399 1056 3501 1104 est.
3540 1048 3611 1102 Et
3644 1047 3744 1102 hic
3774 1060 3845 1102 se

2127 1141 2465 1197 clariiicavit
2511 1140 2776 1207 Domina,
2809 1137 2980 1209 cujus
3013 1136 3192 1192 Filius
3232 1137 3399 1202 Deus,
3439 1148 3572 1205 quas
3604 1134 3844 1189 hucus-

2128 1245 2242 1301 que
2273 1230 2573 1287 distulerat
2612 1236 2837 1284 natura:
2861 1228 3013 1282 dona
3038 1230 3417 1281 consummat.

2767 1314 2999 1372 CAPUT
3025 1313 3182 1369 XIII.

2199 1406 2296 1461 Ad
2325 1405 2541 1479 Anglos
2565 1404 3000 1475 transferuntur
3020 1400 3296 1473 reliquiae.
3320 1398 3618 1455 —Exinde
3644 1405 3843 1454 trans-

2129 1495 2384 1552 marinas
2415 1494 2646 1564 petituri
2704 1499 2912 1563 partes,
2958 1504 3090 1547 cum
3123 1503 3183 1546 se
3239 1489 3376 1544 huic
3406 1487 3841 1542 mediterraneo

2127 1585 2350 1641 Oceano
2400 1582 2792 1649 contulissent,
2826 1580 3129 1650 opulentos
3162 1577 3439 1648 quosdam
3484 1583 3838 1631 mercatores

2130 1673 2240 1728 sub
2294 1671 2490 1728 eadem
2557 1669 2756 1726 classis
2823 1667 3113 1725 evectione
3200 1666 3489 1731 habentes,
3570 1664 3836 1719 secundo

2056 1732 2100 1788 Β
2130 1769 2414 1833 quantum
2462 1759 2534 1815 ad
2596 1758 2835 1813 flamina
2880 1770 3114 1827 aequore
3162 1755 3511 1811 ferebantur.
3570 1752 3642 1808 Et
3698 1766 3835 1808 ecce

2127 1848 2491 1915 immanium,
2554 1859 2700 1917 quos
2761 1844 3011 1900 multum
3074 1842 3445 1907 verebantur,
3503 1840 3833 1910 piratarum

2127 1937 2489 2008 conspiciunt
2546 1936 2654 1991 sibi
2713 1935 2983 2004 ingruere
3054 1945 3127 1987 ex
3179 1929 3424 1985 adverso
3493 1929 3823 1984 salandras.

2125 2025 2389 2096 Cumque
2443 2023 2615 2079 remis
2667 2021 2855 2078 undas
2902 2018 3267 2074 verrentibus
3294 2017 3369 2072 illi
3402 2016 3830 2087 adnavigantes

2127 2115 2411 2171 fluctuum
2461 2111 2725 2167 cumulos
2762 2122 2935 2179 prora
2982 2106 3322 2171 dividerent,
3381 2105 3601 2176 vixque
3654 2106 3829 2161 stadii

2127 2202 2428 2258 interstitio
2470 2214 2505 2256 a
2541 2199 2750 2256 nostris
2782 2198 3139 2264 absisterent,
3197 2202 3253 2250 et
3293 2188 3587 2251 sacrorum
3640 2195 3830 2265 porti-

2128 2298 2274 2348 tores
2303 2304 2434 2346 cum
2482 2305 2513 2345 e
2544 2289 2744 2359 piratis
2792 2286 2959 2342 valde
3011 2292 3352 2351 metuerent,
3404 2285 3710 2354 consurgit
3768 2284 3827 2337 in

2126 2379 2312 2434 medio
2338 2377 2575 2448 quidam
2616 2383 2842 2432 nostras
2885 2375 3200 2446 presbyter,
3254 2382 3308 2430 et
3358 2374 3578 2429 elevato
3618 2374 3833 2443 phyla-

2126 2468 2322 2535 cterio,
2378 2467 2436 2522 in
2500 2480 2615 2537 quo
2678 2464 2829 2536 regis
2907 2461 3161 2536 [reginae]
3234 2461 3506 2518 caelorum
3577 2459 3834 2531 pignora

2127 2554 2491 2616 tenebantur,
2517 2567 2589 2608 ex
2636 2551 2758 2608 Filii
2804 2558 2858 2608 et
2891 2552 3088 2607 Matris
3139 2550 3370 2605 nomine
3399 2550 3483 2605 eis
3524 2548 3835 2604 interdixit

2128 2644 2460 2699 adventum.
2488 2642 2603 2697 Nec
2631 2655 2791 2697 mora
2812 2655 2914 2711 pro
2943 2640 3185 2710 imperio
3215 2639 3287 2695 ad
3329 2638 3569 2708 puppim
3605 2637 3837 2693 rediere

2129 2738 2298 2796 rates,
2350 2743 2456 2784 nec
2511 2729 2716 2783 minori
2783 2735 2920 2783 sunt
2967 2726 3255 2782 celeritate
3308 2725 3485 2795 [deest
3528 2724 3623 2779 hic
3658 2725 3839 2793 forte

2126 2817 2375 2887 expulsi]
2407 2830 2586 2887 quam
2616 2815 2932 2871 accelerare
2962 2816 3292 2885 gestierant.
3333 2814 3475 2869 Hinc
3508 2814 3636 2869 laus
3668 2814 3835 2883 apud

2128 2906 2415 2968 liberatos,
2444 2905 2580 2960 hinc
2624 2904 2827 2975 gloria,
2886 2912 3229 2959 mercatores
3280 2902 3444 2958 bonae
3487 2901 3566 2957 illi
3621 2902 3839 2959 Maria

327 2997 605 3053 clericus:
636 2994 751 3061 Sta,
787 2995 995 3064 inquit,
1029 2993 1209 3049 donec
1238 3002 1436 3049 sancta
1458 3001 1815 3063 praetereant.
1852 2996 2021 3051 Cum-
2058 3005 2099 3062 c
2129 2994 2544 3067 gratulabundi
2575 2992 2756 3048 multa
2779 2991 2885 3048 sibi
2915 2990 3175 3047 obtulere
3206 2990 3407 3060 pretia.

327 3100 443 3156 que
464 3083 804 3153 praeterisset
832 3081 980 3138 lator
1004 3095 1226 3150 eorum,
1258 3088 1314 3138 et
1345 3081 1436 3137 ille
1465 3082 1751 3138 caballum
1811 3097 2020 3154 urgere

326 3174 607 3242 cmpisset,
670 3171 741 3226 ad
799 3170 1189 3240 repetitionem
1251 3169 1471 3225 itineris
1524 3184 1815 3240 nusquam
1880 3171 2017 3227 eniti

326 3261 532 3332 potuit.
599 3262 720 3323 Quo
780 3259 1089 3328 respiciens
1141 3258 1233 3314 ille
1281 3260 1382 3328 qui
1423 3259 1640 3314 ferebat
1704 3259 2017 3329 reliquias:

326 3349 505 3416 Vade,
537 3348 747 3419 inquit,
794 3347 850 3402 in
878 3349 1106 3402 nomine
1147 3346 1391 3401 Domini.
1427 3347 1498 3401 Et
1529 3347 1632 3401 hoc
1656 3346 1805 3402 dicto
1833 3360 2022 3417 equus

328 3438 542 3507 pariter
584 3444 639 3493 et
696 3435 877 3491 rheda
924 3434 1305 3505 progreditur.
1366 3434 1509 3490 Ecce
1558 3448 1690 3504 quae
1733 3435 1789 3490 in
1834 3435 2016 3491 Maria

327 3532 582 3594 praestas,
628 3535 924 3594 quamque
954 3522 1335 3578 reverentiam
1362 3522 1471 3578 sibi
1509 3523 1710 3593 exigit.

397 3612 750 3668 Miraculum
787 3612 839 3666 4.
894 3610 1172 3666 Auditum
1228 3614 1404 3683 atque
1458 3611 1745 3682 loquelam
1811 3610 2022 3685 recipit

308 3701 573 3773 juvenis.
604 3731 672 3742 —
708 3703 770 3757 ln
799 3700 961 3757 tertia
992 3700 1335 3770 profectione
1383 3701 1535 3770 apud
1566 3700 1837 3771 Nigellam
1868 3701 2019 3772 (vul-

328 3805 401 3862 go
446 3788 642 3859 Nelle)
697 3802 793 3844 eos
822 3787 1060 3859 contigit
1106 3787 1378 3843 devenire
1407 3787 1725 3843 castellum.
1764 3788 2020 3844 Habebat

327 3884 519 3934 autem
575 3876 918 3947 Radulphus
972 3876 1243 3933 dominus
1281 3876 1454 3932 castri
1522 3876 1704 3946 ipsius
1745 3877 2019 3947 juvenem

325 3973 555 4021 mutum
583 3972 637 4020 et
668 3964 912 4020 surdum
944 3964 1001 4019 in
1032 3964 1202 4019 domo
1257 3977 1381 4032 sua,
1434 3978 1607 4034 quem
1656 3971 1711 4021 et
1750 3965 2022 4034 perhibe-

326 4052 468 4109 bant
498 4052 797 4107 divinandi
829 4052 1126 4107 scientiam
1183 4052 1340 4107 haud
1382 4052 1628 4108 dubium
1663 4054 1805 4123 quin
1838 4067 1872 4108 a
1899 4054 2020 4109 dte-

325 4141 596 4196 monibus
621 4140 863 4208 habere;
900 4154 1074 4209 quem
1121 4148 1176 4195 et
1207 4140 1332 4196 ideo
1370 4140 1688 4210 plurimum
1734 4141 2022 4197 ferebatur

325 4241 541 4283 amare.
601 4227 789 4283 Sacrae
847 4242 986 4298 ergo
1044 4228 1301 4299 reliquiae
1348 4237 1534 4285 castro
1573 4229 1830 4292 invectze,
1883 4231 2019 4286 satis

324 4316 597 4373 tenuibus
626 4316 878 4372 donariis
927 4325 1064 4372 sunt
1095 4330 1129 4371 a
1164 4317 1374 4387 populo
1420 4318 1735 4373 honorata.
1772 4318 1872 4374 Ille
1905 4332 2010 4374 au-

326 4411 435 4461 tem
471 4412 670 4461 mutus
694 4411 748 4460 et
778 4404 1012 4468 surdus,
1047 4405 1139 4460 cui
1179 4405 1395 4475 prmfati
1446 4406 1590 4461 muti
1620 4412 1675 4461 et
1725 4407 1885 4462 surdi
1918 4420 2017 4477 per

323 4493 771 4563 significationes
817 4492 1144 4549 innotuerat
1182 4493 1420 4561 sanitas,
1468 4493 1579 4549 imo
1619 4500 1674 4549 et
1713 4497 2017 4564 praesentia

320 4581 649 4649 videbatur,
700 4581 906 4638 calceis
955 4581 1075 4637 suis
1127 4581 1358 4637 cuidam
1408 4582 1646 4651 pauperi
1700 4582 2010 4652 attributis,

320 4671 587 4741 nudipes,
638 4677 691 4726 et
744 4677 932 4726 mente
990 4677 1335 4739 compuncta
1399 4669 1756 4726 Lehumnum
1815 4672 2014 4743 (vulgo

317 4758 530 4815 Lihom
594 4775 665 4812 en
718 4758 1016 4827 Sanlerre)
1066 4760 1477 4814 monasterium
1527 4774 1712 4830 usque
1768 4760 2013 4831 pignora

318 4859 484 4903 sacra
505 4846 894 4916 prosequitur.
930 4846 1193 4916 Cumque
1218 4848 1325 4903 sub
1356 4846 1555 4903 feretro
1598 4848 1843 4905 interdiu
1910 4863 2013 4905 ex-

321 4935 580 5001 cubaret,
611 4936 751 4990 hora
781 4935 1099 5005 prandendi
1126 4936 1463 5007 contigerat.
1504 4936 1771 4992 Plurimis
1819 4937 2014 5007 itaque

321 5019 659 5076 clericorum
718 5019 992 5075 euntibus
1036 5033 1222 5083 esum,
1281 5028 1336 5075 et
1404 5034 1582 5089 parvo
1641 5035 1881 5077 numero
1938 5022 2012 5077 ad

319 5107 638 5163 custodiam
671 5114 1002 5163 remanente
1048 5120 1367 5177 sacrorum,
1397 5123 1530 5164 cum
1561 5115 1614 5163 et
1641 5108 1749 5178 ipsi
1794 5109 2011 5179 paulu-

314 5195 438 5252 lum
491 5203 659 5252 extra
711 5195 1007 5251 ecclesiam
1062 5195 1499 5253 deambulatum
1563 5197 1757 5263 issent,
1808 5210 2010 5254 rever-

318 5291 499 5340 tentes
554 5284 859 5340 inveniunt
918 5284 1207 5340 hominem
1261 5285 1378 5340 solo
1421 5292 1665 5341 stratum
1716 5292 2011 5356 tantopere

313 5372 536 5439 vexari,
562 5380 626 5428 ut
648 5373 720 5429 ab
742 5387 838 5429 ore
868 5373 1052 5443 ipsius
1088 5380 1142 5428 et
1170 5373 1413 5430 auribus
1440 5387 1613 5436 cruor
1638 5388 1770 5430 cum
1798 5388 2009 5446 magno

315 5456 494 5514 fetore
554 5459 879 5528 proﬂiteret.
932 5459 1058 5524 Quo
1094 5459 1284 5517 clerici
1339 5462 1481 5529 viso,
1530 5469 1584 5517 et
1647 5463 1848 5530 socios,
1904 5465 2008 5536 qui

309 5555 587 5613 pransum
630 5543 833 5613 ierant,
867 5545 938 5600 ad
969 5544 1258 5601 theatrum
1305 5546 1447 5602 tanti
1482 5545 1745 5604 miraculi
1793 5549 2006 5606 accele-

2201 3083 2311 3149 ριιὶ
2356 3082 2572 3137 cultum
2616 3080 2803 3138 sacris
2839 3078 3175 3152 pignoribus
3225 3078 3580 3152 denegarint!
3619 3078 3843 3135 νωιὼί

2122 3172 2465 3243 puniuntur.
2515 3199 2581 3213 —
2627 3171 2814 3241 Igitur
2873 3182 3142 3239 prospere
3196 3168 3413 3225 devecti
3457 3169 3527 3224 ad
3585 3170 3832 3240 Anglos,

2127 3275 2260 3316 cum
2314 3260 2385 3315 ad
2442 3259 2891 3315 Wintoniensem
2962 3256 3251 3313 venissent
3313 3256 3512 3313 urbem
3572 3256 3832 3327 plurima

2129 3348 2271 3405 inibi
2315 3348 2597 3404 miracula
2650 3347 3007 3402 claruerunt.
3041 3345 3205 3415 Apud
3237 3345 3640 3402 Essecestriam
3677 3361 3832 3417 quo—

2129 3452 2242 3508 que
2275 3451 2387 3492 non
2425 3435 2679 3506 disparia
2734 3436 3124 3506 contigerunt,
3168 3447 3490 3505 causasque
3541 3434 3831 3505 plurimo-

2126 3539 2255 3582 rum
2291 3537 2601 3580 munerum
2631 3521 2961 3579 effecerunt.
2994 3521 3313 3578 Taceamus
3365 3523 3835 3578 consuetudina-

2128 3613 2245 3670 rias
2295 3612 2708 3684 aegritudinum
2773 3610 3101 3678 medicinas,
3164 3610 3392 3667 insolita
3447 3611 3834 3681 attingamus.

2133 3702 2259 3759 Non
2290 3700 2443 3756 enim
2491 3700 2597 3756 ode
2627 3699 2895 3770 puricum
2942 3712 3143 3755 eorum
3173 3699 3500 3762 scribimus,
3560 3698 3668 3769 ipsi
3700 3714 3843 3755 con-

2128 3789 2400 3856 scribant,
2433 3802 2538 3844 nec
2560 3787 2707 3843 facta
2729 3787 2944 3843 viritim
2997 3787 3094 3843 sed
3150 3802 3399 3859 quaeque
3429 3787 3842 3858 praediatoria

2132 3877 2510 3948 decerpimus.
2553 3878 2616 3932 In
2676 3876 2947 3932 omnibus
2998 3890 3143 3945 pene
3195 3875 3333 3931 locis
3382 3882 3734 3944 reverenter,
3770 3883 3841 3932 ut

2128 3965 2502 4036 competebat,
2531 3965 2772 4033 excepti,
2834 3977 2967 4019 cum
3024 3963 3093 4018 ad
3154 3963 3348 4019 vicum
3382 3963 3698 4033 quemdam
3741 3977 3845 4019 ve-

2135 4055 2372 4118 nissent,
2407 4067 2523 4109 non
2571 4065 2603 4107 a
2658 4051 2992 4122 presbytero
3042 4052 3197 4107 intra
3249 4051 3565 4117 ecclesiam,
3618 4066 3744 4107 non
3805 4065 3841 4107 a

2133 4142 2366 4198 rusticis
2391 4142 2541 4196 intra
2584 4140 2781 4196 domos
2834 4139 3175 4195 habitabiles
3213 4140 3441 4195 admissi
3473 4146 3649 4206 sunt;
3683 4140 3841 4197 duas

2132 4231 2270 4287 inibi
2302 4230 2432 4286 sine
2470 4228 2838 4285 mansoribus
2885 4228 3034 4284 aedes
3063 4236 3421 4298 repererunt,
3465 4229 3522 4283 in
3552 4242 3741 4285 unam
3777 4244 3839 4285 se

2130 4325 2185 4374 et
2253 4331 2359 4373 sua
2426 4317 2835 4386 impedimenta
2889 4317 3084 4372 omnia
3140 4318 3511 4384 conferentes,
3582 4317 3836 4373 alteram

2129 4406 2309 4462 sacris
2333 4406 2596 4476 reliquiis
2635 4412 3001 4474 aptaverunt.
3029 4405 3392 4476 Nequissimo
3421 4407 3618 4476 itaque
3651 4406 3839 4477 vulgo

2129 4495 2187 4551 in
2220 4509 2328 4551 sua
2357 4503 2555 4551 contra
2585 4494 2812 4550 divinas
2869 4508 2959 4550 res
2992 4494 3310 4564 pertinacia
3339 4495 3716 4565 perdurante,
3776 4497 3838 4551 in

2127 4583 2377 4639 crastino
2417 4582 2606 4639 clerici
2650 4597 2781 4639 cum
2819 4583 2892 4639 ab
2946 4582 3041 4638 illo
3085 4596 3220 4639 rure
3275 4585 3639 4654 migrassent,
3700 4590 3838 4640 etce

2124 4671 2511 4727 tonitruorum
2543 4675 2692 4725 5M
2737 4671 2988 4740 crepitus
3018 4670 3331 4728 terrificum
3363 4687 3394 4727 e
3418 4671 3685 4727 nubibus
3715 4671 3831 4728 ful-

2124 4772 2253 4815 men
2283 4759 2580 4829 expressit,
2625 4759 2779 4829 quod
2838 4759 3106 4815 decidens
3149 4760 3334 4831 burgo
3386 4760 3461 4815 illi
3520 4760 3719 4825 irruit,
3773 4769 3834 4816 et

2123 4847 2472 4918 omniaquae
2530 4847 2587 4902 in
2649 4847 2744 4903 illo
2795 4847 3024 4904 fuerant
3069 4848 3402 4904 habitacula
3459 4848 3515 4903 in
3565 4848 3829 4905 favillam

2120 4936 2309 4991 vertit.
2345 4936 2433 5001 Et,
2477 4950 2510 4991 ο
2569 4935 2666 4991 Dei
2721 4936 2869 4991 mira
2915 4935 3213 4992 discretio!
3249 4950 3382 4992 cum
3415 4936 3525 4993 illa;
3554 4937 3692 4993 duae
3719 4937 3830 4992 do-

2121 5036 2254 5079 mus
2299 5023 2570 5079 intersita:
2601 5022 2728 5078 aliis
2774 5038 2905 5093 quae
2943 5023 3221 5079 ardebant
3285 5032 3472 5080 essent
3529 5024 3824 5089 domibus,

2117 5110 2227 5168 illae
2255 5118 2606 5177 manserant,
2634 5120 2696 5166 ut
2728 5111 2879 5167 Deus
2910 5111 3146 5168 evidens
3170 5113 3331 5168 daret
3365 5112 3644 5169 indicium
3690 5127 3825 5184 pm-

2120 5206 2247 5269 pter
2273 5200 2721 5267 irreverentiam,
2773 5214 2949 5270 quam
2990 5213 3129 5271 erga
3176 5202 3270 5257 Dei
3329 5200 3678 5257 Genitricem
3729 5203 3828 5258 ba-

2118 5286 2393 5355 buerunt,
2429 5288 2576 5343 idem
2630 5287 2869 5344 miseros
2908 5289 3168 5345 homines
3214 5303 3409 5359 passos
3453 5288 3817 5346 incendium.

2118 5379 2188 5432 At
2240 5376 2536 5446 presbyter
2565 5377 2879 5447 improbus,
2911 5378 3009 5448 qui
3050 5378 3110 5432 in
3143 5377 3410 5434 barbaris
3437 5392 3590 5450 quos
3616 5378 3825 5435 docere

2115 5462 2410 5532 debuerat,
2460 5464 2857 5523 crudelitatem
2925 5473 3191 5536 auxerat,
3249 5465 3488 5523 collecta
3539 5466 3822 5539 suppelle-

2117 5552 2233 5609 ctili
2267 5565 2444 5623 quam
2503 5552 2733 5625 ignibus
2780 5554 3104 5612 coelestibus
3148 5568 3207 5613 se
3253 5555 3629 5627 praeripuisse
3667 5571 3814 5628 gan-
