3938 6082
155 285 251 338 9-H

1261 283 1354 340 DE
1396 283 1556 340 VITA
1595 284 1728 339 SUA
1770 283 1955 338 LIBRI
1993 284 2264 340 TRES.——
2293 285 2418 340 LIB.
2463 285 2556 340 III.

3555 291 3657 346 942

155 421 344 488 debat,
381 428 579 476 utrum
606 419 678 475 ad
714 418 928 475 fulmen
961 418 1170 485 nescio,
1204 433 1278 475 an
1325 419 1396 475 ad
1449 433 1608 475 mare
1660 426 1852 474 trans—
1891 419 1939 473 A
1964 418 2163 488 aquila
2191 434 2262 474 cx
2287 433 2354 475 ea
2383 418 2680 485 deaurata,
2714 433 2845 489 quae
2876 433 3024 474 arcae
3065 426 3397 478 sanctorum
3454 421 3661 480 feretra

153 511 348 565 iturus
372 509 706 564 advexerat.
744 506 866 573 Quo
907 507 966 562 in
997 507 1117 562 loco
1150 516 1360 564 cuncta
1391 523 1522 577 quae
1554 522 1852 578 congesse-

151 601 266 660 rat,
306 600 360 648 et
407 605 538 661 quae
594 601 970 659 transponere
1019 591 1327 656 nitebatur,
1385 591 1690 646 identidem
1749 591 1854 646 ful-

156 682 312 736 mine
337 689 472 736 sunt
511 685 872 748 consumpta.
917 679 998 733 Ita
1052 693 1192 748 gens
1223 679 1484 747 agrestis,
1541 687 1596 735 et
1639 680 1853 734 incom-

155 770 340 839 posita
421 769 492 823 ad
552 767 651 822 Dei
730 765 1134 835 mysteriorum
1208 767 1670 837 intelligentiam,
1735 766 1854 822 suis

156 857 454 927 suppliciis
479 865 561 912 est
581 856 799 912 edocta.

232 947 586 1017 Sacrilegus,
635 945 736 1014 qui
760 942 1040 1015 pecunias
1084 942 1274 999 sacris
1314 943 1577 1015 reliquiis
1630 944 1856 998 oblatas

156 1034 502 1102 abstulerat,
527 1034 730 1104 laqueo
755 1049 818 1086 se
843 1031 1159 1104 suspendit.
1176 1063 1243 1072 ——-
1264 1032 1352 1088 Ad
1374 1032 1530 1088 aliud
1563 1033 1854 1102 quoddam

101 1192 114 1199 '
157 1123 545 1193 municipium
587 1129 882 1188 venerant,
941 1121 998 1176 in
1031 1135 1147 1191 quo
1189 1135 1320 1176 cum
1368 1134 1440 1176 ex
1471 1121 1760 1191 opinione,
1801 1128 1854 1176 ct

153 1213 443 1268 evidentia
501 1210 938 1274 miraculorum,
996 1217 1119 1265 tum
1170 1209 1473 1278 multiplex
1511 1210 1581 1264 ad
1631 1217 1858 1264 sanctas

155 1300 438 1370 reliquias
485 1300 729 1355 ferveret
786 1298 1024 1365 oblatio,
1083 1298 1366 1368 Anglicus
1430 1298 1669 1367 quidam
1727 1306 1859 1353 ante

156 1387 460 1442 ecclesiam
493 1387 708 1456 positus
760 1386 906 1440 dixit
936 1386 1032 1455 ad
1056 1386 1272 1440 socium
1299 1400 1311 1439 :
1343 1386 1558 1440 Eamus
1587 1385 1852 1440 bibitum.

157 1481 232 1530 At
297 1476 411 1541 ille,
481 1489 593 1530 non
656 1473 834 1529 habeo
893 1473 1158 1542 pretium.
1214 1474 1353 1543 Ego,
1413 1476 1510 1535 ait,
1591 1473 1853 1528 inferam.

155 1563 444 1630 Quonam.
485 1563 694 1632 inquit,
748 1559 1042 1630 reperies?
1067 1561 1391 1626 Considero,
1427 1560 1524 1626 ait,
1578 1561 1680 1616 bos
1741 1561 1860 1616 cle-

159 1653 312 1708 ricos
368 1653 468 1722 qui
523 1650 820 1706 mendacio
871 1664 936 1704 ac
985 1650 1291 1719 praestigiis
1349 1656 1427 1704 tot
1483 1649 1755 1718 pecunias
1823 1664 1858 1704 a

1965 505 2279 562 continenti
2337 513 2655 575 supererat,
2684 506 2892 561 saltum
2930 505 3142 561 faciens
3181 509 3347 576 quasi
3382 491 3692 566 violenter

1966 593 2216 663 impulsa
2245 594 2382 650 ruit.
2423 596 2507 649 Ex
2542 609 2658 664 quo
2683 601 2896 650 eventu
2929 601 3066 648 tunc
3093 595 3328 664 quidem
3351 596 3492 651 tales
3520 612 3658 653 con-

1958 679 2215 750 jecturas
2273 681 2625 746 habuerunt,
2685 682 2853 751 quasi
2925 683 3261 752 principalis
3321 697 3453 752 pars
3529 685 3657 752 loci,

1963 770 2267 840 episcopus
2314 771 2527 826 scilicet
2570 772 2890 828 moriturus
2935 780 3098 828 esset.
3153 777 3223 828 At
3265 787 3400 829 vero
3452 789 3556 830 nos
3606 782 3661 830 et

1963 857 2305 913 baeceadem
2365 859 2600 915 forsitan
2659 860 2982 930 signiﬁcata
3021 862 3319 926 sentimus,
3377 869 3433 917 et
3471 863 3660 931 digni-

1964 952 2138 1000 tatem
2187 945 2368 1012 urbis,
2410 961 2543 1015 quae
2589 947 2914 1016 specialiter
2968 947 3117 1004 inter
3169 948 3342 1004 urbes
3402 950 3659 1006 Franciae

1964 1033 2137 1089 totius
2193 1042 2276 1088 est
2297 1033 2474 1104 regia,
2529 1035 2726 1102 ruisse,
2778 1035 2891 1090 imo
2951 1036 3136 1105 magis
3188 1037 3477 1092 ruituram
3541 1050 3663 1092 esse

1965 1129 2258 1191 putamus.
2330 1123 2394 1176 In
2462 1123 2556 1178 illo
2606 1124 2779 1190 enim,
2836 1124 2989 1194 quod
3057 1123 3363 1180 retulimus
3417 1124 3664 1180 civitatis

1966 1209 2317 1277 discrimine,
2350 1224 2452 1266 rex
2486 1211 2622 1280 ipse,
2658 1211 2830 1282 cujus
2860 1211 3107 1268 avaritia
3135 1220 3494 1281 provenerat,
3557 1227 3661 1268 nec

1966 1298 2135 1353 semel
2163 1311 2288 1353 eam
2344 1299 2575 1369 quidem
2621 1299 2835 1354 revisit.
2893 1299 3233 1369 Prmpositus
3261 1301 3433 1356 etiam
3466 1301 3662 1371 regius

1967 1385 2227 1440 conscius
2281 1386 2553 1456 nequitia!
2589 1388 3000 1455 perpetrandae,
3065 1388 3260 1457 paucis
3306 1387 3459 1443 horis
3501 1395 3660 1443 ante-

1969 1491 2143 1546 quam
2204 1477 2408 1532 oborta
2438 1477 2639 1531 seditio
2688 1477 3065 1534 committeret
3101 1479 3323 1545 urbem,
3371 1480 3664 1549 praemissa

1969 1566 2294 1621 concubina
2318 1573 2373 1620 et
2408 1565 2618 1629 liberis,
2651 1580 2722 1620 ex
2773 1566 2913 1621 urbe
2963 1569 3211 1632 recessit,
3245 1575 3300 1622 et
3348 1577 3660 1637 antequam

1971 1654 2081 1708 tria
2125 1654 2488 1722 velquatuor
2541 1654 2812 1710 milliaria
2856 1655 3184 1726 peregisset,
3216 1657 3482 1712 eamdam
3517 1656 3664 1712 vidit

157 1741 336 1796 fatuis
386 1713 642 1804 eliciunt,
673 1753 780 1808 ego
838 1713 1004 1807 plane
1031 1713 1315 1806 quomodo
1345 1713 1550 1804 enitar,
1584 1746 1646 1794 ut
1697 1738 1747 1793 id
1781 1753 1855 1793 ex
1897 1713 1934 1767 Β
1967 1741 2200 1812 ignibus
2225 1713 2592 1813 conﬂagrari.

155 1829 302 1898 ipsis
354 1829 495 1884 meis
532 1827 869 1883 contraham
914 1825 1184 1882 obsoniis.
1245 1825 1420 1887 Dixit.
1479 1834 1534 1880 et
1564 1827 1855 1882 ecclesiam

157 1918 507 1987 ingreditur,
564 1916 635 1971 ad
693 1916 1118 1981 consistorium,
1179 1915 1233 1968 in
1286 1929 1402 1984 quo
1444 1914 1639 1970 locatae
1694 1923 1859 1970 erant

157 2006 448 2075 reliquiae,
476 2004 714 2071 accedit,
741 2011 797 2058 et
826 2002 1109 2058 simulans
1139 2002 1293 2072 quod
1325 2016 1420 2057 eos
1460 2002 1654 2058 osculo
1680 2017 1858 2058 vene-

154 2094 277 2150 rari
305 2093 492 2158 vellet,
524 2106 622 2148 ore
652 2092 910 2160 apposito
943 2091 1231 2153 denarios.
1267 2089 1366 2160 qui
1400 2090 1577 2146 oblati
1609 2089 1856 2157 fuerant,

154 2182 327 2239 labiis
351 2181 712 2236 inhiantibus
759 2180 977 2235 haurit.
1011 2179 1148 2234 Inde
1175 2192 1470 2249 regressus
1513 2179 1584 2234 ad
1622 2193 1860 2248 compa-

154 2286 278 2328 rem
317 2285 329 2324 :
359 2269 522 2334 Veni,
556 2270 654 2333 ait,
709 2277 763 2324 et
815 2276 1229 2337 compotemus,
1263 2267 1404 2337 quia
1431 2267 1724 2323 sufﬁciens
1756 2282 1860 2336 po-

151 2359 389 2416 tationis
418 2365 625 2413 nostra“,
665 2357 911 2426 pretium
941 2357 1058 2426 jam
1089 2356 1387 2413 habemus.
1423 2355 1738 2420 Quomodo,
1770 2355 1860 2410 in-

156 2448 310 2517 quit,
353 2460 486 2502 cum
539 2445 682 2500 illud
717 2458 830 2499 non
864 2444 1124 2511 haberes,
1157 2443 1472 2513 accepisti?
1504 2444 1584 2498 Ex
1620 2443 1727 2508 his,
1759 2443 1857 2511 ait,

153 2546 291 2603 quae
322 2531 434 2586 illis
465 2529 873 2600 impostoribus
927 2529 1079 2592 intra
1109 2528 1406 2584 ecclesiam
1435 2529 1652 2584 dantur
1677 2529 1862 2584 bucca

156 2635 289 2676 mea
318 2621 632 2689 abripiente
663 2619 1026 2688 przesumpsi.
1082 2618 1246 2682 Male,
1281 2617 1491 2686 inquit,
1526 2617 1725 2683 fecisti,
1759 2618 1860 2687 qui

158 2722 196 2762 a
227 2707 442 2762 sanctis
472 2707 566 2762 illa
607 2706 808 2762 tulisti.
859 2706 1023 2772 Tace,
1067 2706 1277 2774 inquit,
1309 2714 1364 2760 et
1396 2704 1531 2760 huic
1584 2705 1861 2773 proximae

158 2796 397 2852 taberna
453 2803 504 2850 te
533 2795 747 2850 confer.
789 2795 936 2860 Quid
970 2792 1284 2848 verbosor‘?
1335 2792 1519 2848 Solem
1579 2793 1635 2846 in
1678 2792 1860 2848 Ocea-

159 2897 307 2938 num
340 2882 454 2949 (48)
485 2882 705 2936 duxere
738 2881 1015 2936 bibentes.
1067 2880 1140 2934 At
1195 2893 1436 2948 vespera
1466 2879 1854 2947 incumbente,

2605 1831 2836 1888 CAPUT
2878 1833 3021 1888 XIV.

2039 1920 2202 1989 Hugo
2220 1918 2471 1973 decanus
2505 1920 2717 1990 absque
2745 1920 3018 1977 electione
3042 1921 3371 1992 episcopatu
3412 1920 3662 1975 donatur

1965 2021 2003 2058 a
2023 2020 2175 2076 rege.
2206 2035 2274 2044 --
2315 2006 2500 2075 Igitur
2549 2014 2752 2061 exacto
2783 2007 2870 2061 his
2901 2006 3084 2062 modis
3126 2008 3408 2076 episcopo,
3454 2007 3524 2062 de
3551 2007 3659 2061 eli-

1966 2093 2152 2163 gendo
2183 2094 2362 2150 altero
2392 2095 2581 2164 regias
2633 2107 2805 2150 aures
2855 2094 3138 2164 appellere
3186 2101 3504 2164 coeperunt.
3558 2094 3663 2149 Da-

1966 2187 2063 2236 tur
2116 2183 2166 2237 ei
2224 2181 2388 2237 nulla
2437 2181 2711 2236 electione
2770 2182 3063 2250 praemissa
3110 2182 3349 2252 quidam
3391 2182 3660 2238 Aurelia-

1965 2271 2157 2326 nensis
2184 2270 2457 2337 decanus,
2489 2272 2660 2341 cujus
2688 2270 3005 2337 decaniam,
3025 2343 3030 2348 .
3053 2271 3192 2341 quia
3241 2271 3663 2327 referendarius

1966 2360 2116 2430 regis
2154 2358 2393 2428 quidam
2449 2357 2776 2428 Stephanus
2833 2357 3142 2426 ambiebat,
3205 2359 3306 2429 qui
3361 2358 3664 2428 episcopus

1965 2461 2086 2504 esse
2118 2460 2230 2502 non
2287 2452 2525 2514 poterat,
2559 2445 2664 2514 ipsi
2696 2459 2728 2498 a
2778 2459 2912 2513 rege
2941 2446 3328 2515 episcopatum
3389 2446 3660 2514 obtinuit,

1967 2534 2384 2602 decaniamque
2458 2533 2728 2602 suscepit.
2813 2532 2935 2599 Quo
3025 2534 3096 2588 ad
3177 2535 3662 2589 consecrationem

1967 2622 2245 2685 exhibito,
2274 2635 2405 2676 cum
2439 2621 2863 2690 prognosticum
2895 2622 3018 2691 ejus
3055 2629 3510 2690 aucuparentur,
3559 2634 3660 2678 va-

1968 2723 2137 2764 cuam
2195 2714 2537 2776 repererunt
2585 2707 2879 2778 paginam.
2944 2712 3026 2763 Ac
3081 2709 3126 2763 si
3178 2709 3434 2764 diceret:
3470 2710 3549 2764 De
3597 2724 3664 2765 eo

1968 2795 2111 2850 nihil
2152 2794 2524 2857 vaticinabor,
2572 2808 2702 2850 cum
2757 2794 2899 2849 nulli
2929 2809 3070 2864 pene
3101 2795 3280 2850 futuri
3313 2795 3428 2850 sint
3475 2803 3658 2851 actus.

1969 2884 2100 2940 Post
2153 2897 2366 2952 paucos
2416 2882 2569 2938 enim
2603 2895 2825 2937 menses
2865 2882 3154 2938 occubuit.
3197 2882 3434 2952 Aliquas
3468 2891 3658 2938 tamen

160 2970 257 3026 ille
312 2971 413 3041 qui
478 2984 744 3025 nummos
801 2969 980 3024 sacris
1035 2967 1394 3023 subduxerat
1452 2968 1588 3033 aris,
1623 2981 1857 3024 ascensa
1899 2971 2035 3043 Cde
2060 2971 2307 3040 episcopi
2350 2970 2616 3025 domibus
2669 2968 2934 3036 restituit,
2995 2969 3113 3038 (W)
3146 2969 3270 3036 Quo
3328 2970 3656 3032 decedente,

159 3072 315 3128 equa
368 3058 600 3114 domum
633 3071 693 3113 se
721 3056 944 3127 regredi
1002 3055 1323 3125 profitetur.
1357 3057 1620 3124 Cumque
1653 3070 1862 3111 nemus

162 3146 506 3216 contiguum
548 3146 848 3215 attigisset,
906 3144 1055 3198 facta
1087 3143 1291 3212 laqueo
1321 3143 1551 3198 cuidam
1580 3143 1770 3198 arbori
1802 3158 1862 3200 se

164 3234 460 3304 appendit,
519 3233 618 3288 ubi
675 3233 819 3288 fuede
882 3232 1133 3286 moriens
1201 3231 1317 3286 oris
1353 3231 1616 3301 sacrilegi
1665 3245 1862 3301 ptenas

161 3322 378 3393 pendit.
418 3322 503 3376 Ex
551 3320 745 3376 multis
774 3332 906 3389 quae
962 3318 1118 3388 apud
1165 3318 1383 3388 Anglos
1442 3318 1617 3389 Virgo
1675 3320 1861 3388 impe-

165 3412 318 3467 riosa
347 3408 586 3480 peregit,
620 3409 740 3464 haec
770 3421 873 3462 nos
901 3405 1188 3476 excepisse
1236 3405 1504 3461 sufficiat.

236 3497 356 3552 Bos
384 3496 543 3552 nullo
558 3495 892 3568 impellente
915 3493 1130 3549 cursim
1156 3509 1217 3550 se
1238 3493 1404 3563 offert
1423 3494 1502 3548 ad
1519 3493 1864 3561 deferendas

162 3584 464 3656 reliquias.
502 3613 568 3625 —-
617 3582 885 3639 Lauduni
923 3596 1156 3652 quoque
1213 3588 1518 3652 postquam
1575 3594 1610 3636 a
1663 3595 1862 3638 corro-

165 3672 357 3744 gando
415 3670 724 3732 redierant,
782 3669 998 3726 dictum
1057 3668 1197 3724 mihi
1273 3682 1307 3723 a
1371 3668 1625 3738 quodam
1695 3668 1861 3724 bona

166 3760 376 3817 indolis
406 3760 610 3816 clerico
641 3768 747 3823 est,
778 3759 869 3814 cui
901 3755 1156 3813 matei'iei
1203 3756 1555 3812 advehendae
1607 3755 1861 3811 ofﬁcium

168 3851 357 3904 fuerat
386 3848 709 3918 delegatum
745 3845 818 3899 ad
873 3852 1020 3901 tecta
1070 3843 1320 3899 ecclesiae
1349 3842 1691 3912 reparanda,
1723 3844 1864 3912 quia

169 3937 228 3992 in
260 3937 566 3992 subeundo
629 3943 820 3990 monte
877 3934 1027 3989 inter
1081 3931 1254 3988 boves
1310 3945 1466 3987 unus
1510 3931 1866 3987 lassescendo

167 4024 472 4080 defecerat.
540 4023 802 4092 Cumque
889 4020 1206 4091 plurimum
1278 4018 1522 4075 clericus
1594 4027 1864 4075 aestuaret

170 4112 395 4178 bovem,
454 4125 567 4166 non
623 4110 912 4180 reperiens
966 4123 1138 4178 quem
1188 4121 1291 4178 pro
1339 4121 1404 4162 eo
1451 4109 1595 4179 jugo
1643 4107 1860 4178 fatigati

170 4198 424 4265 inferret,
456 4211 584 4253 ecce
632 4205 860 4266 repente
891 4197 991 4251 bos
1025 4195 1119 4251 illo
1149 4195 1363 4250 cursim
1420 4207 1480 4250 se
1520 4195 1747 4262 obtulit,
1805 4203 1859 4251 et

171 4288 340 4358 quasi
388 4301 460 4342 ex
489 4286 772 4342 industria
813 4285 970 4355 operi
1003 4283 1290 4340 auxilium
1322 4284 1548 4340 laturus
1602 4285 1853 4341 advenit.
1898 4267 1941 4321 Ῑ)

170 4377 281 4444 Qui
339 4384 499 4431 motu
547 4375 724 4432 alacri
753 4389 885 4430 cum
941 4386 1180 4429 currum
1241 4372 1314 4427 ad
1351 4372 1646 4428 ecclesiam
1677 4387 1865 4442 usque

171 4479 308 4520 cum
337 4463 465 4519 aliis
525 4462 905 4532 perduxisset,
947 4459 1190 4516 clericus
1235 4459 1401 4515 valde
1429 4459 1708 4515 sollicitus
1742 4466 1867 4515 erat

172 4555 408 4612 cuinam
472 4554 676 4610 bovem
704 4553 865 4609 illum
895 4552 1152 4623 ignotum
1193 4551 1472 4607 redderet.
1503 4549 1608 4617 Qui
1641 4564 1777 4606 mox
1801 4557 1866 4606 ut

168 4642 397 4698 solutus
427 4648 532 4702 est,
569 4654 685 4695 non
709 4640 936 4707 ducem,
977 4652 1082 4694 nec
1121 4637 1224 4708 qui
1268 4650 1326 4691 se
1375 4635 1622 4692 minaret
1657 4649 1867 4705 exspe-

170 4730 368 4794 ctavit,
401 4730 494 4786 sed
517 4730 678 4785 ocius
700 4729 853 4784 unde
881 4734 1136 4794 venerat,
1166 4725 1476 4794 repedavit.

245 4821 333 4873 De
357 4833 494 4874 casu
549 4816 759 4888 aquila
811 4816 1101 4870 deaurata
1138 4813 1201 4869 in
1258 4827 1486 4867 summa
1537 4815 1868 4866 sanctorum

171 4922 315 4962 arca
331 4903 547 4976 positae.
582 4935 650 4944 —
681 4905 734 4958 Is
789 4905 904 4973 ipse
934 4903 1128 4969 etiam,
1181 4899 1285 4971 qui
1343 4900 1449 4955 hoc
1479 4899 1619 4955 mihi
1651 4899 1867 4965 retulit,

173 4996 230 5052 id
268 4994 480 5066 pariter
511 5007 746 5064 quoque
787 4991 1066 5058 narravit,
1120 4988 1261 5060 quia
1297 4987 1559 5043 videlicet
1611 4986 1700 5042 die
1753 4985 1872 5053 illa,

176 5099 296 5154 qua
361 5083 670 5140 Gualdrius
728 5081 1030 5150 episcopus
1091 5078 1364 5146 disposita
1439 5089 1574 5130 nece
1634 5074 1872 5130 Gerardi

176 5173 371 5229 Romae
421 5170 699 5241 proficisci
756 5175 1025 5238 cmperat,
1085 5165 1199 5234 ipse
1256 5170 1379 5233 post
1406 5163 1759 5218 sacerdotem
1801 5163 1872 5218 ad

178 5259 385 5315 missas
443 5257 631 5313 stabat
687 5256 830 5326 (erat
877 5253 1029 5310 enim
1079 5251 1398 5321 diaconus).
1466 5250 1608 5307 Cum
1645 5257 1876 5319 repente

179 5347 272 5403 die
324 5345 635 5403 admodum
691 5357 913 5404 serena,
965 5355 1071 5397 nec
1139 5339 1336 5396 ﬂabris
1387 5338 1523 5395 ullis
1573 5336 1870 5405 ﬂantibus,

258 5505 372 5577 (48)
400 5504 463 5561 Id
488 5519 547 5562 es
566 5518 853 5568 occasum.

1970 3059 2072 3114 iste
2123 3057 2367 3127 legitime
2409 3065 2464 3111 et
2518 3057 2732 3111 invitus
2772 3056 3024 3126 eligitur.
3083 3057 3146 3112 In
3217 3056 3340 3122 hoc,
3395 3059 3659 3126 inquam,

1969 3144 2238 3215 legitime,
2291 3144 2430 3213 quia
2461 3143 2518 3196 in
2570 3143 2730 3198 nullo
2783 3143 3004 3198 venalis
3052 3143 3288 3210 introiit,
3346 3157 3449 3198 nec
3500 3143 3668 3212 quid-

1969 3247 2144 3304 quam
2183 3231 2502 3288 Simoniace
2561 3244 2731 3300 agere
2763 3231 3023 3287 intendit.
3054 3231 3158 3288 Cui
3204 3239 3394 3287 tamen
3453 3231 3509 3286 in
3541 3246 3668 3301 pro-

1968 3321 2224 3393 gnostico
2257 3334 2360 3375 suo
2419 3319 2832 3389 Evangelicum
2885 3319 3202 3388 capitulum
3245 3320 3389 3375 dure
3447 3320 3662 3386 sonuit,

1971 3412 2110 3481 quia
2152 3409 2403 3478 idipsum
2443 3408 2596 3478 quod
2627 3406 2930 3462 Galdricus
2982 3407 3225 3462 habuit:
3259 3428 3287 3454 «
3319 3407 3524 3474 Tuam,
3563 3407 3666 3462 sci-

1971 3499 2115 3562 licet,
2156 3498 2332 3566 ipsius
2385 3496 2639 3552 animam
2699 3495 3068 3564 pertransibit
3121 3495 3347 3565 gladius
3390 3495 3549 3564 (Luc.
3602 3509 3663 3559 ιι,

1970 3585 2078 3653 35).
2112 3604 2138 3633 »
2185 3581 2332 3648 Quid
2385 3588 2575 3638 autem
2629 3580 2930 3636 infortunii
2989 3579 3098 3635 sibi
3147 3579 3462 3648 immineat,
3514 3581 3666 3636 Deus

1968 3670 2193 3728 viderit.

2047 3756 2436 3830 Teudegaldus
2481 3754 2732 3826 episcopi
2773 3753 2988 3810 occisor
3039 3752 3227 3820 furcis
3275 3753 3556 3822 infertur.
3595 3784 3664 3793 ——

1970 3847 2298 3914 Antequam
2330 3856 2464 3900 vero
2495 3842 2565 3897 ad
2614 3842 2728 3897 alia
2757 3840 3214 3911 progrediamur,
3247 3841 3554 3897 dicendum
3583 3849 3666 3897 est

1972 3933 2127 4002 quod
2185 3930 2586 4001 Teudegaldus
2651 3928 2908 3999 proditor
2965 3933 3116 3982 5:5
3173 3941 3242 3984 ac
3293 3928 3666 3998 interemptor

1970 4021 2238 4090 episcopi,
2274 4027 2399 4090 post
2448 4018 2746 4074 biennium
2779 4017 3186 4072 internecionis
3220 4015 3373 4072 illius
3401 4031 3434 4072 a
3463 4016 3667 4073 militi-

1973 4109 2082 4166 bus
2137 4106 2470 4179 lngelranni
2525 4113 2748 4176 captus,
2789 4112 2844 4160 et
2891 4103 3069 4160 furcis
3123 4105 3318 4159 illatus
3364 4112 3465 4161 est.
3501 4105 3556 4161 Is
3607 4105 3666 4160 in

1974 4194 2426 4266 Quadragesima
2461 4192 2932 4262 comprehensus,
2985 4201 3289 4264 postquam
3319 4208 3459 4263 pene
3484 4208 3667 4265 usque

1972 4286 2044 4340 ad
2071 4285 2351 4339 vomitum
2407 4282 2728 4338 comederat
2758 4288 2814 4335 et
2869 4279 3110 4348 biberat,
3144 4287 3199 4336 et
3232 4293 3425 4335 coram
3449 4279 3666 4350 aliqui-

1973 4372 2101 4437 bus,
2132 4371 2286 4441 quod
2319 4368 2428 4425 dici
2476 4367 2635 4423 nefas
2657 4374 2759 4434 est,
2793 4381 2852 4423 se
2880 4367 2977 4422 Dei
3008 4367 3191 4437 gloria
3220 4367 3471 4436 plenam,
3517 4380 3666 4423 ven-

1972 4467 2116 4515 trem
2170 4455 2557 4527 protendendo
2603 4461 2660 4510 et
2721 4453 3044 4520 mulcendo,
3088 4467 3268 4508 manu
3322 4453 3663 4523 jactaverat,

1973 4556 2166 4605 tentus
2193 4555 2247 4602 et
2268 4546 2327 4602 in
2372 4558 2660 4601 carcerem
2720 4543 3030 4614 relegatus,
3089 4557 3203 4598 non
3234 4557 3268 4598 a
3291 4544 3422 4611 Deo,
3456 4558 3571 4599 non
3594 4544 3667 4600 ab

1974 4635 2204 4691 homine
2227 4633 2617 4703 paenitentiam
2648 4630 2828 4700 petiit,
2884 4645 2991 4686 nec
3032 4629 3204 4686 etiam
3237 4630 3552 4700 productus
3595 4630 3669 4685 ad

1978 4735 2223 4794 poenam,
2265 4719 2514 4788 cuipiam
2551 4718 2874 4790 quidquam
2901 4717 3068 4783 dixit,
3101 4731 3286 4788 eaque
3309 4717 3668 4774 insensibili-

1979 4816 2091 4865 tate
2158 4808 2229 4863 ad
2274 4807 2456 4862 Deum
2511 4819 2631 4875 qua
2678 4805 2908 4861 vixerat
2967 4803 3202 4860 interiit.
3260 4803 3370 4860 Sed
3406 4804 3528 4875 jam
3596 4803 3670 4859 ad

1979 4896 2187 4952 omissa
2213 4893 2535 4949 redeamus.

2055 4983 2307 5037 Thomas
2347 4977 2888 5034 excommunicalur.
2941 5006 3010 5018 --
3051 4976 3235 5048 Igitur
3281 4977 3528 5034 Thomas
3569 4977 3673 5049 qui

1979 5072 2226 5128 nefarios
2247 5069 2389 5131 illos,
2423 5077 2479 5125 et
2506 5067 2744 5125 Gerardi
2773 5068 3048 5136 primum,
3079 5073 3135 5122 et
3176 5073 3371 5136 postea
3422 5065 3675 5136 episcopi

1981 5157 2199 5215 domini
2228 5156 2320 5212 sui
2349 5164 2404 5211 et
2433 5155 2659 5226 cognati
2695 5154 2991 5220 occisores,
3026 5167 3158 5208 cum
3201 5152 3299 5208 illa
3343 5153 3676 5209 communia

1981 5245 2238 5317 maligna
2285 5249 2614 5312 susceperat
2658 5242 2802 5312 (ιη),
2868 5242 2938 5296 ad
3001 5241 3446 5310 archiepiscopis
3501 5241 3676 5298 totius

1983 5334 2242 5390 Franciaa
2271 5340 2325 5390 et
2353 5331 2632 5402 episcopis
2661 5345 2779 5387 non
2805 5329 2989 5386 solum
3022 5329 3081 5386 in
3120 5329 3396 5397 conciliis,
3422 5331 3674 5400 synodis,
