3922 6080
311 282 413 334 943

1196 278 1252 330 V.
1296 277 1630 335 GUIBERTI
1670 276 1960 332 ABBATIS
1999 277 2054 332 S.
2100 277 2339 332 MARIJE
2382 277 2468 331 DE
2509 277 2898 334 NOVIGENTO

3697 278 3798 331 944

310 425 376 464 ac
408 407 580 478 regiis
627 406 823 472 curiis,
873 407 968 462 sed
1022 415 1076 462 et
1133 407 1492 476 postmodum
1549 407 1766 478 ubique
1824 422 1996 478 paro-
2037 408 2083 463 Α
2113 415 2350 464 matrem
2383 408 2606 474 habuit,
2640 416 2694 464 et
2721 408 2844 464 ideo
2869 421 3089 477 semper
3118 408 3296 478 patris
3337 407 3545 463 affectu
3594 409 3796 464 caruit.

309 495 570 551 chiarum
610 508 675 548 ac
728 493 947 548 sodium
998 506 1098 561 per
1155 507 1356 548 omnes
1386 494 1733 560 Dominicas,
1767 507 1997 550 succre-

308 593 496 643 scente
574 581 937 637 ineffabiliter
1034 581 1285 646 malitia,
1367 581 1720 637 creberrimo
1789 582 1998 651 passim

307 677 670 732 anathemate
745 674 1107 742 pulsabatur.
1175 673 1433 728 Noverca
1491 681 1680 729 autem
1740 688 1846 729 sua
1904 673 2000 728 illa

309 763 640 834 Ingelranni
685 762 831 816 male
860 769 1231 829 pra‘sumpta,
1275 774 1406 814 eum
1439 761 1816 816 crudeliorem
1865 774 2000 816 ursa

308 853 427 908 fera
473 857 693 921 gereret
740 851 1022 910 animum,
1076 856 1131 904 et
1183 849 1461 903 Thomam
1512 849 1678 918 quasi
1721 847 1996 904 aemulum

307 942 414 997 sibi
462 940 681 995 videret
739 953 1048 1008 emergere,
1084 938 1495 1009 lngelrannum
1551 945 1818 1007 paternos
1863 937 1998 993 aii'e-

305 1039 430 1085 ctus
477 1042 615 1098 erga
649 1041 802 1092 eum,
853 1026 1163 1096 ipsumque
1223 1026 1402 1096 patris
1455 1040 1661 1082 nomen
1722 1025 2000 1096 compulit

306 1117 596 1186 abjurare.
632 1113 793 1169 Unde
821 1111 1068 1168 femineo
1095 1112 1332 1169 consilio
1367 1127 1499 1168 cum
1559 1112 1819 1181 coepisset
1865 1125 1997 1167 eum

305 1218 338 1258 a
371 1219 474 1258 suo
496 1202 629 1272 jure
673 1213 882 1267 arcere,
918 1207 973 1254 et
1003 1208 1238 1269 apertus
1268 1199 1320 1254 ei
1368 1200 1544 1254 hostis
1587 1200 1830 1255 existere
1880 1214 1999 1255 coe-

305 1292 406 1362 pit,
432 1297 494 1345 ut
531 1287 731 1344 comici
758 1287 947 1343 verbis
977 1296 1127 1355 utar,
1169 1287 1238 1342 de
1268 1287 1441 1342 stulto
1492 1287 1758 1343 insanum
1793 1288 1994 1342 facere.

306 1381 368 1435 In
403 1384 628 1434 tantum
659 1389 795 1446 ergo
827 1375 1081 1431 furorem
1103 1388 1262 1429 mens
1290 1374 1567 1443 paulatim
1595 1373 1762 1428 malis
1795 1373 1850 1428 in
1881 1373 2000 1428 dies

295 1465 623 1536 potioribus
652 1463 877 1520 imbuta
916 1463 1198 1532 prorupit,
1230 1471 1294 1517 ut
1332 1462 1430 1532 jus
1474 1461 1676 1531 fasque
1701 1467 1994 1527 assereret,

303 1556 490 1611 sinon
520 1565 683 1608 secus
737 1564 804 1605 ac
841 1551 1050 1606 bestias
1093 1550 1406 1605 incedendo
1449 1550 1708 1605 homines
1756 1549 1999 1605 aestima-

301 1651 403 1699 ret.
436 1641 592 1708 ‘Quia
643 1638 793 1694 enim
844 1653 879 1693 a
928 1638 1269 1693 muliercula
1319 1638 1545 1708 injuste,
1599 1645 1662 1693 ut
1720 1653 1809 1693 res
1846 1645 1990 1703 erat,

301 1729 799 1794 ethredehatur,
845 1728 944 1797 jus
977 1741 1011 1781 a
1043 1726 1226 1795 seipse
1267 1735 1322 1780 et
1366 1739 1399 1779 a
1448 1727 1569 1781 suis
1623 1726 1997 1796 complicibus

303 1834 464 1891 posse
495 1815 760 1872 bacchari
802 1814 1055 1870 caedibus
1088 1814 1420 1882 putabatur.
1453 1814 1804 1869 Procurabat
1850 1829 1995 1883 quo-

303 1907 439 1963 tidie
479 1904 794 1961 suavissima
845 1903 940 1958 illa
988 1903 1155 1957 novis
1194 1915 1417 1971 semper
1453 1901 1725 1966 consiliis,
1771 1915 1918 1971 quos
1946 1901 1998 1957 ei

301 1995 369 2050 ad
412 1992 852 2050 subversionem
903 1997 1266 2060 proponeret,
1321 1989 1543 2057 hostes;
1579 1988 1672 2043 ille
1718 2003 1749 2044 e
1797 1996 1998 2043 contra

302 2084 536 2138 minime
567 2080 882 2137 feriabatur
931 2077 1320 2132 indesinenter
1348 2083 1547 2130 contra
1587 2090 1719 2131 eum
1757 2075 1996 2145 exsequi

305 2169 544 2238 praedas,
599 2165 863 2221 incendia
885 2171 936 2219 et
971 2170 1200 2217 mortes.
1235 2162 1441 2216 Nostra
1475 2170 1641 2216 aetate
1688 2177 1802 2217 non
1860 2161 1999 2216 vidi-

301 2272 432 2313 mus
461 2256 608 2311 duas
652 2255 879 2323 uspiam
911 2252 1246 2306 convenisse
1284 2264 1577 2318 personas,
1613 2265 1866 2320 quorum
1896 2251 1995 2306 ad-

301 2343 721 2400 ministratione
746 2341 1067 2396 viderimus
1098 2339 1206 2394 sub
1256 2353 1375 2394 una
1400 2352 1609 2394 causas
1640 2347 1716 2394 tot
1739 2339 1996 2394 evenisse

299 2447 388 2488 res
411 2433 612 2488 malas.
653 2432 797 2488 Nam
828 2433 874 2487 si
909 2432 1018 2488 fuit
1047 2431 1140 2487 ille
1169 2432 1456 2499 caminus,
1507 2432 1628 2488 haec
1665 2432 1852 2488 oleum
1883 2433 1995 2488 dici

299 2528 496 2589 potest.

367 2608 530 2664 Tales
558 2609 725 2676 plane
780 2606 1090 2676 utrobique
1122 2606 1282 2662 fuere
1315 2620 1522 2674 mores,
1555 2615 1619 2663 ut
1649 2623 1778 2663 cum
1821 2622 1994 2664 vene-

295 2698 376 2752 ris
407 2711 522 2751 non
552 2704 852 2766 parcerent
896 2694 1286 2751 indiderenter
1315 2695 1601 2764 operibus,
1634 2711 1747 2752 non
1802 2697 1995 2752 minus

296 2793 506 2850 tamen,
541 2783 656 2838 imo
687 2781 935 2851 amplius
991 2781 1191 2837 ﬁerent
1245 2796 1378 2837 mox
1437 2782 1675 2852 praebita
1700 2783 1995 2840 occasione

296 2871 576 2926 crudeles.
609 2869 765 2925 Sicut
794 2869 948 2924 enim
979 2869 1136 2924 haud
1177 2870 1313 2939 jura
1350 2885 1655 2940 nunquam
1707 2873 1994 2928 maritalia

2111 495 2472 564 Perpendens
2502 496 2714 551 interea
2744 494 3150 565 Ingelrannus,
3185 495 3326 566 quia
3357 493 3444 550 sui
3475 494 3584 550 εθνὶ
3614 496 3800 566 gravi-

2109 591 2279 640 tatem
2338 598 2628 654 caupones
2685 591 2739 660 et
2778 583 3088 638 macellarii
3143 583 3465 645 irriderent,
3533 583 3801 638 accersito

2107 672 2346 739 Thoma,
2380 679 2662 741 pactoque
2702 684 2836 726 cum
2871 684 2936 724 eo
2987 669 3214 736 foedere,
3270 670 3442 724 etiam
3496 683 3800 724 novercam

2110 759 2262 820 illam
2312 759 2566 828 praebitis
2616 758 2938 814 innumeris
2985 758 3360 812 sacramentis
3409 773 3558 813 novo
3613 758 3663 812 ei
3712 757 3800 811 in-

2107 847 2601 902 sinuavitamore.
2647 846 2784 912 Quae
2816 846 3093 900 nimirum
3141 846 3369 900 sibimet
3413 860 3528 901 non
3569 847 3796 917 ignava,

2107 950 2221 990 non
2248 937 2413 1005 parvi
2442 937 2712 1008 ponderis
2741 949 2909 1006 gazas
2943 934 3014 990 ad
3035 949 3102 989 eo
3133 935 3326 1005 exegit
3373 949 3476 1004 pro
3525 935 3803 991 innovata

2109 1039 2264 1095 pace.

2178 1114 2472 1169 Exhausto
2504 1114 2754 1184 denique
2781 1113 3030 1168 Thomas
3063 1113 3310 1182 plurimo
3343 1127 3516 1183 quem
3558 1113 3806 1168 habebat

2111 1200 2360 1256 thesauri
2392 1201 2641 1268 cumulo,
2674 1215 2837 1270 opem
2859 1215 3094 1271 quoque
3122 1201 3468 1270 Ingelranno
3497 1202 3806 1270 spopondit

2107 1295 2306 1343 contra
2351 1288 2684 1357 burgenses,
2737 1287 2954 1357 quibus
2998 1303 3129 1342 cum
3176 1287 3534 1342 vicedomino
3574 1287 3806 1343 adnite-

2108 1373 2280 1429 batur
2301 1375 2620 1444 episcopus.
2675 1375 2922 1430 Thomas
2963 1374 3140 1444 igitur
3186 1382 3241 1429 et
3272 1373 3477 1441 Adam,
3509 1373 3608 1443 qui
3653 1375 3805 1430 turri

2107 1463 2464 1531 praesidebat,
2499 1470 2796 1532 eruperunt
2833 1465 3110 1518 acerrime
3144 1462 3402 1518 insistere
3446 1461 3805 1517 vicedomino

2106 1555 2282 1621 atque
2307 1551 2712 1622 burgensibus.
2759 1552 2828 1606 Et
2863 1551 3317 1621 quamprimum,
3363 1551 3636 1620 quoniam
3676 1551 3801 1620 epi-

2106 1652 2341 1707 scopum
2380 1645 2435 1693 et
2480 1637 2715 1693 clericos
2753 1637 2916 1693 factm
2947 1651 3080 1693 cum
3114 1637 3504 1707 burgensibus
3540 1636 3804 1691 factionis

2107 1726 2451 1796 arguebant,
2485 1740 2575 1781 res
2604 1725 2854 1795 pervasit
2889 1725 3136 1780 Thomas
3169 1724 3440 1781 ecclesiae.
3484 1725 3554 1779 Et
3593 1725 3651 1778 in
3685 1739 3802 1782 una

2105 1814 2336 1884 quidem
2399 1814 2669 1869 v1llarum
2715 1814 2861 1882 ejus,
2914 1813 3242 1882 praesidium
3293 1812 3403 1868 sibi
3450 1812 3658 1878 ﬁrmat,
3703 1826 3804 1882 per

2105 1901 2259 1971 quod
2307 1907 2538 1956 caeteras
2578 1914 2714 1956 mox
2765 1900 3042 1955 incendiis
3078 1909 3132 1955 et
3175 1900 3382 1970 praedis
3431 1901 3798 1956 exterminat.

2107 1991 2192 2044 Ex
2227 2003 2343 2044 una
2371 2002 2576 2044 earum
2610 2003 2741 2044 cum
2777 1987 3091 2043 maximam
3124 1987 3486 2057 captivorum
3518 1988 3801 2045 abduxis-

2105 2084 2188 2132 set
2217 2085 2528 2144 catervam,
2565 2077 2926 2147 multamque
2955 2077 3282 2146 pecuniam,
3333 2077 3629 2132 residuum
3677 2091 3801 2146 pro-

2105 2163 2310 2220 miscui
2360 2179 2552 2232 sexns,
2595 2172 2649 2220 et
2698 2165 2939 2219 diversae
2977 2165 3161 2219 aetatis
3207 2164 3442 2234 vulgus,
3506 2164 3801 2220 cohortem

2100 2261 2251 2308 certe
2280 2267 2412 2324 quae
2439 2253 2534 2308 illo
2564 2253 2906 2324 confugerat
2938 2253 3249 2322 plurimam
3291 2253 3349 2307 in
3379 2251 3618 2308 ecclesia
3661 2266 3800 2307 con-

2103 2351 2354 2398 cremata
2382 2342 2678 2398 cremavit.
2704 2343 2862 2398 Inter
2886 2341 3146 2411 captivos
3173 2349 3367 2397 autem
3396 2341 3660 2411 quidam,
3697 2340 3803 2410 qui

2105 2431 2270 2499 panis
2316 2430 2538 2485 emendi
2593 2431 2780 2501 gratia
2833 2430 2893 2484 in
2957 2431 3152 2486 villam
3225 2438 3479 2495 venerat,
3559 2433 3804 2484 eremita

2102 2523 2306 2586 captus
2351 2525 2482 2572 ante
2527 2531 2658 2572 eum
2709 2517 3048 2574 ducebatur.
3101 2519 3241 2574 Erat
3293 2533 3425 2574 vero
3469 2518 3801 2584 imminens,

2100 2607 2376 2678 postridie
2443 2607 2678 2675 scilicet,
2746 2606 2956 2663 festum
3021 2608 3167 2663 beati
3228 2608 3478 2664 Martini.
3531 2608 3805 2678 Cumque

2101 2694 2366 2751 ﬂebiliter
2397 2695 2759 2752 inclamasset
2796 2697 2868 2751 ad
2897 2696 3172 2752 Thomam
3214 2698 3383 2767 cujus
3433 2696 3808 2767 professionis

2101 2791 2265 2851 esset,
2312 2798 2431 2854 qua
2486 2797 2587 2853 pro
2641 2797 2818 2840 causa
2869 2797 2934 2839 eo
2997 2784 3346 2850 devenisset,
3393 2789 3544 2837 5m
3591 2783 3806 2839 saltem

2102 2886 2204 2942 pro
2235 2872 2451 2928 honore
2501 2873 2681 2928 sancti
2729 2871 2959 2928 Martini
3008 2873 3115 2928 sibi
3162 2873 3565 2927 miseresceret.
3627 2872 3734 2928 Ille
3772 2887 3808 2928 e

296 2968 548 3026 tenuere,
583 2959 659 3014 ita
679 2971 784 3014 nec
817 2957 978 3012 illum
1040 2971 1172 3013 unm
1219 2959 1495 3029 conjuges
1553 2958 1627 3014 ab
1669 2967 1986 3016 scortorum
2029 2982 2070 3036 ρ
2103 2961 2315 3032 vagina
2361 2961 2616 3032 guhione
2670 2968 2955 3030 exempto,
3012 2961 3139 3031 ejus
3199 2959 3420 3030 trajecit
3483 2967 3687 3029 peetus
3747 2969 3810 3017 et

297 3053 557 3116 poterant
603 3052 704 3101 aut
733 3052 1106 3101 externarum
1140 3044 1402 3101 carnium
1428 3045 1813 3102 rivalitatibus
1841 3046 1993 3101 cohi-

293 3136 447 3192 bere.
478 3136 624 3203 Quid
651 3134 862 3205 plura?
887 3135 1030 3191 Cum
1072 3134 1180 3189 ista
1215 3134 1379 3190 illum
1411 3149 1694 3190 novarum
1731 3135 1990 3205 quotidie

295 3236 490 3278 rerum
539 3222 931 3278 molitionibns
975 3222 1294 3293 instigaret,
1343 3231 1396 3278 et
1429 3221 1521 3278 ille
1552 3223 1874 3279 homicidiis
1904 3223 1991 3278 in-

294 3312 544 3366 sontium
576 3311 792 3366 rabiem
827 3311 1114 3366 exsatiare
1144 3327 1259 3367 non
1295 3320 1500 3382 posset,
1547 3313 1603 3367 in
1654 3320 1880 3369 tantum
1930 3321 1993 3370 ut

294 3411 414 3453 uno
443 3397 534 3453 die
579 3398 769 3454 decem
802 3398 1136 3454 hominibus
1166 3399 1360 3455 oculos
1407 3401 1642 3467 eruerit,
1684 3415 1832 3471 quos
1888 3415 1992 3457 nec

293 3497 453 3539 mora
513 3485 656 3540 mori
718 3485 1039 3556 contigerit.
1093 3485 1263 3540 fiebat
1324 3487 1603 3557 utrinque
1662 3488 1852 3543 lassati
1914 3489 1993 3543 fa-

290 3576 481 3624 cerent
505 3579 932 3628 momentaneas
963 3587 1170 3643 paces;
1203 3574 1298 3629 sed
1325 3582 1449 3644 post
1477 3575 1781 3644 paululum
1829 3574 1989 3630 femi-

292 3671 367 3711 na
396 3657 493 3712 illa
517 3667 706 3715 vetere
734 3661 1038 3717 refricante
1071 3663 1321 3730 morbos,
1356 3663 1414 3718 in
1469 3671 1706 3719 mutuas
1754 3678 1990 3720 consur-

292 3755 490 3816 gerent
523 3761 708 3804 neces.

360 3836 639 3891 Ambiani
655 3837 1041 3906 calamitates,
1061 3855 1168 3910 per
1185 3839 1603 3910 Ingelrannum
1625 3840 1914 3909 comitem,
1933 3844 1989 3895 ct

289 3922 440 3977 alios
465 3924 742 3979 excitatae.
779 3957 847 3964 —
877 3925 1062 3996 Igitur
1088 3927 1491 3982 Laudunensis
1529 3928 1824 3996 provincia
1853 3944 1984 3984 cum

292 4009 381 4064 his
401 4010 511 4065 sub
533 4019 782 4080 utroque
831 4013 1288 4083 malignitatibus
1335 4022 1693 4084 quateretur,
1738 4016 1796 4070 in
1851 4020 1985 4072 Am-

291 4097 620 4154 bianensem
657 4100 768 4153 Deo
792 4100 988 4169 judice
1017 4109 1101 4156 est
1150 4100 1430 4156 translata
1479 4102 1794 4159 calamitas.
1840 4103 1984 4160 Nam

292 4183 412 4252 (ηδ)
454 4192 577 4254 post
627 4185 918 4241 funestum
978 4188 1185 4243 excidii
1230 4189 1634 4245 Laudunensis
1688 4198 1982 4246 eventum.

2098 3049 2338 3114 viscera,
2366 3049 2593 3119 Accipe,
2635 3048 2847 3116 dicens,
2886 3056 3118 3119 propter
3154 3057 3419 3104 sanctum
3456 3048 3802 3104 Martinum.

2101 3128 2406 3197 Leprosum
2452 3128 2667 3198 pariter
2713 3129 2928 3184 carceri
2975 3135 3246 3184 truserat.
3300 3127 3459 3194 Quod
3509 3128 3807 3198 elephan-

2097 3218 2371 3273 tiosorum
2423 3215 2864 3286 provincialium
2916 3223 3097 3271 coetus
3143 3215 3404 3281 audiens,
3457 3215 3678 3270 obsedit
3711 3224 3799 3284 tv-

2098 3309 2266 3364 ranni
2313 3309 2478 3376 fores,
2532 3308 2899 3365 conclamans
2943 3315 3007 3364 ut
3059 3307 3164 3364 sibi
3209 3307 3397 3363 socius
3429 3307 3795 3364 redderetur.

2096 3398 2319 3466 Quibus
2358 3399 2477 3468 ipse
2507 3399 2892 3454 comminatus
2931 3404 3034 3464 est,
3067 3397 3176 3452 nisi
3229 3397 3555 3452 recederent
3603 3411 3667 3452 se
3706 3397 3797 3452 vi-

2096 3499 2198 3541 vos
2218 3485 2613 3541 incensurum.
2660 3487 2730 3541 Et
2775 3499 2908 3540 cum
2949 3485 3131 3540 territi
3160 3483 3538 3554 aufugissent,
3577 3484 3637 3538 in
3675 3493 3801 3540 tuto

2100 3573 2281 3642 positi,
2313 3580 2368 3628 et
2401 3587 2473 3628 ex
2497 3573 2729 3642 regione
2767 3573 2979 3642 pariter
3014 3572 3362 3641 conglobati,
3400 3574 3576 3627 Deum
3615 3587 3804 3642 super

2095 3673 2161 3715 eo
2190 3661 2244 3715 in
2279 3660 2562 3715 vindicem
2594 3661 3019 3730 compellantes,
3050 3661 3176 3730 pari
3204 3675 3338 3716 voce
3369 3659 3496 3715 latis
3519 3661 3573 3714 in
3607 3661 3804 3716 altum

2095 3747 2334 3803 vocibus
2384 3747 2432 3802 ei
2480 3748 2926 3803 maledixerunt.
2963 3748 3242 3817 Leprosus
3288 3755 3478 3804 autem
3529 3747 3680 3802 idem
3735 3749 3803 3803 in

2094 3835 2301 3906 poenali
2321 3849 2550 3891 carcere
2575 3835 2725 3890 diem
2754 3835 2981 3891 clausit.

2165 3923 2368 3980 Mulier
2424 3938 2658 3994 quoque
2690 3938 3000 3994 praagnans
3047 3924 3341 3995 ergastulo
3389 3925 3581 3980 itidem
3655 3925 3806 3982 rele

2095 4020 2248 4082 gata,
2303 4011 2512 4067 ibidem
2583 4011 2815 4067 interiit.
2856 4011 3101 4078 Quidam
3158 4013 3228 4068 de
3271 4013 3513 4083 captivis
3562 4014 3805 4070 tardius

2094 4101 2476 4171 expediebant
2507 4101 2630 4166 iter,
2665 4101 2882 4170 quibus
2908 4101 3015 4158 sub
3061 4101 3207 4158 collo
3234 4116 3331 4158 eas
3360 4116 3505 4172 quas
3531 4103 3805 4160 vocitant

2091 4189 2325 4244 canolas
2351 4188 2687 4258 praecipiens
2713 4188 3010 4258 perforari,
3067 4190 3218 4245 senis
3255 4203 3474 4257 eorum,
3507 4189 3565 4244 ni
3596 4189 3804 4259 fallor,

287 4272 556 4328 Ambiani
603 4286 735 4343 rege
784 4273 966 4330 illeeto
1012 4276 1272 4345 pecuniis
1327 4277 1509 4333 fecere
1564 4279 1974 4347 communiam,
2019 4281 2060 4334 Ι)
2092 4283 2192 4331 aut
2241 4276 2523 4346 quinque,
2585 4275 2751 4332 funes
2807 4275 2936 4332 fecit
2984 4276 3174 4342 inseri,
3237 4277 3434 4347 sicque
3467 4277 3575 4332 sub
3635 4274 3805 4334 truci

287 4359 380 4414 cui
423 4359 722 4430 episcopus
760 4361 922 4416 nulla
981 4362 1039 4417 vi
1079 4371 1318 4419 exactus
1373 4364 1660 4422 debuisset
1709 4375 1978 4436 praestare

283 4445 559 4514 favorem,
613 4449 926 4516 praesertim
979 4465 1109 4505 cum
1150 4459 1204 4507 et
1252 4467 1421 4507 nemo
1459 4467 1591 4508 eum
1641 4462 1890 4524 urgeret,
1923 4463 1978 4511 et

284 4533 596 4603 eoepiscopi
637 4535 728 4590 sui
765 4549 898 4591 eum
927 4537 1248 4592 miserabile
1287 4537 1549 4604 exitium,
1594 4547 1648 4594 et
1695 4540 1977 4596 infausto-

284 4634 413 4676 rum
463 4623 677 4678 civium
719 4624 1056 4695 conﬂigium
1096 4640 1211 4680 non
1258 4625 1478 4682 lateret.
1525 4627 1737 4684 Videns
1782 4629 1976 4700 itaque

283 4708 665 4778 Ingelrannus
695 4711 859 4766 urbis
881 4726 1146 4767 comesex
1179 4713 1575 4784 conjuratione
1599 4717 1974 4788 burgeusium

281 4797 584 4852 comitatus
633 4798 739 4854 sibi
786 4798 923 4869 jura
973 4808 1198 4855 vetusta
1246 4803 1442 4871 recidi,
1510 4814 1681 4874 prout
1731 4815 1970 4876 poterat,

274 4885 396 4954 jam
428 4886 666 4942 rebelles
693 4887 871 4942 armis
909 4888 1265 4957 aggreditur.
1292 4890 1394 4946 Cui
1423 4893 1592 4948 etiam
1623 4909 1737 4949 non
1770 4895 1970 4960 defuit,

280 4971 464 5027 Adam
512 4972 594 5027 sic
636 4973 789 5027 enim
833 4981 1092 5040 vocatur,
1136 4983 1191 5031 et
1249 4991 1368 5032 suae
1413 4979 1508 5034 cui
1565 4989 1807 5049 praeerat
1852 4981 1972 5050 ipse

279 5059 458 5114 turris
487 5059 792 5115 auxilium.
834 5060 885 5115 Α
937 5060 1325 5132 burgensjbus
1366 5079 1502 5136 ergo
1549 5067 1711 5122 urbis
1753 5068 1970 5138 pulsus,

278 5148 350 5203 ab
379 5149 523 5204 urbe
557 5149 614 5204 in
638 5157 859 5205 turrem
898 5164 956 5205 se
995 5153 1255 5208 contulit.
1301 5153 1410 5220 Qui
1440 5170 1571 5210 cum
1618 5156 1676 5210 in
1707 5157 1970 5212 comitem

279 5234 580 5290 irremissis
606 5237 922 5293 assultibus
953 5248 1379 5308 grassarentur,
1410 5250 1465 5297 et
1495 5242 1772 5298 Thomam
1803 5243 1971 5313 quasi

276 5322 652 5378 amantiorem
706 5339 879 5379 suum
943 5325 1244 5382 dominum
1296 5327 1369 5382 ad
1418 5330 1762 5385 communia:
1817 5330 1970 5387 illius

274 5415 632 5463 sacramenta
656 5417 944 5477 vocantes,
996 5419 1196 5468 contra
1240 5421 1554 5482 parentem,
1590 5422 1654 5470 ιιι
1707 5425 1964 5486 putatur,

273 5508 447 5551 suum
480 5494 660 5551 ﬁlium
691 5498 1063 5556 suseitarunt.
1113 5501 1557 5571 Ignominiosam
1605 5503 1756 5560 enim
1803 5505 1968 5562 valde

2087 4363 2330 4434 angaria
2373 4363 2671 4433 proficisci.
2737 4363 2842 4430 Qui
2894 4371 3018 4433 post
3065 4363 3370 4434 paululum
3420 4364 3477 4418 in
3523 4365 3805 4420 custodia

2089 4461 2225 4508 sunt
2249 4453 2524 4508 defuncti.
2569 4452 2715 4518 Quid
2767 4452 2942 4508 verba
2973 4453 3402 4522 protrahimus?
3447 4453 3507 4506 In
3559 4452 3662 4508 illo
3698 4467 3805 4509 ne—

2095 4540 2246 4610 gotio
2274 4539 2511 4610 triginta
2550 4540 2705 4595 solus
2753 4539 3012 4595 homines
3057 4541 3286 4610 proprio
3339 4555 3474 4596 ense
3521 4542 3798 4609 peremit.

2085 4631 2155 4684 At
2205 4641 2456 4683 noverca
2503 4641 2611 4682 sua
2651 4627 2852 4682 videns
2897 4629 3072 4682 tantis
3117 4629 3401 4684 hominem
3445 4629 3703 4685 inserere
3733 4645 3804 4685 se

2084 4716 2370 4786 periculis,
2413 4716 2582 4771 avida
2625 4716 2940 4784 perimendi
2970 4731 3102 4772 eum
3144 4718 3378 4772 mandat
3405 4717 3800 4782 vicedomino,

2084 4813 2148 4861 ut
2193 4805 2425 4859 Thomze
2484 4804 2771 4860 subtiliter
2819 4819 3103 4860 excursus
3155 4806 3437 4861 observet.
3489 4805 3597 4872 Qui
3649 4821 3798 4863 cum

2082 4890 2242 4946 illum
2281 4891 2468 4945 nescio
2499 4903 2616 4960 qua
2633 4897 2861 4946 euntem
2898 4899 3060 4947 nocte
3089 4893 3342 4962 quadam
3378 4893 3802 4950 circumfudis-

2079 4985 2161 5034 set
2191 4978 2426 5045 insidiis,
2463 4978 2761 5035 confossus
2809 4981 3066 5035 membra
3114 4980 3458 5037 vulneribus
3489 4982 3670 5038 etiam
3727 4985 3796 5039 in

2083 5067 2291 5137 poplite
2347 5067 2602 5122 lanceam
2648 5068 2824 5123 hostis
2876 5069 3153 5137 pedestris
3191 5071 3426 5139 accepit.
3485 5070 3592 5134 Qui
3644 5085 3795 5127 cum

2080 5155 2241 5220 alias,
2274 5163 2393 5210 tum
2437 5155 2492 5209 in
2529 5155 2792 5226 geniculo
2821 5155 3125 5212 durissime
3159 5155 3344 5224 laesus,
3378 5157 3548 5214 vellet
3578 5159 3792 5228 nollet,

2078 5257 2112 5299 a
2145 5251 2326 5312 empto
2359 5243 2545 5298 desiit.

2155 5331 2422 5399 Defectus
2450 5331 2603 5384 inter
2629 5346 2801 5387 sacra
2832 5330 3119 5399 facienda
3163 5332 3489 5401 infortunia
3517 5351 3796 5406 premen-

2078 5419 2252 5474 tiant.
2303 5418 2626 5490 Episcopus
2675 5418 3094 5476 Ambianensis
3149 5420 3491 5491 Godefridus
3543 5423 3795 5480 abdicat

2075 5504 2458 5577 episcopatum
2491 5505 2756 5562 Ctuniaci
2780 5514 2837 5564 et
2865 5509 3186 5564 Carthusiz
3232 5509 3581 5582 aliquandiu
3608 5512 3785 5581 vixit,
