3922 6080
153 234 260 287 945

1239 232 1332 287 DE
1375 232 1533 286 VlTA
1573 232 1701 286 SUA
1747 232 1931 288 LIBRI
1969 233 2165 289 TBES.
2200 265 2268 273 --
2303 235 2431 290 LIB.
2474 235 2569 290 Ill.

3551 238 3652 292 946

140 380 217 418 ac
237 361 620 435 postjubente
645 362 920 418 Remensi
962 361 1393 434 archiepiscopo
1436 361 1628 418 rediit.
1666 394 1736 403 —
1777 363 1848 419 At
1885 368 1933 420 A
1957 364 2203 420 rimonia
2252 365 2386 421 data
2426 365 2501 421 ad
2553 379 2744 437 regem
2793 365 3066 432 dicerent,
3101 379 3160 421 se
3189 366 3248 420 in
3295 379 3475 436 regno
3529 367 3656 438 ejus

138 453 448 523 episcopus
495 461 809 522 antequam
863 452 1100 507 ecclesia
1131 466 1236 508 sua
1285 453 1394 507 tale
1440 451 1848 508 exterminium

141 547 460 608 pateretur,
525 539 781 608 quodam
821 539 910 594 die
966 540 1103 595 festo
1159 540 1363 594 missas
1426 547 1664 594 acturus
1709 547 1847 594 erat.

137 627 386 694 Quidam
444 641 580 682 vero
638 629 825 697 specie
860 627 1159 697 religiosus
1193 626 1489 696 presbyter
1517 640 1848 682 sacramen-

138 723 269 772 tum
301 724 432 771 ante
471 729 605 770 eum
634 729 708 770 ex
740 715 860 770 sola
906 729 1058 785 aqua
1092 716 1321 771 nescius
1350 715 1688 782 confecerat,
1726 722 1850 782 post

137 817 318 875 quem
369 811 425 859 et
464 803 726 873 episcopo
790 803 932 858 idem
991 803 1217 858 accidit.
1279 802 1849 872 Cumque~libamen

136 891 559 960 assumpsisset,
590 898 644 946 et
674 905 788 946 non
833 890 944 945 nisi
976 904 1188 960 aquam
1237 905 1357 946 esse
1422 891 1707 958 sensisset,
1756 891 1849 946 di-

134 979 276 1034 xit:
336 979 608 1049 Magnum
693 977 890 1033 scitote
950 991 1050 1047 pro
1105 985 1258 1032 certo
1327 977 1542 1033 malum
1600 977 1848 1033 ecclesiae

138 1067 406 1124 imminet
437 1067 549 1122 isti.
584 1065 747 1134 Quod
780 1066 968 1135 ipsum
1003 1065 1316 1122 infortunia
1346 1066 1682 1136 presbyteri,
1717 1081 1848 1136 quae

135 1163 274 1212 ante
338 1156 716 1226 contigerant,
779 1154 1136 1210 astruebant.
1207 1156 1349 1210 Cum
1411 1169 1547 1224 ergo
1615 1155 1848 1210 vidisset

134 1258 308 1299 suam
338 1258 443 1299 nec
479 1243 630 1298 clero
666 1256 770 1298 nec
802 1243 1016 1312 populo
1049 1243 1409 1312 praesentiam
1438 1257 1558 1299 esse
1597 1251 1842 1314 gratam,

135 1332 283 1402 quia
331 1331 613 1388 neminem
668 1332 874 1401 juvare
939 1338 1178 1401 poterat,
1238 1339 1533 1399 assumpto
1594 1330 1844 1400 quodam

134 1429 336 1476 nostro
387 1420 689 1485 monacho,
742 1419 1079 1475 inconsultis
1123 1420 1392 1475 omnibus
1447 1420 1596 1474 clero
1646 1431 1750 1473 suo
1780 1431 1846 1473 ac

132 1508 353 1578 populo
387 1508 662 1573 libellum,
695 1514 756 1562 ut
798 1508 877 1562 ita
907 1507 1114 1575 dicam,
1153 1508 1374 1578 repudii
1415 1508 1588 1572 dedit,
1639 1513 1694 1562 et
1746 1520 1844 1560 ar-

130 1598 498 1668 chiepiscopo
555 1597 814 1654 Remensi
856 1598 1163 1664 annulum,
1197 1597 1576 1668 sandaliaque
1607 1596 1839 1663 remisit,

130 1694 194 1743 et
225 1701 284 1743 se
324 1687 382 1742 in
413 1686 682 1742 exsilium
717 1686 935 1742 iturum
967 1700 1394 1755 nunquamque
1424 1685 1691 1755 deinceps
1720 1685 1845 1754 epi-

131 1787 378 1843 scopum
406 1773 670 1830 futurum
695 1774 1002 1844 utrobique
1016 1774 1330 1828 mandavit.
1356 1773 1740 1842 Ex-pontifex
1768 1773 1845 1828 ita

132 1862 328 1916 factus
352 1876 485 1916 cum
510 1863 850 1919 Cluniacum
886 1862 1184 1932 attigisset,
1233 1875 1439 1917 rursus
1477 1869 1680 1931 sponte
1710 1876 1844 1930 pro—

133 1949 269 2019 pria
314 1951 610 2019 episcopus
660 1951 844 2006 factus
873 1951 1052 2005 altare
1109 1949 1251 2005 inibi
1280 1950 1654 2005 consecravit.
1710 1949 1844 2004 Inde

132 2037 431 2107 digressus
461 2038 825 2094 Carthusiam
861 2037 1133 2107 perrexit,
1163 2037 1231 2093 de
1277 2052 1392 2106 quo
1423 2036 1545 2093 loco
1577 2037 1636 2091 in
1668 2035 1844 2106 hujus

132 2125 399 2194 opusculi
440 2126 752 2195 primordio
784 2126 948 2181 nobis
972 2139 1161 2181 sermo
1214 2125 1341 2181 fuit.
1373 2125 1458 2182 lbi
1487 2132 1652 2180 extra
1701 2139 1844 2180 con-

131 2217 376 2269 ventum
422 2214 478 2269 in
542 2213 749 2270 cellula
807 2227 1195 2280 commanens,
1248 2228 1350 2268 sex
1380 2214 1448 2269 de
1487 2213 1693 2269 viatico
1737 2226 1843 2268 suo

132 2301 362 2372 argenti
420 2301 528 2358 sibi
577 2316 801 2358 marcas
830 2303 1082 2358 retinuit.
1128 2301 1237 2366 Qui
1281 2311 1404 2372 post
1442 2302 1586 2358 duos
1624 2314 1843 2357 menses

131 2404 256 2446 non
293 2390 364 2445 ab
393 2390 590 2459 aliquo
616 2404 877 2456 suorum,
909 2390 1004 2446 sed
1035 2391 1108 2446 ab
1139 2391 1560 2460 archiepiscopo
1607 2404 1840 2445 reman-

133 2478 329 2544 datus,
362 2492 555 2534 moras
581 2479 639 2533 in
670 2477 859 2533 reditu
888 2493 1003 2533 non
1057 2477 1218 2543 fecit;
1250 2479 1320 2533 ad
1358 2479 1458 2533 hoc
1501 2478 1654 2533 enim
1691 2493 1838 2532 mar-

134 2578 240 2621 cas
263 2565 371 2620 sibi
404 2563 572 2620 utiles
591 2563 818 2620 futuras
840 2565 1025 2619 scivit.
1058 2563 1260 2619 Clerus
1289 2572 1476 2618 autem
1509 2572 1564 2620 et
1595 2565 1842 2634 populus

132 2667 271 2709 eum
304 2667 418 2708 non
450 2653 572 2708 sine
599 2665 839 2708 maerore
869 2653 1100 2721 recepit,
1137 2653 1238 2722 qui
1289 2666 1356 2707 eo
1384 2653 1618 2708 absente
1668 2667 1842 2722 super

135 2741 317 2796 altero
345 2739 607 2812 eligendo
640 2755 756 2796 non
783 2741 906 2796 sine
957 2754 1169 2811 magna
1210 2741 1387 2810 ipsius
1444 2741 1840 2810 aspernatione

134 2843 255 2885 non
285 2829 513 2900 sategit.
549 2829 675 2899 Ipse
705 2829 857 2885 enim
891 2829 1120 2884 turbam
1147 2836 1401 2884 moverat
1434 2843 1610 2899 quam
1641 2829 1840 2885 sedare

136 2933 255 2974 non
286 2921 524 2988 poterat.

208 3005 428 3060 Thoma
486 3005 682 3075 itaque
730 3005 802 3060 ad
857 3018 964 3062 sua
1012 3004 1307 3071 translato,
1339 3011 1395 3060 et
1450 3019 1523 3060 ex
1603 3003 1841 3059 vulnere

137 3093 438 3164 praelibato
488 3093 611 3162 jam
671 3093 1010 3161 impotenter
1061 3091 1274 3161 agenti,
1356 3091 1635 3161 quoniam
1689 3090 1842 3146 ﬁlius

134 3181 294 3248 Adae,
328 3182 559 3237 nomine
609 3180 951 3245 Adelelmus,
1000 3193 1147 3248 puer
1194 3177 1620 3248 pulcherrimus
1657 3177 1714 3232 in
1745 3177 1840 3233 fu-

137 3279 329 3327 turam
352 3271 729 3340 desponderat
759 3269 1060 3339 conjugem
1091 3268 1269 3338 ipsius
1301 3267 1494 3323 ﬁliam.
1528 3267 1634 3334 Qui
1687 3268 1836 3323 Tho-

138 3373 293 3415 mam
318 3359 438 3429 jam
496 3359 716 3416 laeserat
770 3357 826 3412 in
857 3356 1060 3421 Adam,
1091 3363 1146 3412 et
1189 3356 1246 3410 in
1290 3356 1496 3410 turrim
1543 3356 1669 3425 ejus
1717 3356 1839 3425 ipsa

136 3446 470 3517 lngelranni
496 3446 678 3516 turpis
707 3443 1034 3500 concubina
1074 3456 1236 3498 arma
1287 3450 1619 3499 convertere
1654 3451 1834 3511 parat.

137 3537 264 3604 Ipse
292 3541 486 3589 autem
517 3533 575 3588 in
628 3531 896 3588 ﬁdelitate
927 3530 1256 3602 lngelranni
1309 3530 1612 3600 hucusque
1642 3537 1840 3585 contra

138 3622 458 3693 burgenses
513 3628 764 3677 steterat.
820 3621 972 3691 Rege
1003 3634 1139 3690 ergo
1169 3619 1449 3674 conducto
1482 3620 1689 3674 turrim
1731 3620 1839 3675 ob-

137 3709 358 3766 sidione
408 3709 746 3765 circumdat.
795 3709 868 3763 Et
912 3714 1062 3762 certe
1111 3706 1293 3762 Adam
1350 3705 1466 3777 regi
1518 3705 1836 3763 hominium

138 3799 368 3863 fecerat,
403 3811 507 3852 nec
537 3796 608 3852 ab
637 3811 702 3852 eo
727 3795 1028 3863 defecerat,
1063 3809 1282 3865 rexque
1319 3809 1453 3850 eum
1486 3795 1545 3851 in
1584 3809 1690 3851 sua
1728 3797 1837 3852 ﬁde

135 3893 489 3954 susceperat.
533 3884 744 3941 Referri
780 3899 895 3940 non
944 3892 1182 3954 possunt
1207 3883 1279 3939 ab
1310 3883 1526 3952 aliquo,
1556 3898 1627 3939 ne
1658 3885 1729 3940 ab
1757 3884 1838 3940 eis

137 3971 372 4043 quidem
405 3986 655 4044 quorum
694 3986 825 4042 pars
854 3971 1306 4042 periclitabatur,
1342 3971 1504 4028 factae
1545 3987 1711 4028 neces
1768 3973 1836 4029 de

139 4053 531 4123 burgensibus
571 4066 669 4122 per
726 4059 1040 4118 turrenses,
1091 4065 1224 4107 cum
1277 4059 1411 4106 ante
1458 4051 1832 4118 obsidionem,

137 4151 264 4197 tum
295 4149 485 4210 postea
525 4139 863 4196 crebriores.
914 4140 1125 4196 Nullus
1173 4141 1325 4196 enim
1374 4141 1528 4210 apud
1586 4141 1836 4197 urbanos

1961 453 2054 508 Dei
2089 453 2276 508 ofﬁcia
2306 469 2420 508 non
2474 454 2725 509 facturos
2771 453 2882 508 nisi
2922 452 3325 510 ulscisceretur
3364 455 3420 509 in
3468 455 3650 510 illum.

1957 541 2103 597 Nam
2131 557 2198 598 ea
2253 549 2600 612 tempestate,
2666 555 2784 612 qua
2818 542 3045 611 pestifer
3076 541 3167 597 ille
3223 550 3422 598 contra
3468 544 3653 614 Ingel-

1956 643 2205 686 rannum
2243 631 2628 701 burgensibus
2674 631 3059 697 adnitebatur,
3089 629 3390 698 Galterius,
3424 631 3492 685 de
3540 647 3655 702 quo

1957 734 2131 788 supra
2159 720 2401 789 egimus,
2438 720 2538 788 qui
2570 734 2701 774 cum
2734 719 2996 775 Guidone
3043 719 3513 775 coarchidiacono
3551 736 3655 776 suo

1958 804 2114 859 solus
2177 805 2244 859 de
2304 805 2689 874 proditoribus
2744 805 2968 861 Girardi
3025 806 3330 872 resederat,
3379 807 3450 861 ad
3499 808 3654 862 illam

1955 891 2165 948 bonam
2226 893 2553 963 Ingelranni
2607 893 2917 960 lateralem,
2978 908 3142 949 suam
3177 894 3438 950 videlicet
3486 897 3657 951 uteri-

1958 994 2092 1035 nam
2139 995 2412 1048 sororem,
2472 982 2628 1052 quod
2691 981 3080 1038 adulterinum
3132 983 3488 1039 connubium
3537 986 3656 1053 ipse

1955 1068 2285 1131 miscuerat,
2320 1069 2472 1124 circa
2505 1069 2752 1124 mediam
2791 1069 2965 1126 ferme
3003 1069 3511 1141 Quadragesimam
3567 1072 3655 1128 lo-

1955 1162 2200 1210 cuturus
2227 1164 2572 1224 perrexerat.
2612 1155 2771 1221 Quod
2802 1171 2931 1211 cum
2977 1157 3225 1212 Thomas
3275 1157 3654 1221 addidicisset,

1956 1243 2130 1298 missa
2161 1243 2440 1314 legatione
2496 1243 2770 1299 citissitna
2815 1244 3054 1313 imperat
3103 1246 3345 1301 Roberto
3401 1247 3650 1314 cuidam,

1953 1328 2210 1383 omnium
2247 1327 2645 1383 scelestissimo
2679 1328 2841 1394 (tales
2888 1328 3042 1384 enim
3100 1337 3256 1384 amat
3298 1330 3561 1400 .amulos)
3591 1338 3653 1386 ut

1954 1415 2267 1473 Galterium
2318 1417 2390 1472 ab
2421 1416 2790 1472 Ambianensi
2847 1416 3178 1472 redeuntem
3236 1418 3558 1487 observent,
3599 1426 3653 1474 et

1954 1510 2096 1574 quot
2122 1512 2358 1573 possunt
2386 1505 2732 1561 interimant.
2756 1503 2893 1570 Quae
2937 1505 3026 1560 illc
3053 1520 3166 1561 non
3194 1506 3339 1560 alias
3371 1522 3547 1576 quam
3575 1509 3647 1562 ab

1954 1591 2078 1661 ipso
2106 1593 2473 1648 Laudunensi
2500 1593 2889 1662 promontorio
2918 1601 3304 1663 prospectans,
3338 1609 3436 1662 per
3467 1595 3650 1664 ipsam

1885 1663 1925 1716 Β
1957 1681 2063 1737 viae
2093 1681 2525 1748 concavitatem,
2562 1695 2680 1752 qua
2707 1682 2775 1737 de
2816 1687 2963 1736 5"
3021 1689 3210 1737 monte
3257 1663 3646 1750 descenditur,

1955 1769 2015 1824 in
2071 1784 2376 1826 occursum
2426 1769 2506 1825 illi
2551 1784 2683 1826 cum
2741 1770 2864 1826 suis
2921 1784 2976 1825 Vt
2998 1770 3099 1825 nit.
3136 1769 3423 1826 Galterius
3445 1778 3647 1838 autem

1955 1859 2245 1928 praemisso
2275 1859 2550 1915 comitatu
2574 1860 2696 1929 jam
2729 1859 2786 1914 in
2815 1859 3016 1914 urbem
3042 1859 3199 1914 mulo
3235 1859 3438 1915 sedens
3451 1874 3651 1930 seque-

1953 1945 2145 2001 batur.
2204 1945 2293 2002 Sic
2347 1946 2524 2016 igitur
2570 1945 2881 2001 solitudine
2929 1953 3219 2016 aucupata
3273 1945 3481 2017 gladiis
3519 1963 3651 2004 eum

1950 2033 2342 2090 crudelissime
2389 2035 2783 2090 conciderunt.
2843 2033 2964 2100 Quo
3009 2035 3194 2089 occiso
3242 2035 3314 2089 ad
3359 2035 3651 2106 .Thomam

1953 2136 2085 2177 cum
2113 2122 2268 2178 mulo
2297 2122 2507 2178 hilares
2537 2130 2930 2179 revertuntur.

2023 2210 2359 2264 Creciacum
2407 2215 2664 2266 castrum
2697 2214 3056 2282 expugnatur
3085 2226 3123 2264 a
3164 2227 3315 2282 rege.
3342 2241 3410 2251 —-
3445 2212 3523 2266 De
3567 2211 3654 2267 his

1954 2313 2090 2370 ergo
2120 2314 2186 2354 ac
2215 2299 2500 2355 similibus
2527 2314 2659 2355 cum
2709 2298 2978 2354 maximis
3012 2298 3393 2355 Ecclesiarum
3436 2299 3651 2355 dolori-

1953 2387 2062 2443 bus
2091 2387 2245 2457 apud
2280 2388 2464 2457 regias
2495 2401 2626 2442 cum
2655 2387 3066 2456 impeterentur
3081 2401 3273 2454 aures,
3306 2387 3366 2442 in
3389 2387 3652 2458 sequenti

1950 2474 2091 2530 anni
2121 2475 2570 2546 Quadragesima
2597 2483 2900 2544 postquam
2933 2474 3404 2531 archidiaconum
3430 2475 3650 2530 occide-

1951 2569 2061 2630 rat,
2120 2562 2356 2641 collecto
2413 2577 2513 2618 rex
2562 2563 2840 2617 adversus
2875 2577 3007 2618 eum
3050 2562 3338 2630 exercitu,
3390 2562 3653 2632 praesidia

1952 2665 2082 2720 qua
2117 2650 2174 2704 in
2208 2650 2358 2706 villis
2380 2651 2626 2706 abbatiae
2660 2649 2850 2705 Sancti
2879 2650 3115 2705 Joannis
3143 2658 3513 2706 exstruxerat
3542 2665 3652 2721 ag—

1952 2740 2228 2810 greditur.
2277 2741 2356 2795 De
2392 2739 2759 2810 equestribus
2787 2745 2981 2794 autem
3031 2738 3130 2793 vix
3159 2753 3231 2794 ex
3262 2739 3431 2795 corde
3458 2739 3651 2808 opitu-

1952 2827 2182 2883 labatur
2210 2826 2329 2896 regi
2377 2841 2508 2882 cum
2559 2826 2733 2881 etiam
2788 2826 2959 2895 pauci
3013 2833 3218 2893 essent,
3277 2825 3418 2881 levis
3457 2833 3652 2882 autem

1878 2936 1918 2990 ρ
1949 2921 2259 2970 armaturae
2290 2913 2581 2970 inﬁnitum
2613 2928 2848 2984 prorsus
2878 2927 3106 2983 agmen.
3150 2912 3303 2980 Quos
3333 2913 3426 2968 ille
3454 2921 3653 2970 contra

1951 3017 2010 3058 se
2039 3001 2278 3058 conﬂari
2336 3001 2577 3057 audiens
2626 3002 2937 3073 garriebat,
2997 3015 3131 3058 cum
3188 3002 3361 3058 etiam
3415 3015 3652 3071 prorsus

1952 3087 2133 3158 impos
2168 3090 2310 3146 lecto
2365 3090 2747 3146 decumberet.
2797 3091 3048 3146 Monitus
3079 3104 3114 3144 a
3151 3104 3285 3161 rege
3318 3096 3382 3146 ut
3428 3090 3648 3146 adulte-

1951 3177 2078 3233 rina
2107 3179 2337 3234 castella
2376 3179 2711 3247 destrueret,
2779 3179 3084 3235 fmdissime
3133 3179 3374 3248 respuit.
3435 3178 3652 3235 Oblatis

1948 3263 2057 3321 sibi
2110 3267 2427 3323 multorum
2474 3267 2738 3324 afﬁnium
2768 3267 3006 3322 auxiliis
3055 3267 3423 3323 exsibillavit.
3491 3269 3652 3324 Tunc

1950 3352 2412 3425 archiepiscopus
2457 3362 2511 3411 et
2540 3355 2811 3425 episcopi,
2845 3355 3005 3411 factis
3038 3355 3098 3410 in
3124 3356 3305 3411 altum
3351 3355 3646 3426 gradibus,

1948 3443 2378 3499 multitudinem
2459 3444 2809 3509 asciverunt,
2879 3443 3375 3499 commonitorium
3422 3443 3502 3499 eis
3549 3457 3649 3512 pro

1947 3531 2175 3601 negotio
2227 3531 2501 3593 fecerunt,
2551 3546 2584 3585 a
2641 3531 2884 3600 peccatis
2941 3533 3331 3596 absolverunt,
3364 3539 3418 3585 et
3447 3538 3512 3586 ut
3541 3532 3648 3586 sub

1947 3618 2179 3674 nomine
2242 3619 2593 3687 poenitentiae
2663 3627 2855 3674 castro
2937 3619 3016 3674 illi
3088 3619 3243 3688 quod
3315 3618 3647 3675 Creciacum

1945 3704 2175 3776 (σν-εον)
2208 3714 2434 3772 vocant,
2463 3706 2531 3762 de
2563 3707 2747 3763 salute
2791 3707 3122 3763 animarum
3177 3707 3287 3762 tuti
3336 3707 3647 3778 irruerent,

1946 3792 2325 3862 imperarunt.
2361 3792 2521 3856 Quod
2551 3801 2606 3850 et
2636 3793 2888 3849 mirabili
2931 3807 3080 3848 ausu
3116 3794 3458 3862 pervadunt.
3513 3796 3648 3850 Erat

1946 3888 2136 3936 autem
2206 3882 2450 3937 munitio
2502 3881 2746 3937 insolitae
2800 3881 3169 3948 fortitudinis,
3223 3882 3301 3936 ita
3348 3891 3412 3938 ut
3463 3883 3648 3939 omnis

1944 3983 2145 4026 eorum
2173 3970 2334 4024 nisus
2374 3970 2568 4025 multis
2622 3969 2906 4025 ridiculus
2953 3969 3266 4025 videretur.
3329 3971 3471 4026 Cum
3510 3983 3647 4043 ergo

1945 4057 2046 4126 qui
2078 4057 2233 4112 intus
2252 4065 2436 4122 erant,
2470 4056 2784 4112 defensioni
2836 4058 3212 4124 intenderent,
3248 4065 3414 4128 capto
3455 4066 3647 4115 tamen

1940 4145 2061 4215 jam
2093 4145 2264 4214 priori
2299 4145 2466 4211 vallo,
2499 4145 2678 4202 astitit
2700 4160 2826 4216 “rex
2854 4147 2912 4201 in
2945 4154 3108 4216 porta
3133 4147 3370 4215 castelli,
3419 4155 3474 4203 et
3503 4148 3649 4204 sub-

135 4236 303 4285 actus
332 4236 475 4296 erat,
510 4228 605 4284 sed
649 4228 832 4296 passio
880 4227 1019 4282 sola.
1075 4226 1235 4294 Quod
1287 4229 1536 4298 primum
1578 4235 1833 4298 promoto
1872 4232 1915 4286 D
1947 4233 2179 4289 monitis
2227 4234 2530 4304 oppidanis
2577 4242 2641 4290 ut
2710 4241 2963 4291 castrum
3007 4233 3116 4290 sibi
3157 4235 3464 4302 traderent,
3514 4250 3647 4292 cum

133 4317 396 4374 nondum
429 4317 578 4372 malo
607 4317 769 4373 facile
799 4317 1138 4374 Godefridus
1187 4318 1505 4389 episcopus,
1539 4319 1686 4374 sicut
1720 4332 1836 4386 om-

133 4404 311 4460 nibus
349 4411 551 4460 notum
595 4411 697 4470 est,
743 4403 1011 4472 sedasset,
1068 4405 1173 4461 nisi
1230 4407 1674 4475 vicedominum,
1731 4406 1833 4476 qui

131 4491 390 4548 maximo
446 4505 578 4547 eum
626 4505 850 4561 semper
885 4492 1092 4548 habuit
1130 4494 1499 4563 contemptui,
1529 4493 1830 4550 timuisset.

132 4580 281 4649 Ejus
327 4579 495 4650 plane
543 4580 718 4635 moris
745 4587 830 4636 est
883 4587 946 4636 ut
975 4581 1283 4648 Eneminem
1343 4590 1692 4648 revereatur,
1732 4596 1837 4637 nec

131 4669 413 4738 cuiquam
453 4668 743 4724 beneﬁcus
771 4670 862 4735 sit,
896 4668 1002 4724 nisi
1048 4677 1149 4726 aut
1183 4669 1250 4724 de
1282 4670 1404 4739 ipso
1433 4671 1580 4727 male
1634 4670 1834 4741 loqua-

135 4765 250 4817 tur.
281 4764 383 4812 aut
412 4756 520 4812 sibi
549 4757 696 4813 male
745 4750 930 4813 faciat.
982 4757 1087 4824 Qui
1135 4758 1275 4814 dum
1312 4758 1384 4814 ab
1418 4773 1533 4815 uno
1591 4759 1836 4816 morderi

134 4845 318 4911 timet,
377 4851 432 4900 et
495 4844 740 4900 scienter
798 4844 1174 4914 perﬁdissimo
1234 4845 1457 4915 placere
1505 4847 1691 4918 gestit,
1728 4849 1837 4903 Deo

134 4934 298 5005 justo
351 4933 564 5003 judice,
623 4933 696 4989 ab
755 4932 873 5002 ipso
913 4932 1290 5002 potissimum,
1347 4942 1403 4990 et
1458 4936 1530 4991 ab
1561 4935 1831 4992 omnibus

139 5023 450 5078 laceratur.

210 5109 508 5164 Galterius
579 5108 1021 5164 archidiaconus
1079 5109 1303 5164 Thoma;
1349 5109 1576 5165 comiti:
1626 5110 1756 5166 dolo
1785 5115 1840 5165 et

134 5196 382 5270 imperio
405 5197 741 5252 trucidatur.
780 5225 842 5237 -
877 5198 1126 5253 Thomas
1149 5198 1323 5270 igitur
1349 5198 1494 5254 turri
1530 5199 1840 5256 subvenire

136 5303 254 5345 non
297 5287 500 5358 potuit,
537 5287 688 5343 intra
720 5301 893 5357 quam
923 5295 977 5342 et
1009 5285 1202 5352 ﬁliam,
1234 5295 1290 5343 et
1319 5287 1561 5342 militum
1602 5301 1840 5344 suorum

141 5374 436 5444 probiores
483 5374 795 5430 dimiserat.
844 5372 990 5430 Mala
1019 5381 1212 5428 autem
1251 5373 1466 5443 ubique
1511 5382 1668 5429 tanta
1705 5390 1842 5445 ege-

145 5469 255 5528 rat,
293 5468 356 5516 ut
380 5461 792 5532 archiepiscopi
846 5470 901 5530 et
933 5460 1208 5530 praesules
1256 5474 1357 5530 pro
1402 5461 1650 5517 ecclesiis
1695 5477 1842 5532 que-

1942 4335 2002 4378 se
2040 4321 2292 4378 dicerent
2344 4337 2460 4378 non
2508 4322 2780 4386 facturos,
2825 4332 3092 4393 protensa
3133 4337 3312 4380 manu
3338 4324 3559 4393 juravit
3587 4337 3648 4379 se

1943 4421 2060 4463 non
2112 4421 2474 4464 comesurum
2526 4407 2706 4464 donec
2771 4415 3088 4478 caperetur.
3152 4408 3236 4463 Ea
3297 4415 3484 4463 tamen
3556 4405 3647 4462 die

1942 4494 2111 4551 solvit
2143 4495 2436 4566 impetum.
2469 4497 2532 4551 In
2562 4495 2880 4552 crastinum
2915 4509 3049 4552 vero
3087 4495 3428 4566 regreditur,
3485 4507 3648 4549 arma

1944 4585 2137 4645 sumit,
2186 4583 2256 4639 de
2294 4583 2572 4640 militibus
2631 4592 2822 4640 autem
2864 4583 2964 4639 vix
3012 4582 3300 4653 quispiam
3365 4583 3646 4638 coarmari

1943 4671 2144 4728 voluit.
2209 4671 2470 4741 Cumque
2525 4680 2736 4741 apertae
2790 4686 2887 4727 eos
2932 4671 3270 4742 proditionis
3310 4678 3641 4736 arcesseret,

1945 4757 2140 4815 accitis
2190 4759 2567 4828 pedestribus,
2603 4760 2721 4830 ipse
2757 4759 2913 4830 prior
2959 4758 3118 4814 vallo
3159 4758 3419 4814 insistere
3465 4765 3520 4814 et
3575 4758 3646 4813 ad

1944 4847 2217 4903 interiora
2247 4847 2350 4903 niti
2376 4848 2564 4918 coepit.
2615 4849 2731 4905 Nec
2781 4862 2941 4904 mora
2990 4853 3326 4916 penetratur
3355 4847 3523 4913 intro,
3560 4845 3646 4902 in-

1948 4948 2088 5005 gens
2118 4934 2460 4990 victualium
2489 4937 2654 5006 copia
2708 4935 3012 5004 reperitur,
3072 4933 3396 4990 defensores
3444 4941 3646 4990 tenen-

1947 5029 2062 5088 tur,
2099 5021 2494 5092 oppidumque
2519 5023 2791 5078 diruitur.

2023 5109 2277 5164 Tandem
2330 5126 2393 5164 se
2437 5109 2594 5164 dedit
2642 5109 2905 5164 Thomas.
2960 5141 3026 5148 —
3072 5109 3240 5165 Haud
3299 5109 3465 5179 longe
3515 5109 3649 5164 hinc

1950 5197 2107 5253 aliud
2161 5198 2564 5268 municipium.
2601 5197 2832 5254 nomine
2863 5197 3272 5268 Novigentum.
3309 5195 3497 5267 Hujus
3526 5198 3650 5253 cla-

1949 5286 2120 5342 vibus
2147 5287 2266 5357 regi
2294 5287 2513 5354 delatis,
2550 5286 2746 5341 incolae
2776 5286 3176 5355 profugerunt.
3225 5285 3392 5356 Apud
3420 5285 3649 5342 Crecia-

1951 5389 2085 5431 cum
2113 5375 2292 5446 aliqui
2316 5375 2493 5432 furcis
2541 5375 2779 5446 appensi
2822 5383 2958 5432 sunt
2987 5376 3056 5431 de
3087 5375 3332 5445 captivis
3361 5374 3433 5430 ad
3466 5383 3649 5430 terro-

1953 5477 2074 5519 rem
2099 5463 2481 5532 defensorum,
2521 5463 2699 5534 aliqui
2744 5463 2887 5522 alias
2926 5463 3118 5520 occisi.
3152 5465 3230 5520 De
3271 5461 3652 5520 assultoribus
