3922 6080
289 262 388 318 947

1182 263 1238 316 γ.
1280 262 1616 319 GUIBEHTI
1657 265 1951 320 ABBATIS
1986 264 2041 321 S.
2083 266 2328 322 MARIAS
2366 267 2457 322 DE
2497 265 2892 324 NOVIGENTO

3697 273 3817 326 948

290 397 480 455 nescio
507 397 556 454 si
577 397 790 468 aliquis
819 403 1024 467 prater
1055 410 1238 453 unum
1272 397 1529 453 militem.
1573 398 1822 454 Thomas
1873 412 1978 455 au-
2017 400 2064 454 Α
2089 400 2400 472 superavit.
2429 431 2500 444 —
2528 406 2847 472 Antequam
2876 409 3068 459 autem
3102 404 3172 459 ad
3197 406 3547 476 contigualia
3601 407 3816 462 devol-

291 495 403 543 tem
429 487 582 557 apud
604 486 863 540 Marnam
900 486 1173 541 tuebatur
1199 500 1276 551 se,
1311 487 1432 556 qui,
1464 485 1610 541 facta
1659 487 1992 556 pecuniaria

292 575 679 644 redemptione
707 573 860 642 apud
910 587 1101 644 regem
1133 581 1187 628 et
1231 574 1434 644 regios,
1471 582 1526 628 et
1553 583 1714 644 pacto
1743 576 1992 631 ecclesiis

291 664 501 718 damno
555 662 711 731 quod
770 662 998 728 fecerat,
1054 661 1187 716 hinc
1222 661 1362 730 paci,
1419 661 1577 716 illinc
1625 676 1683 717 se
1745 663 1992 718 reddidit

289 749 701 805 communioni.
737 750 819 804 Ita
841 750 931 804 vir
961 749 1218 805 omnium
1251 749 1694 818 superbissimus
1740 750 1992 820 iniquis-

289 838 586 907 simusque
619 851 720 906 per
748 851 988 892 manum
1021 838 1469 906 pauperrimam,
1509 851 1685 908 quam
1717 853 1862 908 sape
1885 854 1989 908 pu-

289 926 475 981 nierat
504 939 802 996 quamque
835 932 1147 995 spreverat,
1188 926 1424 994 punitus
1451 933 1552 980 est.
1587 926 1731 982 Illud
1762 941 1874 982 non
1910 935 1994 983 est

293 1015 648 1070 reticendum
694 1015 870 1085 quod,
940 1027 1071 1070 cum
1131 1028 1234 1068 rex
1291 1015 1639 1071 Laudunum
1691 1031 1826 1071 cum
1887 1030 1993 1072 suo

291 1102 448 1158 hoste
504 1102 772 1170 venisset,
818 1102 967 1157 aeris
1017 1101 1280 1157 mollities
1339 1103 1738 1172 intempestiva
1784 1112 1994 1160 cuncta

296 1190 639 1246 reddiderat.
670 1191 832 1246 Tunc
889 1190 1355 1260 archiepiscopus
1385 1191 1457 1246 ad
1487 1205 1581 1246 eos
1615 1207 1626 1245 :
1662 1214 1689 1239 «
1730 1192 1990 1260 Oremus,

290 1279 390 1346 ait,
442 1279 646 1346 Deum,
681 1287 762 1345 ut,
813 1279 859 1334 si
897 1278 1025 1334 vult
1057 1278 1176 1333 ﬁeri
1213 1280 1367 1348 quod
1427 1281 1847 1348 proposuimus,
1901 1283 1994 1338 det

289 1381 579 1423 serenum.
613 1389 634 1416 ι
670 1366 792 1434 Quo
822 1367 993 1432 dicto,
1026 1380 1124 1422 aer
1151 1368 1439 1437 extemplo
1467 1369 1723 1424 reuituit.

363 1453 707 1518 Godefridus
723 1453 1028 1526 episcopus
1058 1454 1208 1508 redit
1232 1471 1267 1508 a
1292 1455 1614 1510 Carthasia.
1662 1459 1793 1522 Rex,
1853 1456 1996 1512 obsi-

291 1541 460 1597 dione
486 1543 650 1608 facta
678 1541 974 1606 Ambiani,
1005 1541 1505 1613 inexpugnabilem
1537 1544 1740 1598 turrim
1776 1545 1996 1615 emperi-

293 1635 405 1686 tur.
441 1661 502 1672 —
541 1633 722 1701 Igitur
770 1631 1065 1686 Dominica
1097 1631 1429 1688 Palmarum
1477 1647 1739 1688 reversus
1763 1647 1797 1687 a
1851 1635 1994 1688 Car-

295 1719 487 1774 thusia
537 1695 875 1775 Gvodefridus
921 1718 1243 1788 episcopus,
1325 1721 1489 1790 longe
1532 1721 1646 1775 alia
1691 1735 1868 1790 quam
1915 1721 1990 1776 ibi
2031 1695 2073 1750 Β

293 1805 592 1870 didicerat,
649 1807 848 1874 incipit
904 1819 1240 1876 propagare.
1286 1807 1494 1876 Regem
1547 1822 1682 1877 ergo
1739 1810 1989 1874 arcessit,

292 1902 346 1951 et
404 1896 494 1950 die
540 1895 745 1950 celebri
798 1908 864 1949 ac
911 1895 1160 1950 verendo
1221 1894 1407 1964 ipsum
1453 1904 1508 1951 et
1558 1904 1837 1952 astantem
1889 1912 1994 1968 po-

293 1981 499 2052 pulum
566 1983 844 2037 adversus
918 1990 1210 2038 turreuses
1261 1997 1521 2038 sermone
1609 1985 1822 2051 habito,
1879 1999 1995 2040 non

293 2070 411 2138 Dei,
475 2071 572 2126 sed
655 2069 1011 2126 Catillinario
1078 2071 1307 2126 irritare
1383 2071 1645 2137 intendit,
1710 2073 1997 2142 spondens

293 2171 474 2229 regna
501 2157 773 2214 calorum
798 2158 884 2213 his
915 2159 1017 2227 qui
1057 2159 1261 2213 turrim
1280 2161 1670 2229 expugnando
1704 2161 1992 2230 perierint.

295 2247 573 2302 Postridie
611 2261 714 2316 pro
767 2261 937 2303 muro
974 2246 1458 2313 Castellionis(sic
1523 2249 1677 2304 enim
1732 2251 1993 2320 vocatur)

294 2334 553 2405 ingentes
578 2335 858 2391 machina
912 2335 1308 2406 porriguntur,
1341 2338 1538 2406 eisque
1569 2337 1776 2393 milites
1822 2339 1995 2407 impo-

292 2430 536 2477 nuntur.
585 2422 901 2477 Turreuses
955 2429 1086 2476 ante
1144 2423 1378 2477 cortinis
1439 2438 1557 2478 sese
1610 2432 1996 2493 protexeraut,

294 2524 368 2565 ne
397 2524 518 2564 esse
563 2523 762 2565 eorum
814 2509 1171 2578 proderetur.
1215 2509 1531 2579 Episcopus
1569 2526 1706 2566 vero
1755 2513 1998 2582 nudipes

295 2598 368 2652 ad
398 2600 672 2654 Sanctum
701 2600 969 2652 Aceolum
1015 2612 1129 2652 non
1164 2605 1301 2653 tunc
1332 2613 1432 2668 pro
1465 2600 1568 2654 hoc
1596 2600 2000 2657 exaudiendus

295 2686 536 2742 abierat.
583 2687 809 2741 Interea
851 2693 1143 2741 turreuses
1192 2688 1526 2756 permittunt
1559 2703 1652 2744 eos
1701 2704 1760 2744 se
1818 2692 1999 2745 muris

297 2774 583 2845 ingerere,
659 2773 957 2829 machinas
1014 2774 1335 2830 admovere.
1407 2775 1629 2842 Quibus
1693 2778 1994 2848 applicitis,

297 2862 624 2916 Alerannus
653 2861 893 2930 quidam
935 2861 1135 2916 talium
1195 2863 1592 2931 peritissimus,
1653 2865 1798 2920 duas
1854 2881 2000 2936 quas

296 2949 625 3006 instituerat
684 2949 1004 3019 phalaricas
1057 2950 1310 3020 opponit,
1391 2960 1444 3007 et
1501 2962 1708 3023 quater
1769 2954 1999 3010 vicenas

296 3052 441 3108 pene
468 3037 736 3094 mulieres
771 3039 842 3094 ad
874 3052 1018 3093 saxa
1047 3053 1178 3108 qua
1203 3040 1570 3110 ,imposuerat
1613 3042 1999 3112 intorquenda

297 3125 566 3196 disponit.
616 3126 820 3182 Milites
852 3129 1042 3182 autem
1075 3127 1285 3182 interni
1315 3137 1516 3184 contra
1554 3137 1821 3185 externos
1861 3145 2000 3199 pra-

298 3215 376 3269 lia
402 3214 662 3270 cominus
691 3229 825 3270 ense
857 3216 1198 3270 tractabant.
1230 3215 1495 3285 Cumque
1551 3217 1818 3272 Achilleis
1874 3218 1998 3273 aui-

300 3302 408 3357 mis
459 3317 565 3358 sua
619 3303 1059 3372 propugnacula
1115 3301 1496 3369 defensarent,
1543 3305 1829 3372 mulieres,
1865 3306 2004 3362 viris

299 3389 749 3460 aquiparanda,
785 3392 971 3446 missis
995 3405 1067 3446 ex
1093 3399 1374 3447 tormento
1405 3392 1694 3461 lapidibus
1725 3401 2002 3464 utrasque

299 3477 726 3548 confregerunt.
761 3479 831 3533 Et
854 3478 1196 3534 fervescente
1220 3482 1380 3551 jactu
1428 3480 1751 3547 missilium,
1795 3490 2002 3551 quater

298 3565 536 3631 vicenis,
594 3575 657 3621 ut
715 3566 958 3622 relatum
1006 3574 1110 3634 est,
1173 3568 1508 3636 vulneratis,
1567 3569 1738 3624 etiam
1810 3584 2001 3641 regem

295 3653 491 3724 jaculo
533 3653 592 3708 iu
647 3661 875 3723 pectore
923 3655 1161 3711 loricato
1216 3655 1506 3712 laserunt.
1561 3659 1638 3712 De
1673 3657 1761 3712 his
1807 3667 2000 3714 autem

301 3741 403 3812 qui
434 3742 669 3812 spiculis
700 3743 1088 3813 suntitrajecti,
1125 3752 1331 3813 prater
1361 3759 1542 3800 unum
1576 3745 1774 3801 nullus
1797 3747 1998 3803 evasit.

302 3831 420 3886 Hoc
448 3830 695 3900 episcopi
728 3845 904 3900 nepos
928 3831 1258 3888 Rothardus
1279 3833 1522 3888 clericus
1553 3834 1767 3890 retulit.

371 3921 441 3974 At
501 3917 706 3973 milites
737 3919 838 3988 qui
895 3920 964 3974 de
1012 3921 1294 3976 machinis
1348 3922 1692 3991 pendebant,
1744 3923 1909 3978 obrui
1941 3937 2002 3979 se

301 4007 582 4071 videntes,
631 4005 826 4075 fugam
869 4007 1098 4073 ineunt;
1151 4023 1254 4064 nec
1308 4023 1466 4064 mora
1522 4010 1733 4066 cateri.
1780 4011 2003 4074 Quibus

299 4094 717 4164 aliquantisper
768 4095 990 4161 amotis,
1057 4102 1347 4152 turreuses
1404 4098 1728 4166 prosiliunt,
1789 4099 2002 4154 machi-

304 4195 410 4238 nas
437 4181 770 4249 concidunt,
813 4183 1226 4255 materiemque
1274 4185 1346 4240 ad
1376 4199 1434 4241 se
1481 4187 1831 4252 convehunt,
1869 4201 2001 4242 cum

303 4282 457 4324 eosa
489 4265 655 4338 longe
700 4270 1070 4339 conspiceret,
1123 4287 1228 4328 nec
1284 4273 1521 4343 aggredi
1571 4273 1850 4330 auderent
1891 4277 2003 4331 tria

306 4369 448 4424 pene
480 4354 680 4424 millia,
717 4356 818 4426 qui
866 4359 1028 4427 prius
1084 4367 1513 4429 oppugnarunt.
1564 4359 1778 4415 Videns
1828 4361 2005 4431 igitur

307 4459 411 4501 rex
480 4445 988 4516 inexpugnabilem
1041 4447 1228 4503 locum
1273 4447 1460 4514 cessit,
1493 4447 1740 4504 obsideri
1791 4449 2004 4519 jubens

305 4547 438 4590 cum
465 4533 615 4588 fame
643 4533 819 4589 coacti
849 4548 910 4589 se
939 4534 1260 4591 redderent.
1305 4536 1429 4590 Huc
1458 4549 1642 4606 usque
1681 4545 2005 4606 perseverat

303 4621 542 4689 obsidio,
572 4621 753 4677 etdici
805 4635 920 4676 non
949 4628 1132 4690 potest
1161 4628 1301 4691 quot
1338 4622 1406 4678 de
1439 4622 1824 4694 burgensibus
1871 4625 2004 4680 solis

306 4710 560 4780 quotidie
593 4723 735 4779 pene
779 4709 1106 4779 depereant.
1157 4709 1336 4764 Adam
1382 4724 1515 4766 vero
1563 4719 1731 4766 extra
1789 4713 2004 4780 positus

305 4797 610 4866 suburbia,
637 4804 694 4853 et
715 4797 1127 4868 Ingelrannum
1152 4805 1326 4867 atque
1339 4799 1760 4856 vicedominum
1789 4800 2003 4856 crebris

307 4886 717 4943 hostilitatibus
773 4891 958 4955 urget.
1020 4884 1179 4940 Unde
1213 4885 1385 4941 etiam
1446 4887 1492 4941 si
1524 4889 1750 4943 vexatio
1797 4889 2006 4944 intelle-

304 4982 460 5030 ctum
512 4973 676 5028 daret
722 4971 969 5039 auditui,‘
1004 4971 1149 5028 scire
1181 4982 1407 5042 possent
1436 4975 1595 5046 quia,
1623 4977 1726 5032 etsi
1757 4976 2004 5031 Thomas

304 5061 755 5128 succubuit,non
785 5073 982 5116 omnes
1014 5067 1204 5117 tamen
1243 5076 1431 5119 causa
1469 5071 1605 5120 sunt
1654 5077 1842 5134 pares,
1898 5077 2004 5119 nec

307 5152 405 5208 Dei
441 5164 614 5222 penes
661 5163 860 5206 omnes
904 5163 1075 5220 aqua
1121 5151 1364 5222 judicia,
1401 5159 1462 5208 ut
1509 5153 1583 5208 sit
1619 5152 1882 5222 episcopo
1929 5152 2002 5210 ad

305 5253 470 5295 neces
501 5237 731 5293 licentia
762 5238 1132 5308 provocandi.

953 5326 1184 5383 CAPUT
1224 5327 1347 5383 XV.

376 5413 748 5469 Reimendim
772 5414 1125 5470 abbatissam
1136 5414 1373 5486 perimit
1398 5431 1592 5470 servus
1612 5413 1813 5486 ipsius.
1842 5417 2002 5472 Vasa

303 5516 483 5558 sacra
497 5500 781 5572 subripuit
802 5503 1116 5558 Ansetmu:
1127 5502 1384 5574 quidam.
1413 5502 1616 5558 Duetto
1643 5505 2000 5560 innocentem

2099 503 2328 557 vamur,
2361 491 2637 559 quoniam
2669 491 2812 546 etde
2837 491 3174 547 Suessorum
3205 494 3552 562 quibusdam
3585 496 3817 550 dicturi

2099 591 2320 641 sumus,
2381 579 2677 634 sciendum
2721 587 2804 634 est
2855 581 2993 648 quia
3053 594 3228 649 super
3287 596 3485 636 omnes
3546 583 3817 637 Francia

2101 665 2423 733 provincias
2477 666 2888 721 Laudunenses
2940 667 3361 724 ditestabiliora
3419 679 3618 738 agunt.
3652 671 3816 726 Nam

2100 754 2200 822 qui
2258 755 2630 822 presbyteros,
2669 757 3024 823 t'pismpum,
3068 757 3532 812 archidiaconum
3578 760 3818 814 occide-

2101 849 2249 908 rant,
2315 843 2646 911 nuperrime
2717 854 2887 896 etiam
2957 843 3382 898 solertissimam
3455 845 3817 901 feminarum

2101 930 2449 986 abbatissam
2529 931 2716 986 Saneti
2801 931 3055 995 Joannis,
3126 946 3329 1001 genere
3402 932 3815 1000 clarissimam,

2102 1018 2359 1074 Ecclesia
2415 1018 2842 1088 provectricem,
2916 1019 3144 1074 nomine
3193 1021 3558 1076 Rainsendim
3607 1028 3816 1087 518,

2105 1107 2502 1162 Lauduuensis
2537 1107 2889 1175 indigenam,
2930 1121 3073 1161 suus
3116 1121 3318 1162 servus
3361 1109 3584 1176 occidit,
3622 1110 3821 1179 quod-

2102 1208 2215 1265 que
2259 1208 2426 1264 passa
2467 1198 2550 1249 est
2594 1208 2694 1264 pro
2736 1195 2998 1250 Ecclesia
3048 1195 3154 1250 fide
3202 1197 3605 1251 consustinuit.
3654 1196 3817 1262 Quid

2102 1281 2254 1350 quod
2301 1280 2424 1350 ipsa
2452 1281 2690 1337 ecclesia
2740 1294 2854 1335 non
2909 1280 3150 1335 vocabat
3179 1294 3213 1334 a
3265 1282 3627 1352 sacrilegiis?
3663 1283 3818 1346 Qua

2102 1376 2290 1424 tamen
2331 1369 2471 1437 quia
2503 1369 2700 1438 regina
2739 1369 2998 1424 omnium
3040 1383 3154 1424 non
3198 1370 3430 1440 reliquit
3473 1371 3679 1435 inulta,
3715 1372 3821 1426 di-

2101 1469 2214 1524 gne
2273 1456 2697 1525 prosequimur.
2743 1455 2826 1511 Ab
2885 1455 2991 1521 his,
3025 1470 3174 1524 quos
3217 1455 3334 1526 (“7)
3385 1458 3822 1512 matricularios

2101 1552 2328 1608 vocant,
2374 1545 2474 1613 qui
2508 1557 2676 1609 gazas
2730 1543 2978 1598 ecclesia
3019 1544 3360 1599 familiarius
3405 1547 3815 1612 asservabant,

2103 1646 2241 1687 vasa
2269 1632 2567 1688 ministerii
2598 1646 2816 1701 capere
2847 1632 3113 1697 subduci,
3147 1647 3278 1701 qua
3301 1640 3488 1687 tamen
3523 1634 3580 1687 in
3618 1636 3817 1703 magi-

2102 1728 2250 1775 stros
2290 1733 2490 1774 eorum
2545 1719 3032 1789 retorquebantur
3077 1719 3332 1774 clericos.
3396 1720 3575 1775 Erant
3635 1720 3819 1789 plane

2103 1807 2252 1863 laici.
2306 1808 2439 1862 Hac
2501 1809 2686 1878 primo
2736 1821 2770 1862 a
2815 1807 3185 1877 quibusdam.
3253 1807 3512 1862 Secundo
3558 1808 3812 1878 quidam

2101 1896 2360 1952 Ansellus
2393 1895 2568 1966 vulgo
2603 1896 2763 1951 urbis
2787 1896 3090 1960 oriundus,
3126 1896 3396 1950 immanis
3439 1905 3495 1951 et
3530 1898 3813 1964 rusticus,

2102 1984 2253 2040 infra
2295 1985 2415 2039 dies
2464 1984 2745 2040 Dominici
2800 1984 3007 2038 natalis
3038 1993 3169 2039 ante
3217 1987 3546 2052 matutinos,
3582 1999 3812 2050 cruces,

2102 2072 2326 2139 calices,
2373 2085 2551 2127 aurea
2601 2087 2852 2142 quaque
2898 2072 3206 2141 subripuit.
3239 2073 3504 2142 Cumque
3563 2081 3688 2142 post
3716 2075 3819 2128 ali-

2104 2157 2258 2228 quod
2315 2165 2536 2226 tempus
2602 2159 2865 2228 prarepti
2923 2159 3052 2214 auri
3116 2161 3429 2215 massulam
3470 2160 3816 2216 Suessonico

2103 2244 2331 2300 cuidam
2369 2245 2668 2299 mercatori
2713 2259 2921 2300 venum
2970 2246 3209 2310 tulisset,
3273 2255 3327 2302 et
3351 2249 3570 2304 furtum
3627 2250 3812 2305 sacri-

2105 2333 2297 2403 legum
2330 2332 2484 2402 quod
2515 2332 2739 2399 fecerat,
2775 2333 3136 2402 prodidisset,
3168 2349 3235 2390 ac
3271 2346 3706 2393 sacramentum
3739 2341 3816 2392 ab

2103 2435 2169 2476 eo
2218 2435 2288 2476 ne
2344 2434 2402 2476 se
2450 2421 2688 2489 prodere
2745 2422 3072 2490 accepisset,
3159 2423 3252 2479 ille
3311 2425 3536 2480 interim
3605 2426 3817 2481 damni

2107 2509 2260 2564 illius
2296 2511 2550 2564 conscios
2586 2523 2686 2578 per
2725 2508 3063 2565 Suessorum
3123 2512 3426 2579 parochias
3463 2527 3820 2568 excommu-

2106 2598 2284 2654 nicari
2336 2598 2580 2652 audivit.
2631 2597 2792 2660 Quod
2844 2597 2890 2652 is
2938 2597 3407 2655 animadvertens
3455 2601 3818 2657 Lauduuum

2107 2687 2280 2750 venit,
2321 2699 2439 2741 rem
2505 2685 2656 2740 clero
2715 2686 2984 2755 prodidit.
3036 2686 3183 2750 Quid
3227 2689 3434 2757 plura?
3488 2699 3825 2746 conventus

2108 2775 2200 2829 ille
2231 2775 2479 2846 negavit.
2531 2773 2644 2844 (³³³)
2676 2775 2747 2840 Is,
2781 2784 2982 2830 eontra
3030 2776 3180 2831 datis
3233 2777 3498 2841 vadibus,
3532 2778 3682 2833 bello
3721 2777 3820 2850 υἱ,

2106 2862 2314 2929 duello]
2373 2877 2505 2918 eum
2564 2863 2934 2933 pugilaturus
2990 2865 3251 2932 impetiit.
3299 2866 3413 2921 Nec
3445 2867 3533 2922 ille
3563 2867 3820 2922 distulit.

2036 2989 2076 3043 Ο
2108 2952 2246 3006 Erat
2269 2959 2460 3007 autem
2511 2952 2822 3007 Dominica.
2857 2951 3081 3016 Quibus
3139 2954 3326 3010 clerici
3377 2969 3492 3023 pra
3535 2969 3823 3025 prepera-

2109 3041 2260 3094 tione
2306 3040 2642 3108 commissis,
2686 3040 2779 3096 ille
2828 3041 2930 3110 qui
2981 3040 3168 3097 furem
3207 3043 3669 3112 compellaverat,
3728 3045 3818 3098 vi-

2105 3135 2233 3182 ctus
2258 3127 2393 3182 ruit.
2429 3127 2488 3182 ln
2540 3142 2656 3196 quo
2700 3127 2816 3183 duo
2860 3135 3141 3194 constant,
3178 3138 3278 3184 aut
3309 3144 3439 3184 eum
3483 3131 3582 3200 qui
3617 3130 3818 3186 furem

2108 3215 2414 3284 pejerando
2444 3215 2786 3285 prodiderat,
2817 3217 3009 3272 minus
3039 3224 3188 3272 recte
3218 3218 3431 3282 fecisse,
3475 3227 3594 3285 aut,
3651 3220 3816 3288 quod

2106 3302 2286 3358 multo
2313 3304 2508 3358 verius
2537 3311 2642 3370 est,
2681 3304 2862 3373 legem
2894 3303 3250 3374 illegitimam
3277 3306 3510 3360 omnino
3540 3306 3811 3360 subiisse.

2108 3387 2256 3443 Huic
2291 3388 2443 3444 enim
2487 3389 2596 3460 legi
2654 3399 2872 3446 certqu
2917 3399 3001 3447 est
3055 3391 3281 3447 nullum
3338 3406 3614 3450 canouem
3672 3407 3811 3448 cou-

2108 3476 2351 3540 venisse,
3081 3510 3092 3514 -

2179 3564 2319 3620 Atia
2342 3565 2618 3620 audacior
2643 3567 2950 3624 committit
2978 3568 3161 3632 furta.
3191 3599 3262 3610 —
3279 3569 3527 3625 Victoria
3556 3569 3820 3640 denique

2105 3655 2372 3710 Ansellus
2406 3655 2581 3710 tutior
2609 3655 2678 3710 ad
2709 3656 2942 3711 tertium
2967 3659 3230 3726 prorupit
3252 3657 3635 3728 sacrilegium.
3665 3659 3821 3714 Nam

2108 3740 2383 3797 ineffabili
2421 3751 2740 3798 commento
2771 3745 3238 3814 gazophylacium
3285 3747 3566 3815 prorupit,
3617 3756 3677 3801 et
3721 3763 3823 3802 co-

2108 3829 2324 3899 piosius
2351 3843 2562 3885 aurum
2594 3845 2966 3901 gemmasque
3018 3833 3166 3888 tulit.
3202 3833 3426 3897 Quibus
3461 3833 3639 3900 tultis,
3667 3835 3824 3890 cele-

2109 3918 2272 3973 brato
2322 3917 2442 3988 jam
2497 3917 2611 3989 (ην)
2661 3921 2808 3975 sacri
2869 3921 3052 3976 laticis
3084 3922 3323 3991 judicio,
3376 3924 3433 3977 in
3479 3923 3633 3977 hunc
3677 3937 3823 3980 cum

2108 4003 2236 4059 aliis
2298 4004 2708 4060 matrieulariis
2766 4006 3009 4077 injectus
3065 4018 3167 4074 est,
3211 4023 3500 4078 superque
3557 4011 3824 4065 natando

2108 4093 2424 4164 convictus,
2459 4107 2590 4149 cum
2622 4108 2740 4163 quo
2768 4103 2823 4150 et
2869 4095 2966 4150 alii
3001 4096 3169 4166 primi
3207 4097 3402 4151 damni
3433 4098 3764 4167 cognitores
3802 4115 3816 4152 :

2111 4193 2360 4249 quorum
2402 4181 2495 4236 alii
2533 4181 2709 4237 furcis
2741 4182 2923 4247 allati,
2965 4184 3092 4239 aliis
3120 4198 3255 4239 vero
3284 4199 3537 4253 parsum.
3577 4187 3628 4240 Is
3652 4187 3823 4255 pari-

2039 4283 2084 4337 ι)
2117 4275 2201 4323 ter
2247 4275 2465 4323 tractus
2492 4270 2729 4338 spondet
2755 4285 2812 4326 se
2859 4271 3174 4336 dicturum,
3209 4273 3478 4328 dimissus
3505 4273 3818 4329 diflitetur.

2113 4357 2370 4412 Secundo
2416 4365 2647 4413 evectus
2679 4357 2736 4413 in
2793 4359 3036 4427 furcam,
3096 4361 3335 4430 prodere
3362 4375 3480 4416 rem
3531 4376 3589 4416 se
3621 4363 3817 4432 jurat.

2113 4445 2406 4501 Remissus
2456 4445 2578 4501 ait:
2612 4446 2744 4502 Sine
2778 4448 3012 4516 pramio
3057 4449 3200 4504 nihil
3251 4448 3475 4504 faciam.
3508 4451 3817 4519 Appende-

2115 4531 2206 4595 ris,
2238 4532 2533 4602 inquiunt.
2585 4535 2650 4588 Et
2698 4548 2798 4590 vos
2827 4535 2971 4590 nihil
3019 4535 3322 4602 habebitis,
3373 4535 3469 4590 ait.
3502 4536 3659 4591 Inter
3692 4537 3821 4592 hac

2110 4620 2406 4678 Nicolaum
2437 4623 2811 4678 castellanum
2869 4623 3189 4680 Guinimari
3238 4624 3440 4692 ﬁlium,
3483 4625 3819 4681 adolescen-

2112 4714 2224 4765 tem
2287 4709 2692 4777 clarissimum,
2763 4712 3004 4767 inﬁnitis
3063 4713 3437 4783 jaculabatur
3508 4714 3813 4776 conviciis,

2111 4797 2281 4867 cujus
2311 4799 2580 4854 manibus
2626 4799 2748 4854 hac
2786 4799 3018 4856 fiebant.
3053 4800 3389 4856 Consulitur
3429 4802 3729 4869 episcopus
3758 4813 3818 4856 et

2111 4886 2382 4956 magister
2425 4886 2693 4942 Ansellus
2742 4887 2885 4957 quid
2943 4887 3089 4943 facto
3136 4897 3408 4957 oporteat.
3464 4888 3670 4944 Melius
3706 4899 3813 4955 est,

2110 4975 2295 5041 aiunt,
2333 4981 2395 5030 ut
2428 4975 2672 5044 pecunia
2698 4975 2804 5032 sibi
2825 4977 3012 5042 detur,
3056 4991 3234 5047 quam
3282 4985 3440 5033 tanta
3470 4980 3597 5033 auri
3626 4992 3818 5048 quau-

2113 5063 2244 5119 titas
2274 5061 2590 5118 amittatur.
2619 5063 2772 5119 Pacti
2825 5077 2962 5135 ergo
3000 5065 3050 5121 ei
3087 5074 3224 5121 sunt
3255 5065 3605 5136 quingentos
3634 5066 3816 5123 ferme

2111 5149 2335 5207 solidos.
2365 5149 2590 5214 Quibus
2616 5151 2857 5221 sponsis,
2893 5152 3141 5208 multum
3189 5153 3345 5224 quod
3394 5153 3452 5208 in
3511 5153 3682 5209 vinea
3707 5170 3817 5210 sua

2110 5239 2443 5296 condiderat
2495 5241 2743 5297 restituit
2791 5255 3023 5296 aurum.
3080 5241 3375 5297 Pollicitus
3425 5254 3562 5297 vero
3628 5257 3689 5298 se
3743 5244 3816 5300 de

2112 5328 2297 5397 patria
2341 5342 2702 5385 recessurum
2759 5329 2968 5396 fuerat,
3007 5330 3180 5384 trium
3231 5338 3422 5385 autem
3483 5330 3532 5384 ei
3585 5329 3814 5388 dierum

2110 5422 2492 5473 commeatum
2549 5421 2849 5487 episcopus
2891 5417 3292 5488 spoponderat.
3351 5418 3413 5472 lu
3471 5432 3592 5487 quo
3631 5419 3813 5488 spatio

2108 5517 2242 5560 cum
2262 5501 2409 5558 elabi
2443 5503 2591 5560 clam
2625 5503 2810 5570 vellet,
2849 5511 2906 5560 et
2944 5503 3244 5561 universos
3289 5504 3448 5561 urbis
3476 5503 3661 5576 ipsius
3691 5519 3814 5578 pro-
