3922 6080
154 212 270 266 949

1250 215 1342 268 DE
1379 214 1541 273 VITA
1580 215 1719 273 SUA
1759 217 1954 273 LIBRI
1987 218 2181 274 TRES.
2208 218 2422 274 -—LlB.
2462 220 2557 275 III.

3557 225 3661 278 950

153 346 385 402 videret
408 357 695 415 egressus,
728 341 864 399 villa
889 356 964 400 ex
991 350 1148 414 parte
1172 344 1302 417 ejus
1324 344 1635 417 grandium
1658 344 1857 403 flumi-
1893 348 1941 402 A
1973 346 2166 403 fidiam
2187 355 2482 418 tantopere
2509 346 2685 405 coluit
2715 353 2778 403 ut
2808 346 2965 417 quod
2994 345 3210 403 Judaais
3255 352 3470 402 metum
3516 347 3661 404 fide-

153 446 306 488 num
338 431 553 501 species
595 430 971 502 apparebant,
1002 445 1133 501 quae
1160 445 1293 487 eum
1325 431 1592 503 progredi
1624 431 1859 488 omnino

155 520 455 575 vetabant.

236 608 432 662 Palam
480 620 618 676 ergo
668 605 831 662 illum
888 606 1149 661 recedere
1212 605 1333 663 sine
1380 606 1497 662 ulio
1554 607 1707 663 furto
1767 606 1860 662 sui

152 695 389 753 fructus
421 696 543 751 haec
568 695 933 750 invisibiliter
962 695 1069 750 sibi
1102 696 1392 765 proposita
1439 696 1659 753 ﬂuenta
1688 711 1857 767 cOge-

150 784 322 841 bant.
364 783 485 850 Quo
516 798 651 839 cum
683 789 922 838 ventum
973 782 1134 848 foret,
1189 783 1259 838 de
1304 797 1362 839 se
1403 783 1553 838 nolle
1599 783 1859 838 recedere

153 874 430 944 quaedam
472 871 853 928 furiosissima
882 871 1124 941 loquens
1151 871 1383 934 diceret,
1431 884 1684 940 cumque
1725 884 1859 926 eum

150 961 465 1032 episcopus
506 959 691 1030 magis
728 966 981 1029 urgeret,
1011 957 1181 1026 coepit
1210 956 1378 1027 quasi
1403 964 1570 1013 extra
1600 971 1658 1012 se
1704 956 1856 1026 posi—.

151 1056 258 1105 tus
289 1048 614 1112 mussitare,
668 1046 936 1116 quaadam
967 1059 1026 1100 se
1067 1044 1279 1099 scilicet
1308 1043 1501 1099 adhuc
1529 1044 1677 1099 scire
1720 1056 1857 1111 quea

154 1137 478 1193 distulisset
511 1136 717 1191 dicere.
753 1133 915 1201 Quod
951 1147 1082 1188 cum
1119 1147 1220 1203 per
1258 1132 1682 1188 vicedominum
1712 1131 1859 1186 didi-

154 1225 331 1280 cisset
353 1223 658 1293 episcopus
685 1223 1040 1278 occasionem
1085 1229 1309 1289 nactus,
1352 1220 1628 1291 quoniam
1662 1234 1721 1275 se
1752 1219 1858 1290 ju-

154 1319 395 1367 raverat
422 1310 502 1367 nil
536 1310 666 1381 plus
700 1312 865 1377 scire,
917 1309 1128 1366 solidos
1171 1324 1317 1378 quos
1372 1308 1424 1364 ei
1483 1316 1858 1379 proposuerat

156 1397 325 1467 dare,
349 1398 659 1465 subtraxit,
691 1405 747 1454 et
775 1398 991 1455 carceri
1030 1397 1324 1467 relegavit.
1358 1396 1465 1463 Qui
1496 1397 1669 1452 etiam
1710 1410 1856 1465 sup-

159 1485 349 1558 pliciis
405 1486 664 1552 adactus,
724 1499 951 1556 gemma
1004 1485 1281 1541 confracti
1338 1484 1524 1554 operis
1569 1499 1628 1541 se
1685 1497 1857 1554 penes

156 1589 223 1631 se
257 1575 465 1631 habere
499 1573 683 1629 fassus
712 1582 814 1628 est.
850 1572 921 1627 Et
942 1572 1013 1628 ad
1042 1570 1234 1627 locum
1262 1576 1357 1627 eos
1394 1572 1633 1638 ducens,
1666 1579 1854 1627 osten-

1968 434 2110 490 iium
2146 435 2678 505 impraesumptibiie
2729 444 2872 503 erat,
2934 435 3050 504 ipse
3095 435 3307 491 diceret
3353 435 3422 491 de
3471 434 3662 492 Salva-

1967 528 2085 576 tore
2115 522 2353 578 nefaria.
2397 522 2578 589 Quam
2633 524 2780 579 male
2809 531 2999 580 autem
3035 524 3093 579 in
3146 524 3353 579 caelum
3411 524 3661 593 posuerit

1965 624 2027 666 os
2059 625 2232 667 suum
2284 612 2476 681 (Psal.
2532 627 2711 680 Lxxn,
2765 614 2835 680 9),
2891 612 3131 683 intelligi
3179 618 3535 682 potestalo
3586 627 3661 669 ex

1966 710 2091 751 meo
2118 697 2211 753 illo
2242 698 2431 754 libello
2462 713 2633 768 quem
2680 707 2879 754 contra
2910 699 3100 769 ipsum
3148 708 3353 769 rogatu
3385 699 3660 756 Bernardi

1966 784 2165 840 decani
2196 787 2419 856 scripsi.
2460 786 2597 852 Quae
2646 788 2923 856 quoniam
2967 787 3052 844 ori
3095 786 3417 843 Christiano
3453 788 3659 844 indici-

1967 872 2103 928 bilia
2132 884 2269 930 sunt
2298 883 2353 930 et
2383 874 2490 944 piis
2515 875 2758 931 auribus
2796 876 3224 931 exsecrabiiiter
3272 876 3658 945 exhorrenda,

1965 960 2401 1030 supprimimus.
2436 962 2578 1018 Cum
2607 963 2836 1018 Iudaeos
2884 962 3189 1031 attolleret,
3220 976 3254 1017 a
3296 963 3509 1019 Iudaeis
3558 979 3659 1033 pro

1968 1045 2169 1102 insano
2207 1048 2546 1113 habebatur,
2595 1050 2735 1104 dum
2776 1050 2950 1105 verbo
2979 1058 3161 1105 sectas
3204 1065 3403 1107 eorum
3449 1064 3658 1122 appro-

1964 1134 2147 1203 baret,
2179 1144 2234 1193 et
2262 1145 2456 1193 nostra
2488 1137 2547 1191 in
2581 1144 2851 1207 promptu
2872 1146 3229 1207 sequeretur.

2036 1222 2218 1289 Quam
2262 1224 2521 1288 nefanda
2550 1223 2775 1295 profert
2819 1222 3050 1296 agitque
3079 1240 3282 1280 comes.
3315 1225 3659 1280 Generosum

1964 1310 2158 1366 umoris
2185 1310 2374 1383 ipsius
2384 1313 2640 1380 factum.
2667 1342 2735 1350 —
2756 1312 2827 1367 Et
2854 1320 3006 1368 corte
3044 1312 3104 1368 in
3130 1312 3317 1369 Natali
3346 1321 3401 1369 et
3433 1312 3656 1369 Passio-

1965 1412 2036 1453 ne
2065 1397 2384 1466 Dominica,
2411 1406 2465 1453 et
2493 1398 2550 1453 in
2568 1396 2901 1468 hujusmodi
2932 1405 3046 1453 tam
3068 1399 3346 1455 humilem
3366 1414 3425 1455 se
3450 1400 3659 1469 praebe-

1963 1487 2081 1555 bat,
2116 1495 2180 1544 ut
2208 1487 2309 1544 vix
2344 1488 2625 1558 perﬁdum
2683 1495 3040 1558 putaremus.
3093 1490 3267 1545 Nocte
3300 1491 3551 1559 paschali
3599 1506 3658 1547 se

1962 1574 2022 1631 in
2050 1574 2286 1632 ecclesia
2342 1576 2414 1632 ad
2458 1575 2819 1647 vigilandum
2849 1576 3188 1645 contulerat,
3224 1576 3483 1648 religioso
3530 1576 3659 1633 cui-

157 1662 247 1718 dit
299 1674 395 1717 eas
442 1660 499 1714 in
550 1659 781 1715 linteolo
831 1659 940 1714 sub
991 1672 1132 1713 saxo
1207 1659 1508 1728 pendente.
1570 1659 1713 1715 Cum
1768 1659 1854 1714 his
1890 1639 1936 1698 Β
1964 1664 2096 1720 dam
2125 1664 2350 1733 clerico,
2385 1672 2447 1721 ut
2492 1639 2559 1721 de
2601 1663 2871 1734 mysterio
2919 1664 3142 1720 dierum
3173 1639 3404 1721 illorum
3463 1665 3660 1734 aliqua

157 1748 435 1806 omnibus
460 1761 695 1817 quoque
743 1736 1096 1816 phylacteria
1125 1759 1289 1801 sacra
1318 1744 1693 1811 subduxerat,
1725 1759 1856 1815 qua:

154 1835 426 1905 quandiu
459 1834 660 1902 tenuit,
715 1834 964 1890 dormire
1007 1850 1119 1889 non
1152 1842 1393 1903 poterat,
1447 1834 1583 1904 quia
1642 1833 1855 1889 sanctis

154 1923 395 1979 feralem
424 1924 686 1980 animum
715 1922 1196 1987 concutientibus,
1229 1923 1369 1978 tanti
1396 1936 1531 1978 eum
1571 1921 1855 1992 sacrilegii

154 2011 365 2067 horror
388 2012 693 2067 invaserat.
728 2009 911 2080 Igitur
940 2017 996 2065 et
1028 2008 1140 2078 ipse
1172 2009 1229 2064 in
1259 2008 1505 2065 sublime
1528 2016 1852 2079 provectus,

155 2095 456 2166 appositus
481 2105 567 2154 est
596 2097 668 2153 ad
701 2106 889 2167 patres
916 2111 1070 2162 suos,
1107 2096 1273 2165 plane
1293 2095 1568 2152 diabolos.

800 2185 1031 2242 CAPUT
1063 2186 1214 2241 XVI.

230 2270 448 2325 Matri:
473 2271 748 2339 Joannis,
765 2273 1095 2329 Sueuorum
1127 2271 1370 2339 comitis,
1401 2275 1565 2327 actus
1584 2287 1852 2342 nequam.

153 2359 461 2415 MC!an
481 2359 659 2415 etiam
699 2365 904 2416 mater.
951 2391 1023 2403 —
1048 2365 1296 2418 Joannes
1344 2360 1580 2428 interea,
1623 2359 1855 2415 Suesso-

156 2462 295 2504 rum
323 2463 512 2505 comes
538 2450 626 2520 (ut
658 2451 778 2520 jam
825 2451 1036 2520 styium
1083 2450 1155 2505 ad
1202 2450 1480 2520 promissa
1515 2446 1853 2518 vertamus),

155 2535 368 2592 militia
411 2537 589 2592 solers
620 2537 892 2607 pacisque
934 2537 1226 2592 studiosus
1275 2536 1401 2602 fuit,
1450 2536 1620 2606 cujus
1663 2544 1854 2590 tamen

154 2624 399 2680 intentio
429 2624 549 2679 sola
581 2638 687 2680 sua
720 2625 934 2680 utilitas
984 2625 1109 2680 fuit.
1159 2625 1301 2681 Nam
1353 2631 1588 2693 paterna
1617 2630 1671 2677 et
1700 2622 1856 2677 avita

154 2711 422 2781 nequitia
449 2712 504 2767 in
530 2711 775 2768 exitium
807 2712 1013 2767 matris
1032 2725 1259 2781 semper
1280 2710 1546 2766 Ecclesiae
1575 2710 1857 2765 redunda-

154 2798 262 2854 vit.
297 2800 469 2855 Porro
500 2807 682 2855 mater
717 2798 997 2872 [Joannis]
1023 2800 1170 2855 inter
1201 2807 1405 2855 caatera
1439 2796 1698 2868 potentize
1734 2810 1854 2852 suae

153 2886 443 2944 miracula
473 2889 603 2958 (49),
653 2887 914 2960 linguam
962 2889 1201 2944 diacono
1247 2887 1475 2943 cuidam
1525 2900 1559 2941 a
1618 2892 1850 2956 gutture

151 2984 483 3046 exemptam
515 2976 733 3033 succidi
761 2976 911 3042 fecit,
936 2975 1247 3045 oculosque
1277 2973 1541 3031 convelli.
1562 2972 1848 3029 Nimirum

154 3064 215 3120 id
250 3067 611 3137 praesumpsit
634 3064 989 3136 parricidalis
1013 3064 1275 3121 audacia.
1294 3060 1634 3119 NamJudaei
1658 3061 1851 3130 cujus-

153 3152 293 3208 dam
339 3153 527 3210 studio
577 3154 809 3211 fratrem
855 3152 1152 3222 proprium
1192 3151 1505 3221 cupiditate
1543 3150 1851 3206 comitatus

153 3253 381 3294 veneno
411 3240 712 3296 occiderat.
744 3239 927 3304 Quam
955 3238 1027 3293 ob
1057 3251 1291 3294 causam
1323 3246 1377 3295 et
1406 3239 1667 3294 Judaeum
1704 3237 1852 3307 ignis

153 3328 491 3398 assumpsit,
515 3336 569 3383 et
603 3329 724 3397 ipsa
769 3327 948 3396 pridie
989 3340 1165 3396 quam
1203 3334 1377 3397 caput
1409 3326 1616 3397 jejunii
1648 3341 1849 3396 seque-

153 3415 354 3483 batur,
428 3422 732 3487 postquam
795 3414 1002 3470 eximie
1058 3421 1407 3484 cmnaverat,
1463 3414 1519 3468 in
1581 3413 1702 3482 ipso
1760 3413 1848 3469 sui

152 3504 346 3560 somni
407 3512 569 3560 nocte
624 3503 936 3573 primordio
1004 3501 1251 3570 paralysi
1311 3514 1598 3570 percussa.
1663 3500 1851 3555 ofﬁcia

153 3590 376 3662 linguae
409 3590 668 3660 perdidit,
699 3589 870 3645 totius
889 3588 1145 3658 corporis
1187 3588 1622 3643 invalitudinem
1652 3588 1850 3645 incur-

153 3678 270 3747 rit;
302 3678 575 3749 quodque
603 3677 962 3748 potissimum
993 3682 1096 3737 est.
1144 3675 1223 3731 nil
1256 3674 1521 3744 deinceps
1577 3674 1731 3745 quod
1776 3675 1848 3731 ad

152 3765 341 3821 Deum
382 3765 687 3834 pertineret
718 3766 928 3834 sapuit,
981 3770 1037 3819 et
1093 3763 1162 3817 de
1187 3770 1389 3818 caetero
1418 3776 1655 3831 porcum
1686 3762 1847 3817 vixit.

152 3852 261 3909 Cui
293 3851 463 3908 etiam
497 3851 653 3923 justo
683 3851 779 3907 Dei
824 3850 1062 3921 judicio,
1092 3851 1261 3920 quasi
1308 3863 1409 3919 pro
1442 3848 1677 3915 medela,
1710 3862 1848 3918 pene

153 3941 362 4013 lingua
393 3941 613 3997 desecta
641 3948 745 3996 est.
810 3939 901 3995 Sic
951 3953 1009 3995 se
1061 3939 1133 3993 ab
1176 3938 1336 3992 initio
1385 3936 1849 4008 Quadragesimze

152 4042 342 4099 usque
372 4029 443 4085 ad
475 4037 707 4084 octavas
740 4029 991 4095 Paschaa,
1021 4043 1155 4084 cum
1184 4028 1333 4083 diem
1364 4026 1591 4087 clausit.
1622 4026 1844 4082 habuit.

154 4119 312 4174 Inter
343 4117 523 4187 ipsam
556 4126 769 4184 autem,
821 4126 875 4174 et
905 4118 1063 4174 hunc
1108 4119 1406 4183 Joannem,
1437 4123 1493 4171 et
1519 4116 1848 4187 episcopum

1964 1752 2072 1808 sibi
2104 1752 2335 1821 diceret,
2377 1758 2790 1823 suggesserat:
2824 1749 2932 1817 Qui
2981 1766 3115 1807 cum
3164 1750 3414 1821 qualiter
3459 1765 3660 1820 passus

1962 1838 2034 1895 sit
2062 1840 2361 1905 Dominus,
2388 1848 2444 1895 et
2482 1840 2768 1909 quomodo
2799 1839 3134 1902 resurrexit,
3168 1839 3504 1907 intimasset,
3551 1854 3659 1895 ex-

1962 1924 2202 1981 sibilans
2230 1940 2419 1981 comes
2462 1926 2540 1981 ait
2569 1941 2581 1979 :
2618 1927 2757 1981 Ecce
2789 1926 3007 1993 fabula,
3040 1941 3170 1981 ecce
3206 1933 3437 1981 ventus.
3490 1925 3545 1981 Si
3572 1934 3656 1992 tu,

1964 2011 2173 2083 inquit,
2206 2026 2307 2082 pro
2332 2020 2501 2069 vento
2524 2020 2580 2068 et
2610 2012 2827 2079 fabula,
2859 2027 2991 2082 quae
3020 2011 3264 2067 dixerim
3294 2011 3489 2077 habes,
3513 2012 3657 2081 quid

1962 2091 2054 2155 hic
2081 2100 2287 2171 vigilas
2307 2100 2335 2154 ?
2367 2100 2664 2167 Pulchras,
2701 2101 2801 2169 ait,
2836 2101 3124 2168 mulieres,
3159 2115 3290 2170 quae
3322 2100 3449 2156 istic
3476 2115 3652 2156 coex-

1961 2187 2196 2255 cubant,
2245 2188 2483 2243 libenter
2532 2188 2784 2243 attendo.
2832 2187 2991 2243 Certe
3032 2202 3163 2244 cum
3212 2187 3516 2258 conjugem
3561 2186 3658 2257 ju-

1961 2273 2265 2329 venculam
2304 2274 2613 2344 speciosam
2658 2274 2913 2341 haberet,
2946 2287 3013 2329 ea
3049 2282 3369 2343 contempta
3399 2274 3658 2345 rugosis-

1962 2364 2166 2418 simam
2227 2363 2304 2417 ita
2360 2361 2664 2419 allectabat
2706 2377 2907 2429 anum,
2949 2370 3014 2418 ut
3056 2376 3187 2417 cum
3225 2362 3373 2417 intra
3419 2361 3655 2416 domum

1961 2451 2266 2522 cujusdam
2297 2451 2475 2508 Judaei
2506 2451 2712 2506 lectum
2742 2450 2869 2517 sibi,
2923 2458 2978 2506 et
3026 2450 3106 2504 illi
3134 2449 3345 2519 saepius
3384 2449 3654 2518 apparari

1961 2538 2189 2602 faceret,
2222 2552 2528 2608 nunquam
2551 2542 2741 2594 tamen
2773 2542 2958 2593 stratu
2982 2536 3230 2592 cohiberi
3268 2543 3506 2605 poterat,
3554 2537 3652 2592 sed

1963 2627 2020 2682 in
2053 2627 2307 2697 aliquem
2334 2625 2619 2697 angulum
2653 2634 2900 2695 turpem,
2927 2632 3027 2680 aut
3057 2633 3205 2679 certe
3227 2624 3380 2679 intra
3409 2624 3652 2693 apothe-

1961 2728 2085 2769 cam
2119 2714 2375 2784 aliquam
2404 2728 2519 2783 prze
2563 2713 2755 2768 furore
2790 2712 3043 2767 libidinis
3072 2726 3131 2767 se
3171 2726 3301 2767 cum
3336 2711 3429 2766 illa
3466 2710 3651 2766 sordi-

1959 2801 2195 2858 dissima
2223 2800 2619 2857 contrudebat.
2649 2799 2817 2867 Quid,
2852 2799 3005 2868 quod
3036 2814 3166 2854 cum
3200 2812 3381 2854 uxore
3409 2811 3515 2853 sua
3545 2810 3653 2867 pa-

1959 2890 2323 2944 rasitastrum
2356 2886 2687 2956 quemdam,
2717 2885 3015 2941 exstinctis
3041 2885 3160 2954 jam
3188 2892 3350 2939 nocte
3379 2883 3651 2950 lucernis,
3698 2932 3703 2939 ί

1959 2976 2067 3033 sub
2094 2974 2279 3044 specie
2303 2973 2394 3029 sui
2419 2973 2681 3029 cubitum
2706 2973 2786 3027 ire
2818 2973 3137 3040 mandavit,
3172 2979 3236 3027 ut
3260 2971 3525 3026 adulterii
3562 2970 3652 3026 sui

1959 3065 2173 3121 crimen
2223 3062 2612 3133 impingeret?
2640 3063 2775 3126 Quae
2819 3075 2949 3116 cum
2997 3076 3111 3115 non
3138 3075 3259 3116 esse
3289 3058 3548 3115 comitem
3579 3073 3652 3115 ex

1958 3151 2181 3223 corpori
2239 3151 2517 3221 qualitate
2575 3152 2810 3207 sentiret
2869 3149 3012 3219 (erat
3069 3149 3222 3204 enim
3279 3161 3467 3203 comes
3506 3145 3652 3203 finde

1960 3239 2379 3311 pruriginosus)
2422 3253 2529 3293 suo
2560 3254 2675 3308 quo
2704 3237 2885 3292 valuit
2926 3238 3077 3296 nisu.
3100 3244 3155 3292 et
3176 3236 3649 3305 pedissequarum

1959 3326 2200 3391 auxilio,
2233 3338 2493 3380 scurram
2529 3325 2673 3379 dure
2702 3323 2920 3379 cecidit.
2945 3321 3091 3389 Quid
3124 3322 3337 3391 plura?
3368 3320 3490 3377 Non
3523 3334 3653 3375 san-

1957 3413 2364 3473 ctimonialem.
2400 3427 2512 3467 non
2548 3412 2886 3466 monacham
2927 3424 2960 3464 a
3005 3424 3112 3465 sua
3149 3409 3423 3464 abusione
3451 3407 3649 3463 exclu-

1957 3509 2124 3566 serat,
2157 3516 2263 3556 nec
2289 3501 2532 3555 fratrum
2569 3499 2733 3569 plane
2760 3506 3091 3554 sanctorum
3155 3509 3414 3566 unquam
3448 3495 3650 3550 rivali-

1958 3589 2059 3645 tati
2095 3594 2443 3658 pepercerat.

2026 3674 2387 3748 Impiissima
2409 3677 2464 3728 et
2489 3672 2721 3743 infelici
2734 3676 2917 3727 morte
2934 3671 3109 3744 periit
3137 3687 3324 3726 comes
3336 3670 3651 3726 ille—Hu-

1951 3766 2049 3836 jus
2101 3760 2445 3833 putiilissimi
2504 3760 2890 3829 blasphemias
2935 3773 3065 3815 cum
3127 3758 3240 3829 pati
3293 3759 3414 3829 jam
3472 3757 3648 3827 Virgo

1955 3852 2153 3917 Mater,
2212 3850 2471 3903 omnium
2523 3846 2742 3917 regina,
2798 3860 2913 3902 non
2968 3853 3172 3915 posset,
3207 3844 3470 3900 redeunti
3494 3844 3547 3899 ei
3574 3844 3647 3900 ab

1955 3936 2315 4008 expeditione
2344 3936 2522 4007 regia,
2555 3933 2905 4004 collegarum
2930 3947 3169 3988 suorum
3218 3932 3547 3987 daemonum
3574 3932 3647 3987 ad

1956 4027 2155 4085 urbem
2178 4026 2299 4095 jam
2330 4023 2743 4094 propinquanti
2769 4024 2968 4092 ingens
2985 4021 3192 4092 globus
3220 4020 3509 4091 apparuit,
3545 4019 3646 4091 qui

1958 4114 2109 4170 hirta
2135 4124 2319 4177 coma,
2349 4124 2522 4166 sensu
2576 4107 2749 4166 efi‘ero
2798 4109 3037 4166 domum
3078 4109 3335 4175 veniens,
3369 4122 3436 4164 ea
3483 4115 3648 4165 nocte

153 4205 497 4270 Manassem,
535 4205 680 4261 filios
707 4206 854 4276 ejus,
889 4219 1001 4260 non
1042 4205 1209 4260 modo
1243 4203 1580 4269 simultates,
1624 4205 1720 4261 sed
1764 4205 1847 4260 le—
1884 4227 1929 4283 ι)
1960 4203 2202 4273 conjuge
2221 4200 2470 4270 repulsa.
2496 4214 2629 4255 cum
2660 4212 2778 4255 anu
2807 4200 3074 4269 przedicta
3093 4194 3426 4265 concubuit,
3450 4196 3508 4252 in
3530 4210 3649 4268 qua

157 4291 335 4349 thalia
364 4292 495 4348 odia
523 4300 709 4354 erant,
740 4300 794 4348 et
825 4293 946 4348 haec
977 4293 1249 4363 genuina.
1304 4292 1446 4349 Nam
1480 4307 1663 4363 genus
1707 4293 1848 4349 illud

155 4379 406 4436 vicissim
442 4377 676 4436 infestos
705 4394 765 4437 se
791 4380 1020 4436 habent.
1064 4378 1225 4435 Certe
1270 4379 1408 4435 dum
1454 4380 1523 4435 ad
1559 4382 1849 4438 tumulum

155 4468 347 4525 delata
394 4467 611 4536 fuisset,
662 4468 809 4523 inter
858 4466 1248 4537 sepeliendum
1277 4468 1413 4523 mihi
1454 4483 1642 4526 comes
1669 4470 1850 4527 isdem

154 4554 227 4610 de
247 4567 336 4622 ea,
361 4567 492 4624 qua:
521 4561 658 4609 sunt
688 4554 954 4623 superius
994 4553 1173 4609 relata
1200 4556 1495 4623 narrabat,
1528 4557 1802 4627 adjiciens
1833 4573 1846 4612 :

162 4642 336 4712 Quid,
373 4641 584 4712 inquit,
611 4656 713 4712 pro
745 4641 865 4711 ipsa
899 4641 1194 4712 diiargiar,
1226 4656 1357 4698 cum
1390 4658 1495 4713 pro
1540 4658 1645 4700 sua
1673 4644 1854 4715 ipsius

154 4730 354 4784 anima
382 4728 506 4799 ipsa
530 4729 606 4784 nil
640 4728 885 4783 voluerit
916 4728 1223 4799 dilargiri?

231 4817 302 4871 In
316 4820 598 4871 Joannem
614 4814 802 4883 illum,
820 4814 1702 4888 Judaiczeperﬁdiaesectatorem,
1716 4817 1852 4875 scri-

148 4904 272 4978 psit
286 4904 595 4961 Guibertus
610 4907 913 4958 tractatum
929 4908 1129 4959 contra
1137 4905 1385 4961 Judaeos.
1405 4936 1473 4946 —
1493 4907 1669 4976 Deniq
1680 4922 1749 4963 ue
1765 4922 1854 4963 co-

157 5007 280 5048 mes
308 4992 443 5061 ipse,
474 4992 567 5049 cui
621 5001 771 5049 recte
801 4992 911 5049 dici
955 5001 1159 5063 posset,
1211 5015 1231 5043 ι
1266 5002 1426 5063 pater
1460 5001 1598 5051 tuus
1640 4997 1851 5051 Amor-

154 5081 336 5137 rheus
350 5086 406 5136 et
421 5088 605 5136 mater
629 5088 731 5137 tua
752 5081 978 5137 Cethma
1002 5081 1231 5150 (Ezech.
1254 5095 1377 5145 xw,
1409 5082 1487 5151 3),
1506 5104 1526 5131 ι
1549 5097 1664 5138 non
1686 5084 1852 5139 modo

155 5167 226 5223 ad
262 5175 553 5237 parentem
604 5164 961 5238 regeneravit
993 5176 1327 5239 utrumque,
1376 5169 1473 5225 sed
1521 5169 1700 5227 multo
1748 5171 1852 5226 de-

154 5256 369 5312 teriora
397 5255 632 5328 peregit.
666 5256 787 5326 Ipse
812 5256 1147 5312 Iudaeorum
1178 5263 1233 5312 et
1272 5256 1671 5313 haereticorum
1721 5272 1848 5328 per-

233 5430 342 5501 (49)
374 5430 607 5486 irouice.

1956 4302 2010 4351 et
2041 4291 2232 4349 lethali
2265 4299 2443 4347 morte
2468 4290 2761 4346 decubuit.
2794 4292 3054 4359 Cumque
3103 4289 3329 4344 anxiari
3368 4288 3646 4358 coepisset,

1960 4381 2291 4454 praedictum
2324 4379 2593 4435 clericum
2626 4392 2758 4434 cum
2787 4393 2905 4449 quo
2927 4378 2983 4432 in
3016 4377 3226 4449 vigiliis
3254 4382 3447 4446 egerat
3474 4390 3650 4444 super

1958 4471 2263 4528 urinarum
2306 4481 2549 4525 suarum
2604 4465 3059 4522 consideratione
3115 4464 3424 4520 consuluit.
3456 4463 3562 4530 Qui
3596 4462 3647 4519 ei

1955 4559 2026 4615 de
2052 4564 2229 4612 morte
2268 4554 2617 4624 respondens
2669 4568 2801 4610 cum
2852 4568 2959 4609 sua
3005 4555 3219 4619 anima,
3251 4558 3306 4606 et
3338 4550 3406 4604 de
3444 4564 3648 4619 perpe-

1957 4645 2121 4701 tratis
2150 4642 2488 4699 libidinibus
2531 4656 2667 4698 eum
2723 4639 3073 4704 conveniret,
3121 4637 3213 4693 ille
3256 4636 3448 4692 intulit
3479 4651 3493 4690 :
3527 4636 3645 4702 Vis,

1959 4731 2167 4802 inquit,
2200 4738 2261 4785 ut
2286 4729 2667 4785 ieccatoribus
2699 4726 2974 4799 (gulosis).
3024 4724 3235 4781 scilicet
3281 4724 3645 4794 presbyteris,

1958 4835 2085 4878 mea
2113 4818 2392 4889 erogem?
2424 4832 2494 4874 ne
2522 4818 2755 4874 oboium
2804 4815 3035 4885 quidem
3105 4815 3154 4869 A
3201 4812 3397 4868 multis
3440 4812 3645 4869 discre-

1958 4908 2200 4965 tioribus
2234 4914 2286 4963 te
2317 4906 2489 4961 didici
2518 4919 2718 4960 omnes
2742 4904 2981 4959 feminas
3006 4901 3209 4958 debere
3238 4916 3357 4957 esse
3387 4915 3652 4956 commu-

1958 5011 2078 5063 nes,
2111 4995 2303 5052 ethoc
2348 4993 2569 5049 nullius
2634 4991 2906 5048 momenti
2945 5006 3064 5047 esse
3123 4998 3437 5060 peccatum.
3474 4990 3649 5055 Dixit,

1958 5092 2013 5140 et
2039 5082 2179 5139 nihil
2213 5080 2370 5138 aliud
2396 5093 2571 5150 quam
2625 5078 2844 5134 rabiem
2895 5084 3086 5148 postea
3133 5075 3299 5143 dixit,
3357 5083 3457 5132 aut
3501 5076 3650 5132 fecit.

1957 5172 2100 5229 Nam
2152 5178 2433 5227 astantem
2480 5167 2589 5224 sibi
2640 5166 2948 5239 conjugem
3000 5166 3143 5237 pede
3199 5165 3397 5222 volens
3429 5164 3653 5235 propel-

1958 5259 2095 5326 lere,
2142 5252 2374 5314 cuidam
2424 5255 2590 5311 militi
2650 5254 2846 5324 (deest,
2907 5253 3157 5324 alapam,
3206 5255 3309 5308 aut
3364 5252 3651 5323 pugnum)
