3938 6082
275 229 371 282 est
1164 226 1225 280 v.
1267 203 1603 282 GUIBERTI
1639 224 1928 280 ABBATIS

2149 225 2306 280 LRUE
2346 224 2438 281 DE
2478 221 2874 280 NOVIGENTO

3667 220 3776 272 952

274 357 503 415 sedente
533 369 619 425 ea,
651 355 884 428 impegit
938 354 1213 426 grandem
1254 355 1414 423 adeo,
1468 362 1533 412 ut
1557 369 1690 412 eum
1741 362 1968 412 everte—
2005 356 2056 412 Α
2081 354 2256 411 vitam
2309 368 2368 411 se
2395 353 2763 424 apostolicam
2805 359 2996 408 tenere
3022 351 3327 423 iactantes,
3360 365 3559 408 eorum
3605 358 3778 407 actus

275 456 378 505 Γϐῐ.

345 537 713 594 Tenebantur
741 549 881 605 ergo
931 535 1282 593 insanissimi
1336 533 1587 590 hominis
1629 547 1854 596 manus,
1898 546 1969 588 ne

273 640 334 683 se
388 637 639 693 suosque
697 623 999 694 disjiceret,
1069 627 1250 681 donec
1315 624 1745 694 defatigaretnr,
1789 622 1969 676 donec

272 712 676 784 virginissimae
733 710 1002 768 Genitrici
1054 721 1109 768 et
1164 713 1277 768 Deo
1339 711 1452 767 filio
1485 713 1612 782 ejus
1670 711 1964 766 inimicum

271 798 485 855 diaboli
505 805 875 868 extorqueret
899 799 1185 869 spiritum.

897 941 1129 997 CAPUT
1159 940 1340 996 XVII.

340 1059 656 1128 Clementii,
682 1060 956 1124 Ebrardi,
988 1065 1044 1116 et
1072 1062 1396 1134 gregalium
1418 1061 1688 1117 hereseos
1715 1077 1962 1117 summa.

268 1149 435 1206 —At
491 1149 768 1220 quoniam
837 1150 1260 1217 haereticorum,
1322 1165 1467 1220 quos
1529 1150 1620 1205 hic
1683 1150 1967 1206 nefandus

270 1238 524 1303 amabat,
567 1237 954 1305 meminimus,
1012 1238 1250 1308 quidam
1303 1239 1574 1305 rusticus,
1621 1237 1968 1295 Clementius

271 1325 520 1389 nomine.
552 1340 685 1382 cum
718 1325 894 1382 fratre
951 1327 1232 1394 Ebrardo,
1265 1327 1420 1396 apud
1443 1326 1778 1393 Buciacum,
1828 1341 1966 1397 pro-

269 1413 488 1470 ximam
513 1413 797 1470 Suessioni
833 1414 1049 1482 villam,
1109 1415 1526 1470 commanebat.
1564 1413 1692 1481 Qui,
1741 1421 1804 1470 ut
1836 1415 1965 1471 vul-

268 1501 536 1570 gabatur,
579 1501 647 1557 de
685 1500 1031 1569 primoribus
1056 1517 1176 1558 suae
1203 1502 1480 1558 haereseos
1526 1510 1665 1558 erat.
1729 1504 1803 1558 De
1857 1504 1963 1558 hoc

267 1586 933 1658 ferebatimpurissimus
989 1589 1079 1645 ille
1105 1605 1312 1656 comes,
1346 1591 1502 1661 quod
1560 1591 1963 1660 sapientiorem

2077 443 2225 499 solos
2249 442 2436 513 legere
2457 455 2546 496 am
2557 442 2907 511 plectuntur.

2146 531 2238 586 Ad
2257 529 2542 601 judicium
2559 533 2835 584 vocantur
2857 529 2930 584 ab
2959 527 3218 600 episcOpo
3239 527 3646 582 Suessionensi.
3675 529 3775 584 Co—

2075 637 2203 675 ram
2235 620 2498 677 Guiberto
2522 618 3106 690 interrogantur.—A
3130 618 3361 672 domino
3383 631 3515 688 ergo
3537 616 3772 672 Suesso-

2077 722 2206 764 rum
2240 709 2505 778 pontifice
2550 709 2672 762 viro
2729 706 3046 761 clarissimo
3081 705 3338 760 Lisiardo
3395 704 3609 774 praefati
3654 705 3777 758 duo

2077 797 2146 852 ad
2180 810 2424 852 examen
2455 806 2756 866 urgentur.
2790 799 2832 862 ρ
2862 795 3011 850 rhus
3035 809 3166 850 cum
3199 793 3270 848 ab
3300 793 3560 863 episcopo
3607 793 3775 862 inge-

2077 892 2318 952 reretur,
2349 884 2504 954 quod
2554 892 2874 939 conventus
2903 886 3107 952 praeter
3148 881 3442 937 ecclesiam
3497 880 3770 946 facerent,

2072 980 2126 1028 et
2159 973 2407 1028 haeretici
2459 973 2528 1028 ab
2585 971 2855 1028 affinibus
2896 970 3255 1035 dicerentur;
3292 969 3581 1039 respondit
3637 969 3772 1024 Cle-

2075 1061 2360 1116 mentius:
2394 1061 2546 1116 Num
2594 1060 2829 1132 legistis,
2872 1060 3123 1128 domine,
3172 1058 3231 1114 iu
3282 1057 3610 1128 Evangelio,
3665 1057 3775 1112 ubi

2075 1149 2325 1204 dicitur:
2363 1150 2565 1205 «Beati
2596 1149 2782 1205 eritis?
2804 1171 2824 1197 ι
2860 1148 3014 1220 (Luc.
3061 1163 3138 1212 vr,
3164 1150 3271 1217 22;
3303 1149 3480 1201 Joan.
3506 1161 3627 1211 xm,
3658 1147 3773 1215 l'l.)

2075 1237 2218 1294 Cum
2249 1245 2394 1293 esset
2440 1238 2595 1292 enim
2655 1237 2977 1303 illiteratus,
3038 1237 3194 1307 quod
3225 1257 3252 1283 «
3303 1235 3458 1291 eritis
3490 1255 3517 1282 ιδ
3547 1234 3775 1303 signifi-

2072 1334 2227 1382 caret
2259 1327 2552 1382 haereticos
2579 1325 2922 1383 aestimabat.
2955 1325 3204 1381 Putabat
3258 1323 3427 1380 etiam
3459 1323 3612 1392 quod
3657 1323 3778 1378 has-

2076 1415 2234 1470 retici
2269 1415 2615 1480 dicerentur,
2658 1413 2825 1484 quasi
2878 1413 3246 1480 hmreditarii,
3299 1412 3452 1467 haud
3525 1410 3774 1466 dubium

2077 1502 2220 1572 quin
2257 1503 2370 1558 Dei.
2412 1501 2556 1558 Cum
2601 1515 2737 1571 ergo
2779 1501 3206 1556 discuterentur
3260 1499 3400 1569 quid
3451 1497 3772 1562 crederent,

2078 1590 2564 1648 Christianissime
2617 1590 3057 1659 responderunt,
3125 1586 3521 1643 conventicula
3581 1593 3776 1641 tamen

268 1688 333 1730 eo
360 1675 646 1731 neminem
690 1677 1130 1746 comprobasset.
1193 1651 1433 1734 Haeresis
1494 1651 1687 1734 autem
1740 1692 1807 1734 ea
1858 1687 1959 1741 est,
2004 1651 2044 1706 Β
2077 1693 2189 1734 non
2212 1685 2520 1749 negarunt.
2549 1678 2782 1748 Atquia
2820 1677 3021 1733 talium
3061 1684 3146 1732 est
3191 1688 3421 1746 negare,
3452 1683 3507 1730 et
3547 1687 3779 1743 semper

270 1776 384 1818 non
409 1777 539 1832 quae
579 1762 769 1832 palam
797 1778 969 1819 suum
995 1765 1203 1835 dogma
1233 1765 1517 1832 defendat,
1544 1766 1640 1822 sed
1670 1779 1802 1834 quae
1835 1780 1960 1835 per-

270 1850 457 1919 petuis
513 1851 786 1906 damnata
829 1853 1085 1908 susurris
1132 1853 1484 1910 clandestina
1541 1861 1755 1923 serpat.
1823 1853 1965 1924 Ejus

266 1950 406 1992 vero
437 1937 563 1992 talis
595 1937 806 1993 dicitur
833 1953 953 1994 esse
983 1953 1231 1995 summa.
1753 1963 1760 1966 -

341 2023 459 2095 ("0)
502 2025 963 2096 Dipensationem
1023 2027 1149 2083 Filii
1196 2027 1453 2098 Virginis
1495 2028 1840 2098 phantasma
1882 2027 1961 2083 fa-

269 2122 485 2171 tentur.

342 2202 628 2272 Baptisma
659 2202 1035 2272 parvulorum
1072 2219 1185 2260 non
1216 2205 1657 2276 intelligentium
1715 2206 1824 2262 sub
1858 2219 1964 2276 pa-

269 2290 436 2346 trinis
467 2290 916 2362 quibuscunque
947 2292 1270 2348 adnullant.

338 2377 519 2435 Suum
550 2385 741 2436 autem
774 2379 1061 2449 appellant
1087 2381 1343 2438 Verbum
1390 2381 1511 2449 Dei,
1555 2382 1710 2452 quod
1757 2383 1817 2439 fit
1849 2396 1965 2453 quo

270 2466 461 2522 nescio
496 2473 688 2522 rotatu
718 2467 891 2537 longo
913 2481 1261 2523 sermonum.

343 2554 675 2624 Mysterium
707 2555 861 2624 quod
892 2553 957 2610 ﬁt
989 2555 1043 2609 in
1095 2555 1263 2612 altari
1307 2566 1501 2614 nostro
1541 2559 1616 2614 ita
1654 2559 1966 2616 exhorrent

272 2631 466 2698 utbra
494 2643 857 2698 sacerdotum
885 2643 1144 2699 omnium
1176 2659 1239 2700 os
1261 2645 1467 2702 inferni
1499 2647 1806 2716 appellent.

341 2729 411 2784 Et
441 2729 488 2783 si
521 2743 620 2798 pro
675 2729 957 2787 velamine
1001 2746 1124 2787 suae
1160 2732 1433 2789 haereseos
1475 2734 1780 2804 aliquoties
1819 2733 1968 2789 inter

271 2813 411 2871 alios
457 2824 653 2872 nostra
699 2826 1059 2874 sacramenta
1123 2819 1452 2888 suscipiant,
1512 2823 1592 2877 sic
1656 2836 1757 2891 pro
1815 2823 1968 2878 dieta

273 2902 505 2970 habent,
549 2912 612 2960 ut
639 2918 707 2960 ea
746 2905 835 2960 die
857 2907 934 2960 nil
960 2907 1212 2976 amplius
1238 2909 1428 2964 edant.

343 2991 516 3047 Sacra
535 2994 857 3049 ctemeteria
887 3008 920 3050 a
949 2995 1172 3066 reliqua
1203 3003 1356 3052 terra
1393 2997 1816 3067 comparatione
1855 3013 1967 3055 non

273 3079 560 3136 dividunt.

344 3167 625 3239 Conjugia
654 3169 956 3239 damnant,
983 3178 1038 3226 et
1070 3170 1418 3228 fructificare
1447 3173 1714 3230 coitibus.

348 3255 417 3311 Et
441 3265 595 3312 certe
642 3272 774 3312 cum
826 3273 926 3327 per
954 3259 1221 3315 Latinum
1271 3262 1559 3331 conspersi
1600 3263 1714 3318 sint
1752 3264 1968 3331 orbem,

275 3344 471 3400 videas
504 3344 656 3400 viros
688 3345 1031 3403 mulieribus
1061 3348 1390 3404 cohabitare
1424 3350 1545 3404 sine
1579 3350 1791 3418 mariti,
1842 3366 1972 3407 con-

271 3432 548 3503 iugisque
579 3433 830 3501 nomine,
882 3435 959 3490 ita
990 3442 1053 3491 ut
1107 3436 1198 3491 vir
1253 3450 1386 3492 cum
1442 3437 1669 3503 femina,
1705 3439 1973 3509 singulus

277 3534 410 3576 cum
436 3520 668 3590 singula
700 3536 818 3576 non
851 3530 1125 3589 moretur,
1152 3523 1250 3579 sed
1279 3524 1388 3580 viri
1417 3539 1549 3580 cum
1593 3526 1751 3592 viris,
1806 3527 1970 3583 femi-

277 3624 368 3666 nae
393 3624 526 3666 cum
558 3609 786 3666 feminis
819 3612 1080 3668 cubitare
1109 3621 1444 3669 noscantur.
1478 3613 1623 3670 Nam
1675 3615 1786 3670 viri
1817 3615 1972 3686 apud

277 3712 374 3755 eos
406 3697 465 3753 in
506 3698 777 3754 feminam
808 3701 966 3756 nefas
994 3708 1098 3756 est.

347 3785 532 3842 Edula
550 3787 811 3842 omnium
843 3803 974 3858 qum
995 3803 1068 3844 ex
1099 3789 1253 3844 coitu
1276 3797 1620 3858 nascuntur,
1650 3791 1968 3847 eliminant.

349 3874 763 3931 Conventicula
799 3874 1015 3932 faciunt
1045 3875 1103 3931 in
1144 3877 1419 3947 hypogeis
1469 3886 1571 3933 aut
1631 3879 1974 3948 pennalibus

282 3957 713 4028 lpenetralibns,
742 3959 832 4014 vel
867 3960 1191 4032 penatibus]
1215 3961 1444 4028 abditis,
1471 3976 1646 4017 sexus
1675 3964 1848 4019 simul
1879 3965 1969 4019 in-

276 4043 574 4111 differens,
610 4045 712 4114 qui
751 4046 1002 4101 candelis
1048 4046 1300 4103 accensis
1347 4048 1576 4103 cuidam
1620 4049 1972 4106 muliercula:

277 4132 385 4188 sub
422 4131 630 4188 obtutu
681 4133 963 4202 omnium,
1019 4136 1264 4201 retectis,
1320 4144 1384 4191 ut
1434 4136 1666 4204 dicitur,
1719 4137 1968 4204 natibus,

2073 1767 2341 1822 hebetum
2397 1766 2545 1821 clam
2577 1766 2749 1820 corda
2803 1766 3093 1830 seducere,
3125 1764 3336 1819 addicti
3383 1771 3518 1819 sunt
3552 1761 3776 1833 judicio

2070 1854 2403 1911 exorcizataa
2451 1867 2639 1924 aquae.
2670 1854 2929 1923 Cumque
2956 1854 3013 1907 in
3041 1852 3161 1922 ipso
3183 1859 3467 1922 apparatu
3513 1858 3776 1922 rogasset

2075 1957 2162 1998 me
2191 1942 2503 2012 episcopus,
2555 1950 2620 1997 ut
2647 1941 2718 1997 ab
2745 1942 2826 1998 eis
2856 1949 3068 1996 secreto
3109 1941 3245 2011 quid
3297 1940 3572 1996 sentirent
3615 1939 3779 1994 elice-

2074 2044 2216 2097 rem,
2245 2038 2301 2086 et
2346 2031 2429 2085 eis
2485 2029 2773 2098 baptisma
2828 2029 3138 2084 infantium
3191 2041 3585 2098 proponerent,
3623 2025 3781 2080 dixe-

2072 2126 2255 2174 runt:
2297 2141 2317 2167 ι
2344 2116 2454 2184 Qui
2505 2117 2812 2173 crediderit
2856 2125 2912 2173 et
2942 2117 3265 2186 baptizatus
3318 2115 3510 2183 fuerit,
3571 2115 3776 2170 salvus

2075 2230 2096 2256 α
2157 2208 2266 2262 erit
2319 2206 2530 2277 (Marc.
2577 2220 2698 2272 xw,
2731 2208 2810 2273 6).
2845 2226 2872 2254 ››
2910 2205 3173 2276 Cumque
3209 2205 3266 2260 in
3309 2205 3459 2260 bona
3483 2203 3774 2259 sententia

2072 2305 2343 2362 magnam
2381 2300 2667 2361 quantum
2721 2292 2793 2347 ad
2847 2292 2997 2360 ipsos
3028 2292 3401 2361 intelligerem
3452 2291 3629 2345 latere
3680 2303 3776 2344 ne-

2073 2378 2339 2448 quitiam,
2374 2377 2727 2448 interrogavi
2754 2377 2895 2448 quid
2913 2385 3183 2446 putarent
3209 2391 3384 2446 super
3414 2376 3502 2432 his
3528 2376 3628 2445 qui
3661 2375 3775 2431 sub

2075 2466 2319 2522 aliorum
2355 2466 2464 2522 ﬁde
2490 2466 2876 2536 baptizantur.
2915 2466 2987 2521 Et
3037 2465 3151 2520 illi:
3205 2465 3436 2534 Propter
3474 2465 3657 2520 Deum
3702 2478 3775 2519 ne

2075 2568 2179 2609 nos
2205 2553 2346 2609 adeo
2369 2552 2652 2623 profunde
2675 2554 2922 2608 scrutari
2956 2553 3159 2608 velitis.
3199 2553 3393 2607 ltidem
3428 2553 3498 2607 ad
3538 2553 3778 2622 singula

2076 2641 2327 2711 capitula
2358 2641 2649 2708 addentes,
2683 2655 2788 2695 nos
2842 2641 3038 2696 omnia
3066 2653 3196 2710 quae
3228 2638 3414 2694 dicitis
3459 2639 3774 2695 credimus.

2075 2729 2238 2785 Tunc
2268 2730 2574 2786 recordans
2603 2744 2802 2785 versus
2835 2730 3008 2798 illius,
3042 2731 3097 2784 in
3132 2743 3305 2800 quem
3329 2727 3778 2783 Priscillianistae

2076 2817 2210 2874 olim
2241 2825 2666 2884 consenserant,
2693 2817 2906 2874 scilicet
2932 2834 2944 2872 :

2145 2907 2318 2973 Jura,
2349 2906 2612 2978 perjura,
2645 2908 2923 2960 secretum
2946 2904 3188 2976 prodere
3214 2903 3337 2959 noli
3360 2923 3376 2958 :

2887 2996 3149 3066 (AUGUST.
3180 2994 3266 3048 De
3293 2993 3489 3048 haeres.
3515 3006 3566 3046 c.
3587 2992 3700 3057 70.)

2079 3081 2198 3136 dixi
2252 3082 2323 3137 ad
2382 3082 2750 3152 episcopum:
2811 3082 3090 3150 Quoniam
3152 3087 3318 3138 testes
3373 3082 3606 3147 absunt,
3670 3078 3775 3149 qui

2077 3182 2173 3222 eos
2207 3167 2345 3223 talia
2373 3169 2822 3240 dogmatizantes
2853 3171 3182 3238 audierunt,
3239 3179 3421 3240 empto
3471 3182 3568 3224 eos
3621 3166 3780 3222 addi-

2079 3262 2186 3311 cute
2202 3256 2459 3326 judicio;
2492 3265 2614 3314 erat
2644 3261 2796 3314 enim
2833 3268 3095 3314 matrona
3127 3259 3416 3330 quaedam,
3465 3271 3642 3328 quani
3678 3270 3778 3325 per

2080 3356 2300 3399 annum
2331 3344 2677 3402 Clementius
2727 3347 3174 3402 dementaverat.
3228 3346 3365 3401 Erat
3395 3354 3449 3400 et
3497 3345 3778 3399 diaconus

2081 3432 2341 3502 quidam,
2381 3433 2486 3504 qui
2529 3448 2602 3490 ex
2654 3435 2871 3504 praefati
2914 3429 3012 3490 Ore
3052 3435 3164 3490 alia
3208 3433 3464 3504 capitula
3515 3431 3777 3502 maligna

2079 3517 2358 3575 audierat.

2153 3603 2435 3658 Probatur
2461 3619 2657 3660 eorum
2682 3605 2829 3673 ﬁdes
2854 3623 2961 3678 per
2996 3606 3424 3660 sacramentum
3455 3607 3508 3660 et
3533 3620 3774 3676 aquam,

2083 3691 2332 3761 Pupulus
2373 3691 2663 3749 haereticos
2714 3693 2846 3767 igne
2889 3694 3159 3749 absumit.
3210 3725 3278 3733 —
3322 3694 3521 3749 Missas
3577 3693 3779 3764 itaque

2078 3780 2194 3851 egit
2223 3783 2542 3852 episcopus,
2575 3783 2644 3839 de
2677 3783 2848 3854 cujus
2883 3798 3062 3840 manu
3092 3785 3201 3840 sub
3251 3784 3342 3838 his
3371 3783 3563 3839 verbis
3609 3797 3780 3838 sacra

2080 3877 2449 3938 sumpserunt
2482 3885 2494 3924 :
2529 3871 2754 3943 Corpus
2803 3878 2861 3928 et
2911 3872 3153 3942 sanguis
3184 3871 3408 3927 Domini
3442 3871 3632 3927 veniat
3681 3885 3784 3926 vo-

2081 3955 2168 4011 bis
2206 3957 2275 4012 ad
2312 3959 2699 4027 probationem
2759 3959 2944 4015 hodie.
2977 3959 3100 4026 Quo
3129 3960 3295 4027 facto,
3333 3959 3627 4029 piissimus
3649 3959 3779 4028 epi-

2079 4057 2304 4115 scopus,
2339 4053 2394 4102 et
2469 4047 2670 4103 Petrus
2718 4047 3164 4104 archidiaconus
3200 4050 3289 4103 vir
3323 4048 3432 4103 ﬁde
3482 4046 3784 4119 integerri-

2081 4147 2232 4198 mus,
2259 4134 2357 4204 qui
2403 4142 2464 4190 ut
2502 4149 2616 4191 non
2651 4135 3076 4206 subjicerentur
3121 4136 3358 4206 judicio,
3405 4149 3604 4192 eorum
3637 4149 3779 4205 pro-

279 4218 680 4288 procumbenti
733 4235 830 4276 eas
881 4235 916 4276 a
957 4229 1116 4294 tergo
1149 4221 1432 4291 offerunt;
1468 4223 1673 4293 hisque
1708 4239 1842 4280 mox
1882 4239 1974 4280 ex.
2009 4231 2054 4286 ι)
2083 4223 2254 4279 missa
2285 4227 2601 4293 respuerat,
2625 4225 2696 4279 ad
2728 4239 2911 4295 aquas
2933 4224 3268 4294 procedunt.
3294 4225 3612 4294 Episcopus
3639 4236 3779 4279 cum

280 4306 504 4362 stinctis
540 4306 713 4362 chaos
770 4308 1158 4380 undecunque
1206 4310 1584 4376 conclamant,
1643 4321 1698 4368 et
1743 4328 1874 4369 cum
1905 4327 1972 4370 ea

279 4410 412 4466 quas
443 4394 513 4450 ad
549 4408 786 4452 manum
810 4399 1030 4453 venerit
1057 4401 1242 4468 prima
1273 4399 1520 4470 quisque
1557 4401 1685 4457 coit.

349 4482 511 4550 Quod
560 4483 606 4539 si
663 4484 804 4541 inibi
845 4485 1058 4541 femina
1113 4487 1469 4557 gravidetur,
1523 4495 1690 4557 partu
1742 4489 1972 4545 demum

279 4570 408 4626 fuso
440 4571 498 4626 in
532 4572 780 4640 idipsum
811 4573 1047 4630 reditur.
1769 4646 1771 4648 η

346 4663 499 4712 6το
549 4659 705 4730 Ignis
758 4661 980 4717 multus
1031 4662 1385 4728 accenditur,
1429 4676 1462 4716 a
1512 4663 1974 4721 circumsedenti-

278 4744 389 4801 bus
419 4760 566 4816 puer
597 4747 667 4803 de
698 4761 878 4803 manu
932 4748 990 4803 in
1031 4763 1267 4806 manum
1303 4765 1404 4820 per
1451 4750 1713 4807 flammas
1735 4754 1969 4823 jacitur,

278 4833 460 4916 donec
487 4834 901 4905 exstinguitur.
937 4837 1150 4893 Deinde
1180 4839 1238 4893 in
1264 4840 1483 4895 cineres
1527 4840 1806 4911 redigitur
1840 4857 1854 4907 ;
1900 4853 1973 4896 ex

277 4920 468 4977 cinere
496 4924 662 4992 panis
691 4924 1028 4995 conﬁcitur;
1063 4927 1276 4997 cuique
1328 4941 1460 4996 pars
1490 4942 1591 4998 pro
1624 4929 1974 4984 eucharistia

277 5009 573 5078 tribuitur,
625 5025 743 5081 qua
790 5020 1087 5084 assumpta
1144 5029 1444 5086 nunquam
1501 5030 1643 5086 pene
1675 5017 1745 5072 ab
1771 5017 1972 5073 haeresi

277 5097 398 5168 ipsa
426 5098 799 5168 resipiscitur.

348 5183 460 5239 Isti
501 5185 831 5242 Manichaeis
878 5205 1086 5260 parum
1131 5190 1467 5248 dissimiles.
1525 5224 1591 5232 —-
1641 5192 1698 5249 Si
1753 5191 1973 5263 relegas

279 5271 519 5328 haereses
565 5274 636 5330 ab
667 5275 992 5344 Augustino
1040 5279 1306 5350 digestas,
1361 5281 1506 5336 nulli
1561 5281 1742 5350 magis
1791 5295 1966 5352 quam

278 5357 726 5415 manichzeorum
780 5364 1026 5432 reperies
1073 5366 1399 5422 convenire.
1459 5367 1596 5433 Quae
1618 5367 1753 5423 olim
1783 5375 1968 5437 coepta

275 5458 310 5497 a
357 5443 728 5514 doctioribus,
800 5451 1100 5508 residuum
1152 5452 1379 5509 demisit
1424 5454 1497 5510 ad
1545 5455 1807 5524 rusticos,
1861 5455 1964 5526 qui

2077 4311 2278 4368 multis
2334 4312 2601 4382 lacrymis
2661 4312 2921 4368 litaniam
2982 4312 3303 4382 pracinuit.
3355 4311 3560 4367 deinde
3607 4325 3780 4366 exor-

2079 4400 2322 4456 cismum
2352 4399 2500 4456 fecit.
2533 4401 2673 4457 Inde
2721 4408 3080 4456 sacramenta
3123 4400 3330 4456 dedere
3377 4414 3435 4455 se
3467 4413 3777 4468 nunquam

2077 4496 2278 4543 contra
2311 4487 2478 4544 fidem
2511 4496 2764 4544 nostram
2805 4487 3129 4555 credidisse,
3192 4495 3292 4543 aut
3317 4488 3597 4543 docuisse.
3647 4487 3774 4541 Cle-

2079 4575 2330 4630 mentius
2384 4575 2441 4630 in
2467 4575 2683 4630 dolium
2744 4575 2973 4640 missus,
3019 4589 3087 4630 ac
3112 4575 3159 4630 si
3190 4575 3358 4645 virga
3414 4581 3772 4645 supernatat.

2078 4663 2200 4729 Quo
2254 4662 2397 4726 viso,
2449 4662 2688 4718 inﬁnitis
2760 4663 2989 4734 gaudiis
3039 4671 3156 4719 tota
3219 4663 3457 4719 effertur
3515 4661 3771 4718 ecclesia.

2074 4752 2314 4805 Tantam
2364 4751 2516 4806 enim
2566 4765 2742 4806 sexus
2779 4751 3082 4820 utriusque
3137 4751 3521 4821 frequentiam
3579 4751 3775 4820 opinio

2081 4837 2188 4892 ista
2209 4837 2583 4905 conflaverat,
2626 4845 2907 4909 quantam
2931 4837 3072 4894 inibi
3103 4852 3269 4892 nemo
3293 4837 3656 4907 praesentium
3719 4851 3777 4892 se

2079 4925 2288 4981 vidisse
2341 4925 2699 4981 meminerat.
2763 4925 2917 4981 Alter
2979 4926 3274 4982 confessus
3333 4939 3610 4992 errorem,
3677 4924 3775 4980 sed

2078 5013 2456 5083 imposnitens,
2508 5027 2642 5070 cum
2673 5013 2847 5069 fratre
2867 5013 3128 5069 convicto
3156 5012 3212 5068 in
3245 5011 3480 5068 vincula
3534 5011 3772 5082 conjici-

2077 5109 2193 5157 tur.
2229 5103 2351 5158 Duo
2383 5101 2479 5156 alii
2508 5116 2538 5157 e
2573 5101 2924 5157 Durmantiis
2967 5101 3104 5156 villa
3155 5098 3541 5170 probatissimi
3589 5099 3772 5155 luere-

2078 5190 2168 5246 tici
2205 5189 2276 5244 ad
2311 5185 2713 5258 "spectaculum
2747 5197 3042 5256 venerant,
3067 5189 3400 5259 pariterque
3433 5188 3572 5244 tenti
3610 5195 3768 5243 sunt.

2075 5276 2190 5349 (ηε)
2244 5278 2461 5332 Interea
2511 5277 2870 5346 perreximus
2915 5278 2986 5332 ad
3037 5277 3380 5332 Belvacense
3427 5274 3765 5338 concilium,

2075 5365 2395 5423 consulturi
2437 5365 2730 5435 episcopos
2769 5365 2870 5436 qui
2927 5365 3076 5421 facto
3130 5379 3278 5436 opus
3323 5371 3488 5420 esset.
3547 5363 3652 5418 Sed
3709 5364 3772 5418 ti-

2074 5453 2218 5510 delis
2280 5453 2505 5510 interim
2545 5453 2791 5524 populus
2844 5453 3159 5509 clericalem
3205 5465 3427 5522 _verens
3474 5450 3767 5508 mollitiem
