3922 6080
119 251 230 303 953

1207 246 1300 301 DE
1341 245 1497 301 VITA
1535 247 1668 302 SUA
1707 245 1892 301 LIBRI
1932 244 2210 301 TRES.—
2241 243 2371 300 LIB.
2416 247 2513 301 III.

3525 250 3629 304 954

118 379 418 436 concurrit
447 378 521 434 ad
551 377 932 450 ergastulum,
966 377 1135 448 rapit,
1167 384 1222 433 et
1250 376 1620 447 subjecto'eis
1656 385 1822 434 extra
1858 380 1906 433 Α
1932 377 2182 434 candum
2215 377 2472 434 oculusa
2503 378 2706 446 fronte,
2739 386 2795 436 et
2841 380 2914 436 ab
2957 394 3055 437 ore
3101 381 3302 453 lingua
3337 382 3628 452 expromi-

117 469 328 524 urbem
361 467 492 539 igne
522 468 735 538 pariter
766 466 1172 522 concremavit.
1204 465 1460 532 Quorum
1502 481 1574 521 ne
1616 480 1821 536 propa-

117 565 362 628 garetur
390 557 678 624 carcinus,
702 556 926 625 justum
955 569 1093 622 erga
1120 569 1214 609 eos
1241 553 1424 609 zelum
1472 553 1674 609 habuit
1727 553 1823 609 Dei

118 645 398 716 populus.

739 731 967 788 CAPUT
1001 731 1206 786 XVIII.

199 819 405 875 Puella
433 819 581 883 festo
627 816 720 872 die
740 819 796 873 S.
847 817 1083 872 Nicasii
1126 833 1292 871 suere
1336 831 1686 888 praesumens
1722 814 1824 868 dat

113 923 336 981 prunas.
369 906 528 961 Huic
550 923 714 978 opem
727 906 842 967 fert
855 905 925 959 B.
968 905 1247 976 Virgo.——
1274 905 1441 974 Apud
1481 903 1823 960 Noviomum

116 997 364 1053 ecclesia
407 1003 491 1052 est
541 994 902 1066 parochialis,
970 993 1026 1048 in
1083 994 1234 1050 beati
1294 993 1544 1049 Nichasii
1612 993 1825 1047 honore

118 1085 200 1141 ab
224 1083 474 1140 Alduino
503 1083 629 1155 [at.,
666 1079 990 1153 Harduino]
1020 1081 1314 1152 quondam
1361 1081 1620 1150 episcopo
1659 1079 1822 1134 dedi-

117 1181 273 1228 cata.
307 1173 449 1242 Ipsa
492 1171 664 1227 etiam
697 1171 824 1241 ejus
872 1169 1130 1240 reliquia
1187 1170 1332 1226 istuc
1363 1184 1396 1224 a
1449 1167 1826 1225 Remensibus

117 1261 436 1330 deportata
465 1258 810 1330 aliquandiu
868 1258 1239 1328 quieverunt,
1275 1271 1390 1312 non
1433 1257 1560 1312 dico
1592 1255 1649 1310 in
1679 1269 1822 1324 pra-

118 1349 277 1405 dicta
325 1347 582 1412 ecclesia,
643 1345 740 1402 sed
793 1346 851 1401 in
918 1345 1081 1402 urbe.
1132 1346 1278 1400 Ante
1327 1345 1434 1400 hoc
1473 1359 1610 1414 ergo
1651 1343 1824 1399 ferme

121 1435 622 1506 quinquennium,
674 1449 807 1490 cum
856 1433 1162 1490 imminens
1228 1433 1498 1503 martyris
1548 1431 1825 1488 festivitas

114 1524 285 1595 jussa
311 1527 509 1579 esseta
534 1523 860 1592 presbytero
892 1522 1097 1578 debitis
1128 1521 1284 1577 feriis
1315 1521 1614 1588 honorari,
1655 1534 1823 1590 qua-

119 1613 257 1668 dam
289 1624 358 1667 ea
377 1611 468 1666 die
499 1610 853 1680 paupercula
882 1610 1002 1666 sola
1021 1609 1234 1680 degens
1260 1609 1370 1664 sub
1401 1615 1581 1664 matre
1607 1607 1818 1678 puella,

119 1699 328 1756 suendi
359 1671 660 1768 quidpiam
694 1696 1056 1766 prasumpsit
1095 1671 1474 1766 "opusculum.
1510 1671 1649 1758 Qua
1686 1671 1819 1750 cum
1860 1671 1902 1728 Β

121 1787 398 1842 manibus
427 1785 647 1842 suenda
674 1794 948 1855 coaptans
977 1784 1136 1840 filum
1171 1798 1271 1854 per
1300 1783 1582 1856 linguam,
1615 1790 1680 1839 ut
1724 1797 1823 1838 as-

121 1873 329 1942 solent,
360 1881 416 1930 et
458 1873 622 1930 labra
671 1872 1052 1942 protraheret,
1084 1872 1162 1928 ﬁli
1218 1873 1422 1939 nodus,
1465 1873 1567 1942 qui
1627 1871 1820 1928 multa

119 1970 248 2019 erat
277 1961 578 2034 grossitiei,
610 1975 678 2017 ac
708 1962 754 2016 si
783 1962 838 2016 id
869 1968 1229 2031 praacutum
1261 1961 1475 2031 lingua
1497 1960 1823 2016 ‘summitati

121 2053 266 2108 adeo
319 2051 610 2116 inseritur,
646 2059 709 2104 ut
742 2049 1072 2105 nullatenus
1117 2049 1326 2104 exinde
1379 2048 1557 2104 eximi
1613 2056 1816 2118 posset.

119 2140 266 2198 Nam
295 2141 342 2196 si
373 2139 445 2194 ab
475 2138 670 2210 aliquo
697 2141 1018 2194 tentaretur
1034 2137 1220 2203 evelli,
1249 2128 1567 2192 immodicis
1614 2139 1822 2192 misera

123 2227 409 2300 angustiis
436 2234 764 2298 angeretur.
794 2226 937 2281 Cum
977 2225 1300 2295 frequentia
1342 2225 1519 2296 igitur
1559 2223 1820 2294 populari

126 2317 462 2374 calamitosa
517 2314 612 2372 illa
672 2315 743 2370 ad
797 2315 1176 2384 episcopalem
1227 2314 1546 2380 ecclesiam,
1593 2314 1822 2384 Regina

127 2413 449 2475 martyrum
481 2403 931 2460 misericordiam
968 2409 1271 2472 precatura
1301 2417 1412 2458 non
1445 2402 1655 2470 verbis,
1688 2417 1820 2458 cum

126 2502 311 2552 matre
349 2493 732 2564 progreditur.
796 2493 968 2562 Loqui
1020 2492 1173 2547 enim
1233 2490 1325 2546 illo
1372 2491 1632 2562 linguam
1683 2498 1823 2546 tere-

129 2585 333 2640 brante
361 2597 429 2638 ac
459 2582 595 2637 inibi
641 2581 996 2651 dependente
1027 2580 1126 2635 vix
1160 2587 1398 2649 poterat.
1433 2579 1580 2643 Quid
1611 2579 1823 2649 plura?

128 2667 324 2724 Turba
371 2665 604 2736 quidem
646 2665 807 2734 vulgi
843 2665 1157 2734 lacrymose
1210 2665 1558 2733 compatiens
1587 2665 1821 2721 domum

128 2753 316 2819 rediit,
347 2758 651 2822 postquam
680 2750 780 2806 diu
810 2751 1158 2806 laborantem
1193 2750 1509 2820 puellulam
1542 2751 1824 2808 multum-

131 2857 246 2914 que
281 2847 652 2911 spectaverat.
717 2839 822 2894 llla
862 2839 952 2893 die
1003 2839 1125 2908 ipso
1175 2853 1311 2896 cum
1354 2848 1516 2896 nocte
1558 2841 1824 2910 sequenti

1933 473 2058 536 tur;
2089 467 2286 537 sicque
2320 480 2385 522 eo
2425 467 2714 534 damnato,
2745 467 2916 524 vellet
2950 469 3142 536 nollet,
3180 469 3410 526 residua
3437 471 3630 541 prada

1933 556 2250 610 reducitur.

2003 645 2158 699 Alter
2197 643 2453 713 contigui
2485 643 2650 698 ﬂuvii
2695 651 2932 713 partem,
2984 645 3086 715 qui
3138 645 3351 716 Aquila
3397 661 3628 703 nuncu-

1934 741 2124 802 patur,
2179 731 2475 801 piscationi
2513 745 2632 787 sua
2679 732 2965 788 ascribere
3017 734 3328 802 nitebatur,
3376 749 3506 804 qua
3556 749 3629 791 ex

1931 821 2171 890 antiquo
2218 819 2437 888 prafati
2483 820 2586 874 loci
2647 820 2924 876 fratribus
2984 823 3319 878 debebatur.
3369 823 3630 892 Cumque

1932 909 2176 965 fratrum
2213 910 2461 977 piscator
2498 909 2570 964 ab
2607 909 2702 964 illa
2761 914 2924 980 parte
2982 910 3239 966 ﬂuminis
3292 925 3392 980 per
3441 912 3628 981 ipsum

1933 998 2167 1053 militem
2226 997 2459 1053 omnino
2509 998 2926 1054 absterreretur
2980 1007 3036 1054 et
3081 1014 3182 1069 pro
3243 1000 3349 1056 hoc
3381 1000 3630 1056 Ecclesia

1933 1085 2131 1141 multis
2188 1084 2410 1153 placitis
2462 1095 2786 1154 urgeretur,
2840 1102 2874 1142 a
2920 1087 3161 1142 Domina
3205 1089 3538 1157 praepotenti
3571 1089 3627 1143 in

1932 1173 2204 1229 membris
2258 1173 2556 1242 aliquibus
2585 1175 2909 1245 paralyseos
2954 1176 3284 1232 valetudine
3338 1190 3630 1245 conquas—

1931 1271 2114 1318 satur.
2157 1261 2260 1318 Sed
2312 1262 2418 1317 boc
2446 1277 2579 1318 cum
2614 1263 2876 1329 fortuna,
2913 1279 3028 1319 non
3062 1264 3262 1320 ultioni
3296 1264 3505 1319 divina
3534 1279 3630 1319 as-

1931 1351 2194 1416 criberet,
2243 1350 2550 1405 dormienti
2601 1350 2678 1404 illi
2711 1350 2967 1419 piissima
3015 1351 3181 1421 Virgo
3213 1353 3409 1418 astitit,
3441 1359 3495 1407 et
3524 1351 3630 1407 ali-

1933 1447 2073 1510 quot
2119 1438 2168 1494 ei
2221 1438 2416 1507 alapas
2467 1453 2583 1494 non
2628 1439 2750 1494 sine
2806 1441 3106 1495 severitate
3149 1440 3207 1494 in
3252 1440 3394 1494 facie
3453 1440 3627 1496 dedit.

1931 1529 2037 1595 Qui
2103 1527 2313 1582 exinde
2359 1535 2747 1596 experrectus,
2822 1536 2876 1582 et
2933 1542 3004 1582 ex
3061 1527 3298 1584 verbere
3349 1529 3630 1584 sensatior

1933 1619 2136 1683 factus,
2192 1616 2342 1672 illico
2393 1615 2638 1685 nudipes
2681 1617 2750 1671 ad
2799 1631 2886 1671 me
2958 1616 3132 1682 venit,
3181 1616 3409 1671 veniam
3471 1618 3628 1686 petit,

1933 1703 2073 1773 quid
2148 1703 2314 1759 beata
2388 1703 2569 1759 Maria
2643 1703 3024 1759 animositatis
3097 1703 3206 1759 sibi
3275 1703 3630 1770 intendisset,

1931 1791 2176 1860 aperuit,
2209 1799 2491 1860 usurpata
2548 1791 2781 1847 remisit.
2833 1792 2948 1848 Hoc
2995 1806 3178 1847 unum
3229 1791 3422 1857 didici,
3475 1793 3630 1861 quod

1932 1891 2101 1934 nemo
2140 1877 2229 1933 isti
2263 1877 2528 1933 Ecclesia
2561 1877 2817 1934 infensus
2861 1878 2968 1933 fuit
2997 1879 3097 1948 qui
3131 1893 3243 1932 non
3289 1879 3360 1933 ad
3398 1878 3633 1934 evidens

1931 1965 2335 2021 detrimentum
2371 1965 2612 2032 venerit,
2645 1965 2689 2020 si
2724 1980 3089 2036 perseverem
3113 1966 3404 2036 delegerit.

2005 2053 2212 2109 Itidem
2242 2051 2605 2124 Compendii.
2631 2082 2703 2094 —
2742 2054 2910 2123 Apud
2953 2054 3365 2123 Compendium
3392 2053 3630 2124 quidam

1933 2143 2272 2213 prapositus
2310 2143 2506 2213 regius
2531 2142 2950 2197 adversabatur
2987 2141 3237 2197 ecclesia
3281 2142 3458 2197 beata
3505 2142 3632 2198 Ma-

1932 2231 2049 2296 ria,
2101 2238 2157 2286 et
2187 2231 2486 2287 beatorum
2532 2229 2776 2286 Cornelii
2833 2238 2889 2285 et
2923 2230 3214 2300 Cypriani.
3259 2233 3436 2294 Quem
3496 2244 3630 2286 cum

1932 2319 2054 2374 foro
2086 2320 2272 2375 medio
2324 2319 2512 2374 clerici
2562 2318 2958 2386 convenirent,
2990 2326 3044 2374 et
3087 2333 3161 2374 ex
3203 2319 3433 2373 nomine
3459 2325 3631 2373 tanta

1934 2408 2208 2474 Domina,
2260 2414 2674 2478 tantorumque
2730 2415 3124 2476 patronorum,
3176 2421 3247 2461 ne
3292 2406 3346 2461 id
3424 2406 3632 2461 faceret

1933 2495 2361 2559 denuntiarent,
2423 2493 2516 2550 ille
2585 2493 2764 2548 sacris
2811 2493 2868 2548 in
2918 2493 3077 2548 nullo
3134 2493 3392 2548 deferens
3443 2493 3634 2548 nomi-

1934 2583 2126 2647 nibus,
2182 2583 2325 2638 fade
2357 2582 2683 2652 rogantium
2734 2595 2836 2636 ora
2867 2581 3270 2651 exprobrando
3324 2579 3630 2648 confudit;

1934 2673 2028 2728 sed
2096 2671 2244 2727 inter
2321 2671 2445 2741 ipsa
2507 2671 2706 2737 verba,
2757 2685 2889 2726 cum
2937 2685 3088 2740 equo
3146 2670 3431 2734 insideret,
3493 2670 3632 2734 ruit,

1934 2769 1989 2819 et
2059 2762 2180 2830 (m)
2239 2759 2656 2816 sordidissimas
2710 2760 2933 2824 bracas,
2996 2759 3213 2828 quibus
3269 2757 3631 2828 cingebatur,

1935 2849 2155 2906 ventris
2180 2847 2462 2918 proﬂuvio
2490 2861 2623 2902 mox
2652 2847 2763 2902 sub
2790 2861 2848 2902 se
2879 2847 3148 2916 respexit.

131 2943 505 3003 perseverans
570 2929 629 2983 in
711 2929 972 2998 petendo,
1031 2930 1233 2982 comite
1297 2937 1477 2984 matre
1527 2930 1816 2985 remansit.
1859 2953 1898 3008 ο
1998 2940 2054 2995 s,
2088 2935 2250 2990 αυειὶ
2274 2934 2554 3006 reliquias
2572 2933 2897 3006 percutiens
2919 2934 3251 2989 mulctatur.
3284 2964 3354 2974 -—
3384 2935 3456 2989 Et
3491 2933 3634 3003 quia

131 3017 404 3076 Postridie
441 3031 575 3073 cum
607 3016 909 3072 Dominam
948 3014 1224 3070 calorum
1255 3028 1322 3070 ac
1371 3023 1537 3072 terra
1577 3030 1828 3086 praeor-

129 3106 458 3164 dialissimis
496 3106 764 3176 precibus
799 3103 1202 3174 pulsavissent,
1250 3112 1306 3160 et
1362 3105 1509 3160 sicut
1562 3105 1828 3161 Ansellus

129 3197 426 3266 presbyter
482 3194 734 3252 ecclesia
785 3193 1026 3248 sacrista
1093 3193 1236 3248 mihi
1281 3193 1494 3260 retulit,
1556 3193 1824 3250 letaniam

129 3293 314 3343 matre
375 3284 824 3354 pranuntiante,
891 3281 1009 3338 ﬁlia
1065 3282 1601 3348 submurmurante,
1669 3297 1736 3339 ac
1777 3284 1824 3340 si

130 3375 341 3433 scirent
389 3373 603 3429 litteras
652 3371 901 3427 mirabili
947 3369 1148 3426 ordine
1201 3370 1541 3437 texuisseut,
1587 3371 1704 3428 filia
1753 3373 1823 3427 ad

132 3463 328 3520 llatris
358 3461 605 3532 Virginis
630 3461 812 3516 altare
846 3458 1229 3530 progreditur,
1262 3458 1638 3528 ﬂebiliterque
1666 3475 1826 3516 com-

131 3551 418 3623 plectitur,
455 3563 705 3618 moxque
735 3548 896 3603 ﬂlum
922 3547 1071 3602 inter
1107 3546 1307 3602 oscula
1335 3546 1538 3603 crebra
1569 3547 1822 3604 laxatur.

132 3641 218 3696 Ad
249 3639 537 3695 theatrum
570 3645 743 3693 tanta
795 3636 996 3708 gratia
1024 3635 1213 3691 clerus
1238 3641 1294 3691 et
1355 3635 1602 3704 populus
1632 3647 1826 3691 accer-

129 3729 225 3794 sit,
257 3727 496 3783 inﬁnitis
526 3725 799 3782 laudibus
844 3738 976 3780 cum
1009 3724 1122 3780 Deo
1150 3723 1324 3794 Virgo
1382 3723 1561 3778 Mater
1611 3723 1826 3780 attolli-

130 3825 250 3884 tur,
282 3822 422 3871 ὃτι
482 3829 613 3885 qua
644 3815 700 3868 in
726 3827 792 3869 eo
832 3813 1108 3883 Reginam
1163 3819 1486 3880 matryrum
1514 3825 1574 3867 se
1613 3812 1826 3881 proba-

130 3905 233 3972 vit,
266 3903 420 3974 quod
441 3901 805 3958 commissam
837 3901 893 3956 in
929 3907 1238 3970 martyrem
1269 3899 1499 3969 culpam
1532 3912 1634 3970 pro
1663 3914 1721 3956 se
1746 3901 1828 3956 sic

129 3991 254 4049 ulta
283 3999 390 4060 est,
420 3992 569 4047 sicut
599 3997 817 4046 motum
855 3987 1106 4057 denique
1139 4001 1310 4042 suum
1345 3987 1404 4042 in
1443 3987 1827 4046 satisfactione

129 4079 363 4150 placuit.
419 4079 534 4135 Nec
583 4091 789 4147 parum
848 4076 1118 4146 martyris
1165 4075 1434 4132 nobilitas
1461 4075 1690 4144 claruit,
1725 4079 1826 4147 qui

129 4170 191 4224 in
217 4182 284 4224 eo
315 4167 470 4238 quod
512 4165 919 4237 pauperculam
966 4165 1240 4221 humilem
1297 4165 1504 4235 puniit,
1538 4174 1825 4236 quantum

129 4256 429 4326 superbos,
463 4255 565 4326 qui
611 4254 718 4310 sibi
757 4255 1158 4318 adversantur,
1191 4253 1529 4310 adversetur
1559 4254 1826 4311 innotuit.

131 4345 253 4400 Hoc
297 4342 355 4398 in
385 4342 585 4398 eadem
626 4355 744 4411 qua
776 4341 989 4397 factum
1034 4348 1119 4396 est
1143 4341 1402 4407 ecclesia,
1436 4341 1577 4397 mihi
1600 4351 1656 4398 et
1685 4343 1830 4399 rela-

132 4439 282 4499 tum,
340 4439 397 4486 et
445 4430 606 4486 illum
670 4429 829 4486 mira
900 4428 1179 4500 grossitiei
1237 4443 1371 4485 cum
1435 4430 1584 4486 nodo
1641 4431 1834 4487 adhuc

131 4527 377 4577 cruento
444 4533 479 4574 a
556 4518 787 4588 prafato
871 4518 1201 4587 presbytero
1263 4525 1575 4574 ostensum.
1640 4519 1832 4576 Simile

131 4609 276 4679 quid
295 4608 469 4664 etiam
501 4607 560 4662 in
590 4607 680 4662 die
702 4605 1175 4662 Annuntiationis
1206 4605 1386 4661 beata
1413 4606 1607 4663 Maria
1635 4616 1831 4664 nostra

127 4703 299 4752 atate
343 4703 428 4751 est
479 4702 695 4759 actum,
755 4693 910 4764 quod
957 4706 992 4748 a
1042 4693 1300 4750 Batbodo
1353 4694 1514 4749 urbis
1570 4695 1831 4766 episcopo

127 4790 355 4840 constat
383 4783 685 4853 scriptum.

199 4870 416 4927 Milites
439 4871 538 4944 qui
581 4869 891 4943 Novigenti
929 4885 1026 4924 res
1061 4869 1428 4927 abstulerant
1475 4887 1513 4924 a
1572 4869 1830 4940 Deipara

119 4959 571 5032 plectuntur.—
609 4963 668 5016 In
723 4962 829 5018 hac
881 4961 1002 5030 ipsa
1050 4959 1377 5030 Novigenti,
1419 4959 1514 5014 cui
1546 4960 1658 5014 Deo
1686 4974 1830 5014 auc-

125 5057 255 5106 tore
283 5051 589 5115 servimus,
631 5048 902 5115 Ecclesia,
955 5047 1119 5104 miles
1149 5046 1388 5117 quidam
1436 5047 1700 5116 rapinam
1746 5046 1829 5102 fe-

127 5144 310 5202 cerat,
352 5136 595 5192 fratrum
631 5137 845 5192 scilicet
874 5136 1048 5192 boves
1085 5135 1430 5202 abduxerat,
1463 5134 1831 5191 Calviacum-

129 5237 249 5294 que
278 5231 534 5278 castrum
564 5224 893 5291 deveniens,
928 5237 1113 5280 unum
1164 5223 1234 5278 de
1287 5223 1471 5278 bobus
1523 5223 1831 5277 comeden-

128 5312 274 5368 dum
318 5327 354 5368 a
407 5326 486 5379 se,
525 5319 588 5368 ut
644 5313 901 5382 putabat,
962 5312 1452 5382 complicibusque
1503 5312 1828 5368 decoxerat.

131 5401 222 5456 Ad
275 5401 522 5470 primum
557 5415 694 5472 ergo
745 5401 899 5470 quod
930 5400 1000 5454 de
1029 5400 1304 5455 carnibus
1351 5399 1463 5455 illis
1489 5400 1574 5455 ori
1616 5399 1828 5468 intulit,

131 5489 334 5545 divina
367 5488 582 5544 virtute
611 5487 950 5557 percutitur,
981 5494 1037 5542 et
1076 5493 1319 5557 uterque
1363 5489 1412 5543 ei
1440 5487 1590 5544 inter
1629 5490 1828 5544 masti-

1935 3028 2006 3084 de
2064 3024 2384 3082 reverentia
2439 3023 2651 3079 sanctis
2704 3022 3032 3078 exhibenda
3087 3021 3275 3077 dicere
3331 3020 3632 3090 capimus,

1934 3115 2319 3184 municipium
2345 3119 2430 3168 est
2462 3113 2519 3167 iu
2549 3113 2745 3168 eodem
2799 3125 2950 3182 pago
3007 3110 3365 3167 Belvacensis
3409 3109 3635 3178 episco-

1937 3203 2038 3274 pii,
2070 3202 2226 3273 quod
2276 3199 2467 3256 Sancti
2515 3199 2660 3254 Justi
2704 3207 2964 3253 vocatur.
2999 3199 3064 3252 In
3099 3213 3234 3267 quo.
3270 3210 3402 3252 cum
3435 3193 3634 3251 seditio

1935 3299 2091 3347 mota
2164 3290 2378 3356 fuisset,
2412 3296 2467 3344 et
2549 3287 2770 3344 enormi
2820 3287 3157 3342 insolentia
3217 3287 3358 3341 viles
3417 3284 3637 3355 quique

1935 3377 2190 3434 clientuli
2262 3390 2396 3432 cum
2477 3375 2868 3445 burgensibus
2945 3375 3386 3438 baccharentur,
3446 3370 3635 3428 clerici

1934 3466 2112 3522 sancti
2160 3466 2324 3534 pueri
2357 3479 2423 3520 ac
2455 3465 2723 3534 martyris
2773 3463 2920 3519 Iusti
2979 3462 3254 3532 reliquias
3307 3462 3380 3516 ad
3433 3460 3632 3515 seden-

1935 3554 2074 3609 dum
2133 3552 2412 3622 populum
2469 3553 2526 3606 in
2580 3551 2767 3607 loculo
2815 3550 3166 3606 detulerunt.
3215 3548 3319 3605 Cui
3395 3547 3633 3618 quidam

1934 3641 2320 3710 Opportunior
2373 3640 2596 3695 cateris
2639 3653 2842 3695 revera
2886 3638 3172 3708 parasitus
3209 3651 3340 3692 cum
3385 3649 3444 3692 se
3475 3642 3630 3690 retu-

1938 3729 2095 3784 lisset
2127 3727 2386 3791 obvium,
2420 3727 2677 3798 gladium
2733 3727 3056 3782 irreverens
3081 3733 3137 3780 et
3157 3737 3408 3794 nequam
3439 3735 3628 3778 sacra-

1938 3817 2157 3873 tissimo
2215 3815 2402 3872 loculo
2449 3815 2658 3870 intulit.
2715 3815 2821 3879 Qui
2869 3814 3020 3870 dicto
3081 3813 3251 3869 citius
3305 3812 3364 3866 in
3422 3819 3633 3866 terram

1935 3919 2130 3971 ruens,
2173 3903 2366 3970 fetida,
2401 3911 2464 3960 ut
2514 3902 2606 3959 ille
2637 3903 2925 3973 superius,
2971 3901 3087 3957 alvi
3118 3900 3443 3956 manatione
3471 3912 3633 3955 com-

1936 3993 2176 4063 putruit.

2006 4081 2312 4151 Presbyter
2335 4095 2477 4151 pene
2506 4095 2714 4134 veneno
2755 4076 3066 4134 exstinctus
3098 4076 3168 4130 Β.
3201 4073 3473 4130 Marcelli
3510 4089 3637 4128 me-

1933 4168 2068 4224 ritis
2121 4168 2390 4240 sospitati
2445 4166 2729 4223 redditur.
2766 4197 2835 4207 —
2884 4168 2946 4222 ln
3000 4165 3198 4222 eodem
3252 4161 3638 4220 Bellovaceusi

1871 4246 1914 4300 D
1942 4272 2088 4329 pago
2115 4259 2268 4328 apud
2309 4256 2623 4327 quamdam
2680 4254 2876 4311 villam
2931 4255 3170 4326 quidam
3222 4253 3514 4323 presbyter
3543 4265 3639 4306 re-

1940 4347 2108 4417 gebat
2139 4345 2474 4402 Ecclesiam.
2521 4346 2700 4408 Quem
2730 4345 2870 4400 dum
2896 4343 3134 4414 quidam
3168 4341 3422 4398 rusticus
3465 4339 3638 4394 nimis

1939 4433 2320 4490 insectaretur
2399 4433 2550 4498 odio,
2619 4432 2760 4487 adeo
2801 4431 3046 4487 invaluit
3107 4437 3170 4486 ut
3233 4443 3366 4485 eum
3417 4426 3639 4482 tradere

1940 4523 2221 4578 niteretur
2298 4521 2492 4577 exitio.
2577 4519 2724 4587 Quia
2783 4533 2919 4590 ergo
2976 4518 3163 4588 palam
3226 4531 3340 4572 non
3398 4520 3637 4584 poterat,

1940 4611 2054 4666 huc
2109 4609 2383 4666 veneﬁcio
2455 4621 2828 4678 corrumpere
2896 4613 3081 4676 parat.
3161 4603 3438 4659 Bufonem
3498 4615 3636 4672 ergo

1940 4713 2038 4770 per
2078 4699 2336 4755 membra
2363 4697 2666 4753 discissum
2721 4696 2781 4750 iu
2815 4695 3040 4750 fictilem
3078 4693 3207 4762 ejus
3233 4689 3634 4760 ampullulam,

1939 4800 2059 4856 qua
2112 4785 2315 4840 vinum
2368 4785 2440 4841 ad
2494 4784 2698 4840 missas
2726 4795 2957 4838 servare
2989 4785 3392 4842 consueverat,
3444 4777 3634 4833 trusit.

1939 4873 2129 4930 Solent
2164 4881 2358 4929 autem
2412 4872 2747 4944 hujusmodi
2787 4871 2858 4925 ad
2902 4869 2956 4924 id
3008 4868 3196 4938 operis
3227 4879 3364 4922 vasa
3401 4866 3544 4930 fieri,
3573 4872 3638 4920 ut

1939 4967 2096 5015 arcto
2123 4966 2179 5015 et
2219 4958 2522 5028 productili
2569 4957 2732 5022 collo,
2766 4964 2965 5011 ventre
3000 4953 3338 5024 projectiora
3362 4951 3632 5007 existant.

1939 5047 2022 5102 Ad
2086 5046 2288 5102 missas
2333 5061 2469 5117 ergo
2533 5045 2826 5115 presbyter
2878 5042 3132 5108 veniens,
3194 5041 3331 5096 vino
3373 5039 3468 5095 illo
3513 5038 3633 5108 jam

1937 5135 2252 5191 veneﬁcato
2325 5135 2595 5204 mysteria
2658 5145 2824 5188 sacra
2885 5131 3020 5201 egit.
3096 5129 3320 5193 Quibus
3398 5125 3641 5196 expletis

1939 5223 2236 5280 mortifera
2305 5222 2475 5292 capit
2543 5220 2969 5277 exanimatione
3044 5219 3306 5283 deficere,
3385 5213 3640 5270 fastidire

1939 5313 2110 5376 cibos,
2147 5325 2346 5367 mansa
2396 5309 2692 5390 bibitaque
2749 5308 3000 5378 rejicere,
3051 5314 3108 5361 et
3159 5304 3396 5360 omnino
3455 5303 3637 5359 tabes-

1939 5415 2081 5456 cere.
2128 5402 2433 5468 Postquam
2487 5406 2674 5453 autem
2734 5395 2836 5452 diu
2895 5396 3036 5451 lecto
3074 5393 3446 5455 decubuerat,
3507 5397 3642 5445 tan-

1938 5490 2065 5545 dem
2098 5488 2195 5544 vix
2227 5487 2544 5543 elaboravit
2568 5499 2904 5555 exsurgere,
2949 5483 3302 5552 veniensque
3331 5479 3403 5535 ad
3455 5479 3640 5536 eccle-
