3922 6080
293 235 395 289 955

1193 229 1253 282 V.
1295 228 1624 284 GUIBERT]
1663 228 1956 284 ABBATIS
1993 229 2054 284 S.
2105 229 2342 284 ΜΑΒΙΑΞ
2379 227 2470 282 DE
2508 227 2893 286 NOVIGENTO

3688 230 3806 284 956

291 371 456 435 siam,
489 383 590 425 vas
629 369 780 425 unde
809 366 993 422 morbi
1020 366 1300 435 originem
1331 379 1389 421 se
1419 364 1728 434 sumpsisse
1767 378 1979 435 cogno-
2017 366 2062 418 Α
2092 370 2220 420 ture
2268 362 2472 419 adime.
2517 363 2691 430 Dixit,
2751 370 2806 418 et
2857 363 2930 418 ab
2985 363 3170 418 oculis
3195 363 3324 433 ejus
3353 377 3413 419 se
3440 362 3806 420 subtrahens

291 467 474 524 verat,
515 459 697 514 tenuit
750 456 1051 524 cultroque
1097 453 1310 509 collum
1373 453 1638 508 obterens
1697 450 1984 522 quidquid

293 548 442 603 intro
474 547 684 601 latebat
725 544 986 598 humoris
1029 556 1130 611 per
1161 542 1488 610 pavimenta
1543 541 1812 610 profudit.
1848 541 1986 595 Erat

292 641 482 689 autem
513 633 656 686 idem
707 630 898 685 videre
945 629 1064 700 jam
1096 643 1168 684 ex
1216 629 1746 684 consecratione.....
1791 641 1984 682 semen

290 720 624 776 bufunculis
655 720 942 774 uberrime
992 718 1244 786 plenum.
1296 717 1581 787 Comperit
1633 717 1798 771 homo
1829 716 1984 785 quod

292 808 604 878 pracordia
664 821 771 863 sua
843 806 1124 862 mortibus
1195 813 1382 860 essent
1447 805 1693 870 addicta,
1737 813 1792 860 et
1847 805 1985 859 dum

289 894 742 963 desperatissime
797 893 1159 962 prastolatur
1203 893 1562 948 imminentia
1605 892 1738 958 fata,
1781 891 1986 960 accipit

291 982 472 1037 haca
515 983 766 1050 quodam
826 980 1082 1035 consilia.
1136 980 1187 1036 Si
1241 981 1345 1047 vis,
1395 981 1492 1046 ait,
1545 981 1808 1049 pestifera
1854 994 1984 1048 qua

289 1067 592 1138 concepisti
645 1083 894 1139 egerere,
956 1075 1058 1123 aut
1107 1069 1176 1123 de
1218 1068 1480 1137 sepulcro
1531 1067 1779 1123 Marcelli
1821 1067 1986 1122 Pari-

289 1159 504 1214 siorum
552 1158 855 1228 pontiﬁcis,
898 1165 1000 1212 aut
1054 1157 1124 1212 de
1154 1157 1321 1212 altari
1355 1156 1483 1227 ejus
1533 1157 1827 1226 pulverem
1883 1155 1983 1210 tibi

287 1246 476 1301 aﬁerri
509 1259 723 1316 quare,
771 1260 944 1314 quem
999 1245 1138 1300 dum
1198 1259 1332 1300 cum
1378 1259 1534 1314 aqua
1584 1244 1863 1310 hauseris,
1914 1244 1985 1300 de

288 1342 388 1390 tua
444 1334 702 1403 protinus
784 1333 1123 1390 salubritate
1192 1334 1434 1388 confide.
1497 1332 1660 1396 Quod
1708 1347 1840 1388 cum
1890 1332 1984 1389 ille

285 1423 470 1479 facere
526 1431 890 1489 maturasset,
924 1436 1115 1477 sacros
1167 1436 1300 1478 cum
1355 1421 1552 1478 multis
1598 1421 1668 1476 ad
1717 1429 1982 1477 sanctum

284 1510 585 1567 affectibus
659 1511 925 1580 pulveres
975 1510 1182 1577 ebibit;
1259 1525 1365 1565 nec
1429 1523 1590 1566 mora
1645 1525 1777 1566 cum
1824 1510 1980 1565 omni

283 1599 679 1654 circumstanti
713 1597 1019 1652 virulentia
1051 1598 1405 1653 infinitarum
1461 1598 1750 1667 reptilium
1784 1598 1982 1669 globos

283 1687 509 1756 egessit,
543 1687 878 1754 malumque
922 1685 1258 1741 universum
1299 1685 1521 1739 reddita
1571 1688 1838 1754 sospitate
1889 1699 1978 1741 re-

285 1774 468 1829 cessit.
502 1774 617 1829 Nec
656 1773 864 1828 mirum
933 1775 977 1828 si
1036 1774 1148 1828 Deo
1211 1787 1462 1842 praesens
1518 1773 1821 1828 Marcellus
1863 1773 1983 1829 hac

287 1870 540 1931 peragat,
589 1861 690 1930 qui
724 1861 796 1916 ab
826 1876 892 1916 eo
939 1861 1192 1930 corporis
1234 1861 1535 1917 interstitio
1589 1862 1794 1918 absens
1844 1863 1980 1918 olim

286 1965 398 2006 non
424 1951 646 2006 minora
674 1951 732 2005 in
760 1950 929 2005 simili
965 1965 1025 2005 re
1056 1958 1333 2020 patrarat.

918 2089 1148 2147 CAPUT
1187 2090 1338 2146 XIX.

355 2213 598 2280 Quidam
623 2213 896 2269 damonis
939 2214 1208 2269 suasione
1245 2214 1357 2270 sibi
1404 2218 1645 2270 mortem
1685 2215 1977 2284 conscivit,

279 2304 381 2358 sed
411 2319 516 2375 per
571 2305 632 2357 S.
686 2303 971 2358 Jacobum
1027 2303 1105 2357 ad
1151 2303 1331 2358 vitam
1381 2307 1695 2358 revocatur.
1730 2336 1798 2344 —
1840 2305 1978 2368 Qua

283 2392 546 2448 dicturus
577 2406 704 2447 sum
757 2392 967 2447 nostris
1006 2391 1267 2447 inaudita
1315 2393 1669 2462 temporibus
1709 2394 1980 2450 relatione

281 2479 584 2550 cujusdam
639 2480 886 2550 religiosi
919 2494 986 2536 ac
1025 2495 1158 2536 vere
1203 2481 1440 2536 humilis
1472 2482 1733 2536 monachi
1763 2483 1976 2552 accepi.

283 2567 391 2630 Qui
433 2568 667 2637 quidem
721 2567 1006 2624 .loffredus
1053 2577 1308 2624 vocatur.
1376 2569 1735 2625 SainurenSIS
1782 2585 1978 2640 quon-

282 2656 414 2711 dam
478 2657 649 2712 castri
709 2664 764 2711 et
821 2657 1065 2712 aliorum
1142 2665 1462 2712 castrorum
1514 2657 1569 2712 in
1638 2659 1978 2728 Burgundia

279 2743 551 2798 dominus
592 2741 722 2810 fuit,
773 2746 943 2814 cujus
980 2745 1093 2798 vita
1134 2744 1272 2814 quia
1323 2759 1456 2800 vero
1523 2751 1672 2800 6“
1733 2755 1978 2816 cognata

280 2830 654 2900 dignoscitur,
708 2832 880 2886 verba
916 2845 1137 2887 sua.....
1192 2832 1302 2902 =[f.,
1350 2846 1449 2900 per
1495 2833 1575 2902 se]
1635 2834 1978 2891 conferenda

281 2927 574 2988 putamus.
613 2919 826 2974 Relatio
856 2927 1048 2975 autem
1081 2920 1161 2975 sic
1207 2935 1264 2975 se
1304 2921 1492 2976 habet.
1533 2921 1769 2976 Iuvenis
1810 2925 1976 2992 quis-

280 3006 432 3076 piam
477 3007 536 3061 in
596 3007 992 3077 superioribus
1050 3015 1336 3062 terrarum
1399 3008 1506 3064 sibi
1562 3010 1973 3081 contiguarum

273 3093 542 3162 partibus
584 3092 792 3160 fuerat,
853 3096 954 3164 qui
1014 3095 1238 3150 femina
1293 3095 1523 3151 cuidam
1579 3111 1692 3152 non
1743 3099 1969 3164 uxorio,

278 3181 336 3236 id
372 3190 457 3237 est
504 3183 712 3246 debito,
745 3183 841 3239 sed
883 3185 1169 3248 usurario,
1215 3192 1278 3239 ut
1326 3186 1646 3241 secundum
1703 3187 1970 3243 Solinu...

279 3269 502 3338 loquar,
572 3270 628 3325 id
681 3278 783 3336 est,
842 3271 1092 3327 indebito
1149 3287 1341 3328 amore
1397 3274 1725 3330 cohaserat.
1782 3277 1833 3329 ls
1867 3276 1971 3332 ali-

277 3357 512 3426 quando
541 3357 956 3427 aliquantisper
1017 3360 1350 3428 resipiscens
1381 3361 1452 3415 ad
1493 3362 1767 3418 Sanctum
1805 3365 1974 3420 Jaco-

279 3446 417 3500 bum
461 3444 737 3501 Galiciam
780 3446 1057 3502 orationis
1085 3450 1269 3517 gratia
1311 3449 1618 3506 meditatur
1649 3452 1827 3507 abire.
1867 3452 1973 3508 Sed

277 3535 336 3588 in
367 3533 490 3602 ipsa
523 3534 629 3603 pia
661 3534 990 3590 intentionis
1019 3549 1210 3591 massa
1238 3537 1514 3606 quiddam
1573 3539 1831 3596 fermenti
1883 3541 1974 3595 in-

277 3622 522 3690 seritur;
553 3635 686 3678 nam
733 3623 1033 3693 cingulum
1069 3625 1327 3680 mulieris
1355 3640 1546 3682 secum
1579 3628 1637 3682 in
1681 3628 1778 3684 illa
1809 3644 1973 3698 pere-

277 3711 600 3790 grinatiqne
678 3721 1000 3780 asportans,
1073 3727 1138 3767 eo
1213 3727 1314 3782 pro
1379 3715 1504 3784 ejus
1583 3717 1974 3772 recordatione

276 3799 558 3862 abutitur,
590 3806 645 3854 et
691 3807 845 3855 recta
874 3800 1001 3870 ejus
1047 3801 1257 3856 oblatio
1301 3816 1413 3857 non
1439 3804 1560 3872 jam
1617 3812 1765 3859 recte
1819 3805 1973 3860 divi-

275 3887 452 3943 ditur.
495 3888 648 3942 lnter
693 3889 953 3943 eundum
1001 3903 1136 3959 ergo
1180 3890 1445 3946 diabolus
1484 3893 1836 3948 occasionem
1879 3894 1973 3948 in-

274 3976 547 4031 cursandi
602 3977 904 4044 hominem
973 3985 1196 4043 nactus,
1263 3988 1499 4048 apparet
1554 3979 1602 4034 ei
1673 3981 1731 4035 in
1788 3985 1973 4050 specie

273 4063 490 4127 Jacobi,
529 4071 584 4118 et
632 4064 747 4118 ait:
791 4063 913 4129 Quo
977 4065 1195 4120 tendis?
1241 4067 1324 4122 Ad
1401 4067 1695 4134 Sanctum,
1761 4069 1970 4138 inquit,

272 4151 568 4206 Iacobum.
617 4150 743 4206 Non
799 4153 959 4219 bene,
994 4154 1095 4214 ait.
1148 4155 1327 4210 vadis.
1379 4156 1499 4226 Ego
1548 4171 1678 4212 sum
1725 4157 1974 4213 Jacobus

2095 451 2152 505 in
2185 451 2365 506 multa
2395 451 2599 506 mentis
2621 450 2908 505 hominem
2952 449 3322 518 perversitate
3354 449 3606 518 reliquit.

2162 539 2250 594 Ad
2318 539 2625 607 hospitium
2677 538 2853 607 igitur
2910 546 3072 592 nocte
3126 539 3482 606 perveniens,
3542 535 3802 600 diabolo,

2092 641 2205 680 non
2239 635 2301 682 ut
2342 627 2600 695 putabat,
2635 626 2906 695 apostolo,
2954 625 3054 694 qui
3104 640 3162 680 se
3211 633 3512 680 monuerat
3562 624 3808 680 obedire

2095 723 2494 784 praproperat.
2559 714 2986 769 Dormientibus
3035 714 3232 782 itaque
3274 713 3440 768 sociis
3476 713 3806 768 mentulam

2094 803 2203 858 sibi
2239 805 2422 871 primo
2451 803 2724 871 pracidit,
2754 803 2958 857 deinde
2985 803 3236 857 cultrum
3281 804 3501 872 gutturi
3560 802 3805 855 immer-

2095 892 2198 961 git.
2271 890 2412 946 Cum
2473 892 2771 946 stridorem
2831 890 3145 954 morientis,
3213 897 3267 944 et
3309 891 3589 959 crepitum
3654 902 3812 943 san-

2093 978 2288 1048 guinis
2329 978 2755 1047 prorumpentis
2801 978 3032 1032 comites
3079 977 3509 1039 subaudissent,
3557 976 3812 1055 exciun-

2093 1076 2190 1124 tur
2237 1082 2271 1122 a
2312 1082 2531 1132 somno,
2581 1074 2654 1132 et,
2705 1066 2922 1121 lumine
2978 1067 3255 1132 adhibito,
3302 1066 3440 1134 quid
3492 1066 3647 1120 circa
3694 1065 3810 1120 ho-

2093 1158 2303 1210 minem
2347 1155 2559 1210 factum
2607 1154 2778 1209 fuerit
2812 1154 3024 1208 vident.
3079 1154 3312 1209 Marent
3360 1154 3628 1222 denique,
3679 1161 3810 1207 tam

2091 1243 2344 1300 funestos
2383 1243 2595 1298 sodalis
2636 1243 2725 1298 sui
2774 1243 2964 1297 exitus
3007 1243 3382 1308 attendentes,
3436 1243 3532 1296 sed
3584 1241 3733 1310 quid
3769 1253 3810 1294 a

2089 1332 2348 1388 damone
2406 1331 2630 1387 consilii
2706 1332 2987 1399 acceperit
3051 1331 3382 1386 nescientes.
3443 1330 3590 1393 Quia
3654 1343 3809 1398 ergo

2091 1434 2210 1491 qua
2240 1420 2294 1476 id
2334 1433 2512 1476 causa
2558 1420 2609 1475 ei
2653 1420 2975 1489 contigerit,
3039 1420 3401 1489 ignorarunt,
3464 1426 3654 1474 tamen
3715 1417 3806 1472 illi

2089 1525 2290 1568 curam
2309 1511 2729 1581 exsequiarum
2765 1524 2879 1564 non
2913 1517 3232 1580 negarunt;
3281 1509 3551 1579 quodque
3605 1507 3809 1562 taliter

2091 1608 2316 1655 mortuo
2385 1599 2701 1654 indebitum
2764 1597 2970 1664 fuerat,
3042 1611 3142 1666 pro
3207 1596 3658 1666 comperegrino,
3733 1603 3807 1652 ut

2017 1656 2061 1712 Β
2089 1688 2412 1755 videbatur,
2459 1702 2564 1743 suo
2625 1686 2928 1742 missarum
2983 1685 3172 1741 ofﬁcia
3219 1685 3491 1740 celebrari
3544 1684 3807 1739 manda-

2090 1784 2248 1831 runt.
2284 1775 2508 1839 Quibus
2532 1775 2604 1829 ad
2661 1775 2841 1829 Deum
2898 1774 3138 1830 fideliter
3194 1773 3354 1838 fusis,
3409 1773 3624 1842 placuit
3681 1773 3806 1828 Deo

2089 1873 2154 1921 ut
2183 1864 2450 1919 resarcito
2507 1863 2745 1918 vulnere
2799 1862 3073 1931 gutturis,
3109 1861 3284 1916 vitam
3316 1875 3415 1930 per
3469 1860 3804 1930 apostolum

2087 1963 2258 2006 suum
2321 1957 2614 2019 repararet
2641 1947 2944 2004 exstincto.
2996 1948 3333 2018 Exsurgens
3366 1947 3538 2017 igitur
3597 1947 3802 2014 homo,

2085 2050 2141 2098 et
2189 2042 2412 2098 cunctis
2453 2055 2632 2112 supra
2671 2055 2846 2111 quam
2897 2041 3004 2096 dici
3058 2047 3236 2110 potest
3293 2039 3614 2095 redivivum
3677 2049 3805 2095 stu-

2087 2129 2356 2200 pentibus
2383 2121 2487 2184 fari
2529 2127 2744 2196 incipit.
2798 2126 3233 2182 Sciscitantibus
3283 2128 3477 2195 itaque
3533 2125 3638 2195 qui
3691 2126 3802 2180 ad-

2085 2227 2251 2274 erant
2295 2217 2436 2288 quid
2479 2217 2657 2272 animi
2689 2217 2748 2270 in
2806 2231 2864 2271 se
2932 2214 3324 2270 interﬁciendo
3373 2215 3663 2278 habuerit,
3725 2215 3803 2269 de

2087 2306 2370 2362 diabolica
2391 2306 2502 2361 sub
2549 2304 2785 2374 apostoli
2837 2305 3069 2358 nomine
3123 2302 3483 2371 apparitione
3554 2303 3798 2358 fatetur.

2088 2395 2408 2464 lnquisitus
2456 2393 2610 2463 quod
2669 2392 2956 2463 judicium
3001 2399 3123 2460 post
3161 2390 3253 2445 sui
3306 2391 3680 2446 homicidium
3733 2393 3801 2447 in

2087 2484 2296 2552 spiritu
2363 2494 2612 2537 censura
2668 2479 2926 2545 subierit,
2976 2481 3089 2534 ait:
3144 2482 3290 2534 Ante
3355 2479 3452 2534 Dei
3509 2480 3802 2534 thronum

2086 2572 2195 2627 sub
2227 2569 2527 2640 prasentia
2569 2568 2892 2623 communis
2930 2569 3176 2622 domina
3209 2567 3304 2622 Dei
3329 2567 3619 2636 genitricis
3675 2569 3805 2623 vir-

2087 2660 2236 2728 ginis
2263 2658 2476 2724 Maria,
2513 2657 2610 2713 uhi
2648 2665 2701 2711 et
2726 2665 3004 2726 patronus
3034 2669 3198 2709 meus
3236 2655 3525 2724 apostolus
3549 2666 3806 2711 sanctus

2084 2747 2333 2804 Jacobus
2357 2746 2573 2811 aderat,
2615 2743 2841 2798 delatus
2896 2757 3046 2797 sum.
3090 2742 3211 2797 Illic
3238 2757 3370 2798 cum
3393 2743 3533 2812 quid
3582 2743 3656 2797 de
3704 2759 3805 2800 me

2087 2838 2246 2891 fieret
2271 2848 2462 2890 coram
2531 2834 2646 2888 Deo
2705 2839 3069 2897 tractaretur,
3127 2838 3182 2886 et
3249 2832 3449 2886 beatus
3493 2832 3806 2900 apostolus

2015 2947 2058 3004 α
2089 2937 2306 2980 memor
2337 2922 2666 2978 intentionis
2712 2934 2872 2980 mea,
2919 2919 3044 2974 licet
3099 2918 3449 2987 peccatricis,
3481 2927 3534 2972 et
3593 2919 3807 2974 adhuc

2082 3021 2386 3082 corrupta,
2438 3025 2540 3080 pro
2591 3024 2680 3064 me
2761 3007 3123 3063 Benedictam
3194 3007 3348 3062 illam
3432 3015 3800 3075 precaretur,

2081 3106 2207 3174 ipsa
2257 3116 2329 3156 ex
2378 3114 2475 3154 ore
2522 3097 2852 3154 dulcissimo
2886 3096 3226 3152 sententiam
3277 3095 3531 3165 protulit,
3568 3097 3802 3151 homini

2082 3195 2288 3249 misero
2319 3187 2740 3258 indulgendum
2765 3186 2903 3252 fore,
2943 3199 3117 3253 quem
3191 3185 3520 3253 malignitas
3570 3185 3798 3239 diaboli

2080 3282 2188 3337 sub
2245 3285 2443 3334 sancta
2497 3277 2680 3344 Specie
2709 3275 2790 3328 sic
2837 3275 3074 3343 contigit
3124 3274 3424 3328 corruisse.
3487 3271 3705 3334 Siclme
3737 3274 3800 3328 in

2081 3369 2356 3425 saculum
2401 3367 2522 3421 hac
2567 3363 2658 3435 [f.,
2707 3363 2832 3432 hoc]
2866 3362 3055 3417 evenit
3101 3362 3171 3416 ad
3206 3363 3310 3416 mei
3351 3361 3797 3429 correctionem,

2080 3465 2136 3513 et
2207 3456 2415 3511 horum
2500 3450 3014 3516 denuntiationem,
3068 3450 3182 3505 Deo
3232 3450 3471 3519 jubente
3527 3449 3794 3505 rediisse.

2081 3545 2282 3601 Senior
2330 3556 2487 3611 ergo,
2534 3541 2634 3610 qui
2682 3539 2809 3594 hac
2853 3539 2995 3593 mihi
3029 3538 3244 3604 retulit,
3269 3538 3341 3593 ab
3380 3552 3446 3591 eo
3474 3537 3576 3606 qui
3629 3539 3800 3592 redi-

2084 3634 2284 3687 vivum
2319 3631 2541 3685 viderat
2567 3642 2626 3682 se
2680 3627 2908 3682 audisse
2963 3625 3241 3679 narravit.
3296 3624 3439 3680 Nam
3493 3623 3802 3679 ferebatur

2079 3721 2248 3776 etiam
2284 3719 2438 3790 quod
2468 3717 2707 3772 cicatrix
2745 3714 2982 3769 evidens
3019 3721 3074 3768 et
3104 3713 3348 3784 insngnis
3392 3713 3471 3767 illi
3506 3715 3804 3768 remansit

2081 3811 2137 3865 in
2173 3817 2428 3878 gutture,
2460 3820 2592 3875 qua
2621 3802 2965 3858 miraculum
3014 3801 3428 3864 circumferret,
3468 3811 3522 3854 et
3577 3801 3804 3858 abrasa

2080 3899 2297 3963 tentigo
2352 3894 2736 3964 pertulusum,
2791 3899 2854 3947 ut
2909 3891 2989 3945 sic
3033 3890 3241 3955 dicam,
3300 3889 3373 3944 ad
3421 3889 3807 3956 urinas_resi-

2080 3982 2263 4036 duum
2299 3982 2609 4036 habuisset.

2150 4069 2468 4124 Monachus
2497 4069 2651 4139 quod
2664 4065 3079 4122 monasterium
3095 4069 3399 4132 mutasset,
3430 4065 3585 4122 obita
3603 4071 3806 4122 morte

2077 4156 2152 4210 ad
2181 4159 2445 4212 thronum
2481 4158 2586 4210 Dei
2624 4155 2948 4221 adducitur,
2994 4155 3349 4226 jubeturque
3387 4154 3464 4208 ad
3508 4156 3802 4210 caculam

275 4239 344 4294 ad
381 4253 554 4308 quem
614 4254 902 4310 properas,
965 4243 1060 4296 sed
1105 4257 1221 4298 rem
1277 4258 1416 4299 mea
1458 4244 1726 4315 dignitati
1778 4253 1964 4302 tecum
2006 4241 2050 4293 Ι)
2079 4245 2268 4300 redire
2295 4245 2528 4316 agenda
2555 4261 2732 4298 causa
2771 4243 3133 4314 pandentia.
3166 4274 3233 4283 —-
3268 4243 3517 4299 Celebris
3546 4258 3804 4313 quoque

276 4327 733 4398 indignissimam
793 4339 1002 4398 portas.
1052 4331 1194 4388 Cum
1246 4334 1398 4387 enim
1431 4333 1485 4387 in
1514 4334 1688 4389 totius
1721 4334 1971 4389 fornica-

273 4416 444 4472 tionis
473 4417 778 4473 volutabro
829 4419 1107 4474 hactenus
1147 4421 1420 4489 jacueris,
1476 4421 1641 4476 modo
1695 4423 1972 4490 panitens

275 4504 362 4558 vis
383 4504 584 4572 videri,
614 4512 670 4560 et
705 4506 874 4575 quasi
919 4507 1170 4576 aliquem
1225 4507 1352 4564 boni
1414 4508 1557 4562 initii
1616 4510 1972 4578 pratendens

274 4592 548 4660 fructum,
580 4593 650 4648 ad
685 4609 866 4649 meam
901 4603 952 4650 te
993 4597 1221 4665 tendere
1254 4598 1610 4665 prasentiam
1667 4599 1968 4668 proﬁteris,

272 4695 406 4736 cum
446 4682 636 4738 adhuc
695 4682 847 4738 illius
887 4684 1147 4739 obscena
1191 4686 1547 4742 muliercula
1601 4694 1712 4743 tua
1787 4688 1971 4744 balteo

273 4769 610 4839 accingaris.
665 4772 915 4827 Erubuit
971 4773 1138 4828 homo
1193 4774 1262 4828 ad
1323 4775 1562 4843 objecta,
1639 4783 1696 4832 et
1734 4778 1972 4833 credens

273 4871 475 4912 revera
529 4859 870 4927 apostolum,
935 4859 1118 4915 infert.
1173 4861 1313 4924 Scio.
1372 4863 1618 4930 domine,
1677 4865 1970 4933 quondam

273 4960 363 5002 me
409 4955 465 5002 et
511 4961 669 5003 nunc
723 4949 895 5003 etiam
958 4948 1400 5020 ﬁagitiosissime
1475 4961 1795 5021 operatum,
1855 4953 1968 5019 dic,

273 5049 490 5104 quaso,
522 5036 661 5105 quid
695 5037 766 5090 ad
827 5043 982 5091 tuam
1029 5037 1385 5094 clementiam
1421 5041 1798 5109 proﬁciscenti
1829 5055 1972 5095 con-

272 5122 384 5177 silii
416 5122 598 5178 dabis.
645 5123 698 5178 Si
733 5124 838 5188 vis,
901 5124 1000 5192 ait,
1047 5126 1250 5196 dignos
1303 5141 1404 5196 pro
1455 5128 1791 5198 perpetratis
1845 5135 1973 5183 tur-

277 5211 634 5279 pitudinibus
696 5212 917 5268 fructus
963 5215 1338 5282 panitudinis
1387 5215 1588 5283 facere,
1645 5217 1968 5272 membrum

276 5296 416 5352 illud
462 5299 613 5353 unde
669 5302 932 5368 peccasti,
983 5311 1271 5358 veretrum
1331 5303 1560 5369 scilicet,
1610 5317 1713 5373 pro
1762 5318 1888 5360 mea
1915 5313 1972 5360 et

277 5383 376 5438 Dei
442 5384 708 5439 fidelitate
741 5389 839 5441 tibi
898 5388 1189 5455 abscinde,
1248 5398 1303 5445 et
1369 5390 1730 5458 postmodum
1789 5391 1968 5461 ipsam

274 5473 474 5538 vitam,
508 5486 685 5542 quam
718 5474 864 5531 male
901 5476 1139 5546 duxisti,
1170 5478 1274 5534 tibi
1317 5478 1525 5549 pariter
1572 5478 1796 5536 desecto
1829 5488 1970 5552 gul-.-

2081 4335 2279 4390 relatio
2307 4343 2410 4398 est,
2436 4334 2532 4388 sed
2585 4333 2774 4388 nescio
2808 4341 3005 4388 utrum
3055 4332 3291 4401 syllabis
3346 4332 3566 4400 uspiam
3617 4346 3803 4387 com-

2083 4423 2368 4486 mendata,
2423 4422 2577 4490 quod
2625 4421 2865 4491 quidam
2892 4421 3005 4490 (η’)
3071 4421 3144 4475 ad
3208 4429 3420 4476 sancta
3481 4433 3804 4476 conversa-

2081 4508 2249 4564 tionis
2279 4508 2539 4564 habitum
2581 4523 2653 4564 ex
2707 4509 2871 4575 laico,
2925 4509 3033 4564 nisi
3090 4508 3274 4574 fallor,
3326 4511 3670 4572 Conversus,
3730 4511 3798 4566 in

2080 4597 2274 4666 aliquo
2331 4597 2674 4652 monasterio
2731 4603 3064 4657 accesserat,
3113 4596 3588 4666 professionisque
3637 4598 3797 4656 inibi

2080 4700 2139 4740 se
2186 4693 2544 4740 sacramento
2605 4685 2963 4740 devinxerat.
3031 4684 3141 4748 Qui
3198 4686 3475 4740 minorem
3529 4685 3648 4742 illic
3707 4703 3799 4744 ne-

2081 4773 2232 4842 gula
2307 4773 2753 4838 observantiam,
2827 4787 3002 4841 quam
3078 4773 3325 4839 volebat,
3388 4773 3792 4844 considerans,

2079 4871 2280 4916 exacta
2314 4862 2386 4916 ab
2422 4861 2628 4916 abbate
2675 4861 2903 4916 licentia
2938 4860 2994 4914 in
3043 4860 3199 4915 aliud
3233 4862 3396 4930 quasi
3458 4862 3797 4930 religiosius

2079 4963 2138 5004 se
2191 4949 2451 5012 contulit,
2513 4949 2713 5018 ibique
2769 4949 3067 5004 devotione
3117 4949 3555 5020 quamplurima
3611 4951 3790 5008 vixit.

2081 5037 2188 5100 Qui
2222 5045 2345 5106 post
2386 5045 2608 5106 tempus
2651 5037 2888 5105 aliquod
2916 5038 2971 5090 in
3013 5037 3399 5093 valetudinem
3437 5038 3660 5105 incidit,
3716 5055 3790 5096 ex

2081 5127 2408 5182 valetudine
2457 5127 2613 5181 obiit.
2675 5126 2782 5189 Qui
2838 5139 2872 5180 a
2933 5126 3310 5194 prasentihus
3363 5127 3650 5182 excedens
3702 5129 3794 5183 di-

2079 5228 2380 5270 versarum
2441 5222 2783 5283 potestatum
2854 5213 3280 5270 altercationem
3345 5229 3479 5270 mox
3556 5216 3787 5273 incidit.

2078 5303 2221 5359 Nam
2280 5303 2584 5358 contrariis
2612 5302 2924 5358 virtutibus
2956 5302 3153 5372 prima
3204 5303 3568 5372 professionis
3624 5304 3789 5361 irru-

2081 5392 2327 5462 ptionem
2394 5392 2788 5457 causantibus,
2842 5391 2984 5447 lucis
3056 5391 3364 5461 spirituum
3417 5394 3584 5457 ratio,
3651 5409 3791 5464 qua

2079 5493 2254 5551 super
2301 5480 2464 5536 bona
2496 5480 2738 5536 actionis
2782 5480 2911 5550 ejus
2955 5481 3348 5537 testiﬁcatione
3395 5481 3786 5551 innitebatur,
