3922 6080
144 215 257 268 957

1229 216 1322 272 DE
1363 215 1522 270 VITA
1559 216 1694 272 SUA
1734 216 1918 271 LIBRI
1957 217 2156 272 TRES.
2185 217 2405 273 —LIB.
2448 219 2545 274 III.

3553 219 3655 281 958

143 347 468 416 plurimum
546 348 986 404 obtendebatur.
1063 349 1146 404 Ad
1215 349 1365 404 Petri
1420 364 1556 421 ergo
1607 350 1848 406 caelestis
1885 354 1932 406 A
1962 365 2092 408 rum
2125 352 2358 408 domum
2396 369 2584 424 usque
2640 356 2922 425 pervenit.
2955 355 3060 411 Sed
3107 357 3392 413 daemones
3440 359 3655 416 famulo

135 435 410 505 janitoris
461 437 815 492 audientiam
851 437 1090 506 quaestio
1125 446 1490 506 provocatur,
1525 439 1619 494 sed
1651 453 1685 494 a
1745 439 1851 494 Pe-

143 533 238 579 tro
269 525 532 594 protinus
563 526 893 595 hujusmodi
938 527 1228 582 contentio
1255 528 1324 581 ad
1365 527 1558 581 divina
1610 541 1710 582 ora
1763 541 1848 581 re-

145 611 352 666 fertur.
390 613 468 668 Re
502 612 678 679 igitur
707 613 777 666 ad
809 627 941 668 eum
969 612 1048 667 sic
1077 613 1281 679 delata,
1339 612 1472 669 dicit
1527 614 1804 669 Dominus
1836 629 1848 668 :

144 701 234 755 Ite
278 700 349 754 ad
414 700 768 755 Richardum
831 699 1242 768 justiciarium,
1302 708 1357 754 et
1411 714 1514 769 pro
1571 702 1852 756 sententia

145 801 329 857 quam
361 788 556 843 tulerit
604 787 788 842 facite.
842 788 971 842 Fuit
1027 796 1220 843 autem
1273 787 1448 843 isdem
1509 789 1848 853 Richardus,

146 876 244 930 vir
305 890 529 931 summe
586 885 784 945 potens
835 876 890 930 in
948 878 1188 930 terrenis
1244 878 1710 944 possessmnibus,
1755 877 1851 932 sed

149 964 335 1019 multo
367 963 648 1032 potentior
678 963 734 1017 in
768 964 920 1032 aequi
948 964 1208 1033 justique
1251 965 1562 1021 tenoribus.

225 1053 310 1107 Ad
350 1052 699 1107 Richardum
741 1051 989 1114 venitur,
1023 1065 1200 1106 causa
1254 1053 1516 1120 edicitur,
1573 1055 1855 1109 sententia

147 1154 189 1196 a
219 1140 502 1197 Richardo
534 1140 903 1207 depromitur.
941 1137 1242 1204 Quoniam,
1279 1140 1486 1208 inquit,
1530 1141 1854 1211 sponsionis

148 1233 383 1281 tenetur
420 1240 575 1292 reus,
627 1224 950 1296 perjurium
1004 1225 1238 1281 evidens
1288 1226 1597 1283 incurrisse
1647 1229 1851 1300 digno-

147 1314 353 1378 scitur,
405 1328 509 1369 nec
560 1313 616 1367 in
664 1327 900 1369 causam
965 1314 1182 1383 justam
1265 1314 1476 1371 habent
1541 1315 1848 1381 daemones,

147 1403 424 1471 quamvis
486 1402 568 1457 eis
623 1401 870 1457 multum
898 1403 1068 1472 justaa
1118 1403 1365 1458 hominis
1393 1403 1625 1460 obvient
1670 1403 1852 1459 actio-

143 1505 282 1556 nes;
337 1490 432 1545 sed
486 1503 610 1545 mea
663 1505 737 1545 ex
793 1491 905 1545 Deo
960 1504 1206 1546 censura
1253 1491 1556 1547 denuntiat
1608 1499 1671 1547 ut
1730 1493 1852 1547 haec

143 1578 566 1634 emendaturus
600 1579 670 1632 ad
699 1577 974 1633 saeculum
1005 1577 1191 1632 redire
1243 1578 1462 1633 debeat.
1497 1579 1582 1634 Ad
1613 1593 1851 1648 superos

1958 453 2060 493 suo
2089 441 2395 508 exsequias
2427 442 2777 497 celebrantes
2831 451 3045 498 tantam
3106 447 3255 498 aeris
3314 445 3542 500 turbam
3595 447 3652 500 in

1957 541 2156 583 eorum
2191 528 2444 584 adventu
2470 531 2825 586 exsuscitant
2853 539 2914 586 ut
2948 533 3279 601 repentinus
3310 534 3480 588 turbo
3522 548 3655 589 cum

1957 629 2158 670 serena
2187 623 2373 672 essent
2403 617 2596 672 omnia
2629 618 2871 673 frontem
2902 619 3126 684 domus,
3180 633 3356 689 quam
3413 619 3656 675 Ymber-

1961 717 2092 772 gain
2144 705 2361 770 dicunt,
2409 719 2550 774 pene
2575 706 2948 773 subverteret,
2977 715 3030 761 et
3074 715 3286 776 partem
3347 707 3554 762 lecticae
3597 708 3655 762 in

1961 792 2145 846 medio
2178 794 2372 861 posita;
2429 795 2772 849 sublevaret.
2805 796 2934 850 Haec
2964 795 3032 851 de
3072 796 3282 850 talibus
3305 803 3655 865 ~pauperum

1959 879 2356 934 corroseribus
2381 881 2588 935 dixisse
2617 882 2883 937 sufficiat.

2041 965 2353 1021 Venatores
2440 969 2729 1024 diabolum
2803 971 2926 1025 loco
2974 971 3112 1036 ferae
3160 970 3417 1042 capiunt.
3499 970 3658 1026 Unde

1960 1054 2125 1105 tanta
2153 1052 2258 1107 illo
2304 1054 2368 1111 in
2401 1058 2653 1127 tempore
2703 1059 3019 1112 demonum
3075 1061 3346 1129 potestas.
3379 1089 3446 1098 —
3477 1059 3655 1114 Nemo

1960 1147 2153 1195 antem
2228 1141 2486 1210 miretur,
2559 1147 2712 1214 quod
2775 1147 2920 1202 idem
2989 1147 3226 1217 maligni
3292 1147 3528 1217 spiritus
3595 1147 3656 1203 iu

1959 1226 2341 1296 ludiﬁcandis,
2385 1239 2486 1286 aut
2517 1233 2784 1288 laedendis
2815 1233 3161 1299 hominibus,
3231 1235 3338 1290 hoc
3408 1243 3656 1304 tempore

1961 1315 2208 1370 multum
2244 1326 2510 1387 possunt;
2569 1320 2844 1376 nimirum
2889 1321 3029 1392 quia
3083 1337 3214 1391 qua:
3264 1322 3499 1387 faciunt,
3559 1321 3653 1376 be-

1959 1401 2216 1469 stialiter,
2250 1411 2304 1459 et
2336 1419 2449 1460 non
2500 1406 2556 1460 in
2596 1408 2826 1463 nomine
2858 1409 3081 1463 Domini
3130 1409 3365 1464 faciunt.
3410 1409 3566 1464 Unde
3597 1408 3655 1463 in

1960 1503 2108 1560 pago
2139 1491 2456 1548 Vilcassino
2481 1508 2594 1549 non
2621 1503 2753 1551 ante
2787 1498 2993 1552 multos
3025 1510 3208 1553 annos
3251 1497 3466 1552 factum
3496 1511 3656 1552 com-

1963 1578 2233 1645 perimus,
2286 1581 2425 1648 quia
2453 1581 2666 1638 scilicet
2723 1584 3023 1653 cujusdam
3075 1585 3144 1639 de
3190 1583 3291 1638 loci
3327 1583 3657 1652 proceribus

146 1667 349 1736 itaque
378 1665 471 1721 ille
533 1666 772 1736 pridem,
816 1665 994 1720 funus
1030 1679 1347 1736 emergens,
1399 1667 1663 1722 abbatem
1715 1682 1846 1723 evo-
1889 1655 1930 1708 Β
1961 1664 2218 1720 homines
2288 1666 2496 1723 alicubi
2564 1669 2672 1724 sub
2732 1671 2929 1725 eadem
2982 1671 3212 1740 regione
3271 1669 3653 1725 venabantur.

148 1763 266 1818 cat,
291 1755 431 1824 quid
463 1755 668 1810 viderit
702 1754 958 1810 insinuat
986 1759 1164 1817 538.
1231 1755 1462 1825 culpam
1518 1756 1852 1811 desertionis

148 1856 219 1898 ac
270 1843 504 1913 perjurii
545 1842 770 1912 publice
835 1841 1039 1910 fassus,
1090 1843 1158 1897 ad
1219 1844 1522 1912 pristinum
1566 1852 1850 1900 monaste-

150 1930 306 1985 rium
355 1930 681 1997 revertitur,
742 1930 904 1985 Unde
971 1931 1191 1985 noverit
1234 1932 1423 1985 omnis
1465 1932 1568 2000 qui
1626 1933 1850 2001 uspiam

149 2031 507 2086 quocunque
535 2017 644 2072 sub
682 2018 780 2072 Dei
822 2019 1054 2072 nomine
1095 2031 1152 2072 se
1202 2031 1539 2074 mansurum
1574 2018 1852 2074 stabiliter

151 2104 478 2175 profitetur,
538 2105 799 2161 observet
846 2120 978 2176 quae
1026 2108 1135 2161 Deo
1187 2113 1243 2162 et
1270 2106 1481 2162 sanctis
1530 2107 1846 2176 pollicetur,

150 2192 295 2263 quia
321 2193 507 2248 locum
558 2202 782 2250 mutare
829 2208 943 2248 non
978 2194 1163 2260 debet,
1212 2195 1324 2250 nisi
1361 2195 1434 2251 ab
1477 2195 1546 2250 iis
1592 2197 1693 2266 qui
1741 2195 1849 2251 sibi

149 2295 269 2336 non
294 2289 568 2351 przesunt,
600 2284 750 2338 male
781 2297 949 2353 agere
987 2283 1387 2352 compellatur.

224 2370 538 2424 Fenerator
565 2373 836 2425 aeternum
874 2369 1071 2440 periit.
1095 2399 1161 2411 —
1181 2369 1464 2438 Quoniam
1496 2372 1565 2428 de
1594 2373 1852 2442 qualita-

148 2459 308 2516 tibus
337 2459 701 2514 morientium
735 2459 891 2528 loqui
939 2459 1242 2528 aliquoties
1273 2461 1409 2516 utile
1435 2468 1539 2529 est,
1583 2461 1852 2518 Lauduni

149 2549 322 2603 homo
353 2547 588 2617 quidam
643 2546 940 2602 fenoribus
990 2547 1378 2618 undecunque
1425 2549 1651 2605 deditus
1705 2558 1847 2618 erat,

145 2637 322 2705 cujus
367 2635 496 2690 finis
527 2635 764 2705 dignam
817 2649 950 2690 cum
985 2635 1162 2690 exitio
1221 2636 1397 2690 vitam
1455 2637 1637 2708 egisse
1689 2653 1850 2693 mon-

145 2731 313 2780 strat.
361 2723 503 2778 Nam
557 2723 613 2777 in
673 2721 944 2778 extremis
1004 2736 1201 2792 agens,
1242 2737 1374 2778 cum
1407 2737 1442 2778 a
1499 2726 1852 2794 paupercula

147 2810 743 2882 quadam,persoluto
785 2811 906 2880 jam
960 2810 1169 2876 debito,
1221 2825 1433 2866 usuras
1479 2815 1755 2883 exigeret,
1796 2820 1850 2869 et

151 2899 251 2954 illa
278 2913 412 2954 eum
471 2912 568 2968 per
600 2899 988 2953 imminentem
1023 2898 1129 2954 sibi
1177 2899 1395 2954 exitum
1444 2901 1751 2968 obtestans,
1785 2908 1849 2957 ut

70 3039 72 3043 .
147 2985 483 3052 remitteret,
519 2985 866 3054 imploraret,
901 2985 1054 3054 quod
1087 2985 1179 3040 ille
1235 2988 1684 3056 pertinacissime
1741 2988 1848 3043 ab-

148 3081 406 3144 negaret,
454 3073 548 3128 illa
603 3076 662 3128 in
707 3080 863 3128 arcto
914 3073 1098 3142 posita
1140 3074 1426 3144 quidquid
1461 3084 1582 3132 erat
1635 3076 1850 3133 tenoris

147 3169 450 3232 acceptum
498 3169 721 3229 mutuo,
754 3168 961 3230 praeter
989 3175 1174 3216 unum
1213 3162 1538 3227 denarium,
1588 3178 1850 3234 compor-

147 3251 316 3307 tavit.
366 3249 629 3319 Cumque
659 3256 715 3304 et
771 3249 956 3304 solum
1008 3248 1172 3305 illum
1220 3252 1428 3308 remitti
1459 3252 1568 3306 sibi
1618 3260 1844 3321 peteret,

143 3341 310 3411 jurat
351 3339 688 3408 neutiquam
720 3353 781 3393 se
837 3337 932 3393 ille
989 3337 1301 3393 facturum.
1361 3338 1507 3406 Quid
1555 3344 1851 3396 remorer?

147 3425 425 3494 Quaesivit
458 3426 554 3480 illa
584 3439 756 3496 quem
787 3426 886 3480 vix
916 3425 1100 3480 valuit
1156 3425 1405 3494 reperire
1441 3428 1763 3491 denarium,
1795 3437 1850 3486 et

149 3515 214 3569 in
246 3515 447 3570 ultimo
495 3515 688 3570 carnis
715 3514 1070 3584 spiritusque
1104 3514 1369 3584 conﬂigio
1410 3517 1531 3586 jam
1587 3518 1848 3574 stridenti

147 3603 345 3658 infert.
380 3603 503 3670 Quo
536 3604 654 3672 ipse
708 3602 958 3659 moriens
989 3610 1216 3672 sumpto
1273 3602 1382 3657 sibi
1431 3603 1487 3657 in
1533 3619 1594 3659 os
1638 3607 1846 3674 posuit,

147 3705 320 3761 quem
353 3691 494 3746 dum
538 3691 704 3760 quasi
749 3691 1023 3746 viaticum
1078 3689 1430 3760 deglutisset,
1472 3693 1726 3746 animam
1755 3709 1851 3748 ex-

147 3778 383 3846 halavit,
424 3787 480 3834 et
538 3779 608 3834 ad
647 3779 941 3834 diabolum
989 3779 1098 3834 sub
1165 3779 1264 3834 tali
1304 3787 1490 3836 tutore
1557 3783 1845 3852 migravit,

148 3866 304 3922 unde
331 3875 385 3922 et
412 3881 446 3921 a
473 3868 651 3923 sacris
672 3867 808 3923 locis
831 3867 1028 3924 merito
1055 3868 1298 3923 extorris
1322 3867 1524 3937 jacuit.

227 3960 274 4008 A
284 3956 473 4009 [terius
485 3956 673 4010 itidem
682 3958 1008 4022 feneratoris
1020 3958 1213 4009 anima
1237 3955 1488 4011 traditur
1499 3956 1847 4010 daemonibus.

151 4072 224 4082 —
246 4044 412 4114 Apud
445 4045 763 4100 Attrebates
783 4045 922 4114 quid
971 4043 1239 4100 acciderit
1266 4058 1441 4113 super
1472 4044 1649 4115 hujus
1677 4045 1852 4099 moris

155 4131 387 4187 homine
400 4140 670 4187 attexam.
689 4132 741 4186 Is
762 4145 1070 4187 crumenas
1089 4145 1226 4187 suas
1243 4131 1505 4201 turpibus
1525 4131 1694 4201 longo
1723 4141 1852 4186 tem-

1961 1752 2252 1807 Taxonem
2308 1767 2446 1824 ergo
2495 1756 2640 1811 male
2693 1754 2956 1827 fugacem
3009 1773 3197 1814 cavete
3278 1757 3654 1825 intrudentes,

1961 1838 2073 1893 imo
2103 1853 2234 1894 cum
2268 1839 2583 1897 daemonem
2619 1842 3001 1912 intrusissent,
3036 1845 3337 1901 intrusisse
3366 1852 3653 1913 putantes,

1959 1939 2124 1982 sacco
2169 1928 2488 1997 excipiunt.
2521 1929 2698 1996 Quem
2731 1945 2958 1986 summa
2987 1932 3042 1987 vi
3104 1931 3234 1986 inde
3257 1931 3576 1986 eximentes
3601 1937 3657 1986 et

1960 2015 2088 2084 plus
2117 2029 2292 2084 quam
2320 2018 2532 2073 animal
2561 2019 2702 2074 illud
2735 2019 2968 2088 patitur,
2997 2020 3381 2090 ponderosum
3413 2020 3658 2075 sentien-

1958 2111 2058 2168 tes,
2089 2117 2221 2158 cum
2274 2112 2564 2174 asportare
2617 2113 2780 2162 nocte
2814 2107 2935 2176 jam
2995 2109 3278 2164 incidente
3333 2107 3653 2178 cmpissent,

1956 2205 2084 2246 ecce
2112 2205 2224 2246 vox
2253 2206 2287 2247 a
2317 2201 2506 2248 monte
2533 2195 2803 2265 contigue
2835 2210 2934 2265 per
2981 2197 3221 2252 mediam
3256 2197 3458 2252 silvam
3515 2195 3651 2251 ruit.

1958 2279 2184 2344 Audite,
2235 2282 2441 2352 inquit,
2510 2284 2723 2340 audite.
2795 2285 3057 2355 Cumque
3136 2285 3478 2340 altrinsecus
3532 2291 3657 2353 post

1959 2369 2112 2438 ipsos
2142 2370 2404 2440 plurimae
2434 2371 2879 2428 succlamassent
2910 2387 3094 2438 voces,
3126 2371 3266 2442 quid
3306 2372 3448 2427 illud
3472 2372 3500 2427 ?
3539 2374 3650 2426 Vox

1957 2457 2148 2512 denuo
2179 2457 2388 2512 intulit.
2464 2459 2766 2526 Caducem,
2824 2460 3032 2529 inquit,
3066 2461 3219 2515 hunc
3266 2466 3514 2529 portant.
3547 2458 3655 2525 Qui

1959 2545 2198 2600 forsitan
2257 2546 2336 2602 sic
2387 2553 2443 2601 et
2476 2547 2674 2601 merito
2717 2549 3050 2616 vocabatur,
3091 2556 3144 2603 et
3188 2547 3396 2602 multos
3452 2547 3656 2603 cadere

1959 2635 2105 2690 fecit.
2149 2623 2274 2702 Quo
2327 2635 2476 2691 dicto
2521 2635 2756 2692 inﬁnitae
2784 2636 3107 2691 daemonum
3141 2636 3330 2705 copiae
3352 2636 3656 2691 undecun-

1959 2737 2072 2792 que
2127 2722 2290 2792 quasi
2339 2723 2408 2776 ad
2439 2724 2761 2778 eruendum
2793 2731 3081 2792 proruunt
3125 2723 3184 2778 in
3211 2731 3438 2778 tantum
3463 2731 3525 2778 ut
3557 2736 3655 2776 ne-

1961 2823 2090 2864 mus
2121 2809 2454 2864 universum
2504 2823 2572 2865 ex
2608 2809 2928 2878 frequentia
2981 2810 3149 2865 obrui
3175 2809 3487 2864 videretur.
3518 2807 3656 2863 Dia-

1962 2897 2087 2953 bolo
2140 2909 2296 2965 ergo,
2348 2911 2520 2966 quem
2574 2897 2850 2963 ferebant,
2912 2912 3026 2953 non
3105 2905 3315 2952 taxone
3385 2896 3659 2966 projectot

1961 2997 2101 3053 pene
2132 2989 2386 3040 amentes
2439 2983 2621 3040 etl‘ecti
2663 2985 2859 3056 fugam
2893 2987 3111 3042 ineunt.
3153 2986 3259 3052 Qui
3295 2985 3534 3040 domum
3564 2998 3657 3039 ve.

1957 3073 2198 3138 nientes,
2224 3085 2328 3128 nec
2347 3086 2507 3128 mora
2537 3073 2810 3142 temporis
2841 3073 3050 3128 mortui
3080 3081 3234 3129 sunt.

2029 3161 2094 3214 In
2154 3160 2274 3229 ipsa
2327 3160 2622 3230 provincia
2670 3162 2922 3216 rusticus
2961 3161 3198 3231 quidam
3227 3173 3398 3216 crure
3428 3161 3651 3226 intecto,

1958 3249 2200 3318 pedibus
2248 3250 2439 3316 nudis,
2481 3264 2652 3319 super
2678 3249 2934 3305 lluminis
2961 3250 3332 3318 crepidinem,
3358 3248 3497 3303 dum
3527 3262 3558 3303 e
3585 3247 3657 3302 la-

1960 3337 2094 3393 bore
2139 3337 2368 3404 rediret,
2401 3347 2660 3393 extrema
2715 3351 2821 3393 sua
2851 3338 3154 3392 lavaturus
3183 3336 3428 3392 Sabbato
3459 3349 3653 3405 vespe-

1956 3433 2214 3482 rascente
2263 3426 2577 3481 desederat.
2646 3427 2775 3481 Mox
2815 3427 2887 3481 ab
2939 3427 3052 3481 imo
3108 3439 3276 3494 aqua:
3329 3425 3535 3493 ipsius,
3596 3424 3655 3477 in

1957 3528 2076 3584 qua
2114 3508 2369 3569 diluetiat
2398 3513 2657 3584 vestigia,
2712 3514 2977 3569 diabolus
3033 3514 3160 3582 ejus
3197 3512 3436 3581 pedibus
3502 3512 3657 3566 inne-

1959 3604 2106 3658 xuit.
2141 3603 2404 3672 Cumque
2454 3605 2707 3657 rusticus
2747 3617 2804 3656 se
2857 3602 3098 3671 ligatum
3128 3599 3656 3656 sentiensavicinis

1959 3690 2309 3760 adjutorium
2367 3691 2727 3746 inclamasset
2749 3698 2802 3746 et
2833 3691 2903 3744 ad
2943 3690 3177 3744 domum
3215 3689 3499 3758 propriam
3556 3688 3651 3742 de-

1959 3778 2111 3834 latus
2140 3779 2338 3834 fuisset
2369 3779 2441 3835 ab
2498 3781 2600 3844 eis,
2641 3786 2937 3848 cmperunt
2969 3778 3109 3832 rude
3142 3776 3438 3832 hominum
3472 3789 3656 3846 genus

1957 3867 2111 3921 omni
2149 3866 2390 3922 artiﬁcio
2447 3880 2635 3936 agere,
2688 3868 2730 3920 si
2766 3865 3051 3935 quomodo
3082 3865 3334 3920 valerent
3358 3863 3657 3933 compedes

1957 3960 2158 4008 terere.
2190 3952 2298 4020 Qui
2358 3967 2494 4024 ergo
2551 3955 2703 4008 circa
2737 3953 2893 4008 hunc
2925 3952 3180 4008 inutilem
3212 3951 3520 4006 circuitum
3539 3950 3658 4006 elu-

1958 4049 2174 4096 ctantes
2226 4041 2369 4096 nihil
2419 4041 2698 4108 efﬁciunt,
2758 4055 2894 4096 suos
2924 4041 3143 4110 quique
3178 4040 3342 4096 nisus
3388 4038 3653 4094 eludunt.

1959 4130 2291 4199 Spiritualia
2357 4132 2510 4185 enim
2575 4130 2975 4200 spiritualibus
3051 4128 3441 4198 comparanda
3497 4133 3652 4182 sunt.

154 4233 294 4290 pore
324 4220 647 4276 infercierat
676 4222 868 4276 lucris.
900 4221 1152 4277 Tandem
1201 4221 1560 4277 metallorum
1597 4221 1849 4290 plurium
1888 4223 1932 4277 D
1961 4219 2210 4274 Tandem
2242 4227 2362 4288 post
2414 4227 2634 4274 rotatus
2663 4219 2970 4274 diuturnos
3009 4217 3176 4272 homo
3233 4231 3293 4272 se
3360 4217 3507 4270 inter
3562 4229 3659 4270 eos

155 4307 452 4363 montibus
495 4308 822 4375 cumulatis,
853 4323 1152 4378 supremas
1180 4309 1366 4380 attigit
1396 4309 1582 4364 horas.
1618 4309 1690 4363 Et
1725 4323 1855 4364 ecce

157 4397 220 4451 in
269 4395 520 4452 hominis
575 4397 757 4466 specie
787 4397 1050 4453 diabolus
1078 4397 1328 4465 advenit,
1386 4397 1587 4452 bovem
1619 4397 1852 4468 nigrum

155 4497 277 4553 pra;
325 4498 384 4540 se
426 4485 662 4540 ducens.
711 4484 819 4552 Qui
868 4485 1161 4542 morientis
1209 4485 1414 4541 lectulo
1460 4493 1694 4541 astans:
1742 4486 1854 4539 Do-

152 4573 369 4637 minus,
405 4574 612 4644 inquit,
655 4588 816 4629 meus
874 4575 1032 4629 hunc
1086 4574 1186 4629 tibi
1247 4573 1450 4628 bovem
1500 4572 1690 4627 mittit.
1749 4571 1852 4627 Cui

150 4673 310 4731 aeger
341 4675 355 4714 :
387 4661 678 4728 Gratulor,
707 4662 805 4728 ait,
837 4662 1068 4717 domino
1094 4675 1220 4716 meo
1255 4674 1358 4730 pro
1389 4674 1648 4715 munere.
1680 4660 1850 4727 Vade,

150 4748 344 4817 inquit
385 4749 456 4803 ad
502 4763 744 4804 uxorem
778 4763 962 4815 suam,
1014 4755 1069 4803 et
1105 4747 1323 4802 homini
1353 4747 1457 4817 qui
1514 4747 1716 4803 bovem
1764 4747 1855 4802 ad-

148 4837 552 4906 duxitappara
581 4838 734 4907 quod
749 4838 1025 4903 comedat,
1060 4837 1261 4893 bovem
1293 4844 1483 4891 autem
1519 4836 1849 4902 introniitte,

145 4932 202 4980 et
242 4925 383 4980 bene
427 4939 675 4981 asserva.
710 4925 886 4990 Dixit,
943 4932 998 4980 et
1026 4923 1315 4994 extemplo
1343 4923 1581 4978 efllavit.
1617 4923 1846 4978 Interim

146 5019 340 5068 tamen
369 5013 538 5068 homo
569 5021 846 5084 tanquam
876 5026 1259 5074 comessurus,
1293 5009 1629 5080 inquiritur,
1684 5010 1851 5066 bovi-

145 5115 262 5171 que
293 5101 504 5170 pabula
525 5101 890 5166 deferuntur,
922 5101 1019 5157 sed
1048 5109 1249 5156 neuter
1277 5100 1579 5169 reperitur.
1614 5098 1848 5154 Factum

143 5203 285 5260 ergo
313 5190 506 5245 cuncti
555 5190 843 5246 mirantur
869 5198 925 5245 et
967 5191 1216 5254 horrent,
1251 5203 1356 5243 nec
1385 5187 1520 5243 boni
1551 5186 1849 5256 quidpiam

149 5277 293 5332 tales
330 5291 640 5333 munerum
700 5278 997 5332 missiones
1037 5276 1375 5346 portendere
1428 5282 1680 5330 censent.
1738 5274 1848 5348 Fu:

149 5379 286 5420 nere
317 5374 606 5434 apparate,
643 5373 697 5421 et
732 5379 967 5433 corpore
997 5365 1053 5419 in
1111 5364 1332 5420 libitina
1365 5363 1564 5426 locato,
1618 5377 1848 5432 proces-

149 5453 235 5510 sio
279 5453 621 5511 clericorum
661 5460 934 5510 consueta
983 5451 1226 5509 mortuis
1276 5450 1466 5508 ofticia
1505 5451 1843 5526 prtebituro-

1964 4305 2302 4376 peregrinus
2358 4305 2687 4372 immiscuit,
2751 4304 2823 4358 ad
2885 4304 3268 4374 compeditum
3338 4301 3473 4372 ipsis
3538 4315 3659 4369 spe-

1959 4393 2250 4448 ctantibus
2305 4406 2426 4448 sese
2468 4391 2769 4460 proripuit,
2822 4399 2877 4447 et
2935 4391 2992 4445 in
3055 4397 3343 4444 momento
3404 4387 3654 4443 resolvit.

1961 4479 2084 4546 Quo
2128 4481 2274 4535 facto
2303 4479 2564 4549 expedite
2620 4478 2868 4543 recessit,
2905 4492 3008 4533 nec
3037 4477 3170 4546 quis
3215 4483 3360 4532 esset
3414 4475 3657 4529 interro-

1961 4581 2098 4637 gare
2155 4567 2332 4623 licuit.
2395 4567 2682 4623 Daamonia
2736 4575 2925 4622 autem
2977 4564 3284 4619 mulierum
3333 4573 3572 4626 amores,
3605 4565 3660 4614 et

1963 4657 2112 4724 ipsos
2170 4656 2341 4710 etiam
2396 4655 2735 4710 concubitus
2790 4650 3118 4708 aiiectantia
3172 4650 3389 4720 ubique
3439 4647 3658 4703 affatim

1959 4744 2341 4808 celebrantur,
2401 4751 2454 4798 et
2485 4743 2591 4798 nisi
2650 4742 2906 4812 puderet,
2941 4753 2974 4794 a
3006 4739 3170 4793 nobis
3205 4737 3453 4807 plurima
3500 4736 3658 4790 dice-

1961 4841 2182 4886 rentur.
2215 4829 2360 4886 Sunt
2417 4844 2650 4899 quoque
2674 4828 2939 4898 quaedam
2974 4827 3030 4881 in
3063 4827 3336 4896 nequitiis
3387 4825 3659 4894 indigen-

1957 4920 2046 4975 dis
2077 4919 2310 4985 atrocia,
2346 4918 2544 4988 aliqua
2571 4930 2705 4971 vero
2735 4915 2872 4971 solis
2917 4922 3184 4971 contenta
3223 4911 3504 4969 ludibriis.
3551 4909 3659 4966 Sed

1954 5009 2168 5078 stylum
2193 5005 2314 5076 jam
2348 5005 2420 5060 ad
2454 5005 2669 5060 laetiora
2700 5011 3014 5058 vertamus.

2607 5146 2838 5203 CAPUT
2879 5147 3007 5202 XX.

2028 5279 2076 5327 Α
2086 5273 2224 5328 bbas
2249 5287 2460 5344 corpus
2489 5273 2549 5326 S.
2591 5272 2848 5327 Emundi
2875 5268 3206 5326 curiositate
3249 5270 3450 5323 ductus
3475 5267 3660 5339 inspi-

1953 5362 2130 5427 ciens,
2162 5379 2439 5417 manuum
2465 5360 2854 5416 contractione
2889 5359 3225 5430 corripitur.
3256 5389 3324 5398 —-
3355 5358 3521 5426 Apud
3551 5362 3639 5415 An

1957 5451 2082 5524 glos
2108 5451 2474 5511 beatissimus
2501 5457 2722 5519 martyr
2746 5448 3126 5508 Eadmundus
3151 5461 3277 5516 rex,
3308 5453 3456 5504 sncut
3484 5461 3666 5520 quon~
