3922 6080
277 190 380 242 959

864 187 925 238 ν.
967 185 1294 242 GUIBERTI
1334 184 1491 238 ABB.
1535 184 1590 239 S.
1637 183 1880 240 MARIE
1915 184 2009 239 DE
2049 182 2280 238 NOVIG.
2325 185 2417 240 DE
2460 185 2611 240 VITA
2648 184 2780 240 SUA
2824 185 2952 240 LIB.
2989 185 3183 241 TRES.

3686 189 3798 242 960

277 321 409 377 dam
443 327 499 376 et
532 333 691 376 nunc
737 331 970 388 quoque
1027 316 1385 388 prodigiosus
1437 316 1650 373 existit.
1699 317 1877 372 Taceo
1903 315 1972 370 de
2009 316 2056 369 A
2081 314 2202 372 sine
2221 315 2414 373 dolore
2465 316 2710 374 delituit.
2743 317 2924 389 Cujus
2981 317 3061 374 rei
3093 331 3271 375 causa
3309 319 3628 389 quotannis
3659 333 3798 375 om-

278 410 405 481 ejus
432 422 666 477 corpore
725 405 1031 477 pigmentis
1063 420 1177 462 non
1224 405 1546 470 hominum,
1577 405 1674 460 sed
1731 404 1976 460 coelesti-

280 498 390 554 bus
438 499 714 553 hactenus
745 496 1100 564 incorrupto,
1138 495 1197 550 in
1229 509 1346 565 quo
1377 508 1444 550 ac
1483 495 1529 550 si
1585 499 1734 548 514
1770 494 1976 549 viven—

279 589 350 642 tis
381 586 665 655 unguium
696 597 762 640 ac
801 584 1049 639 crinium
1094 590 1457 639 excrementa
1511 583 1812 638 miramur.
1871 581 1977 637 Sed

279 674 420 730 illud
453 673 638 729 dicere
679 681 783 739 est,
834 672 989 742 quod
1033 673 1092 726 in
1155 679 1314 727 tanto
1358 672 1636 727 miraculo
1687 671 1904 741 positus
1943 683 1977 725 a

278 761 504 818 nemine
561 761 778 830 patitur
805 775 865 816 se
895 760 1096 816 videri.
1158 761 1320 817 Abba
1343 761 1483 831 zejus
1516 760 1617 817 loci
1650 768 1975 816 nostrorum

276 859 601 919 temporum
636 849 871 920 quidam
906 863 1006 920 per
1037 864 1095 906 se
1139 850 1284 905 scire
1317 849 1518 917 voluit,
1565 857 1761 906 utrum
1805 855 1980 917 caput

277 938 412 995 olim
440 938 498 992 in
530 939 792 1008 passione
816 937 1071 994 decisum
1123 936 1349 1006 corpori
1379 937 1542 1002 foret,
1583 937 1664 993 uti
1708 937 1978 1006 vulgaba-

281 1033 394 1088 tur,
426 1028 678 1082 unitum.
727 1026 880 1082 Actis
923 1027 1118 1096 itaque
1162 1040 1295 1082 cum
1335 1040 1438 1082 suo
1486 1025 1781 1095 capellano
1819 1025 1979 1095 jeju—

278 1115 390 1172 niis
409 1114 644 1182 detexit,
688 1115 912 1184 aspexit
943 1129 1074 1184 qua
1137 1114 1514 1182 pratulimus,
1573 1113 1846 1169 carnibus
1877 1128 1980 1168 nu-

278 1216 486 1273 squam
546 1203 938 1269 ilaccentibus,
995 1216 1062 1257 ac
1111 1202 1158 1257 si
1189 1201 1525 1258 dormientis
1575 1201 1769 1257 omnia
1818 1201 1980 1257 visus

278 1298 333 1348 et
384 1296 572 1346 tactus
623 1290 880 1360 periculo
936 1289 1228 1352 addidicit.
1272 1288 1416 1344 alter
1444 1303 1478 1344 a
1523 1288 1729 1359 capite,
1774 1288 1918 1344 alter
1945 1302 1979 1344 a

278 1379 521 1448 pedibus
551 1386 749 1433 utrum
794 1377 1028 1433 haberet
1067 1375 1326 1444 attraxit,
1368 1376 1732 1446 solidumque
1760 1391 1980 1448 cogno-

278 1467 382 1533 vit,
415 1467 512 1522 sed
539 1481 675 1522 mox
708 1467 1012 1536 utriusque
1046 1479 1254 1521 manus
1285 1473 1558 1536 perpetua
1598 1465 1979 1522 imbecillitate

278 1555 596 1612 contabuit.

348 1645 490 1701 Miro
522 1645 713 1699 adhuc
765 1644 972 1698 dicam.
1008 1643 1350 1713 Capreolum
1381 1643 1437 1696 in
1478 1643 1824 1699 monasterio
1855 1657 1972 1699 mo-

279 1733 445 1790 nachi
477 1747 510 1787 a
543 1747 721 1802 parvo
751 1734 1092 1788 nutrierant.
1137 1731 1244 1798 Qui
1283 1745 1418 1788 cum
1451 1731 1668 1800 pecuali
1719 1731 1973 1799 lascivia,

279 1821 388 1878 hac
432 1821 677 1890 illacque
709 1834 808 1889 per
844 1820 1102 1886 aedificia,
1142 1820 1440 1888 ipsamque
1468 1819 1765 1874 ecclesiam
1805 1821 1976 1876 ober-

279 1915 450 1975 raret,
483 1922 623 1963 casu
656 1907 848 1964 tibiam
884 1907 1069 1977 fregit.
1115 1907 1377 1976 Cumque
1421 1906 1606 1962 tribus
1644 1906 1978 1962 claudicans

279 1995 520 2066 pedibus
588 1993 872 2064 pedentim
953 2009 1072 2064 quo
1127 2000 1344 2063 poterat
1393 1991 1560 2048 modo
1614 1993 1979 2049 excursitans

277 2083 382 2140 loci
430 2083 624 2139 omnia
655 2090 1005 2153 peragraret,
1057 2082 1198 2138 forte
1248 2081 1873 2151 ingressus;ecclesiam
1906 2082 1978 2138 ad

277 2171 549 2240 martyris
579 2171 850 2226 feretrum
884 2172 964 2226 ire
996 2169 1307 2226 contendit.
1343 2169 1449 2225 Cui
1488 2183 1624 2225 mox
1657 2177 1720 2224 ut
1759 2169 1978 2225 bestiali

278 2259 605 2316 curiositate
650 2273 709 2314 se
751 2258 1024 2326 subdidit,
1055 2259 1206 2315 tibia
1236 2259 1535 2315 sanitatem
1567 2260 1800 2328 recepit.
1832 2258 1979 2325 Quid

280 2348 446 2405 faciet
495 2348 624 2417 pius
673 2355 912 2417 martyr,
971 2347 1017 2404 si
1059 2355 1286 2417 petatur
1340 2347 1581 2403 fideliter
1636 2348 1694 2401 in
1723 2348 1980 2403 humana

279 2444 508 2503 natura,
562 2435 665 2506 qui
719 2435 1118 2492 liberalitatem
1184 2435 1520 2506 ingenitam,
1554 2442 1610 2491 et
1653 2443 1718 2491 ut
1771 2435 1982 2492 rectius

279 2524 488 2588 dicam,
519 2522 883 2579 serenitatem
915 2525 1131 2594 regiam
1155 2523 1235 2579 sic
1259 2523 1506 2580 ostendit
1536 2523 1592 2577 in
1625 2523 1743 2578 fera
1764 2522 1792 2577 ?

348 2615 410 2667 S.
448 2611 692 2666 Vilonu:
729 2611 1022 2666 ulcerato:
1048 2628 1258 2666 manus
1283 2615 1459 2666 sanat
1486 2611 1784 2666 monacho.
1819 2640 1884 2650 —
1915 2612 1982 2667 Et

280 2703 524 2758 Sanctus
567 2701 834 2756 Witonus
893 2700 1046 2769 apud
1079 2700 1282 2756 urbem
1339 2700 1697 2756 Wintonium
1727 2714 1786 2756 se
1816 2699 1875 2756 in
1899 2699 1981 2754 si-

280 2789 411 2859 gnis
441 2788 557 2844 huc
606 2802 791 2856 usque
847 2787 1094 2856 prabuit
1148 2787 1458 2843 efﬁcacem.
1508 2788 1652 2842 Nam
1695 2801 1809 2842 non
1849 2794 1981 2844 ante

2083 419 2185 462 nes
2240 405 2492 474 clericos,
2550 406 2650 477 qui
2685 407 2812 477 ejus
2864 407 3154 464 festivitati
3211 407 3513 474 intersunt,
3545 423 3614 464 eo
3674 408 3794 474 die,

2083 493 2274 562 quoad
2309 493 2474 561 vixit,
2511 493 2827 549 lautissime
2875 494 3054 562 pavit,
3084 495 3328 564 ejusque
3360 495 3565 564 posteri
3601 495 3798 550 facere

2086 581 2368 650 hodieque
2392 596 2504 636 non
2536 581 2827 636 desinunt.
2856 581 3014 648 Quod
3041 583 3345 638 brachium
3394 583 3488 637 avi
3522 584 3637 638 mei
3674 597 3795 638 non

2083 684 2251 736 uxor,
2293 669 2390 725 sed
2449 669 2748 724 familiaris
2792 670 3058 739 quadam
3089 670 3162 725 ad
3206 671 3341 726 tales
3385 671 3595 726 femina
3653 672 3800 726 satis

2081 757 2262 813 solers
2311 758 2382 812 ad
2434 758 2712 814 saeuium
2769 760 2959 828 opimo
2997 773 3140 815 auro
3176 759 3582 829 lapidibusque
3647 773 3795 815 con-

2085 841 2246 898 texit.

2153 929 2337 985 Aliud
2369 931 2665 1002 Amulplti
2684 930 3058 986 miraculum.
3088 962 3156 971 —
3171 931 3346 988 Gusia
3363 930 3584 1000 (Guise)
3611 931 3803 1001 hujus

2087 1019 2487 1076 Laudunensis
2518 1021 2652 1092 pagi
2681 1021 2978 1076 castellum
3007 1025 3111 1085 est,
3145 1023 3201 1077 in
3233 1037 3348 1091 quo
3377 1023 3526 1078 beati
3558 1022 3801 1078 Arnulfi

2085 1109 2278 1165 itidem
2320 1110 2620 1166 brachium
2651 1125 2773 1166 esse
2824 1109 3054 1166 dicitur.
3106 1110 3266 1177 Quod
3311 1109 3468 1167 fures
3523 1125 3665 1167 cum
3708 1112 3801 1166 di-

2085 1212 2244 1267 repto
2293 1198 2546 1254 ecclesia
2584 1199 2854 1255 thesauro
2911 1199 3124 1268 pariter
3163 1199 3406 1268 diripere
3446 1199 3797 1260 voluissent.

2080 1285 2318 1356 jamque
2369 1293 2646 1353 tenerent,
2678 1287 2747 1341 de
2776 1301 2976 1344 eorum
3010 1302 3131 1344 sese
3197 1288 3466 1342 manibus
3522 1287 3796 1351 extorsit,

2083 1387 2190 1428 nec
2219 1373 2444 1443 uspiam
2485 1374 2617 1429 ferri
2669 1375 2875 1444 quivit.
2936 1375 3053 1430 Hoc
3113 1376 3218 1445 ipsi
3249 1375 3434 1441 fures,
3475 1391 3614 1432 cum
3646 1377 3799 1432 resi-

2084 1460 2216 1517 duis
2267 1476 2398 1531 qua
2436 1469 2870 1531 asportaverant
2900 1464 3256 1533 deprehensi,
3293 1465 3433 1520 hora
3491 1465 3640 1535 ipsa,
3676 1479 3799 1535 qua

2085 1557 2252 1606 erant
2277 1549 2548 1606 efferendi
2583 1550 2640 1605 in
2675 1551 2886 1614 furcas,
2917 1551 3160 1608 confessi
3191 1560 3348 1608 sunt.
3384 1554 3445 1608 In
3473 1567 3642 1618 auro,
3676 1568 3797 1622 quo

2089 1638 2274 1707 ipsum
2307 1639 2514 1696 colitur
2546 1639 2869 1706 brachium,
2919 1641 3080 1697 locus
3126 1648 3229 1707 est,
3263 1656 3382 1712 qua
3410 1641 3568 1697 nullo
3601 1641 3792 1696 inclu-

2086 1741 2282 1784 sorum
2312 1728 2553 1784 artificio
2604 1743 2831 1799 gemma
2873 1729 2992 1785 ulla
3052 1731 3236 1800 potuit
3266 1729 3536 1786 cohiberi.
3568 1731 3796 1786 Inserta

2086 1815 2238 1870 enim
2271 1829 2374 1871 nec
2399 1830 2560 1872 mora
2589 1817 2919 1874 Iaxabatur.
2944 1819 3162 1875 Mutata
3181 1833 3316 1875 cum
3346 1818 3565 1889 opifice,
3599 1825 3658 1873 et
3678 1818 3796 1888 opi-

2088 1903 2181 1958 fex
2207 1917 2274 1958 ac
2299 1903 2592 1973 opificium
2621 1905 2976 1962 cassabatur.

2156 1992 2224 2046 Β.
2259 1992 2601 2064 Leodegarii
2656 1992 2881 2048 meritis
2908 2011 2948 2049 a
2974 1994 3124 2065 febri
3179 1997 3406 2052 levatur
3460 1995 3789 2051 Guibertus.

2086 2110 2156 2119 —
2188 2080 2599 2152 Leodegarium
2626 2089 2934 2152 martyrem
2966 2083 3148 2153 signis
3176 2085 3496 2155 egregium,
3529 2085 3603 2140 ad
3651 2085 3794 2141 sub-

2087 2169 2384 2225 ventiones
2413 2170 2661 2226 alacrem
2711 2186 2826 2227 non
2859 2172 3169 2228 nescimus.
3223 2174 3345 2244 Ego
3399 2173 3551 2230 enim
3599 2174 3792 2229 adhuc

2090 2258 2276 2328 pusio,
2306 2259 2518 2328 optime
2549 2268 2738 2315 tamen
2768 2261 2970 2316 horum
3002 2275 3237 2328 memor,
3270 2262 3380 2318 sub
3405 2271 3587 2318 matre
3616 2277 3796 2334 agens

2089 2347 2292 2402 diebus
2321 2347 2694 2417 paschalibus
2725 2349 2878 2405 febre
2908 2349 3250 2420 quotidiana
3279 2352 3543 2406 atrociter
3588 2359 3798 2406 astua-

2090 2437 2243 2492 bam.
2280 2435 2397 2492 Sub
2451 2437 2661 2506 oppido
2709 2444 2900 2492 autem
2958 2445 3083 2494 erat
3139 2438 3379 2494 ecclesia
3421 2439 3530 2495 sub
3559 2439 3798 2494 nomine

2091 2525 2430 2581 Sanctorum
2481 2525 2813 2596 Leodegarii
2863 2534 2917 2581 et
2972 2526 3246 2593 Machuti,
3298 2527 3392 2583 cui
3447 2527 3796 2583 continuum

2090 2610 2198 2666 olei
2232 2610 2427 2666 lumen
2460 2621 2640 2669 mater
2680 2627 2806 2670 mea
2837 2613 2946 2670 fide
2988 2614 3191 2670 humili
3223 2614 3609 2671 ministrabat.
3649 2615 3797 2670 Cum

2089 2713 2227 2769 ergo
2251 2700 2537 2770 quidquid
2584 2716 2726 2770 pene
2771 2709 2856 2758 est
2886 2701 3169 2769 victuunt,
3212 2703 3544 2769 fastidirem,
3576 2717 3798 2759 evoca-

2091 2787 2165 2842 tis
2191 2787 2312 2856 ipsa
2352 2788 2581 2844 duobus
2619 2789 2861 2858 clericis,
2910 2791 3204 2860 capellano
3250 2805 3376 2858 suo,
3419 2799 3475 2847 et
3514 2793 3797 2862 magistro

279 2875 465 2941 multa
496 2883 751 2944 tempora
775 2876 1092 2931 monachus
1122 2883 1435 2945 utramque
1484 2875 1836 2932 horribiliter
1872 2890 1978 2932 ex-
2020 2880 2062 2934 C
2092 2889 2236 2943 meo,
2295 2876 2406 2932 sub
2455 2891 2656 2933 eorum
2702 2877 2959 2935 custodia
3007 2893 3072 2935 eo
3111 2893 3203 2934 me
3261 2879 3466 2936 deferri
3513 2881 3791 2950 praecipit.

280 2964 574 3022 ulceratus
603 2976 844 3020 manum
877 2973 939 3019 ut
981 2963 1090 3018 hac
1121 2964 1177 3018 in
1230 2971 1392 3033 parte
1419 2971 1564 3020 esset
1591 2963 1982 3034 elephantioso

280 3054 437 3110 omni
467 3051 732 3118 deterior,
774 3066 840 3108 eo
893 3065 1129 3122 prorsus
1156 3052 1227 3107 ad
1271 3052 1464 3109 omnia
1505 3059 1628 3108 erat
1671 3051 1980 3107 destitutus

281 3141 484 3198 ofﬁcio.
543 3140 646 3197 Cui
701 3148 956 3208 sanctus,
989 3155 1120 3196 cum
1147 3154 1182 3195 a
1208 3140 1330 3196 suis
1371 3141 1735 3196 absentatum
1768 3140 1980 3210 vigiliis

281 3229 390 3286 hac
427 3228 496 3284 de
523 3241 700 3284 causa
729 3235 892 3285 nocte
921 3227 1262 3292 oﬁendisset,
1296 3228 1584 3298 apparuit,
1633 3236 1684 3284 et
1728 3226 1980 3298 generali

279 3331 388 3374 cur
416 3317 636 3374 abesset
679 3317 976 3386 psallentio
1007 3317 1335 3386 acquisivit.
1378 3317 1529 3372 Illico
1579 3316 1672 3372 ille
1702 3323 1980 3372 torturam

281 3412 336 3460 et
366 3403 758 3474 purulentiam
810 3418 1095 3460 manuum
1127 3405 1481 3462 occasionem
1535 3405 1808 3460 absentia
1846 3418 1979 3460 san-

280 3500 370 3549 cto
398 3494 706 3564 suggessit.
760 3493 1010 3564 Porrige,
1064 3494 1273 3564 inquit,
1330 3495 1446 3549 huc
1480 3508 1709 3550 manus.
1762 3493 1982 3561 Quibus

281 3581 652 3651 exporrectis,
708 3589 943 3638 sanctus
1000 3589 1314 3653 utramque
1367 3582 1712 3638 constrinxit
1765 3589 1820 3638 et
1850 3583 1978 3638 uni-

282 3684 510 3727 versam
560 3671 880 3728 scabiosam
943 3670 1098 3727 illam
1147 3678 1338 3727 cutem
1385 3670 1459 3726 ab
1491 3685 1558 3726 eo
1589 3670 1756 3741 quasi
1789 3670 1978 3726 chiro-

283 3759 474 3815 thecas
543 3758 820 3823 extraxit,
875 3766 933 3815 et
990 3759 1258 3816 leviorem
1309 3758 1538 3829 pueruli
1598 3771 1774 3814 carne
1835 3759 1981 3814 sub-

283 3847 485 3904 stituit.
1017 3913 1022 3916 _

355 3937 499 4006 Igne
524 3936 840 4007 probantur
855 3936 1118 4008 reliquia
1143 3939 1204 3992 S.
1220 3935 1534 4008 Amulphi.
1566 3935 1980 3991 Consobrinum

286 4022 547 4079 Guiberli
581 4024 976 4082 incolumitati
1001 4025 1344 4090 _re:lituunt.
1384 4056 1454 4064 —
1486 4025 1792 4082 Brachium
1835 4025 1979 4082 beati

284 4113 516 4169 Arnulﬁ
559 4115 830 4184 martyris
889 4114 945 4170 in
1001 4115 1228 4184 oppido,
1290 4114 1446 4170 unde
1495 4127 1653 4169 eram
1680 4113 1978 4174 oriundus.

286 4201 628 4269 habebatur,
675 4203 831 4272 quod
881 4217 916 4258 a
976 4204 1228 4274 quodam
1276 4203 1413 4259 locis
1445 4202 1558 4258 illis
1584 4202 1807 4259 illatum
1847 4217 1981 4258 cum

284 4290 602 4360 oppidanos
680 4291 1016 4348 reddidisset
1083 4293 1408 4363 ambiguos,
1467 4293 1538 4347 ad
1597 4291 1987 4361 probationem

285 4379 521 4452 ignibus
565 4387 650 4436 est
699 4380 998 4451 injectum,
1057 4382 1153 4437 sed
1207 4382 1418 4436 exinde
1479 4381 1630 4437 saltu
1662 4379 1851 4436 subito
1904 4388 1988 4436 est

285 4474 566 4536 ereptum.
617 4467 901 4525 Succiduo
949 4468 1198 4539 denique
1247 4476 1517 4538 tempore,
1575 4468 1812 4539 quidam
1851 4482 1986 4524 con-

286 4554 557 4610 sobrinus
605 4569 788 4623 meus,
845 4555 915 4611 de
971 4555 1144 4612 castri
1214 4555 1587 4625 primoribus,
1648 4555 1989 4624 gravissima

285 4649 371 4698 est
400 4642 662 4712 passione
687 4657 1015 4713 percussus.
1052 4642 1156 4698 Cui
1199 4642 1504 4699 brachium
1539 4642 1688 4699 beati
1720 4644 1990 4713 martyris

284 4742 416 4784 cum
452 4729 648 4786 fuisset
703 4730 1014 4801 ingestum,
1047 4731 1305 4786 valitudo
1356 4731 1478 4787 loco
1532 4746 1591 4788 se
1634 4739 1868 4788 mutans
1915 4731 1988 4788 ad

287 4823 503 4874 tactum
535 4819 661 4888 ejus
692 4818 882 4874 locum
935 4817 1226 4875 ferebatur
1256 4819 1313 4874 in
1353 4819 1555 4874 alium.
1609 4820 1872 4890 Cumque
1900 4820 1991 4875 vis

289 4905 387 4961 illa
427 4904 754 4978 diffugeret,
820 4915 875 4963 et
919 4907 1162 4978 fugienti
1192 4923 1223 4963 e
1281 4907 1519 4979 vestigio
1574 4909 1724 4964 sacri
1769 4908 1988 4964 brachii

288 4997 475 5046 tactus
534 4990 819 5048 insisteret
876 4993 949 5047 ad
1015 4991 1281 5049 ultimum
1318 5001 1444 5062 post
1489 4992 1711 5063 aliquot
1733 4992 1790 5047 in
1821 4992 1991 5048 vultu

287 5079 680 5149 membrisque
702 5079 1019 5146 discursus,
1045 5079 1103 5135 in
1128 5081 1251 5150 ipso
1275 5081 1470 5152 juguli
1502 5081 1992 5151 scapularumque

288 5166 554 5230 confinio.
590 5176 706 5228 tota
739 5169 922 5224 morbi
953 5167 1106 5224 illius
1135 5169 1405 5225 violentia
1450 5182 1728 5240 evagans,
1766 5169 1993 5224 sublata

290 5254 596 5323 paululum
627 5256 686 5311 in
733 5256 969 5313 modum
1021 5258 1205 5314 muris
1241 5265 1391 5325 cute,
1437 5257 1651 5328 pariter
1680 5256 1994 5327 glomerata

368 5430 482 5495 (50)
522 5429 799 5486 Obscura.

2087 2965 2262 3020 Juxta
2296 2965 2634 3034 pravitatem
2663 2981 2801 3022 vero
2849 2967 3056 3023 veteris
3087 2982 3245 3034 usus,
3281 2967 3516 3024 ecclesia
3571 2968 3671 3024 illa
3721 2968 3794 3024 ad

2083 3053 2182 3124 jus
2207 3054 2333 3123 ejus
2361 3054 2698 3122 pertinebat.
2734 3055 3041 3112 Venientes
3075 3056 3214 3112 illuc
3241 3070 3377 3127 ergo
3407 3057 3620 3121 clerici,
3653 3065 3796 3112 stra-

2088 3149 2212 3197 tum
2272 3149 2403 3197 ante
2459 3141 2640 3198 altare
2695 3143 2804 3199 sibi
2851 3151 2907 3198 et
2958 3143 3100 3199 mihi
3130 3152 3296 3199 nocte
3325 3143 3420 3199 illa
3463 3144 3584 3200 ﬁeri
3613 3145 3790 3214 impe-

2089 3235 2338 3285 trarunt.
2390 3230 2531 3286 Ecce
2570 3239 2734 3287 nocte
2763 3232 2950 3288 media
2978 3232 3134 3287 intra
3187 3233 3444 3288 eamdem
3494 3233 3790 3288 ecclesiam

2088 3317 2256 3386 capit
2295 3325 2450 3373 terra
2500 3319 2671 3388 quasi
2724 3320 2945 3375 malleis
2995 3321 3245 3387 concuti,
3302 3321 3606 3390 aliquoties
3653 3336 3789 3377 sera

2089 3419 2359 3461 arearum
2412 3420 2547 3462 cum
2596 3407 2778 3464 multo
2831 3409 3071 3478 strepitu
3111 3409 3489 3476 circumvelli,
3540 3411 3792 3480 crepitus

2089 3494 2404 3563 aliquando
2435 3495 2606 3564 quasi
2637 3496 2936 3567 virgarum
2977 3512 3156 3567 super
3209 3511 3374 3554 arcas
3421 3499 3632 3554 audiri.
3669 3498 3792 3556 Cle-

2090 3582 2193 3639 rici
2221 3597 2357 3638 vero
2390 3597 2424 3638 a
2462 3584 2656 3640 sonitu
2685 3584 3022 3655 experrecti,
3062 3594 3358 3656 coeperunt
3414 3587 3666 3642 multum
3723 3602 3794 3644 ne

2055 3671 2261 3726 -timor
2319 3671 2376 3726 in
2457 3671 2710 3728 deterius
2771 3687 2860 3728 me
2916 3681 3183 3740 verteret,
3257 3674 3585 3730 formidare.
3644 3675 3792 3740 Quid

2093 3758 2259 3830 plura
2288 3759 2317 3814 ἳ
2345 3759 2428 3814 eis
2451 3759 3217 3818 mussitantibussubaudivi
3251 3769 3464 3826 tamen,
3491 3777 3564 3818 ex
3586 3776 3792 3820 eorum

2090 3848 2490 3914 contubernio,
2521 3856 2576 3904 et
2634 3848 2916 3918 lampadis
2957 3849 3321 3919 pralucentis
3365 3850 3585 3917 solatio,
3623 3863 3793 3920 parce

2093 3937 2279 3992 timui.
2313 3937 2376 3992 ln
2404 3937 2495 3993 his
2519 3945 2743 3993 noctem
2787 3938 3091 3999 transiens,
3128 3938 3208 3994 ita
3227 3953 3418 4008 sospes
3445 3939 3518 3994 ad
3549 3946 3791 3995 matrem

2091 4025 2254 4092 redii,
2301 4039 2369 4081 ac
2396 4025 2443 4081 si
2472 4025 2613 4081 nihil
2666 4025 3009 4082 incommodi
3041 4025 3420 4095 pertulissem,
3460 4033 3517 4082 et
3547 4027 3653 4097 qui
3684 4029 3796 4097 pri-

2093 4114 2219 4171 dem
2275 4113 2598 4170 lautissima
2655 4114 3014 4181 borrueram,
3063 4128 3428 4170 communem
3455 4115 3577 4184 jam
3611 4129 3794 4185 prom-

2093 4211 2228 4273 ptus
2256 4201 2328 4257 ad
2361 4201 2573 4265 cibum,
2627 4216 2745 4257 non
2786 4202 2978 4258 minor
3025 4217 3153 4258 sum
3207 4209 3470 4272 repertus
3496 4203 3568 4258 ad
3598 4203 3792 4272 pilam.

2165 4292 2282 4348 Rex
2327 4290 2648 4362 Anglorum
2693 4290 2885 4346 senior
2914 4289 3254 4347 Guillelmus
3283 4290 3489 4346 turrim
3529 4291 3586 4345 in
3619 4292 3793 4348 eccle-

2094 4379 2178 4434 sia
2209 4378 2502 4449 magnifici
2531 4377 2797 4449 Dionysii
2819 4377 3027 4450 (cujus,
3064 4392 3243 4448 quam
3292 4377 3492 4434 futura
3523 4378 3794 4448 plurima,

2094 4467 2139 4521 si
2172 4466 2540 4535 perficeretur
2570 4479 2638 4522 ac
2674 4465 3018 4535 persisteret,
3070 4464 3260 4522 fuerat
3315 4464 3680 4537 magnitudo)
3725 4483 3797 4524 ex

2094 4554 2217 4610 suis
2243 4553 2388 4610 strui
2421 4553 2630 4609 fecerat
2661 4553 2792 4622 (50).
2825 4552 2986 4620 Quod
3018 4567 3162 4623 opus
3215 4553 3490 4623 quoniam
3536 4554 3611 4610 ab
3655 4557 3798 4611 arti-

2096 4642 2302 4698 ficibus
2348 4642 2540 4698 minus
2593 4649 2718 4699 erat
2765 4641 3028 4698 ordinate
3084 4648 3439 4708 contextum,
3494 4643 3798 4700 videbatur

2094 4736 2248 4784 ἥτε
2296 4729 2355 4784 in
2387 4730 2506 4787 dies
2533 4731 2623 4787 sui
2669 4730 2959 4800 parturire
3008 4729 3260 4786 ruinam.
3297 4729 3561 4800 Cumque
3619 4733 3796 4802 pluri-

2096 4833 2255 4874 mum
2291 4817 2364 4874 ab
2409 4819 2584 4875 lvone
2632 4825 2772 4874 tunc
2800 4818 3071 4888 temporis
3099 4817 3306 4873 abbate
3336 4825 3448 4874 eta
3501 4821 3797 4876 monachis

2098 4909 2419 4974 timeretur,
2457 4921 2528 4962 ne
2572 4905 2749 4962 veteri
2795 4905 3076 4962 damnum
3135 4905 3383 4962 basilica
3440 4907 3578 4962 novi
3613 4909 3795 4978 operis

2098 4995 2267 5052 ruina
2298 4995 2580 5066 indigeret
2609 4994 2758 5063 (erat
2806 5001 2998 5049 autem
3046 4993 3125 5050 ibi
3158 4993 3306 5049 beati
3354 4993 3688 5050 Eadmundi
3718 4996 3793 5051 al-

2099 5093 2238 5149 tare,
2274 5091 2330 5138 et
2380 5096 2630 5152 quorum
2689 5081 2880 5137 nescio
2922 5080 3198 5152 aliorum)
3231 5080 3356 5136 talis
3385 5081 3533 5137 visio
3562 5082 3793 5139 sollicito

2099 5169 2290 5227 abbati
2338 5183 2396 5224 se
2429 5168 2640 5225 intulit.
2685 5168 2945 5223 Honesta
3001 5169 3249 5224 multum
3305 5169 3666 5226 habitudinis
3709 5172 3794 5226 do-

2099 5257 2317 5314 minam
2373 5255 2431 5310 in
2487 5255 2671 5312 medio
2741 5255 2898 5312 Beati
2956 5255 3210 5326 Dionysii
3257 5255 3514 5313 ecclesia
3555 5265 3792 5314 stantem
