3938 6082
128 268 247 318 961

1103 265 1398 320 APPEND.
1444 267 1534 320 AD
1576 265 1706 320 LIB.
1753 265 1823 319 III
1865 264 2191 321 GUIBERTI
2234 266 2323 320 DE
2363 266 2518 320 VITA
2561 266 2724 320 SUA.

3570 267 3673 322 962

131 396 415 462 videbat,
459 409 589 466 quae
626 394 963 450 sacerdotali
1021 408 1176 451 more
1247 395 1632 452 exorcismum
1694 409 1864 468 aqum
1900 395 2264 466 Alapidibus
2297 396 2658 465 adopertum,
2708 395 3084 452 humanitatis
3136 409 3313 452 causa
3349 397 3676 468 congeriem

127 483 424 540 faciebat.
454 485 717 553 Cumque
759 483 910 538 abba
962 481 1185 538 feminas
1224 483 1621 540 auctoritatem
1683 483 1864 539 mira-

129 581 343 640 retur,
391 587 522 642 quae
575 571 802 627 insolita
861 571 1084 638 faceret,
1144 573 1674 642 contemplabatur;
1709 573 1864 644 quod

137 668 283 729 post
332 673 500 729 aquze
531 659 982 716 benedictionem
1014 675 1139 714 eam
1179 659 1288 714 hac
1342 661 1587 730 illacque
1645 662 1862 730 disper-

136 757 340 819 geret,
401 758 642 818 postque
696 748 1126 817 dispersionem,
1159 763 1278 819 qua
1333 749 1694 819 disperserat.
1751 749 1862 804 cir-

135 851 538 906 cumquaque
593 836 825 907 signum
893 838 1084 893 crucis
1139 837 1504 907 exprimeret.
1546 838 1660 894 Nec
1705 851 1862 894 mora

138 925 434 994 temporis
481 925 654 981 turris
687 925 823 992 ruit,
885 926 979 981 sed
1038 926 1258 982 nullam
1313 926 1562 982 ecclesiae
1618 934 1859 996 partem,

139 1014 301 1068 dum
335 1022 545 1076 rueret,
581 1013 741 1069 laesit.
775 1013 876 1069 llla
918 1015 1074 1070 enim
1132 1014 1434 1071 Benedicta
1467 1015 1612 1071 inter
1652 1015 1862 1071 mulie-

142 1115 269 1168 res,
308 1102 480 1172 cujus
499 1102 715 1158 ventris
747 1102 1081 1159 benedictus
1109 1111 1192 1159 est
1224 1103 1446 1160 fructus
1485 1104 1645 1171 (Luc.
1676 1119 1713 1164 ι.
1746 1103 1858 1172 22),

142 1204 266 1246 sua
297 1204 425 1246 eam
479 1191 867 1248 benedictione
917 1193 1091 1263 juxta
1138 1193 1363 1248 abbatis
1396 1193 1522 1249 visa
1553 1193 1857 1249 munierat.

145 1277 324 1334 Alias
349 1293 489 1350 ergo
527 1293 704 1336 ruens
751 1279 1040 1336 hominem
1070 1281 1268 1337 subter
1295 1281 1686 1338 ambulantem
1736 1297 1864 1352 ope-

147 1366 302 1422 ruit.”
347 1367 490 1423 Cum
526 1367 720 1438 itaque
761 1377 1118 1438 compertum
1149 1377 1296 1427 esset
1352 1371 1623 1428 omnibus
1670 1372 1862 1426 virum

1967 485 2040 540 ab
2099 500 2164 540 eo
2220 485 2509 542 dimovere
2563 493 2881 554 coeperunt.
2941 485 3191 539 Tandem
3219 485 3521 541 exhaustis
3561 501 3671 542 cie-

1967 573 2144 628 menti
2175 581 2229 629 et
2277 587 2550 630 saxorum
2607 573 2941 638 montibus,
2976 573 3312 641 pervenitur
3349 574 3419 628 ad
3470 573 3665 642 illum;

1968 677 2162 732 quem,
2221 663 2431 718 mirum
2501 663 2678 727 dictu,
2735 661 3022 730 sospitem,
3091 662 3457 732 alacremque
3519 677 3671 732 repe-

1969 750 2127 806 riunt
2157 766 2223 806 ac
2252 753 2296 805 si
2328 751 2478 806 domi
2509 751 2830 806 desedisset.
2866 751 3078 815 Quadri
3102 765 3351 819 nemque
3375 765 3405 805 e
3441 751 3673 821 regione

1967 839 2112 894 alter
2142 839 2303 894 alteri
2353 853 2472 895 sese
2519 842 3004 909 compaginantes.
3042 838 3146 908 ipsi
3204 838 3504 920 aediculam
3537 853 3671 894 con-

1968 928 2242 984 fecerunt.
2274 927 2398 983 Non
2430 941 2566 997 ergo
2588 929 2639 983 ei
2686 927 2795 982 sub
2847 926 3070 982 diutina
3126 928 3315 982 nescio
3363 935 3503 998 quot
3547 927 3673 983 die-

1967 1031 2096 1072 rum
2133 1016 2269 1071 inibi
2311 1030 2471 1071 mora
2502 1017 2699 1082 fames,
2739 1029 2853 1071 non
2910 1022 3116 1081 metus,
3167 1029 3280 1070 non
3338 1015 3672 1071 insolentis-

1968 1105 2148 1160 simus
2171 1103 2407 1160 excluso
2440 1104 2658 1159 homini
2689 1104 2859 1160 calcis
2889 1104 3028 1160 odor
3051 1103 3256 1160 offecit.

2039 1192 2590 1248 Excellentissimam
2624 1193 2799 1262 igitur
2842 1193 3081 1248 Mariam
3113 1193 3386 1249 caelorum
3446 1207 3513 1248 ac
3568 1199 3675 1248 ter-

1970 1295 2046 1336 rae
2077 1289 2400 1352 patronam,
2427 1295 2559 1337 cum
2617 1281 2884 1350 Dionysio
2935 1281 3106 1336 totius
3149 1282 3404 1338 Francize
3437 1272 3670 1336 domino

1968 1370 2065 1440 [f.,
2100 1371 2474 1438 invocantes],
2505 1370 2636 1426 libri
2662 1383 2944 1438 ponamus
2973 1369 3314 1426 clausulam.

1833 1550 2019 1595 FINIS.

313 1881 947 1995 APPENDIX
1024 1881 1190 1993 AD
1272 1879 1742 1994 LIBRUM
1817 1879 1959 1992 III
2033 1876 2615 1995 GUIBERTI
2688 1880 2846 1991 DE
2923 1880 3211 1992 VITA
3292 1879 3531 1994 SUA

1239 2218 1918 2302 HERMANNI
2007 2217 2594 2301 MONAGII

511 2415 694 2516 DE
765 2410 1542 2516 MIRACULIS
1610 2411 1709 2514 S.
1785 2411 2277 2513 MARI/E
2346 2410 3348 2514 LAUDUNENSIS

1595 2617 1737 2691 DE
1821 2618 2237 2690 GESTIS

919 2797 1372 2855 VENERABILIS
1413 2797 1926 2855 BARTHOLOMEI
1966 2797 2282 2853 EPISCOPI
2323 2797 2412 2854 ET
2449 2799 2506 2853 S.
2550 2797 2941 2854 NORTBERTI

1411 2981 1888 3108 LIBRI
1992 2980 2433 3108 TRES

491 3369 835 3426 EPISTOLA
874 3368 1236 3424 HERMANNI
1275 3367 1585 3424 MONACHI
1625 3368 1718 3421 AD
1759 3365 2350 3423 BARTHOLOM/EUM
2391 3367 2903 3423 LAUDUNENSEM
2948 3367 3358 3423 EPISCOPUM.

243 3535 391 3584 εεθ
437 3526 760 3586 Venerabili
794 3526 943 3582 Patri
975 3533 1029 3581 et
1059 3523 1292 3580 domino
1321 3538 1448 3589 suo,
1481 3525 1689 3579 domno
1717 3524 1870 3580 BAR-
1909 3527 1951 3579 Β
1983 3524 2173 3589 Quare
2194 3541 2400 3580 nomen
2449 3540 2621 3580 suum
2653 3525 2811 3580 haud
2839 3526 3150 3597 prae/iura
3192 3529 3414 3580 auctor.
3437 3555 3506 3565 —
3538 3525 3686 3581 Bar-

171 3634 501 3684 rHOLomao,
533 3617 631 3672 Dei
665 3616 854 3687 gratia
907 3614 1308 3670 Laudunensis
1369 3613 1532 3669 urbis
1584 3616 1868 3682 episcopo,

176 3709 348 3764 frater
395 3707 760 3771 HERMANNUS,
793 3703 1053 3758 omnium
1087 3702 1498 3758 monachorum
1533 3703 1868 3771 peripsema,

175 3795 414 3852 summis
443 3793 809 3865 pontificibus
841 3793 898 3848 in
928 3791 1138 3847 cmlesti
1170 3791 1374 3847 sociari
1407 3791 1586 3846 curia.

247 3885 428 3950 Quam
447 3881 627 3938 nobili
664 3897 873 3954 genere
902 3883 1060 3934 ortu:
1107 3879 1572 3934 Bartholomasue.
1613 3907 1685 3920 —
1728 3878 1872 3935 Cum

176 3975 394 4030 dudum
431 3973 486 4027 in
517 3971 848 4042 Hispaniam
882 3969 954 4024 ad
985 3969 1298 4024 videndum
1338 3967 1649 4038 gloriosum
1680 3981 1872 4038 regem

181 4061 591 4127 Hildefonsum,
627 4058 848 4115 Felicia:
881 4065 1200 4113 materteraa
1231 4064 1434 4111 vestra)
1489 4055 1694 4123 lilium,
1742 4069 1870 4126 pro-

178 4150 377 4219 fectus,
406 4149 797 4205 felicissimum
848 4147 919 4202 ab
957 4160 1024 4201 eo
1081 4143 1420 4214 promissum
1480 4143 1874 4214 suscepissetis

179 4238 330 4308 quod
387 4236 432 4293 si
490 4236 741 4293 secundo
791 4235 1022 4290 adeum
1053 4233 1365 4289 videndum
1420 4233 1871 4298 reverteremini,

176 4327 332 4382 daret
361 4325 524 4382 vobis
559 4338 770 4394 corpus
815 4325 872 4378 Β.
937 4322 1214 4380 Vincentii
1273 4320 1460 4378 levitas
1490 4329 1546 4377 et
1584 4321 1872 4391 martyris,

180 4429 280 4470 nec
324 4429 437 4470 non
493 4421 549 4469 et
601 4413 856 4469 casulam
907 4410 1394 4480 pretiosissimam,
1452 4423 1628 4480 quam
1711 4409 1876 4465 beata

179 4503 275 4558 Dei
325 4502 584 4558 Genitrix
643 4501 696 4556 S.
758 4500 1084 4556 Hildefonso
1151 4499 1434 4554 Toletanae
1487 4497 1732 4554 civitatis
1781 4511 1874 4553 ar-

178 4592 532 4662 chiepiscopo
587 4590 841 4656 dederat,
873 4589 944 4644 ob
998 4587 1521 4644 remunerationem
1581 4585 1755 4642 trium
1801 4585 1875 4640 li—

178 4681 451 4738 bellorum
502 4694 646 4750 quos
700 4679 768 4734 de
800 4677 1142 4748 Virginitate
1173 4690 1278 4731 sua
1308 4682 1728 4744 composuerat,
1757 4688 1876 4729 cce-

178 4769 394 4840 pistisa
426 4783 549 4823 mea
580 4766 864 4837 parvitate
921 4777 1181 4835 quarere
1241 4771 1436 4818 utrum
1487 4777 1581 4817 eos
1623 4762 1874 4831 denique

181 4857 395 4914 libellos
422 4855 634 4912 alicubi
669 4855 954 4921 vidissem,
997 4861 1178 4924 utque
1207 4866 1302 4907 eos
1333 4851 1549 4921 ubique
1581 4849 1874 4920 perquire-

181 4960 297 5002 rem
320 4945 629 5001 studiosius
681 4941 1047 5014 praecepistis.
1081 4941 1224 4996 Cum
1278 4953 1414 4995 vero
1470 4953 1565 4994 eos
1614 4937 1672 4992 in
1733 4937 1875 4993 urbe

179 5033 577 5092 Catalaunensi
621 5031 760 5087 forte
809 5030 1144 5099 reperissem
1197 5035 1252 5083 et
1319 5026 1481 5082 vobis
1539 5024 1875 5081 renuntias—

183 5137 314 5190 sem,
349 5122 610 5192 protinus
641 5133 1054 5191 pergamenum
1113 5123 1510 5186 comparatum
1569 5114 1710 5170 mihi
1757 5121 1872 5170 tra-

185 5211 417 5278 didistis,
473 5224 680 5280 meque
757 5209 828 5264 ad
888 5206 1183 5276 praefatam
1247 5205 1450 5261 urbem
1503 5211 1730 5274 propter
1782 5216 1879 5260 eos

187 5299 640 5358 transcribendos
679 5296 988 5352 direxistis.

254 5388 612 5443 Hermannus
644 5385 842 5441 Vitam
870 5387 925 5438 et
949 5382 1125 5438 libros
1173 5381 1235 5436 S.
1267 5381 1608 5451 Hildefonei
1655 5380 1878 5438 descri-

184 5475 328 5552 psit;
394 5475 598 5547 quibus
667 5472 960 5530 Miracula
1013 5471 1080 5526 Β.
1141 5469 1402 5543 Virginis
1443 5469 1756 5540 subjunzit.
1812 5500 1882 5512 —

1980 3613 2262 3668 tholomzi
2312 3629 2453 3668 cura
2501 3630 2607 3685 per
2646 3616 2769 3670 SS.
2817 3615 3164 3670 Norberlum
3209 3618 3265 3667 et
3320 3613 3685 3668 Bernardum

1976 3703 2172 3756 decem
2198 3702 2551 3757 monasteria
2577 3708 2907 3758 constructa
2935 3701 2997 3756 in
3025 3703 3258 3758 ὀίωοεεί
3297 3702 3680 3758 Laudunensi.

1979 3791 2281 3862 —Scripsi
2339 3807 2475 3862 ergo
2537 3793 2722 3863 primo
2771 3793 2959 3850 Vitam
3016 3793 3274 3864 ejusdem
3333 3792 3679 3861 Hildefonsi;

1980 3879 2184 3935 deinde
2216 3880 2479 3950 praefatos
2511 3882 2638 3951 ejus
2689 3881 2908 3937 libellos
2950 3882 3254 3953 subjunxi.
3288 3881 3511 3948 Quibus
3538 3879 3684 3936 scri-

1981 3969 2112 4038 ptis,
2149 3968 2341 4024 addidi
2375 3969 2674 4035 miracula,
2737 3983 2867 4039 quae
2897 3969 3134 4038 praefata
3189 3977 3401 4024 sanctae
3448 3967 3545 4023 Dei
3578 3967 3682 4022 Ge-

1981 4057 2160 4113 nitrix
2211 4056 2268 4112 in
2325 4057 2588 4125 Francia,
2648 4064 2702 4113 et
2734 4057 2944 4128 Anglia
2997 4057 3206 4113 fecerat
3263 4071 3362 4126 per
3413 4055 3688 4125 reliquias

1981 4159 2136 4213 suas,
2169 4160 2301 4216 quae
2351 4146 2408 4201 in
2445 4145 2816 4202 Laudunensi
2857 4154 3168 4201 servantur
3200 4145 3379 4215 ipsius
3425 4143 3682 4200 ecclesia.

1985 4235 2115 4290 Haec
2142 4249 2278 4306 ergo
2313 4234 2591 4291 miracula
2616 4235 2785 4306 jussu
2815 4235 3047 4305 quidem
3090 4233 3446 4304 paternitatis
3483 4240 3687 4288 vestrae

1981 4323 2297 4392 composui,
2351 4323 2447 4379 sed
2501 4331 2563 4378 ut
2617 4323 2850 4395 majoris
2895 4321 3256 4378 auctoritatis
3315 4329 3502 4377 essent
3551 4329 3606 4376 et
3650 4333 3686 4375 a

1983 4411 2143 4466 nullo
2174 4420 2408 4481 propter
2440 4411 2768 4467 dictaminis
2806 4411 3181 4466 rusticitatem
3231 4409 3682 4479 despicerentur,

1987 4497 2285 4566 parvitatis
2310 4513 2450 4553 meae
2481 4512 2688 4554 nomen
2741 4497 2853 4552 illis
2907 4497 3340 4567 praetermittere
3371 4495 3550 4558 nolui.
3587 4495 3686 4550 sed

1983 4585 2092 4640 sub
2120 4586 2348 4640 nomine
2387 4587 2797 4642 canonicorum
2847 4585 2974 4655 ejus
3027 4585 3292 4640 Ecclesiae
3321 4597 3389 4639 ea
3430 4583 3687 4652 praetim-

1983 4672 2115 4728 lavi.
2155 4661 2282 4728 Post
2309 4674 2432 4742 ipsa
2458 4689 2692 4744 quoque
2720 4673 2999 4728 miracula
3038 4672 3340 4743 subjnnxi,
3371 4686 3490 4742 quo
3521 4672 3686 4727 modo

1983 4761 2180 4817 divina
2236 4761 2623 4816 misericordia
2691 4761 2748 4816 in
2783 4762 2987 4817 diebus
3042 4761 3244 4817 vestris
3296 4773 3524 4826 novem,
3575 4760 3686 4814 imo

1913 4823 2176 4905 Cdecem
2244 4849 2590 4904 monasteria
2649 4857 2834 4904 vestro
2914 4849 3106 4904 labore
3164 4849 3422 4904 construi
3497 4847 3687 4903 fecerit

1983 4951 2084 5007 per
2129 4937 2403 4993 domnum
2456 4937 2822 5002 Norbertum,
2877 4938 3274 5008 damnumque
3330 4936 3686 4992 Bernardum

1985 5025 2249 5082 abbatem
2301 5026 2814 5093 Claraavallensem,
2883 5040 3136 5096 quorum
3211 5025 3438 5080 nullum
3498 5025 3689 5080 fuerat

1985 5125 2240 5186 tempore
2279 5115 2666 5186 quadraginta
2722 5115 2898 5170 trium
2947 5115 3340 5185 episcoporum
3371 5114 3689 5184 praedeces-

1987 5219 2182 5262 sorum
2240 5212 2590 5271 vestrorum;
2625 5219 2724 5259 vos
2780 5212 2974 5260 autem
3047 5203 3292 5275 singulis
3348 5201 3690 5260 constructis

1988 5294 2224 5350 abbates
2280 5293 2623 5364 przefecistis,
2685 5308 2789 5348 nec
2821 5301 3010 5349 tamen
3057 5292 3389 5362 antiquiora
3445 5305 3575 5361 quae
3607 5291 3690 5346 in-

1988 5383 2226 5439 venistis
2263 5382 2546 5451 corrigere
2605 5381 2916 5437 destitistis.
2953 5383 3021 5437 Et
3049 5381 3094 5436 si
3123 5380 3244 5436 vita
3287 5379 3429 5436 mihi
3476 5393 3686 5445 comes,

1992 5472 2100 5527 Deo
2130 5470 2355 5526 volente
2399 5468 2594 5537 fuerit,
2647 5469 2820 5526 etiam
2849 5469 2963 5527 alia
3006 5485 3138 5541 quas
3169 5470 3228 5526 in
3253 5468 3456 5526 diebus
3483 5466 3691 5525 vestris
