3922 6080
278 232 382 287 963

1219 225 1524 280 APPEND.
1573 225 1668 279 AD
1714 222 1840 280 LIB.
1883 224 1957 279 ll]
1998 223 2321 281 GUIBERTI
2354 224 2445 278 DE
2482 223 2642 279 VITA
2683 223 2835 281 SUA.

3694 225 3808 278 964

273 360 666 432 contigerunt,
699 358 784 415 vel
819 357 1150 426 contingere
1192 356 1406 423 videro,
1457 357 1794 412 subnectere
1847 370 1973 426 pro-
2009 363 2052 415 A
2082 357 2431 426 pusillitatis,
2490 365 2554 413 ut
2606 358 2889 427 particeps
2933 357 3042 412 sim
3107 357 3390 413 bonorum
3442 372 3574 428 qua
3617 356 3680 412 in
3733 371 3804 411 ea

281 449 465 518 posui.
513 449 679 503 Hunc
711 461 848 515 ergo
900 446 1111 500 librum
1148 453 1350 501 vestra
1403 446 1724 514 paternitati
1775 454 1827 500 et
1884 446 1986 499 Ec-

277 538 464 594 clesia
549 533 919 590 Laudunensi
1000 533 1265 603 relinquo
1323 536 1378 588 in
1444 534 1778 589 memoriam
1845 547 1983 589 mea

2093 445 2241 500 facta
2271 445 2501 502 fuerint.

1360 788 1913 861 CAPITULA
1991 788 2282 860 LIBRI
2363 788 2720 860 PRIMI.

365 969 511 1020 ευ
547 962 680 1018 CAP.
737 963 778 1016 l.
824 964 898 1016 De
921 1034 924 1035 ν
948 959 1331 1035 grospeﬁtqle
1354 961 1414 1035 el
1441 957 1790 1035 qdpersitale
1844 958 2242 1035 Laudunensis
2286 958 2598 1035 Ecclesia;_
2625 962 2681 1035 el
2727 959 3130 1027 interiectione
3165 961 3464 1018 Gualdrici
3505 962 3807 1035 episcopi.

873 1034 928 1111 ei
948 1028 1195 1111 Circi—fdi
1237 1031 1306 1111 de
1336 1029 1748 1111 ϐείνςζπρεοτβι-
1765 1028 2128 1110 succensione
2155 1029 2868 1111 duodecimecclesiarum.
3373 1042 3380 1056 ‘

557 1105 686 1181 CAP.
845 1103 926 1181 D_e
955 1101 1472 1181 electione_domini
1514 1101 2212 1181 Borlholomaifpisropi,
2256 1105 2312 1155 et
2343 1101 2642 1157 nobilitate
2684 1101 2830 1170 ejus.

554 1178 687 1229 CAP.
731 1174 832 1228 III.
875 1177 947 1228 De
975 1173 1277 1226 miraculis
1301 1176 1518 1228 sancta
1551 1171 1753 1226 Maria

1780 1188 1885 1242 per
1914 1173 2242 1226 Franciam.

561 1245 696 1301 CAP.
740 1245 835 1300 IV.
882 1245 967 1297 De
993 1244 1206 1297 duobus
1237 1242 1549 1298 contractis
1571 1243 1800 1298 sanatis
1826 1243 1982 1314 apud
2013 1243 2384 1314 Iesuldunum
2411 1243 2734 1298 castellum.

561 1315 695 1372 CAP.
739 1315 806 1370 V.
849 1317 924 1369 De
935 1315 1156 1384 juvene
1181 1315 1362 1384 surdo
1382 1317 1436 1366 et
1464 1318 1620 1368 muto
1638 1316 1837 1367 curato
1867 1313 2022 1382 apud
2043 1313 2291 1368 Bucensi
2317 1314 2638 1369 castellum.

558 1386 694 1440 CAP.
737 1386 827 1439 Vl.
869 1383 952 1438 De
983 1402 1120 1453 pace
1145 1385 1311 1450 fac/0
1341 1383 1497 1440 inler
1523 1385 1630 1438 duo
1663 1385 1903 1439 castella
1931 1384 2292 1440 dissidentia.

556 1457 688 1511 CAP.
731 1457 843 1510 VII.
888 1459 962 1510 De
988 1455 1226 1508 muliere
1250 1459 1458 1525 aegrota
1493 1455 1735 1508 Turonis
1763 1460 1987 1525 curata.

557 1533 689 1582 CAP.
734 1527 880 1580 VIII.
923 1529 1000 1580 De
1019 1527 1232 1595 juvene
1247 1524 1419 1579 surdo
1443 1529 1498 1578 et
1528 1528 1679 1580 mulo
1710 1524 1957 1581 Turonis
1983 1529 2202 1580 cura/0.

557 1598 689 1654 CAP.
734 1598 830 1651 IX.
867 1600 942 1651 De
973 1594 1226 1651 vindicta
1251 1601 1464 1650 sancta
1492 1597 1702 1650 Maria
1725 1597 1888 1656 facta
1917 1597 1993 1650 ad
2022 1598 2291 1651 Sanctum
2313 1595 2696 1652 Laurentium
2723 1594 2794 1650 de
2821 1594 2995 1651 Gala.

559 1668 692 1723 CAP.
738 1669 807 1722 X.
853 1671 928 1721 De
957 1667 1198 1720 mulcere
1223 1666 1588 1738 par/uriente
1617 1666 1940 1738 Andegavis
1958 1672 2190 1721 sanata.

558 1737 691 1795 CAP.
734 1738 834 1793 ΧΙ.
878 1739 963 1791 De
993 1736 1237 1791 muliere
1253 1736 1444 1790 sterili
1468 1736 1805 1793 Cenomanis
1822 1738 2150 1802 fecundala.

560 1808 696 1865 CAP.
740 1809 868 1863 XII.
912 1812 987 1864 De
1017 1807 1298 1861 miraculo
1326 1807 1486 1878 apud
1516 1812 1766 1878 montem
1791 1808 1860 1862 de
1890 1809 2123 1862 Guarda
2147 1807 2471 1862 castellum.

560 1878 694 1936 CAP.
735 1879 892 1934 XIII.
940 1881 1023 1932 De
1051 1878 1232 1932 tribus
1259 1877 1560 1932 miraculis
1586 1878 1649 1932 in
1675 1879 1818 1934 urbe
1847 1879 2179 1936 Carnolensi
2205 1879 2384 1942 factis
2410 1895 2516 1952 per
2537 1883 2803 1934 sanctam
2833 1877 3112 1934 Mariam.

1617 2191 1961 2278 LIBER
2018 2191 2479 2278 PRIMUS.

280 2495 420 2554 CAP.
455 2496 496 2550 Ι.
527 2526 594 2535 -
627 2497 708 2550 De
732 2493 1114 2566 prosperitate
1143 2489 1562 2566 eloquere-itote
1591 2489 1984 2566 Lugdunensis
2022 2489 2065 2545 B
2096 2498 2332 2559 experta
2363 2498 2447 2546 est
2475 2490 3052 2546 animadversionem.
3097 2491 3252 2548 Sicut
3282 2493 3435 2548 enim
3493 2493 3806 2564 quondam

352 2567 646 2632 Ecclesia,
677 2561 744 2618 εί
785 2561 1182 2627 inlerfeclione
1240 2561 1541 2632 Gualdrici
1592 2561 1865 2632 episconi,
1914 2564 1981 2632 el

351 2637 589 2692 Girardi
636 2631 716 2689 Vde
770 2637 1081 2707 Cyrisiuco,
1135 2634 1191 2688 et
1245 2631 1610 2687 succensione
1685 2631 1981 2686 duodecim

354 2707 750 2762 ecclesiarum.

357 2795 470 2864 (51)
505 2792 800 2851 Universis
846 2797 1059 2846 sancta
1082 2789 1276 2846 Matris
1305 2790 1571 2846 Ecclesia
1603 2789 1732 2845 filiis
1762 2803 1859 2859 per
1889 2797 1980 2845 to—

281 2890 404 2939 tum
435 2883 630 2939 orbem
671 2890 958 2936 terrarum
1008 2878 1298 2948 dispersis,
1362 2879 1544 2934 Beata
1599 2878 1794 2934 Maria
1845 2881 1983 2933 Lau-

281 2971 562 3027 dunensis
588 2969 838 3024 ecclesia
882 2965 1162 3034 canonici,
1195 2967 1388 3022 videre
1443 2968 1620 3023 Deum
1650 2966 1886 3022 deorum
1922 2966 1980 3020 in

283 3059 436 3115 Sion.
464 3058 744 3126 Quoniam
764 3056 936 3127 juxta
966 3055 1199 3110 Beatum
1237 3054 1479 3110 Paulum
1513 3053 1832 3124 apostolum
1867 3060 1981 3108 tota

283 3155 485 3204 sancta
541 3145 792 3202 Ecclesia
850 3157 1031 3200 unum
1087 3143 1291 3198 Christi
1352 3156 1561 3212 corpus
1613 3149 1696 3197 est
1747 3140 1976 3210 (001.1,

282 3236 393 3304 24),
425 3243 480 3291 et
511 3235 690 3304 hujus
717 3231 970 3302 corporis
1014 3231 1270 3286 membra
1317 3237 1452 3286 sunt
1488 3230 1729 3286 diversa
1784 3228 1983 3284 Eccle-

282 3324 401 3391 sia,
439 3325 522 3379 vel
553 3321 763 3392 singuli
797 3319 1009 3385 ﬁdeles,
1041 3319 1299 3388 dumque
1339 3319 1554 3388 patitur
1585 3333 1767 3374 unum
1795 3331 1981 3372 mem-

283 3412 478 3478 brum,
513 3410 945 3480 compatiuntur
972 3407 1167 3462 omnia
1197 3407 1475 3474 membra,
1525 3414 1580 3462 et
1617 3405 1754 3462 dum
1814 3404 1984 3476 glori-

283 3501 493 3558 ﬁcatur
523 3513 706 3556 unum
738 3496 1062 3553 membrum
1095 3495 1459 3565 congaudent
1495 3494 1690 3550 omnia
1724 3493 1982 3549 membra

282 3591 339 3661 (1
386 3589 509 3645 Cor.
562 3601 666 3653 xu,
715 3587 827 3653 26),
889 3583 1317 3640 tribulationem
1368 3589 1422 3638 et
1482 3581 1756 3649 dolorem,
1807 3594 1979 3650 quem

281 3677 505 3733 invenit
533 3673 780 3730 Ecclesia
810 3680 1004 3729 nostra
1034 3671 1092 3726 in
1125 3671 1329 3726 diebus
1359 3671 1568 3726 nostris
1597 3669 1788 3740 (Psal.
1819 3683 1976 3732 cxw,

2091 2593 2191 2649 per
2216 2578 2396 2634 David
2429 2593 2616 2649 regem
2670 2579 2970 2649 liliumque
2997 2579 3126 2650 ejus
3179 2581 3539 2638 Salomonem
3598 2584 3809 2638 omni—

2092 2676 2288 2738 potens
2333 2669 2483 2723 Deus
2545 2669 2745 2723 urbem
2803 2669 3153 2724 Hierusalem
3208 2670 3554 2726 excellenter
3613 2673 3808 2740 glori-

2091 2755 2302 2823 licavit,
2366 2756 2463 2812 sed
2507 2757 2869 2825 postmodum
2929 2765 3158 2827 propter
3195 2767 3424 2827 peccata
3458 2759 3808 2815 inhabitan—

2092 2844 2256 2909 tium,
2292 2857 2392 2912 per
2433 2843 2954 2899 Nabuchodonosor
2984 2859 3173 2914 regem
3231 2845 3535 2914 Babylonis
3587 2847 3808 2902 fundi-

2093 2938 2185 2987 tus
2215 2930 2432 2986 destrui
2465 2931 2736 3000 permisit,
2792 2933 2874 2986 sic
2909 2931 3080 2987 etiam
3143 2933 3449 2989 Ecclesiam
3508 2942 3804 3000 nostram,

2091 3033 2292 3089 quam,
2325 3027 2389 3074 ut
2421 3019 2757 3088 pradictum
2793 3027 2896 3086 est,
2931 3034 3031 3089 per
3057 3021 3242 3076 multa
3289 3029 3542 3091 tempora
3574 3021 3804 3092 insigni

2090 3108 2274 3179 gloria
2321 3108 2756 3174 sublimaverat,
2793 3109 2850 3163 in
2909 3109 3111 3165 diebus
3150 3112 3356 3166 nostris
3401 3127 3514 3167 non
3553 3112 3802 3182 quidem

2089 3210 2163 3252 ex
2193 3200 2306 3251 toto
2361 3196 2596 3264 destrui,
2647 3197 2742 3252 sed
2789 3196 2968 3252 nimia
3031 3211 3235 3267 passus
3290 3207 3374 3254 est
3422 3199 3804 3254 tribulatione

2088 3285 2311 3349 vexari,
2349 3285 2425 3340 ita
2444 3292 2506 3340 ut
2532 3285 2601 3340 de
2633 3285 2755 3354 ipsa
2802 3299 3035 3355 quoque
3067 3287 3344 3342 veraciter
3368 3287 3507 3342 illud
3536 3289 3804 3356 prophe-

2089 3373 2266 3428 ticum
2321 3373 2433 3428 dici
2494 3373 2702 3442 possit:
2753 3392 2776 3426 α
2825 3374 3102 3438 Quoniam
3173 3376 3421 3445 suscepit
3483 3375 3553 3430 de
3610 3390 3804 3431 manu

2090 3459 2314 3516 Domini
2379 3460 2633 3530 duplicia
2689 3475 2791 3532 pro
2839 3461 3109 3518 omnibus
3177 3463 3421 3532 peccatis
3461 3463 3583 3519 suis
3645 3464 3800 3533 (Im.

2089 3563 2181 3615 XL,
2214 3548 2268 3620 2)
2279 3591 2289 3602 .
2324 3569 2352 3598 ›)

2164 3672 2323 3728 Hanc
2375 3679 2567 3729 autem
2625 3673 3054 3730 tribulationem
3113 3673 3380 3745 quadam
3435 3675 3806 3745 perturbatio

284 3767 360 3833 3),
395 3772 450 3820 et
509 3761 972 3827 consolationem,
1023 3773 1198 3830 quam
1232 3773 1332 3829 per
1362 3759 1662 3814 Dominam
1726 3765 1979 3814 nostram
2019 3784 2061 3844 ο
2093 3761 2402 3832 praecessit,
2434 3775 2564 3831 qua
2597 3761 2807 3818 futura
2836 3762 3180 3818 calamitatis
3207 3762 3802 3832 quasiseininarium,

281 3860 541 3909 sanctam
594 3853 690 3907 Dei
747 3848 1086 3906 Genitricem
1147 3855 1268 3916 post
1329 3846 1716 3903 tribulationis
1762 3845 1980 3902 luctum

282 3941 511 4010 recepit,
583 3945 788 3995 vestra
871 3935 1172 3992 scribendo
1251 3935 1616 3990 notilicamus
1672 3933 1980 4002 dilectioni,

283 4037 576 4100 quatenus
632 4035 688 4082 et
727 4040 826 4080 vos
873 4024 1300 4096 congaudentes
1353 4023 1537 4090 nobis,
1583 4023 1715 4092 Deo,
1768 4029 1822 4078 et
1876 4023 1984 4093 pia

284 4116 453 4174 Matri
475 4116 602 4187 ejus
628 4114 844 4186 gratias
877 4115 1080 4184 agatis.

359 4205 798 4261 Laudunensem
831 4203 1025 4272 itaque
1073 4201 1383 4267 Ecclesiam
1432 4208 1651 4257 certum
1706 4207 1788 4257 est
1835 4199 1984 4256 inter

286 4293 606 4364 pracipuas
685 4291 844 4361 regni
905 4290 1258 4345 Froncorum
1311 4288 1590 4344 Ecclesiae
1659 4289 1984 4358 antiquitus

284 4381 460 4438 fuisse
502 4379 803 4446 celebrem,
859 4390 1035 4448 quam
1068 4377 1270 4433 beatus
1322 4376 1618 4446 Remigius
1672 4376 1982 4431 Remorum

284 4471 768 4540 archiepiscopus,
822 4467 970 4522 sicut
1023 4465 1079 4521 in
1109 4465 1236 4536 ejus
1287 4465 1417 4522 Vita
1458 4465 1686 4535 legitur,
1736 4478 1810 4520 ex
1850 4478 1982 4534 pro-

285 4559 426 4630 priis
453 4563 602 4613 518
653 4555 972 4612 redditibus
1020 4553 1408 4624 locupletavit,
1441 4553 1983 4622 nobilissimumque

283 4655 339 4704 et
387 4645 850 4703 strenuissimum
897 4644 1090 4699 virum
1153 4649 1418 4698 sanctum
1472 4641 1884 4698 Genebaudum
1922 4641 1981 4696 in

283 4749 351 4791 ea
400 4734 652 4804 primum
718 4732 1051 4802 episcopum
1132 4729 1534 4786 consecravit:
1605 4743 1856 4799 cumque
1908 4728 1984 4785 ab

281 4825 408 4895 ejus
441 4832 692 4892 tempore
741 4835 927 4891 usque
976 4820 1047 4874 ad
1092 4827 1343 4875 nostram
1377 4825 1622 4883 atatem,
1658 4832 1757 4888 per
1803 4817 1984 4888 quin-

283 4919 484 4982 gentos
510 4911 622 4966 fere
650 4918 701 4965 et
723 4925 788 4965 eo
818 4908 1068 4977 amplius
1101 4921 1302 4968 annos.
1347 4907 1405 4962 in
1453 4920 1665 4976 magna
1696 4905 1984 4976 prosperi-

284 5010 398 5057 tate
425 5000 732 5064 ﬂoruisset,
761 5012 888 5054 ecce
939 4996 994 5050 in
1054 4996 1257 5052 diebus
1288 4995 1560 5051 Ludovici
1591 5009 1738 5064 regis
1796 4995 1984 5049 Fran-

2090 3857 2146 3906 et
2175 3849 2362 3916 radix,
2398 3863 2466 3905 ac
2508 3851 2838 3920 praenuntia
2894 3851 3013 3906 visa
3061 3859 3144 3907 est
3185 3851 3488 3907 exstitisse.
3540 3850 3802 3917 Quidam

2091 3937 2140 3994 si
2172 3937 2407 4008 quidem
2464 3937 2674 3994 nobilis
2722 3939 2988 4009 princeps
3039 3948 3092 3995 et
3155 3940 3501 3995 castellanus
3546 3939 3806 3996 Laudu-

2091 4026 2307 4092 nensis,
2364 4027 2597 4082 nomine
2644 4026 2934 4082 Gerardus
2965 4028 3034 4083 de
3068 4027 3374 4096 Cyrisiaco,
3424 4028 3559 4083 dum
3591 4027 3663 4082 in
3707 4043 3804 4083 ea-

2093 4115 2220 4170 dem
2255 4113 2475 4170 Sancta
2507 4113 2808 4171 Genitricis
2851 4116 3090 4172 ecclesia
3142 4115 3389 4186 genibus
3439 4115 3604 4172 ﬂexis
3650 4131 3804 4187 sup-

2092 4202 2315 4273 pliciter
2371 4210 2581 4270 oraret,
2629 4203 2701 4259 ab
2759 4203 3004 4260 inimicis
3051 4205 3172 4260 suis
3227 4205 3329 4275 qui
3359 4219 3490 4261 eum
3547 4201 3803 4276 aggredi

2093 4305 2210 4347 non
2240 4291 2550 4358 audebant,
2586 4291 2777 4348 dolose
2829 4291 3282 4358 circumventus,
3314 4301 3369 4348 et
3407 4293 3479 4348 ab
3532 4295 3806 4349 oratione

2092 4395 2357 4451 surgens,
2413 4380 2654 4437 diversis
2709 4380 3032 4452 gladiorum
3094 4382 3278 4452 plagis
3319 4381 3523 4438 ibidem
3566 4389 3661 4437 est
3707 4383 3805 4437 in-

2096 4469 2363 4526 terfectus
2393 4470 2525 4539 (52).
2558 4469 2739 4540 Cujus
2768 4469 3055 4539 sanguine
3108 4470 3500 4540 pavimentum
3540 4468 3804 4526 ecclesia

2093 4571 2437 4627 respersum,
2488 4572 2620 4614 cum
2654 4557 2943 4613 multoties
2971 4571 3127 4628 aqua
3180 4558 3482 4627 superfusa
3513 4571 3629 4613 non
3669 4573 3803 4628 pos-

2093 4653 2176 4702 set
2203 4645 2275 4700 ad
2307 4645 2539 4714 plenum
2570 4645 2748 4712 ablui,
2779 4645 3088 4716 pluresque
3125 4656 3442 4716 spectatum
3493 4645 3803 4702 venientes

2093 4746 2208 4787 non
2236 4745 2441 4802 parum
2481 4747 2655 4803 super
2681 4733 2787 4789 hoc
2817 4733 3263 4796 admirarentur,
3300 4734 3392 4790 vir
3440 4735 3801 4804 sapientissi-

2094 4834 2225 4876 mus
2265 4821 2536 4891 magister
2596 4822 2920 4885 Anselmus,
2988 4829 3129 4878 tunc
3202 4822 3471 4892 temporis
3526 4822 3802 4878 Ecclesia

2095 4917 2302 4964 nostra
2325 4909 2638 4966 canonicus
2665 4918 2720 4966 et
2749 4910 3024 4977 decanus,
3067 4924 3168 4979 per
3201 4919 3378 4967 totum
3422 4924 3565 4980 pene
3591 4913 3800 4967 orbem

2097 4997 2366 5053 Latinum
2422 4997 2673 5054 scientia
2703 5008 2758 5054 et
2809 4999 3152 5069 eloquentia
3199 5013 3319 5056 sua
3377 4999 3528 5054 fama
3572 4999 3802 5056 notissi-

285 5105 505 5156 corum,
555 5089 655 5159 qui
720 5086 826 5142 fuit
885 5085 1034 5140 iilius
1087 5085 1332 5154 Philippi
1390 5084 1561 5154 regis,
1601 5092 1762 5152 pater
1790 5091 1982 5138 autem
2024 5083 2066 5137 D
2098 5099 2249 5152 mus,
2337 5085 2634 5141 nonnullis
2707 5093 2920 5142 secrete
2992 5085 3326 5155 colloquens
3380 5088 3801 5155 pranuntiasse

286 5175 560 5234 Ludovici
586 5175 861 5236 Junioris,
903 5174 1108 5229 duram
1131 5173 1273 5243 justi
1299 5171 1514 5243 judicis
1564 5171 1733 5242 Regis
1779 5184 1984 5242 regum

2096 5171 2282 5229 fertur
2313 5172 2466 5228 illam
2526 5173 2828 5246 sanguinis
2871 5173 3228 5242 eliusionem,
3265 5175 3491 5230 nonnisi
3537 5175 3799 5244 ejusdem

357 5324 466 5451 ﬁsi)
524 5321 890 5398 Hermannus
945 5319 1040 5374 hic
1099 5317 1356 5390 loquitur
1410 5317 1519 5374 sub
1589 5316 1822 5373 nomine
1883 5316 2300 5374 canonicorum
2380 5316 2879 5385 Laudunensium,
2931 5325 2996 5375 ut
3051 5318 3169 5389 ipse
3227 5318 3501 5375 indicavit
3560 5319 3623 5375 in
3691 5321 3801 5391 epi-

357 5413 366 5448 ι
392 5408 424 5449 a
453 5400 898 5451 nuncupatoria.

281 5400 424 5451 8ῐοιᾶ
453 5400 898 5462 nuncupatoria.

349 5465 463 5535 (52)
500 5457 700 5519 Latiu's
728 5463 850 5519 hac
878 5459 980 5516 lib.
1012 5473 1072 5516 ut
1112 5459 1257 5518 Vita
1315 5457 1575 5517 Guiberti
1623 5465 1978 5516 attexuntur.
