3922 6080
147 211 265 263 965

985 209 1350 265 HERMANNI
1392 211 1481 263 DE
1521 209 1754 264 MIBAC.
1799 211 1856 264 S.
1902 209 2137 265 ΜΑΒῘᾹΞ
2176 209 2477 266 LAUDUN.
2520 241 2534 252 -

1284 210 1350 265 Nl
1392 211 1481 263 DE
1521 209 1754 264 MIBAC.
1799 211 1856 264 S.
1902 209 2137 265 MARle
2176 209 2477 266 LAUDUN.
2520 211 2745 268 —LIB.
2793 214 2831 267 1.

3562 220 3664 272 966

130 338 406 394 ecclesiae
434 337 890 394 concrematioue
921 337 1274 408 diluendam,
1319 339 1594 409 quoniam
1626 347 1852 396 tantum
1889 341 1937 394 Α
1967 347 2199 411 totaque
2258 355 2400 412 pene
2447 347 2600 398 5”
2676 345 2950 415 Hispania
3000 347 3103 403 sibi
3162 346 3477 418 subjugata
3525 348 3664 404 adeo

132 428 341 483 scelus
368 442 481 481 non
535 441 709 496 aqua,
748 427 844 481 sed
894 427 1084 496 potius
1117 431 1245 497 igne
1277 428 1417 483 foret
1469 429 1848 497 expiandum.

222 516 340 571 Nec
398 515 594 570 fefellit
649 516 840 569 virum
910 517 1248 584 prudentem
1307 530 1413 572 sua
1458 517 1672 585 opinio.
1727 518 1854 572 Post

133 604 442 659 modicum
479 603 687 658 etenim
731 611 976 673 tempus,
1013 606 1124 659 Deo
1185 605 1565 673 permittente,
1627 606 1854 662 diabolo

131 691 504 758 stimulante,
591 693 840 748 domnus
923 693 1284 759 Gualdricus,
1358 695 1614 763 ejusdem
1693 697 1855 752 urbis

129 782 472 850 episcopus,
523 781 798 837 seditione
849 782 1043 836 subita
1091 796 1126 836 a
1174 782 1400 837 civibus
1443 784 1748 849 concitata,
1793 784 1852 838 in

132 869 320 924 domo
350 884 457 925 sua
483 885 614 925 cum
639 863 1069 938 quibusdamex
1095 869 1370 924 militibus
1400 869 1522 924 suis
1549 871 1856 927 crudeliter

130 958 448 1024 occiditur,
497 958 734 1026 praefata
781 958 1004 1013 Sanctae
1037 959 1229 1014 Mariae
1281 959 1515 1014 ecclesia
1546 959 1676 1030 (53),
1719 974 1851 1015 cum

131 1045 280 1099 aliis
311 1047 822 1116 propinquioribus
881 1046 1074 1101 decem
1143 1045 1258 1100 fere
1316 1045 1588 1111 ecclesiis,
1649 1045 1854 1102 domus

133 1147 386 1202 quoque
451 1133 777 1203 adjacentes
859 1134 1103 1202 episcopi
1162 1141 1336 1202 atque
1420 1132 1850 1199 canonicorum,

132 1221 586 1292 multorumque
616 1221 834 1278 civium
900 1221 1033 1293 igne
1063 1221 1356 1290 supposito
1387 1229 1848 1276 concremantur.

133 1307 289 1363 Tota
341 1309 576 1378 insuper
633 1309 772 1365 urbs
822 1309 1222 1364 Laudunensis
1275 1308 1502 1362 civibus
1560 1321 1660 1376 per
1691 1309 1854 1362 varia

134 1395 274 1451 loca
301 1396 588 1466 dispersis,
626 1411 766 1466 pene
821 1411 1007 1466 usque
1040 1398 1108 1451 ad
1152 1397 1593 1451 internecionem
1637 1397 1850 1452 destrui

136 1485 398 1552 videtur,
443 1487 518 1540 ita
556 1493 619 1541 ut
673 1485 838 1540 multi
868 1498 969 1554 per
995 1498 1122 1538 eam
1173 1491 1552 1549 transeuntes,
1616 1484 1851 1538 ruinas-

139 1586 268 1642 que
302 1574 428 1643 ejus
455 1581 509 1628 et
534 1574 752 1628 cineres
798 1573 1153 1640 aspicientes,
1190 1586 1305 1642 prae
1364 1573 1543 1627 nimia
1580 1586 1848 1642 compas-

1963 429 2213 484 nominis
2261 431 2347 485 sui
2408 431 2734 500 opinionem
2791 435 3052 491 dilatavit
3109 445 3172 492 ut
3216 437 3288 491 ab
3337 437 3464 492 aliis
3521 438 3666 494 alter

1961 517 2168 584 Julius,
2204 519 2276 574 ab
2309 518 2434 575 aliis
2477 522 2769 577 secundus
2809 523 3046 580 Carolus
3078 534 3402 592 vocaretur,
3432 527 3504 582 ob
3539 541 3664 582 me-

1963 606 2202 660 moriam
2241 607 2394 662 illius
2447 608 2702 678 praeclari
2737 610 2919 666 Caroli
2971 614 3320 668 Francorum
3352 617 3522 684 regis,
3560 617 3662 686 qui

1962 696 2253 764 quondam
2292 696 2623 766 Hispaniam
2654 700 2833 753 victor
2863 701 3106 770 subegit.

2034 781 2354 838 Secundam
2388 784 2561 838 filiam
2596 785 2850 841 Hilduini
2874 788 3098 843 comitis
3149 788 3316 842 duxit
3359 789 3662 858 conjugem

1964 867 2277 924 Rotholdus
2310 884 2494 925 comes
2553 872 2910 938 Perticeusis,
2945 874 3014 928 de
3045 887 3162 943 qua
3193 876 3391 942 genuit
3423 876 3663 930 Rotbol-

1961 956 2100 1012 dum
2152 959 2415 1014 comitem
2444 968 2499 1014 et
2541 961 2828 1016 Juliauam
2883 971 3119 1016 matrem
3183 962 3519 1032 Margaretae
3573 977 3661 1019 re-

1960 1043 2109 1114 ginae
2136 1045 2534 1101 Navarrensis.
2570 1047 2777 1114 Tertia,
2810 1050 3039 1104 nomine
3087 1050 3429 1120 Margareta,
3465 1053 3663 1120 nupsit

1961 1132 2194 1201 Hugoni
2249 1134 2440 1188 comiti
2490 1134 2961 1202 Claromontensi,
3023 1136 3092 1191 de
3142 1152 3258 1206 qua
3305 1138 3534 1208 genitus
3578 1147 3663 1194 est

1962 1218 2274 1276 Baiualdus
2305 1235 2512 1288 comes,
2564 1223 2664 1292 qui
2729 1238 2802 1278 ex
2835 1225 3088 1280 Adelada
3117 1226 3529 1282 Vermandensi
3563 1241 3657 1282 co-

1961 1309 2177 1364 mitissa
2202 1311 2402 1379 genuit
2432 1311 2810 1382 Margaretam
2866 1315 3168 1384 conjugem
3208 1316 3360 1370 illius
3401 1311 3660 1385 praeclari

1960 1396 2144 1452 Caroli
2186 1398 2623 1455 Flandrensium
2674 1402 2915 1456 comitis.
2987 1401 3223 1469 Quarta,
3285 1407 3514 1459 nomine
3548 1405 3662 1458 Er-

1961 1486 2300 1553 mentrudis,
2354 1488 2552 1556 nupsit
2601 1487 2922 1542 Theobaldo
2981 1489 3173 1543 comiti
3228 1490 3297 1544 de
3347 1491 3559 1560 Risuel,
3591 1492 3660 1547 de

1961 1587 2079 1642 qua
2108 1577 2307 1644 genuit
2363 1574 2722 1630 Heldiardem
2773 1583 3015 1630 matrem
3069 1578 3370 1630 Bertrauni
3411 1579 3656 1644 comitis,

139 1661 308 1716 sione
342 1661 624 1731 lacrymas
665 1662 990 1727 funderent,
1048 1661 1203 1716 illam
1259 1661 1515 1716 Jeremiae
1575 1661 1850 1716 lamenta-
1891 1652 1934 1707 Β
1962 1663 2062 1732 qui
2097 1663 2153 1716 in
2196 1662 2468 1732 Hispania
2500 1662 2806 1718 defunctus
2830 1671 2934 1728 est,
2993 1663 3320 1734 sororisque
3350 1665 3476 1735 ejus
3515 1666 3660 1721 Bea-

144 1751 363 1805 tionem
394 1765 564 1819 super
613 1765 681 1806 ea
721 1765 834 1805 non
867 1751 1183 1820 incongrue
1225 1751 1562 1819 replicantes
1591 1764 1604 1802 :
1640 1770 1667 1798 «
1701 1749 1854 1812 Quo-

139 1839 320 1894 modo
377 1841 530 1895 sedet
585 1839 707 1894 sola
761 1838 966 1893 civitas
1037 1838 1204 1907 plena
1265 1837 1520 1907 populo?
1570 1837 1719 1892 facta
1768 1845 1852 1893 est

142 1927 319 1996 quasi
353 1927 528 1982 vidua
562 1927 794 1982 domina
821 1927 1078 1998 gentium
1114 1927 1347 1992 (Thren.
1383 1941 1420 1992 ι,
1475 1927 1544 1994 1).
1582 1946 1604 1972 ι
1637 1924 1853 1992 Quem-

143 2015 464 2070 admodum
512 2022 708 2071 autem
761 2015 896 2070 olim
945 2015 1224 2070 Dominus
1268 2014 1467 2069 urbem
1536 2014 1850 2069 Jerusalem

143 2103 390 2169 destrui,
447 2112 502 2159 et
562 2104 708 2160 filios
788 2103 961 2159 Israel
1034 2102 1316 2172 captivari
1372 2103 1724 2171 permittens,
1779 2103 1851 2157 ad

145 2191 597 2248 consolationem
639 2200 826 2248 tamen
876 2206 1216 2261 paucorum,
1268 2192 1368 2261 qui
1431 2196 1849 2258 remanserant,

143 2280 454 2336 Jeremiam
509 2281 843 2350 prophetam
902 2280 1114 2335 ibidem
1171 2293 1305 2334 cum
1343 2279 1423 2334 eis
1469 2278 1721 2348 reliquit,
1771 2277 1852 2332 sic

142 2376 204 2424 et
241 2369 404 2424 nobis
436 2370 493 2424 in
522 2378 681 2425 tanta
711 2368 1033 2425 calamitate
1082 2367 1299 2438 positis,
1331 2367 1476 2422 duos
1500 2365 1849 2435 sapientissi-

144 2471 277 2512 mos
310 2459 478 2524 viros,
517 2459 816 2527 praefatum
845 2457 1058 2513 scilicet
1094 2455 1437 2526 magistrum
1493 2455 1846 2520 Auselmum,

146 2559 614 2615 germanumque
645 2545 770 2616 ejus
823 2546 1166 2615 magistrum
1223 2542 1592 2611 Radulphum
1624 2542 1850 2597 miseri-

144 2634 402 2690 corditer
451 2635 785 2700 reservavit,
835 2634 939 2704 qui
991 2642 1105 2689 tam
1164 2631 1396 2686 clericos
1449 2644 1626 2700 quam
1679 2630 1850 2685 laicos

143 2722 396 2778 dulciter
431 2723 808 2790 consolantes,
839 2732 893 2779 et
918 2721 1160 2778 diversis
1177 2719 1489 2792 .seutentiis
1525 2719 1846 2788 Scriptura-

143 2825 282 2868 rum
316 2811 653 2880 refoventes,
705 2826 777 2867 ne
813 2814 868 2866 iu
919 2809 1351 2867 tribulationem
1403 2807 1849 2864 adversitatibus

144 2900 476 2964 deficerent,
510 2900 990 2956 exhortabautur.

143 2997 284 3054 CAP.
321 2997 391 3052 ll.
421 3027 490 3037 —
525 2999 607 3051 De
663 2997 936 3051 eleclione
990 2994 1212 3052 domini
1273 2993 1678 3050 Barlholomaei
1720 2994 1845 3065 epi-

549 3067 742 3138 scopi;
766 3072 821 3122 et
853 3067 1152 3122 nobilitate
1174 3066 1449 3136 ejusdem.

220 3164 374 3219 Inter
430 3164 882 3219 consolatiouum
940 3171 1129 3219 tamen
1189 3162 1496 3232 colloquia,
1554 3174 1686 3216 cum
1744 3173 1844 3216 sa-

143 3252 442 3322 pientibus
487 3259 540 3308 et
599 3252 878 3323 religiosis
942 3252 1085 3306 viris
1137 3251 1442 3322 diligenter
1505 3257 1562 3304 et
1607 3249 1843 3305 sollicite

142 3341 533 3405 discutientes,
603 3350 943 3397 utrumnam
997 3340 1249 3410 aliquem
1283 3338 1542 3394 invenire
1598 3346 1840 3406 possent,

141 3443 247 3499 per
272 3444 440 3500 quem
477 3437 592 3485 tam
624 3429 967 3484 miserabilis
996 3437 1050 3484 et
1098 3428 1387 3483 horrenda
1432 3427 1621 3482 clades
1670 3439 1842 3495 repa-

140 3515 260 3570 rari
311 3515 550 3570 valeret.
612 3515 885 3582 Tandem,
934 3514 1252 3584 inspirante
1300 3513 1432 3568 Deo.
1506 3519 1844 3580 repererunt

141 3603 377 3660 salubre
406 3603 729 3672 consilium,
763 3610 825 3659 ut
857 3603 928 3658 ad
957 3603 1229 3674 'ejusdem
1261 3601 1422 3657 urbis
1451 3601 1841 3670 episcopatum

139 3692 420 3761 eligerent
448 3693 724 3748 domuum
785 3692 1284 3757 Bartholomzeum,
1317 3690 1610 3746 Remensis
1658 3689 1841 3744 cccle-

141 3779 242 3835 size
272 3779 456 3835 Beatae
501 3780 691 3835 Marias
718 3780 1062 3835 canonicum
1116 3785 1172 3833 et
1223 3776 1666 3840 thesaurarium,
1723 3783 1841 3830 tam

142 3868 371 3938 generis
396 3868 644 3923 notabile
676 3882 850 3937 quam
883 3876 938 3923 et
970 3880 1194 3921 morum
1252 3865 1554 3935 probitate,
1617 3865 1674 3918 in
1731 3864 1836 3919 Be-

140 3957 348 4021 meusi,
421 3956 904 4026 Laudunensique
984 3955 1280 4025 provincia
1368 3952 1834 4009 famosissimum.

141 4046 528 4116 Coguatorum
577 4045 861 4116 siquidem
906 4043 1033 4114 ejus
1078 4042 1436 4103 excellentia,
1488 4055 1601 4096 non
1651 4039 1835 4096 solum

139 4133 200 4191 in
235 4134 495 4201 Francia,
547 4134 643 4189 sed
673 4142 728 4189 et
755 4133 814 4188 iu
857 4132 1149 4202 Hispania,
1195 4129 1530 4201 Burgundia
1580 4143 1834 4200 quoque,

139 4226 194 4279 et
263 4223 634 4292 Lotharingia
702 4221 1140 4292 praedicabatur.
1227 4219 1538 4275 Hilduinus
1587 4231 1838 4288 namque

139 4323 330 4366 comes
377 4309 666 4365 Rociensis
704 4323 849 4365 avus
877 4310 1004 4379 ejus
1035 4308 1204 4363 duxit
1259 4306 1564 4378 conjugem
1627 4305 1839 4361 Adcla-

139 4398 272 4453 dam
329 4411 664 4467 germanam
723 4397 918 4452 domui
980 4397 1235 4450 Manasse
1275 4395 1580 4450 Remorum
1642 4392 1839 4448 archi-

138 4485 405 4554 episcopi,
438 4499 510 4540 ex
544 4497 664 4554 qua
705 4483 904 4553 genuit
960 4483 1200 4538 Ebalum
1255 4483 1516 4538 comitem
1563 4481 1632 4537 de
1679 4480 1832 4548 Roci,

138 4580 193 4628 et
233 4574 519 4629 Andream
565 4573 826 4628 comitem
896 4572 965 4626 de
1015 4571 1349 4636 Rameruth,
1399 4578 1615 4640 patrem
1674 4569 1836 4624 Ebali

139 4662 574 4717 Catalaunensis
626 4660 900 4730 episcopi,
977 4667 1310 4729 septemque
1388 4659 1552 4713 filias.
1619 4660 1832 4713 Harum

139 4763 339 4817 unam,
373 4750 602 4804 nomine
630 4748 914 4813 Feliciam,
947 4749 1004 4802 in
1039 4747 1311 4816 Hispania
1332 4747 1498 4801 duxit
1528 4745 1834 4816 conjugem

141 4839 380 4894 Sanctus
435 4852 533 4894 rex
582 4837 1019 4908 Arragonensis,
1071 4844 1126 4891 et
1158 4849 1231 4890 ex
1262 4849 1328 4890 ea
1386 4835 1586 4904 genuit
1642 4835 1833 4889 Hilde-

140 4928 363 4984 fonsum
420 4943 609 4998 regem
658 4925 1140 4997 potentissimum,
1179 4925 1278 4994 qui
1331 4923 1475 4992 patri
1525 4923 1834 4978 succedens

141 5016 198 5071 in
265 5030 460 5086 regno,
544 5016 884 5071 fortissimas
940 5015 1131 5079 urbes,
1191 5020 1244 5068 et
1313 5011 1542 5067 castella
1594 5013 1834 5080 paganis

137 5105 415 5160 violenter
445 5105 754 5175 praeliaudo
780 5103 1038 5167 abstulit,
1090 5111 1144 5157 et
1197 5100 1536 5156 Christianis
1581 5100 1828 5166 tradidit,

140 5194 686 5264 Czesar—Augustam
743 5193 956 5248 scilicet
1024 5191 1167 5247 beati
1218 5189 1504 5246 Viuceutii
1564 5190 1832 5258 martyris

141 5283 607 5338 archidiacouatu
665 5282 977 5349 famosam;
1030 5280 1403 5334 Terassonam
1465 5292 1719 5348 quoque,
1775 5285 1830 5333 et

140 5371 431 5438 Tudelam,
464 5371 819 5438 Barbastam,
852 5377 909 5426 et
964 5369 1237 5439 Burgiam
1267 5381 1402 5423 cum
1439 5366 1567 5423 aliis
1606 5365 1825 5434 multis,

211 5495 312 5566 (53)
348 5495 486 5552 Vide
520 5495 856 5551 Guibertum
890 5494 1012 5550 loco
1039 5493 1228 5548 citato.

1962 1749 2136 1814 tricis,
2171 1764 2302 1819 quae
2329 1764 2402 1805 ex
2443 1751 2682 1820 Hugoue
2712 1750 2780 1806 de
2812 1751 3161 1807 Moutcornet
3191 1754 3390 1823 genuit
3424 1755 3660 1810 Bartbo-

1962 1837 2226 1892 lomzeum
2297 1838 2734 1894 Laudunensem
2798 1839 3270 1895 archidiaconum
3329 1849 3383 1896 et
3432 1842 3660 1898 thesau-

1962 1925 2200 1980 rarium.
2259 1926 2547 1992 Quintam,
2583 1927 2815 1982 nomine
2866 1929 3068 1995 Adam,
3111 1929 3279 1984 duxit
3324 1928 3663 1986 Godefridus

1960 2013 2029 2068 de
2051 2012 2286 2083 Gusgia,
2318 2021 2373 2068 et
2417 2027 2488 2068 ex
2519 2027 2587 2069 ea
2615 2015 2815 2083 genuit
2870 2014 3184 2070 Guidonem
3235 2025 3452 2086 patrem
3511 2019 3661 2073 Bur—

1959 2102 2138 2157 cardi.
2171 2103 2446 2159 Defuncto
2475 2112 2666 2159 autem
2696 2104 3013 2166 Codefrido,
3042 2105 3240 2160 eadem
3283 2106 3407 2162 Ada
3445 2108 3662 2177 accepit

1959 2191 2232 2246 maritum
2285 2191 2608 2246 Walterum
2639 2192 2707 2247 de
2751 2192 2921 2247 Aath.
2969 2192 3092 2258 Quo
3151 2202 3401 2262 mortuo,
3445 2198 3663 2266 accepit

1959 2279 2192 2336 tertium
2250 2280 2521 2336 maritum
2571 2280 2981 2336 Theodoricum
3028 2282 3095 2336 de
3121 2284 3403 2351 Avesniis,
3442 2293 3660 2341 etcum

1957 2382 2023 2423 eo
2051 2370 2343 2424 exstruxit
2395 2369 2717 2424 coenobium
2764 2370 2918 2438 quod
2968 2369 3180 2425 dicitur
3231 2371 3302 2427 de
3360 2372 3568 2428 Lesciis
3600 2373 3660 2428 in

1959 2456 2191 2526 propria
2253 2457 2595 2525 possessione
2625 2470 2763 2518 sua:
2813 2457 3198 2528 defunctoque
3241 2461 3438 2515 eodem
3473 2461 3660 2516 Theo-

1957 2545 2179 2614 dorico,
2203 2546 2322 2613 ipsa
2371 2558 2430 2598 se
2475 2559 2546 2599 ex
2581 2552 2694 2600 toto
2738 2545 2980 2601 contulit
3009 2547 3190 2602 eidem
3238 2549 3516 2616 cmuobio,
3558 2550 3659 2605 ubi

1960 2632 2226 2701 pluribus
2254 2631 2423 2687 annis
2469 2632 2732 2703 religiose
2761 2633 2982 2700 vivens,
3008 2634 3279 2690 defuncta
3321 2644 3376 2691 et
3433 2636 3659 2706 sepulta

1956 2727 2060 2774 est.
2112 2719 2341 2774 Sextam
2387 2720 2558 2775 duxit
2622 2722 2927 2790 conjugem
2984 2722 3263 2777 Ernulqu
3331 2737 3519 2779 comes
3592 2725 3661 2781 de

1955 2807 2204 2877 Waren;
2239 2808 2341 2876 qui
2391 2807 2588 2877 genuit
2618 2807 2897 2863 Othonem
2929 2807 3193 2862 comitem
3225 2809 3295 2863 de
3333 2809 3522 2876 Cisui;
3557 2813 3658 2882 qui

1956 2895 2100 2951 Otho
2131 2895 2330 2966 genuit
2362 2895 2712 2963 Aubertum;
2746 2897 2848 2965 qui
2887 2896 3182 2951 Aubertus
3208 2899 3408 2968 genuit
3433 2900 3656 2955 Auber-

1952 2992 2073 3040 tum
2106 2984 2387 3050 comitem,
2421 2992 2476 3040 et
2533 2984 2841 3040 Ernulfum
2901 2985 3227 3054 episcopum
3266 2987 3334 3042 de
3367 2987 3654 3043 Verduno.

2019 3072 2262 3136 Quidam
2292 3080 2486 3128 autem
2516 3072 2901 3128 nobilissimus
2939 3073 3203 3143 princeps
3233 3074 3290 3129 in
3322 3077 3660 3146 Burgundia

1950 3160 2181 3216 nomine
2225 3159 2392 3215 Falco
2420 3160 2489 3215 de
2515 3161 2638 3226 Jur,
2674 3160 2761 3214 vel
2808 3160 2877 3216 de
2917 3160 3164 3228 Serrata,
3223 3173 3516 3232 comperta
3562 3178 3660 3220 no-

1951 3248 2169 3305 bilitate
2214 3255 2270 3304 et
2307 3247 2648 3304 excellentia
2695 3249 2914 3317 praefati
2963 3250 3188 3305 comitis
3237 3250 3492 3306 Hilduini
3540 3266 3660 3308 am-

1950 3337 2143 3393 biebat
2173 3350 2349 3392 unam
2407 3350 2479 3391 ex
2531 3336 2757 3391 ﬁliabus
2795 3338 2922 3407 ejus
2973 3338 3080 3392 sibi
3110 3339 3380 3408 coniugio
3420 3340 3656 3406 sociari;

1949 3427 2045 3482 sed
2078 3438 2211 3481 cum
2245 3425 2299 3479 id
2346 3425 2655 3494 impetrare
2703 3425 2990 3494 nequiret,
3005 3422 3012 3426 ’⁷
3020 3426 3255 3495 jurante
3290 3435 3448 3495 patre
3491 3441 3653 3482 nun-

1950 3528 2125 3585 quam
2167 3514 2342 3568 tiliam
2388 3527 2552 3569 suam
2585 3512 2987 3582 Burgundioni
3019 3513 3293 3578 dandam,
3322 3514 3560 3584 contigit
3588 3522 3654 3570 ut

1950 3603 2243 3671 Philippus
2273 3615 2376 3656 rex
2425 3602 2779 3656 Francorum
2828 3600 3090 3655 eumdem
3125 3599 3385 3656 comitem
3435 3602 3654 3657 Hildui-

1948 3705 2090 3746 num
2130 3705 2262 3745 cum
2316 3690 2524 3744 domno
2573 3688 2893 3743 Helinaudo
2945 3687 3312 3743 Lauduueusi
3367 3689 3652 3761 episcopo,

1947 3779 2188 3849 aliisque
2215 3777 2510 3833 nonnullis
2542 3775 2912 3847 principibus,
2957 3791 3054 3846 pro
3087 3780 3377 3834 communi
3427 3779 3653 3850 negotio

1949 3869 2108 3939 regni
2160 3869 2396 3923 Romam
2443 3866 2855 3922 transmitteret
2927 3865 2999 3920 ad
3067 3865 3366 3921 dominum
3425 3881 3648 3938 papam.

1946 3954 2105 4022 Quod
2137 3955 2235 4010 ubi
2268 3954 2620 4010 notilicatum
2673 3961 2755 4007 est
2791 3953 3056 4022 praedicto
3105 3953 3348 4024 principi
3397 3955 3649 4023 Falconi,

1947 4043 2184 4100 insidias
2234 4042 2611 4099 redeuntibus
2669 4055 2769 4110 per
2800 4041 3049 4110 plurima
3079 4041 3203 4096 loca
3251 4044 3495 4111 paravit,
3531 4045 3650 4100 sic-

1946 4148 2060 4204 que
2115 4133 2173 4188 in
2224 4133 2429 4188 itinere
2480 4140 2692 4200 captos,
2749 4139 2803 4187 et
2845 4131 3114 4186 omnibus
3167 4146 3298 4202 qum
3357 4133 3651 4190 habebant

1951 4221 2240 4291 spoliatos,
2316 4234 2428 4275 non
2482 4220 2644 4288 prius
2694 4218 2980 4275 dimittere
3038 4219 3220 4275 voluit
3267 4221 3447 4277 donec
3499 4222 3649 4278 idem

1945 4323 2135 4364 comes
2191 4308 2546 4378 promitteret
2589 4306 2974 4377 jurejurando
3034 4323 3092 4363 se
3139 4308 3312 4363 tiliam
3372 4323 3535 4364 suam
3596 4310 3648 4365 ei

1944 4397 2239 4452 daturum.
2308 4395 2433 4462 Qua
2511 4395 2813 4464 sponsione
2868 4403 3117 4465 accepta,
3187 4411 3387 4452 omnes
3442 4397 3650 4452 liberos

1943 4484 2156 4540 dimisit
2203 4483 2572 4554 plurimaque
2607 4484 2688 4538 eis
2717 4484 2868 4539 dona
2913 4483 3220 4539 liberaliter
3277 4485 3540 4552 contulit,
3592 4493 3648 4541 et

1943 4587 2075 4628 cum
2105 4586 2312 4641 magno
2359 4572 2571 4626 honore
2620 4572 2690 4626 ad
2745 4572 2977 4641 propria
3031 4571 3267 4626 remisit.
3314 4571 3514 4628 Comes
3547 4573 3648 4629 ita-

1941 4675 2055 4730 que
2119 4674 2384 4716 reversus
2438 4661 2492 4714 iu
2572 4661 2894 4725 Franciam,
2955 4659 3127 4714 filiam
3190 4673 3353 4715 suam
3416 4662 3646 4718 nomine

1942 4749 2274 4823 Adeladam,
2301 4763 2430 4803 cum
2466 4747 2662 4804 multis
2691 4748 2896 4816 opibus
2926 4748 2982 4802 in
3031 4748 3430 4817 Burgundiam
3465 4757 3646 4805 trans-

1940 4837 2190 4901 missam,
2225 4836 2459 4906 praefato
2501 4836 2741 4906 principi
2805 4835 3079 4905 coujugio
3123 4835 3378 4891 sociavit.
3415 4838 3492 4893 De
3527 4853 3644 4908 qua

1940 4925 2087 4980 idem
2135 4925 2299 4980 Falco
2351 4926 2747 4994 supradictum
2797 4924 3126 4993 episcopum
3162 4925 3441 4982 domuum
3499 4927 3643 4982 Bar-

1939 5015 2306 5070 tholomteum
2340 5014 2557 5084 genuit,
2612 5028 2744 5069 cum
2804 5013 2932 5069 aliis
2958 5013 3087 5068 filiis
3122 5022 3177 5070 et
3209 5014 3455 5081 filiabus,
3495 5031 3645 5086 qua-

1937 5117 2069 5159 rum
2103 5117 2219 5158 una
2263 5103 2371 5158 fuit
2427 5101 2846 5167 Ermentrudis,
2882 5116 3059 5172 quam
3114 5117 3349 5158 rursum
3383 5105 3451 5160 de
3491 5105 3637 5161 Bur-

1938 5191 2157 5262 gundia
2217 5191 2272 5245 in
2341 5191 2640 5246 Franciam
2711 5191 2958 5246 delatam
3017 5191 3298 5247 Henricus
3349 5207 3535 5250 comes
3574 5196 3642 5251 de

1935 5279 2318 5348 Grandiprato
2359 5281 2662 5350 conjugem
2721 5278 2920 5345 duxit;
2953 5287 3007 5333 et
3054 5293 3126 5334 ex
3157 5293 3224 5334 ea
3274 5281 3640 5350 mquivocum

1934 5369 2040 5424 sibi
2075 5369 2385 5425 Henricum
2423 5368 2684 5424 comitem
2737 5368 2977 5438 genuit;
3018 5381 3472 5441 germanamque
3517 5372 3644 5443 ejus
