3922 6080
262 228 363 278 967
829 223 838 234 “
1181 222 1474 277 APPEND.
1521 223 1614 275 AD
1655 221 1788 276 LIB.
1841 221 1910 274 ιιι
1949 221 2287 277 GUIBERTI
2327 223 2418 276 DE
2457 221 2608 277 VlTA
2650 221 2802 276 SUA.
3676 226 3808 277 968

264 357 571 417 Adeladem
613 362 849 412 matrem
908 353 1133 410 Ricardi
1182 354 1560 411 Virdunensis
1615 368 1682 410 ac
1734 354 1960 411 Laudu-
1999 355 2048 408 Α
2075 354 2320 424 religiosi
2359 355 2465 410 viri
2498 362 2560 410 ut
2588 353 2793 410 electos
2819 369 2892 410 ex
2922 354 3146 411 clericis
3175 354 3402 425 aliquos
3441 355 3573 412 boni
3605 358 3806 412 testi-

264 445 459 502 ncnsis
484 442 892 500 archidiaconi.
2071 444 2244 498 monii
2277 443 2446 505 viros.
2485 457 2616 499 cum
2670 442 2930 511 reliquiis
2983 443 3238 498 Domina
3275 451 3480 499 nostra
3507 452 3562 499 et
3625 445 3808 500 alio-

335 535 437 589 Hic
463 546 598 601 ergo
639 529 1093 585 Bartholomaus
1150 529 1340 585 adhuc
1373 529 1655 598 puerulus
1685 529 1739 584 in
1775 530 1961 585 Fran—
2071 545 2201 586 rum
2235 538 2588 597 sanctorum,
2624 544 2722 600 per
2779 532 3080 586 Franciam
3121 532 3192 586 ad
3243 533 3591 600 expetendas
3637 533 3803 587 tide-

262 623 407 678 ciam
439 621 510 675 ad
543 619 784 674 Ebalum
816 619 1173 673 avunculum
1227 632 1398 673 suum
1430 619 1690 673 comitem
1729 619 1960 674 Rocimt-
2071 620 2210 674 lium
2271 620 2659 689 eleemosynas
2688 620 3245 690 ltransmitteremus.
3305 621 3515 675 Eorum
3577 622 3809 691 itaque

261 725 377 765 sem
431 706 703 773 defertur,
767 707 1084 776 litterisque
1115 707 1661 762 traditusadomno
1707 708 1963 763 Manasse
2069 708 2307 765 consilio
2379 709 2662 779 elegimus
2726 716 2939 778 septem
3006 711 3312 764 canonicos
3361 723 3433 764 ex
3483 709 3810 766 fratribus

263 799 568 854 Remorum
644 795 1086 864 archiepiscopo,
1160 796 1361 850 matris
1445 810 1565 851 sua
1648 795 1961 862 avunculo,
2072 796 2299 864 nostris,
2381 796 2653 851 Bosonem
2710 795 2942 862 scilicet,
3019 796 3350 864 Robertum,
3418 796 3805 862 Anselmum,

260 886 562 951 educatur,
608 883 672 954 iet
729 881 912 952 primo
966 883 1278 938 canonicus
1336 881 1556 938 Sancta
1617 883 1807 939 Maria
1863 884 1966 938 Re-
2072 885 2436 950 Herbertum,
2516 883 2848 952 Robertum,
2941 884 3328 951 Bonefacium,
3403 885 3811 941 Amisardum

261 972 472 1028 mensis
549 971 820 1038 ecclesia,
907 970 1112 1026 deinde
1209 971 1605 1027 thesaurarius
1681 972 1955 1026 efficitur.
2074 972 2490 1042 presbyterum,
2522 969 2798 1038 Odonem,
2832 971 2933 1040 qui
2979 979 3172 1040 postea
3202 971 3309 1028 fuit
3340 972 3518 1029 abbas
3567 986 3811 1028 mona-

262 1061 459 1116 Postea
503 1073 641 1114 vero
692 1073 824 1115 cum
854 1059 975 1128 jam
1036 1057 1435 1114 Laudunensis
1508 1059 1772 1114 Ecclesia
1821 1067 1966 1114 esset

260 1147 591 1212 canonicus,
647 1147 825 1202 Adela
875 1147 1322 1202 Vermandensis
1379 1148 1685 1214 comitissa,
1749 1148 1964 1219 conjux

263 1237 522 1307 Hugonis
562 1235 773 1306 Magni,
837 1235 940 1305 qui
990 1234 1098 1290 fuit
1154 1248 1467 1305 germanus
1518 1234 1762 1304 Philippi
1818 1237 1966 1307 regis

264 1326 636 1390 Francorum,
689 1338 820 1378 cum
872 1331 995 1392 post
1027 1331 1261 1378 mortem
1296 1323 1549 1392 ejusdem
1588 1323 1864 1394 Hugonis,
1897 1325 1966 1381 de

263 1426 378 1483 quo
437 1419 717 1481 genuerat
776 1410 1087 1465 Radulfum
1147 1410 1407 1466 comitem
1458 1411 1961 1480 Vermandensem,

261 1508 316 1556 et
373 1499 659 1554 Simonem
730 1498 1058 1568 episcopum
1127 1497 1589 1563 Noviomensem,
1681 1499 1966 1568 nupsisset

262 1588 542 1645 Rainaldo
599 1588 790 1643 comiti
860 1586 1331 1653 Claromontensi,
1391 1586 1658 1642 eumdem
1717 1587 1963 1644 Bartho-

264 1677 534 1733 lomaum
590 1676 759 1731 sciret
815 1673 1004 1730 mariti
1061 1675 1150 1730 sui
1194 1688 1315 1729 esse
1369 1672 1800 1737 consobrinum,
1862 1685 1962 1739 pro
2001 1649 2045 1706 Β

264 1779 460 1822 amore
508 1765 634 1835 ejus
683 1763 812 1819 fecit
841 1778 973 1820 eum
1022 1763 1451 1818 thesaurarium
1482 1761 1732 1816 ecclesia
1779 1760 1960 1815 sancti

261 1854 520 1921 Quintini
553 1851 1031 1921 Vermandensis;
1061 1851 1276 1922 sicque,
1314 1857 1378 1906 ut
1433 1849 1828 1918 supradictqu
1857 1856 1960 1914 est,

261 1951 316 1998 et
345 1942 573 2012 generis
619 1941 934 2007 nobilitate,
968 1948 1021 1995 et
1051 1953 1278 1994 morum
1331 1938 1612 2008 probitate
1637 1944 1692 1992 et
1741 1936 1964 1992 divitia-

264 2044 393 2085 rum
434 2028 730 2098 opulentia
773 2028 919 2083 idem
977 2026 1427 2082 Bartholomaus
1480 2027 1732 2082 famosus
1787 2025 1964 2080 habe-

263 2117 455 2172 batur.
489 2115 716 2171 Electus
758 2115 950 2184 itaque
995 2113 1259 2170 unanimi
1297 2114 1471 2169 totius
1501 2113 1634 2168 cleri
1665 2120 1721 2168 et
1769 2111 1965 2181 populi

262 2218 502 2260 assensu
535 2203 606 2258 ad
645 2202 1037 2272 pontiﬁcatum
1093 2202 1254 2258 urbis
1301 2201 1719 2267 Laudunensis,
1752 2201 1964 2256 domno

262 2291 505 2348 Radulfo
547 2293 860 2347 Remorum
917 2291 1362 2360 archiepiscopo,
1410 2289 1512 2359 qui
1561 2289 1796 2358 prafato
1843 2288 1963 2344 Ma-

262 2395 428 2437 nasse
485 2380 686 2436 matris
743 2380 870 2450 ejus
947 2378 1240 2435 avunculo
1293 2386 1662 2445 successerat,
1726 2391 1966 2446 prasen-

261 2477 437 2534 tatur,
470 2477 525 2525 et
555 2470 625 2524 ab
671 2483 736 2524 eo
796 2467 1110 2538 multisque
1166 2466 1292 2523 aliis
1351 2465 1651 2536 episcopis,
1713 2473 1965 2535 tempore

264 2558 550 2615 Paschalis
581 2570 762 2626 papa,
792 2565 847 2612 et
901 2556 1176 2612 Ludovici
1209 2556 1359 2626 regis
1410 2556 1782 2618 Francorum,
1811 2553 1963 2609 cele-

262 2647 508 2703 berrime
537 2652 922 2710 consecratus,
985 2645 1191 2700 ovibus
1241 2642 1507 2700 desolatis
1545 2656 1730 2698 novus
1775 2649 1965 2712 pastor

263 2733 694 2790 transmittitur.

334 2821 440 2878 Sed
491 2821 584 2876 ille
647 2820 995 2876 Laudunum
1052 2820 1310 2887 veniens,
1376 2828 1433 2876 et
1489 2834 1606 2876 non
1647 2820 1963 2888 ecclesiam,

2072 1059 2225 1114 sterii
2260 1058 2414 1128 quod
2445 1057 2660 1113 dicitur
2703 1057 2872 1113 Bona
2903 1055 3053 1126 Spei.
3100 1057 3156 1111 in
3200 1056 3533 1127 episcopatu
3567 1059 3808 1114 Came-

2072 1147 2315 1203 racensi.
2349 1145 2455 1202 Sex
2481 1159 2716 1216 quoque
2747 1145 2920 1202 laicos
2949 1159 3022 1201 ex
3054 1145 3283 1201 civibus
3310 1146 3392 1201 eis
3423 1146 3804 1212 addidimus,

2073 1235 2383 1291 Ricardum
2443 1233 2726 1301 videlicet,
2777 1234 3056 1289 Joannem
3113 1233 3256 1301 Piot,
3291 1235 3563 1297 Odonem,
3603 1235 3808 1290 Lam-

2075 1324 2320 1388 bertum,
2355 1322 2652 1386 Bosonem,
2682 1329 2737 1377 et
2783 1322 3199 1378 Theodericum
3231 1322 3300 1378 de
3357 1323 3628 1378 Brueriis.
3673 1324 3809 1377 Hos

2076 1413 2268 1481 itaque
2303 1424 2436 1466 cum
2484 1411 2690 1466 feretro
2743 1410 2997 1466 Domina
3029 1418 3259 1476 nostra,
3317 1419 3372 1466 et
3427 1411 3556 1466 aliis
3586 1412 3808 1480 capsis

2073 1499 2454 1570 reliquiarum
2529 1498 2955 1554 transmisimus
3000 1498 3073 1554 ad
3131 1499 3461 1569 accipienda
3533 1499 3806 1555 donaria

2077 1591 2350 1647 fidelium.

2146 1679 2396 1736 Ecclesia
2446 1692 2583 1734 vero
2664 1677 2853 1734 fuerat
2905 1691 3183 1733 succensa
3230 1677 3371 1734 feria
3417 1679 3630 1748 quinta
3681 1692 3805 1747 pa—

2073 1767 2282 1823 schalis
2305 1766 2696 1831 hebdomada,
2734 1767 2960 1836 ipsique
2987 1769 3200 1837 egressi
3228 1775 3363 1822 sunt
3405 1767 3547 1822 feria
3569 1768 3804 1837 quinta

2074 1864 2204 1911 ante
2273 1855 2679 1920 Pentecostem,
2741 1855 2798 1910 id
2853 1862 2938 1910 est
2985 1855 3044 1910 in
3108 1857 3328 1911 octavis
3393 1857 3800 1922 Ascensionis,

2076 1943 2475 2012 demoratique
2507 1950 2643 1998 sunt
2673 1956 2859 2012 usque
2889 1942 3042 1999 circa
3070 1943 3278 1999 festum
3320 1943 3569 2000 Mattbai
3599 1957 3799 1999 evan-

2076 2032 2312 2103 gelista.
2349 2031 2623 2086 Dominus
2668 2044 2824 2100 ergo,
2862 2033 2955 2086 cui
2988 2045 3088 2100 per
3119 2031 3459 2100 Prophetam
3515 2031 3742 2087 dicitur
3779 2047 3794 2086 :

2079 2143 2102 2171 ι
2134 2123 2284 2176 Deus
2334 2119 2591 2190 repulisti
2638 2133 2762 2186 nos,
2817 2126 2873 2174 et
2917 2119 3252 2176 destruxisti
3301 2133 3422 2186 nos,
3468 2121 3658 2176 iratus
3707 2134 3795 2186 es,

2074 2215 2129 2263 et
2182 2208 2447 2262 misertus
2514 2219 2574 2260 es
2629 2204 2806 2260 nostri
2863 2205 3036 2274 (Psal.
3118 2220 3229 2274 ως,
3284 2208 3368 2273 3);
3406 2228 3427 2255 ι
3487 2215 3544 2262 et
3586 2207 3794 2262 alibi:

2081 2317 2102 2344 ι
2168 2294 2312 2350 Cum
2395 2293 2579 2346 iratus
2641 2291 2836 2359 fueris,
2923 2292 3330 2348 misericordia
3385 2294 3798 2351 recordaberis

2075 2381 2329 2453 (Habac.
2383 2394 2462 2447 ιιι,
2514 2379 2598 2449 4);
2628 2399 2656 2428 ›
2704 2379 3018 2434 Ecclesiam
3068 2387 3343 2447 nostram,
3398 2395 3574 2450 quam
3633 2381 3797 2437 dure

2076 2469 2353 2540 ﬂagellari
2397 2468 2750 2538 permiserat,
2800 2467 3064 2536 precibus
3120 2481 3240 2523 sua
3294 2467 3560 2537 piissima
3583 2468 3798 2524 Matris

2077 2560 2357 2630 placatus,
2400 2572 2515 2613 non
2563 2556 2788 2612 distulit
2831 2556 3275 2613 misericorditer
3319 2556 3594 2613 refovere.
3656 2557 3797 2613 Plu-

2077 2649 2224 2704 rima
2252 2647 2537 2717 siquidem
2566 2645 2850 2700 miracula
2876 2646 2934 2700 in
2986 2645 3181 2701 eodem
3244 2645 3447 2702 itinere
3510 2659 3611 2715 per
3653 2647 3796 2716 ejus

2078 2736 2324 2792 ostendit
2353 2733 2650 2804 reliquias,
2680 2734 2749 2790 de
2783 2732 3000 2803 quibus
3035 2734 3318 2790 nonnulla
3346 2741 3790 2804 pratereuntes,

2077 2838 2264 2896 pauca
2323 2831 2572 2888 tantum,
2651 2822 2749 2878 sed
2809 2821 3107 2878 notissima
3157 2830 3512 2892 posterorum
3559 2823 3794 2879 notitiae

264 2925 378 2966 non
410 2910 646 2966 domum
703 2909 1104 2979 episcopalem,
1138 2908 1251 2964 imo
1300 2908 1380 2964 nil
1422 2923 1567 2979 pene
1611 2916 1817 2978 prater
1876 2911 1966 2965 fa-
2004 2931 2045 2986 ο
2077 2912 2378 2968 scribendo
2408 2909 2870 2967 transmittimns.

265 2998 434 3054 villas
461 3005 515 3053 et
543 2998 763 3053 cineres
795 2997 1113 3064 inveniens,
1147 2997 1256 3052 dici
1305 3011 1422 3052 non
1466 3005 1645 3067 potest
1677 3005 1964 3067 quantum

263 3086 531 3153 doluerit,
561 3092 847 3155 quantum
905 3086 1210 3156 gemuerit,
1269 3085 1546 3156 quoniam
1593 3099 1708 3141 non
1757 3100 1815 3142 se
1869 3087 1966 3142 ho-

265 3187 403 3230 nore
431 3174 828 3241 sublimatum,
863 3174 961 3229 sed
998 3174 1214 3231 honore
1243 3174 1488 3230 deﬂebat
1517 3182 1963 3245 pragravatum.

266 3263 381 3332 Ipsi
449 3262 601 3317 enim
674 3262 768 3316 illa
814 3262 1123 3332 Scriptura
1177 3263 1460 3318 sententia
1517 3278 1629 3318 non
1683 3263 1964 3318 immerito

264 3351 390 3406 visa
428 3358 513 3406 est
579 3358 718 3406 tunc
760 3351 1031 3421 temporis
1085 3365 1244 3421 posse
1291 3365 1638 3421 congruere;
1703 3373 1726 3400 ι
1787 3351 1965 3406 Homo

265 3438 522 3494 nascitur
550 3439 623 3494 ad
651 3439 906 3495 laborem
939 3438 1091 3510 (Job.
1121 3454 1177 3506 v,
1205 3440 1286 3510 7).
1316 3461 1345 3488 »
1387 3429 1504 3495 Nec
1545 3454 1660 3495 non
1707 3447 1761 3495 et
1821 3439 1961 3495 illud

265 3527 420 3597 quod
474 3527 752 3582 Dominus
780 3527 850 3582 de
898 3527 1198 3597 semetipso
1226 3527 1283 3582 in
1333 3526 1652 3598 Evangelio
1695 3532 1852 3582 580
1880 3527 1963 3582 di-

265 3617 343 3670 cit
377 3632 443 3668 :«
475 3615 656 3670 Filius
707 3615 956 3671 hominis
1011 3630 1124 3670 non
1177 3616 1344 3672 habet
1375 3615 1475 3671 ubi
1526 3623 1700 3685 caput
1730 3615 1967 3672 reclinet

267 3704 424 3772 (Luc.
486 3717 565 3770 ix,
623 3703 735 3771 58).
772 3724 794 3751 ι
844 3703 992 3759 Illud
1045 3705 1214 3760 etiam
1256 3704 1406 3760 beati
1462 3704 1624 3760 Pauli
1679 3703 1962 3774 apostoli:

271 3791 531 3862 «Siquis
550 3791 943 3861 episcopatum
984 3793 1287 3860 desiderat,
1350 3793 1567 3848 bonum
1619 3806 1766 3862 opus
1819 3792 1965 3847 desi-

264 3879 423 3935 derat
482 3879 538 3948 (I
580 3877 822 3934 Timoth.
851 3894 930 3945 ιιι,
980 3879 1031 3950 l)
1066 3895 1081 3936 :
1115 3901 1142 3929 »
1177 3895 1344 3951 opus,
1395 3880 1604 3950 inquit,
1641 3895 1758 3936 non
1790 3880 1966 3936 hono-

267 3981 408 4023 rem.
443 3966 532 4022 Sic
560 3975 614 4022 et
645 3967 746 4023 iste
801 3968 873 4022 de
917 3981 1129 4038 magna
1188 3969 1405 4038 requie,
1449 3977 1504 4025 et
1557 3968 1790 4036 divitiis,
1843 3982 1971 4023 om—

267 4055 615 4124 nimodaque
654 4056 907 4124 corporis
964 4055 1054 4112 sui
1116 4057 1411 4113 voluntate
1463 4057 1519 4112 in
1575 4057 1760 4112 locum
1805 4057 1967 4112 deso-

267 4144 446 4199 latum
489 4143 744 4210 veniens,
835 4158 950 4199 non
1037 4159 1096 4200 se
1155 4146 1226 4201 ad
1282 4145 1512 4202 honoris
1567 4144 1966 4201 excellentiam

2073 3012 2206 3066 CAP.
2241 3009 2336 3067 ιν.
2369 3039 2434 3050 -
2472 3009 2558 3062 De
2589 3005 2805 3079 duobus
2829 3006 3144 3079 contractis
3168 3006 3561 3079 :anatisapud
3589 3008 3790 3062 Issul-

2641 3077 2858 3132 dunum
2895 3077 3200 3133 castellum

2144 3179 2206 3232 In
2240 3190 2386 3247 pago
2435 3173 2800 3231 Buturicensi
2847 3175 3146 3230 castellum
3197 3175 3486 3245 quoddam
3533 3184 3788 3232 vocatur

2075 3264 2447 3321 Issuldunum
2483 3261 2697 3332 (vulgo,
2750 3261 3071 3332 Issoudun).
3107 3263 3296 3333 Hujus
3323 3263 3536 3318 castelli
3593 3264 3785 3318 domi-

2073 3369 2187 3410 nus
2218 3353 2307 3408 vir
2351 3351 2668 3406 ditissimus
2716 3351 2946 3406 nomine
2991 3351 3321 3413 Gaufridus,
3360 3352 3416 3406 in
3447 3351 3614 3407 domo
3674 3365 3784 3407 sua

2073 3443 2244 3514 longo
2271 3449 2523 3509 tempore
2571 3453 2672 3508 pro
2720 3440 2915 3494 anima
2944 3453 3051 3495 sua
3078 3440 3224 3495 duos
3278 3448 3596 3496 contractos
3643 3442 3782 3496 reti—

2078 3537 2286 3588 nuerat
2323 3537 2380 3585 et
2411 3528 2657 3595 aluerat,
2698 3542 2951 3598 quorum
2987 3528 3240 3584 calcanei
3272 3530 3350 3583 ita
3401 3529 3635 3584 natibus
3687 3531 3786 3583 in-

2076 3619 2370 3676 harebant
2416 3624 2477 3672 ut
2509 3617 2668 3672 nullo
2727 3617 2894 3673 modo
2950 3617 3228 3685 incedere,
3292 3617 3377 3673 vel
3437 3632 3496 3673 se
3549 3625 3785 3687 possent

2073 3710 2311 3779 erigere.
2372 3705 2644 3774 Suscepto
2710 3706 2906 3776 itaque
2971 3720 3103 3762 cum
3153 3719 3367 3777 magna
3425 3706 3785 3775 processione

2082 3797 2287 3853 feretro
2321 3794 2575 3850 Domina
2607 3802 2816 3850 nostra
2863 3802 2918 3850 et
2965 3795 3023 3849 in
3079 3795 3316 3850 ecclesia
3349 3794 3544 3864 posito,
3603 3807 3788 3863 roga-

2079 3891 2287 3941 verunt
2317 3898 2374 3939 se
2401 3882 2559 3950 lilluc
2605 3882 2831 3949 deferri,
2872 3891 2928 3938 et
2965 3882 3035 3938 de
3083 3883 3321 3953 limpha,
3369 3897 3486 3952 qua
3519 3882 3785 3952 reliquia

2077 3973 2204 4029 lota
2257 3972 2504 4038 fuerant,
2559 3970 2856 4026 calcaneos
2901 3984 3036 4026 suos
3083 3978 3139 4026 et
3180 3984 3356 4026 crura
3409 3968 3618 4024 lavari.
3656 3968 3786 4036 Quo

2076 4061 2246 4128 facto,
2295 4061 2487 4116 statim
2536 4059 2766 4115 vidente
2825 4059 3096 4115 universo
3169 4058 3398 4129 populo,
3445 4071 3577 4114 caro
3646 4072 3785 4128 qua

2079 4149 2316 4205 natibus
2343 4147 2662 4204 inharebat
2705 4147 2874 4217 capit
2904 4147 3211 4217 disrumpi,
3263 4147 3617 4218 sanguisque
3678 4159 3782 4215 per

271 4230 632 4303 gloriabatur
680 4241 1026 4301 promotum,
1101 4234 1198 4290 sed
1251 4234 1323 4290 ad
1380 4233 1655 4304 operandi
1713 4233 1965 4289 laborem
2007 4232 2049 4286 ι)
2079 4251 2254 4294 crura
2283 4235 2532 4292 ubertim
2584 4235 2854 4292 deﬂuere.
2903 4235 3168 4292 Protinus
3195 4249 3367 4304 super
3422 4235 3588 4304 pedes
3639 4248 3781 4290 suos

268 4320 493 4377 dicebat
545 4327 846 4390 vocatum;
889 4321 1134 4392 ideoque
1187 4323 1357 4379 etiam
1403 4323 1450 4378 si
1506 4322 1650 4378 forte
1677 4321 1966 4391 episcopa-

268 4417 392 4466 tum
423 4408 784 4477 desideravit,
829 4409 1042 4466 bonum
1078 4425 1224 4481 opus
1281 4410 1641 4468 desideravit.
1701 4409 1970 4466 Protinus

269 4512 424 4569 ergo,
476 4513 544 4554 ac
580 4498 628 4553 si
685 4498 920 4568 aliquod
983 4498 1271 4555 desertum
1324 4499 1630 4567 introisset,
1673 4498 1969 4555 ecclesiam

268 4585 443 4643 simul
470 4595 523 4644 et
561 4587 759 4643 domos
787 4587 1136 4659 episcopales
1181 4589 1348 4658 capit
1377 4602 1656 4645 renovare
1707 4595 1762 4644 et
1811 4587 1972 4643 velut

270 4695 304 4736 a
333 4681 724 4739 fundamentis
757 4697 1048 4754 reparare.

271 4771 404 4828 CAP.
437 4773 535 4827 Ill.
562 4802 629 4812 —
649 4773 733 4826 De
750 4771 1052 4826 miraculis
1065 4775 1278 4828 sancta
1301 4770 1505 4826 Maria
1523 4787 1627 4843 per
1644 4769 1967 4843 Franciam.

343 4859 448 4916 Sed
481 4859 639 4929 quia,
676 4868 741 4916 ut
797 4860 1130 4928 pradictum
1165 4868 1266 4928 est,
1311 4875 1426 4916 non
1477 4860 1600 4916 sola
1641 4860 1826 4929 major
1880 4873 1970 4914 ec-

273 4947 442 5005 clesia
473 4947 693 5004 Sancta
720 4949 936 5014 Maria,
989 4950 1083 5005 sed
1112 4957 1168 5006 et
1213 4949 1340 5005 alia
1373 4949 1489 5004 fere
1519 4948 1817 5005 duodecim
1839 4961 1971 5003 cum

273 5035 472 5091 multis
543 5033 809 5090 domibus
882 5035 1218 5092 clericorum
1280 5043 1336 5092 et
1395 5035 1674 5091 laicorum
1744 5034 1974 5090 fuerant

273 5123 604 5182 combusta,
643 5121 943 5192 majorque
1003 5137 1134 5192 pars
1183 5123 1420 5191 civium,
1461 5136 1560 5193 per
1616 5122 1973 5193 provinciam

273 5211 530 5280 dispersa
554 5219 698 5278 erat,
745 5218 1027 5267 eteorum
1064 5212 1166 5282 qui
1213 5219 1609 5268 remanserant
1663 5209 1975 5281 unusquis-

275 5312 390 5367 que
413 5298 482 5353 de
510 5299 756 5367 propria
803 5299 1009 5355 domus
1048 5299 1411 5369 reparatione
1453 5298 1535 5354 sic
1581 5297 1976 5368 occupabatur

274 5391 341 5440 ut
365 5384 469 5440 vix
500 5381 712 5454 aliquis
731 5385 1093 5442 inveniretur
1122 5385 1226 5455 qui
1266 5385 1466 5441 matris
1505 5383 1754 5440 ecclesia
1802 5383 1977 5455 adju-

276 5477 366 5525 tor
421 5468 706 5539 existeret,
773 5471 1192 5528 consuluerunt
1245 5470 1509 5528 nonnulli
1591 5472 1876 5542 sapientes
1921 5479 1977 5530 et

2075 4324 2246 4380 erecti
2273 4321 2583 4392 amplexati
2635 4329 2772 4378 sunt
2805 4321 3099 4390 feretrum,
3143 4321 3500 4392 perfecteque
3565 4322 3780 4388 sanati,

2078 4412 2282 4468 fratres
2311 4417 2531 4466 nostros
2562 4409 2856 4466 subsecuti
2887 4417 3026 4466 sunt
3055 4410 3357 4466 redeuntes
3406 4423 3590 4479 usque
3638 4412 3785 4465 Lan-

2077 4500 2325 4567 dunum,
2357 4506 2412 4555 et
2441 4499 2512 4554 ad
2542 4498 2793 4554 ecclesia
2818 4511 2965 4568 opus
2988 4497 3060 4553 ad
3092 4497 3308 4567 lapides
3347 4498 3672 4568 portandas,
3703 4497 3783 4554 ad

2078 4603 2293 4660 aquam
2361 4585 2749 4652 deferendam,
2807 4587 2878 4642 ad
2931 4593 3272 4642 cameutum
3332 4585 3780 4655 praeparandum

2079 4676 2335 4749 quotidie
2365 4674 2831 4731 exbortabantur
2872 4673 3172 4744 populum.
3229 4674 3638 4729 Consummata
3683 4689 3778 4730 ec-

2079 4763 2249 4821 clesia
2281 4777 2435 4820 unus
2482 4776 2681 4818 eorum
2733 4776 3000 4818 reversus
3038 4770 3122 4817 est
3167 4761 3224 4817 in
3255 4770 3467 4817 terram
3497 4775 3686 4827 suam,
3722 4763 3778 4819 id

2079 4860 2162 4909 est
2193 4853 2264 4908 ad
2295 4851 2593 4908 castellum
2626 4850 3023 4917 Issuldunum,
3056 4850 3201 4906 alter
3255 4850 3485 4906 nomine
3542 4850 3775 4906 Benedi-

2078 4949 2230 5008 ctus,
2281 4939 2556 4996 remansit
2610 4939 2898 5007 Lauduni,
2948 4939 3206 4995 serviens
3234 4939 3294 4994 in
3340 4938 3608 5009 hospitali
3662 4939 3778 4996 fere

2085 5045 2184 5102 per
2210 5029 2510 5086 duodecim
2536 5043 2737 5096 annos,
2762 5028 2958 5098 ibique
2989 5027 3295 5084 defunctus
3319 5036 3423 5084 est.

2082 5135 2215 5194 Car.
2248 5134 2316 5191 V.
2349 5165 2418 5177 —
2443 5136 2529 5192 De
2563 5134 2780 5204 juvene
2809 5134 2988 5208 surdo
3037 5137 3119 5208 et_
3140 5137 3298 5189 muto
3351 5136 3567 5202 curato,
3623 5135 3777 5208 apud

2639 5204 2879 5260 Βασεηεί
2913 5205 3236 5261 castellum.

2156 5295 2386 5366 Egressi
2413 5295 2482 5351 de
2529 5293 2834 5351 lssulduno
2861 5303 3148 5350 venerunt
3172 5294 3245 5350 ad
3275 5294 3430 5351 aliud
3453 5294 3767 5365 castellum,

2085 5383 2240 5454 quod
2264 5383 2478 5440 dicitur
2508 5383 2746 5440 Bucensi
2797 5382 3268 5454 (Belgentiacum,
3320 5383 3516 5455 vulgo,
3583 5384 3772 5440 Beau-

2081 5471 2311 5544 ρεπεν),
2341 5472 2510 5542 cujus
2558 5470 2826 5528 dominus
2854 5477 3028 5528 tanta
3083 5472 3413 5542 rapacitatis
3440 5479 3496 5528 et
3539 5472 3772 5531 feritatis
