3938 6082
142 262 253 317 969

968 231 1358 322 nanuANNi'
1388 264 1480 320 DE
1515 265 1757 322 MIBAC.
1798 266 1860 323 s.
1909 268 2147 324 MARIE
2188 269 2490 326 LAUDUN.
2528 302 2594 312 —
2621 272 2754 328 LIB.
2799 274 2838 328 ι.

3549 282 3655 336 970

132 403 266 452 erat
316 403 380 452 ut
427 396 593 453 multi
636 396 955 453 incolarum
1004 399 1258 457 dicerent
1308 370 1593 459 fratribus
1639 403 1848 459 nostris
1884 406 1929 457 Α
1963 406 2077 460 ritii
2112 405 2319 463 faceret
2348 408 2573 464 deferri.
2628 409 2925 480 Evigilans
2980 412 3190 469 mulier
3245 415 3482 486 rogabat
3531 432 3653 474 ma-

132 485 297 554 quod
330 485 525 541 omnia
550 500 681 556 qua
712 486 1002 543 habebant
1038 488 1118 544 eis
1155 489 1426 545 auferret.
1467 491 1602 545 Erat
1655 499 1848 547 autem

127 573 189 627 ei
222 572 375 628 ﬁlius
395 570 513 628 fere
547 573 877 642 quindecim
904 588 1192 632 annorum
1224 590 1259 631 a
1292 576 1590 633 nativitate
1634 579 1849 634 surdus

125 670 191 716 et
244 668 461 717 mutus.
544 660 863 717 Pcrterritis
910 677 1049 734 ergo
1108 664 1385 720 fratribus
1452 666 1664 722 nostris
1737 666 1846 722 cito

130 748 547 805 misericordia
583 750 762 806 Mater
810 753 1118 808 succurrit.
1176 753 1417 817 Quidam
1452 768 1706 825 namque
1755 768 1845 811 re-

121 837 382 909 ligiosus
443 839 762 894 monachus
823 840 899 894 ibi
949 839 1238 907 habitans,
1282 842 1493 898 auditis
1553 842 1846 899 miraculis

123 925 389 982 Domina
420 933 650 993 nostra,
689 941 820 983 cum
874 942 1084 999 magno
1118 929 1335 985 honore
1392 929 1667 986 feretrum
1717 932 1846 1001 ejus

124 1012 195 1068 in
224 1012 460 1069 ecclesia
488 1015 756 1085 suscepit,
799 1016 1003 1072 deinde
1054 1017 1360 1074 revestitus
1401 1018 1677 1089 reliquias
1716 1018 1845 1089 ejus

125 1102 194 1156 in
225 1102 357 1157 vino
389 1109 444 1157 et
474 1116 631 1173 aqua
665 1102 824 1166 lavit,
869 1112 1045 1174 caput
1069 1110 1209 1160 6:"
1250 1113 1304 1161 et
1335 1105 1535 1162 faciem
1590 1106 1846 1177 pradicti

118 1190 361 1261 juvenis
391 1204 545 1260 aqua
578 1191 699 1261 ipsa
750 1192 1019 1261 perfudit,
1055 1201 1110 1249 et
1150 1209 1222 1250 ex
1271 1208 1339 1251 ea
1391 1204 1590 1265 potum
1615 1196 1667 1251 ei
1699 1196 1846 1253 dans

125 1280 245 1336 sub
273 1280 479 1336 feretro
510 1295 641 1336 eum
666 1282 1000 1338 recumbere
1024 1281 1229 1353 jussit;
1281 1283 1397 1354 ipse
1426 1299 1561 1341 vero
1595 1285 1842 1356 genibus

130 1368 305 1424 ﬂexis
334 1369 635 1425 Dominam
686 1378 940 1425 nostram
992 1372 1327 1441 suppliciter
1355 1373 1597 1429 exorare
1652 1374 1840 1443 capit.

126 1455 251 1511 Nec
283 1471 464 1523 mora,
510 1458 745 1528 juvenis
783 1459 1090 1526 obdormit,
1134 1461 1475 1531 cunctisque
1515 1461 1844 1517 videntibus

129 1556 256 1612 pra
283 1544 568 1600 anxietate
615 1543 791 1599 sudor
821 1559 893 1599 ex
947 1552 1060 1600 toto
1112 1546 1238 1616 ejus
1285 1561 1524 1617 corpore
1586 1547 1841 1617 profluit,

130 1645 302 1686 vena
329 1631 483 1687 circa
520 1645 695 1687 aures
751 1640 1113 1702 turgescunt,
1176 1633 1417 1705 sanguis
1470 1649 1543 1690 ex
1601 1636 1844 1691 auribus

130 1719 387 1776 ubertim
416 1720 623 1776 exsilit.
667 1720 939 1776 Protinus
990 1721 1271 1794 evigilans
1330 1725 1603 1793 surrexit,
1656 1733 1712 1782 et
1750 1740 1845 1782 vo-

129 1822 231 1862 ces
256 1808 536 1878 quasdam
569 1808 825 1865 emittere
850 1809 1038 1879 capit.

210 1896 529 1952 Monachus
555 1897 627 1953 ab
684 1897 939 1953 oratione
991 1913 1236 1970 surgens
1266 1898 1431 1956 latus
1488 1900 1757 1967 accurrit,
1791 1908 1847 1957 et

127 1985 409 2055 juvenem
443 1985 779 2056 alloquitur.
813 1985 933 2053 Ille,
964 1987 1062 2057 qui
1098 2002 1401 2058 nunquam
1433 1995 1603 2044 antea
1646 1989 1845 2045 audie-

136 2080 250 2140 rat,
306 2073 650 2143 respondere
700 2074 1004 2139 nesciebat,
1058 2075 1155 2130 sed
1187 2075 1340 2144 quod
1381 2076 1651 2132 audiebat
1705 2076 1846 2132 alios

134 2162 410 2228 dicentes,
466 2162 612 2217 idem
672 2169 794 2231 post
830 2177 926 2218 eos
957 2162 1076 2233 ipse
1130 2164 1527 2234 prosequendo
1574 2164 1845 2220 imitaba-

136 2256 258 2305 tur.
315 2246 515 2303 Statim
597 2248 916 2304 monachus
976 2249 1144 2320 signa
1221 2250 1507 2320 pulsando
1564 2253 1843 2322 populum

134 2344 360 2404 evocat,
398 2336 672 2406 juvenem
723 2335 1051 2407 loquentem
1108 2345 1162 2394 et
1193 2339 1521 2395 audientem
1577 2341 1841 2408 ostendit,

134 2433 357 2483 etcum
398 2424 611 2496 gaudio
654 2424 1046 2495 lacrymando,
1085 2427 1161 2481 Te
1194 2430 1367 2482 Deum
1424 2427 1729 2483 laudamus
1758 2429 1841 2484 in-

134 2514 297 2586 cipit.
331 2514 586 2587 Nuntius
612 2529 643 2569 e
673 2514 911 2585 vestigio
963 2515 1034 2569 ad
1094 2522 1315 2585 patrem
1369 2516 1437 2572 de
1470 2516 1688 2587 rapinis
1745 2532 1842 2573 ve-

144 2604 399 2659 nientem
459 2602 750 2673 dirigitur,
829 2603 970 2673 quid
1021 2603 1148 2673 ejus
1221 2604 1336 2660 tilio
1392 2605 1693 2677 contigerit
1749 2619 1845 2661 re-

137 2692 342 2747 fertur.
433 2690 532 2745 Ille
613 2690 887 2745 continuo
961 2690 1337 2748 discalceatus
1395 2693 1467 2748 ad
1548 2694 1844 2750 ecclesiam

137 2780 314 2849 pedes
372 2780 574 2846 currit,
608 2788 663 2835 et
727 2793 918 2835 coram
977 2779 1183 2835 feretro
1243 2788 1563 2849 prostratus
1620 2782 1841 2837 miseri-

134 2867 349 2924 cordia
422 2868 588 2924 Matri
663 2867 880 2939 gratias
948 2868 1087 2938 agit,
1138 2867 1269 2924 inde
1325 2869 1714 2941 quadraginta
1754 2885 1843 2925 so-

1881 1699 1924 1753 Β

1957 493 2133 549 ritum
2172 502 2237 550 ut
2286 497 2396 551 cito
2457 497 2800 554 deferretur.
2864 499 2964 555 Ille
3005 515 3120 555 non
3177 502 3425 559 multum
3472 505 3652 574 dives,

1954 580 2213 637 lecticam
2248 591 2508 653 paratam
2559 600 2675 641 non
2707 586 2944 654 habens,
2993 588 3123 644 fecit
3173 604 3297 646 eam
3354 592 3552 649 deferri
3593 594 3652 650 in

1953 667 2053 723 vili
2079 668 2478 739 instrumento,
2512 673 2663 742 quod
2702 674 3019 745 vulgariter
3058 690 3316 733 vannum
3379 693 3653 737 vocamus

1953 755 2012 810 in
2069 772 2185 826 quo
2260 771 2492 813 annona
2533 774 2778 816 excussa
2835 764 3071 834 purgari
3126 764 3283 822 solet.
3349 768 3653 837 Supposita

1950 857 2088 915 ergo
2124 844 2327 901 feretro
2384 847 2647 915 protinus
2676 848 3041 919 obdormivit,
3074 859 3129 907 et
3180 861 3303 922 post
3361 854 3649 912 modicum

1949 932 2232 1003 evigilans
2310 948 2450 989 sana
2531 937 2802 993 surrexit.
2878 938 3091 995 Deinde
3146 940 3348 997 feretro
3415 942 3646 1011 sociata,

1948 1022 2178 1078 vidente
2207 1023 2417 1093 populo
2458 1024 2765 1082 subsecuta
2810 1035 2892 1083 est
2926 1028 3065 1085 illud
3113 1044 3298 1101 usque
3341 1031 3414 1087 ad
3465 1032 3650 1089 eccle-

1948 1110 2092 1169 siam
2119 1110 2308 1167 Sancti
2340 1113 2583 1169 Martini.

2018 1221 2152 1275 CAP.
2182 1218 2329 1277 VIII.
2361 1250 2429 1259 —
2463 1226 2539 1275 De
2554 1221 2771 1289 juvene
2797 1223 2972 1278 surdo
3005 1227 3060 1279 et
3086 1227 3243 1280 muto
3278 1226 3522 1284 Turonis

2692 1299 2894 1348 curan

2020 1375 2142 1442 Quo
2189 1375 2384 1432 audito
2430 1378 2687 1433 canonici
2742 1379 2929 1436 Sancti
2971 1382 3223 1452 Martini,
3247 1382 3387 1441 cum"
3442 1386 3648 1444 abbate

1951 1463 2139 1519 Sancti
2190 1464 2424 1532 Iuliani,
2484 1465 2713 1522 obviam
2763 1470 3101 1537 procedunt,
3152 1480 3208 1526 et
3257 1487 3388 1527 cum
3435 1475 3648 1531 honore

1950 1551 2203 1607 maximo
2230 1552 2508 1623 reliquias
2563 1554 2816 1611 Domina
2864 1565 3073 1613 nostra
3115 1558 3455 1629 suscipiunt.
3512 1563 3650 1619 Erat

1954 1638 2013 1694 in
2055 1640 2253 1695 eadem
2312 1641 2543 1696 civitate
2591 1642 2831 1711 quidam
2882 1645 3116 1713 juvenis
3159 1660 3194 1701 a
3240 1648 3441 1703 matris
3486 1656 3649 1706 utero

1955 1727 2169 1783 surdus
2188 1735 2242 1782 et
2272 1735 2489 1790 mutus,
2524 1743 2695 1799 quem
2730 1745 2883 1786 unus
2913 1746 2985 1787 ex
3024 1732 3344 1790 fullonibus
3386 1735 3651 1794 infantu-

1956 1815 2077 1871 lum
2108 1823 2400 1885 repertum
2450 1818 2735 1873 nutrierat
2762 1826 2817 1874 et
2849 1820 3154 1878 educatum
3203 1832 3325 1880 arte
3383 1839 3490 1881 sua
3541 1826 3649 1881 im-

1954 1902 2180 1959 buerat.
2207 1902 2305 1957 Hic
2333 1916 2470 1973 ergo
2509 1903 2793 1959 adductus
2824 1905 2897 1960 ad
2950 1907 3205 1963 Domina
3248 1918 3455 1966 nostra
3512 1911 3649 1966 reli-

1954 1990 2143 2062 quias,
2207 1990 2315 2046 sub
2383 1990 2590 2046 feretro
2648 1992 2914 2048 recubuit
2981 2001 3035 2049 et
3100 1994 3464 2054 obdormivit.
3537 1998 3650 2054 Nec

1952 2091 2133 2145 mora,
2165 2076 2393 2131 anxiari
2428 2083 2483 2133 et
2511 2091 2584 2132 ex
2634 2084 2747 2133 toto
2786 2093 3021 2148 corpore
3077 2083 3341 2138 sudorem
3390 2085 3649 2141 emittere

1953 2166 2141 2236 capit,
2190 2164 2415 2231 deinde,
2477 2165 2642 2220 venis
2688 2165 2841 2221 circa
2893 2182 3063 2224 aures
3121 2169 3351 2239 inflatis,
3409 2175 3649 2245 sanguis

1953 2254 2199 2311 ubertim
2236 2268 2309 2310 ex
2337 2255 2463 2325 ejus
2492 2255 2733 2310 auribus
2764 2256 3059 2325 profluxit.
3095 2259 3363 2316 Protinus
3395 2262 3651 2319 surrexit

1951 2350 2007 2398 et
2032 2342 2273 2408 audivit,
2306 2356 2411 2398 nec
2453 2349 2642 2397 tamen
2698 2342 2853 2414 loqui
2913 2344 3144 2413 sciebat,
3197 2348 3336 2417 quia
3400 2363 3517 2405 non
3562 2351 3650 2407 di-

1952 2430 2186 2496 dicerat,
2228 2429 2323 2484 sed
2351 2429 2503 2499 quod
2537 2428 2681 2485 alios
2704 2430 2864 2500 loqui
2903 2432 3192 2500 audiebat,
3224 2434 3330 2491 hoc
3386 2436 3647 2494 dicebat:

1951 2517 2133 2588 Cujus
2162 2531 2370 2573 nomen
2422 2517 2563 2587 quia
2601 2518 2985 2586 nesciebatur,
3018 2523 3276 2578 canonici
3308 2526 3485 2581 nostri
3515 2540 3649 2583 eum

1952 2606 2389 2676 appellaverunt
2427 2606 2842 2661 Christianum.
2894 2606 3155 2664 Sociatus
3181 2622 3320 2679 ergo
3374 2611 3651 2668 fratribus

1952 2692 2163 2749 nostris
2191 2692 2349 2747 venit
2377 2706 2510 2748 cum
2540 2692 2621 2748 eis
2654 2693 3023 2762 Laudunum,
3053 2702 3106 2750 et
3140 2695 3255 2751 fere
3289 2706 3504 2767 septem
3539 2712 3651 2753 an-

1952 2781 2043 2837 nis
2090 2781 2299 2837 mansit
2349 2780 2407 2836 in
2451 2782 2617 2837 domo
2664 2780 2942 2837 Guidonis
2977 2782 3369 2841 archidiaconi
3417 2786 3650 2843 Laudu—

1952 2883 2165 2926 nensns.

133 2957 304 3020 lidos,
335 2956 612 3028 quoniam
659 2971 773 3012 non
816 2956 999 3013 multa
1030 2956 1278 3028 pecunia
1325 2958 1680 3028 abundabat,
1742 2959 1821 3015 ob!

2022 2991 2086 3033 ιι).
2121 2976 2212 3031 ΙΧ.
2247 3005 2314 3018 -
2343 2978 2431 3052 De
2457 2974 2711 3052 vindicta
2740 2978 2953 3052 sancta
2979 2976 3185 3052 {Maria
3191 2978 3371 3048 facta
3399 2979 3478 3034 ad
3506 2982 3655 3037 εαη-

132 3044 290 3102 tulit.

210 3143 342 3200 CAP.
385 3143 484 3201 VI.
514 3174 584 3184 —-
614 3144 693 3199 De
717 3159 865 3215 pace
874 3143 1054 3215 facta
1076 3141 1230 3215 inter
1246 3144 1357 3200 duo
1389 3145 1632 3201 castella

815 3213 1177 3270 dissidentia.

213 3309 359 3365 IIinc
389 3309 459 3366 ad
490 3309 651 3368 aliud
694 3310 995 3368 castellum
1026 3311 1257 3368 duobus
1302 3320 1526 3369 tantum
1560 3312 1844 3369 milliariis

133 3407 424 3455 remotum
472 3398 677 3456 fratres
726 3398 905 3456 nostri
957 3399 1039 3455 ire
1077 3399 1408 3468 voluerunt,
1449 3400 1567 3470 sed,
1613 3409 1845 3471 propter

134 3487 422 3543 feritatem
460 3494 515 3543 et
564 3489 786 3557 pradas
830 3487 982 3543 illius
1038 3488 1302 3557 raptoris,
1356 3488 1554 3544 nullus
1610 3488 1844 3545 inhabi—

132 3575 390 3632 tantium
455 3590 588 3631 cum
639 3576 722 3631 eis
771 3576 909 3632 illuc
962 3576 1213 3632 audebat
1272 3576 1575 3646 proficisci.
1626 3578 1842 3632 Tamen

132 3663 290 3720 idem
336 3671 551 3733 raptor,
594 3663 988 3720 misericordia
1030 3664 1129 3720 Dei
1179 3664 1482 3721 Genitricis
1527 3665 1838 3732 animatus,

132 3766 273 3809 cum
330 3751 610 3808 militibus
676 3752 798 3809 suis
844 3759 900 3809 et
962 3753 1183 3809 cateris
1231 3752 1653 3809 habitatoribus
1700 3754 1839 3809 fere-

137 3849 296 3897 trum
330 3848 385 3896 et
417 3839 692 3910 reliquias
739 3841 996 3897 humeris
1037 3840 1157 3898 suis
1186 3842 1509 3911 imponunt,
1553 3841 1842 3912 nudisque

137 3928 387 4000 pedibus
414 3942 611 3984 omnes
651 3929 1036 3999 procedentes,
1073 3929 1146 3985 ad
1182 3929 1545 3986 inimicorum
1602 3943 1840 3986 suorum

136 4016 387 4073 tendunt
457 4016 775 4072 castellum.
829 4016 933 4085 Illi,
990 4016 1096 4073 hoc
1145 4017 1442 4073 audientes
1487 4024 1541 4074 et
1592 4017 1840 4074 miracu-

137 4105 265 4161 lum
313 4104 469 4175 quod
527 4103 603 4160 ibi
645 4111 845 4160 sancta
906 4104 1006 4160 Dei
1052 4104 1233 4161 Mater
1297 4105 1368 4161 de
1417 4104 1666 4176 raptoris
1726 4104 1841 4161 filio

2376 3050 2531 3101 clum
2561 3046 2926 3103 Laurentium
2957 3048 3027 3102 de
3064 3046 3223 3104 ϐαιά.

2024 3134 2251 3206 Egressi
2290 3135 2359 3191 de
2388 3135 2533 3192 urbe
2564 3134 2882 3191 Turonensi
2921 3143 3206 3193 venerunt
3255 3136 3327 3193 ad
3376 3137 3652 3196 Sanctum

1953 3221 2329 3279 Laurentium
2378 3223 2447 3278 de
2505 3221 2659 3288 Cala,
2719 3222 2777 3277 in
2834 3221 2974 3278 festo
3038 3222 3296 3293 ejusdem
3354 3227 3647 3297 martyris.

1951 3309 2269 3366 Monachus
2300 3310 2540 3380 quidam
2587 3310 2664 3367 ibi
2702 3310 2968 3367 habitans
3009 3312 3195 3370 noluit
3223 3316 3304 3371 eis
3344 3318 3653 3375 concedere

1951 3404 2017 3452 ut
2046 3404 2355 3466 poneretur
2384 3397 2656 3453 feretrum
2688 3398 2944 3455 Domina
2999 3408 3207 3457 nostra
3256 3416 3432 3472 super
3471 3404 3652 3461 altare

1951 3482 2140 3540 Sancti
2200 3484 2513 3552 Laurentii,
2557 3485 2653 3541 sed
2707 3499 2881 3554 super
2910 3477 3203 3556 quondam
3247 3489 3443 3545 minus
3472 3491 3652 3547 altare

1950 3573 2009 3627 in
2048 3580 2208 3642 parte
2254 3573 2504 3629 ecclesia
2549 3572 2677 3629 fecit
2726 3572 2871 3629 illud
2925 3575 3081 3643 poni,
3131 3576 3337 3633 timens
3387 3578 3650 3635 videlicet

1950 3662 2209 3717 amittere
2237 3659 2583 3716 offerendam
2615 3669 2945 3717 consuetam
2997 3663 3057 3718 in
3085 3664 3281 3720 eodem
3333 3665 3493 3722 festo.
3543 3666 3649 3722 Sed

1949 3762 2083 3805 cum
2112 3750 2475 3806 Turonenses
2506 3748 2609 3819 qui
2640 3748 2915 3819 reliquias
2943 3760 3168 3807 nostras
3220 3754 3645 3824 prosequeban-

1950 3844 2067 3904 tur,
2120 3836 2426 3892 referentes
2474 3835 2756 3892 miracnla
2815 3851 2947 3906 qua
2999 3837 3282 3907 viderant,
3316 3855 3514 3898 omnes
3556 3856 3648 3913 pe-

1949 3925 2213 3996 regriuos
2279 3930 2429 3979 53$
2492 3924 2962 3994 supervenientes
3034 3926 3496 3986 exhortabantur
3562 3938 3645 3999 ut,

1948 4012 2143 4069 relicto
2200 4012 2402 4083 majori
2443 4012 2628 4080 altari,
2679 4012 2752 4069 ad
2806 4013 3076 4070 feretrum
3130 4016 3386 4073 Domina
3444 4026 3651 4075 nostra

1950 4100 2240 4168 offerrent,
2277 4101 2508 4157 invidia
2540 4100 2718 4158 livore
2757 4114 3066 4171 percussus
3119 4101 3267 4158 idem
3330 4104 3651 4162 monachus

138 4193 356 4248 fecerat
382 4200 807 4264 cognoscentes,
857 4193 1121 4262 protinus
1188 4199 1244 4249 et
1292 4192 1396 4263 ipsi
1454 4193 1628 4250 nudis
1684 4192 1840 4264 pedi-
1893 4206 1896 4210 λ
1945 4189 2119 4260 jussit
2146 4189 2422 4247 feretrum
2471 4198 2527 4246 et
2574 4203 2773 4246 omnes
2820 4190 3099 4261 reliquias
3128 4192 3256 4262 ejici
3289 4192 3359 4248 de
3387 4192 3645 4249 ecclesia.

140 4281 256 4338 bus
303 4294 503 4337 omnes
551 4281 797 4337 inimicis
846 4280 967 4337 suis
1020 4281 1251 4338 obviam
1292 4289 1491 4350 ruunt,
1532 4281 1847 4339 feretrum-
1881 4269 1923 4324 Ῑ)
1958 4279 2303 4350 Prapositus
2373 4293 2511 4334 vero
2575 4277 2814 4344 castelli,
2883 4278 3222 4349 vituperans
3299 4282 3650 4338 monachum

141 4384 262 4441 que
280 4370 355 4425 ab
383 4370 466 4427 eis
494 4377 825 4440 susceptum
854 4383 985 4425 cum
1015 4369 1226 4441 gaudio
1256 4370 1316 4426 in
1345 4371 1644 4427 castellum
1673 4385 1846 4427 suum

140 4457 432 4525 deferunt,
466 4456 768 4513 laudantes
795 4456 1002 4513 Christi
1060 4457 1534 4525 misericordiam,
1586 4458 1688 4529 qui
1745 4471 1848 4528 per

139 4559 311 4602 suam
381 4545 621 4604 Matrem
690 4545 875 4601 hostes
934 4545 1197 4602 hostibus
1253 4559 1553 4603 occurrere
1611 4546 1847 4616 pacifice

138 4634 377 4692 fecerat.

144 4770 157 4777 -
218 4723 354 4778 CAP.
389 4721 512 4779 VII.
544 4752 610 4761 —-
646 4721 731 4775 De
760 4720 1005 4777 muliere
1034 4707 1519 4792 agrotd'Turonis
1546 4724 1771 4777 curata.

216 4810 359 4866 Inde
384 4824 485 4880 per
524 4809 948 4866 Cormeriacum
981 4810 1182 4881 (vulgo
1239 4811 1529 4882 Cormery)
1585 4810 1848 4866 Turonos

139 4906 456 4966 venerunt,
512 4906 568 4954 et
610 4911 745 4953 cum
812 4912 1026 4970 magna
1090 4897 1418 4954 reverentia
1463 4898 1709 4968 suscepti
1773 4899 1847 4955 ab

142 4986 575 5056 archiepiscopo
631 4985 970 5054 Turonensi,
1006 4986 1097 5041 die
1152 4984 1384 5041 Sabbati
1413 4992 1546 5041 ante
1578 4998 1849 5055 vesperas

143 5077 211 5132 in
241 5074 477 5131 ecclesia
507 5073 698 5130 Sancti
742 5073 993 5131 Mauritii
1038 5073 1405 5145 quieverunt.
1444 5074 1600 5131 Uxor
1642 5075 1847 5145 cujus-

143 5163 284 5220 dam
313 5161 660 5232 carpentarii
690 5161 749 5217 in
786 5161 984 5218 eadem
1022 5162 1168 5219 urbe
1198 5175 1298 5232 per
1326 5168 1450 5218 octo
1480 5176 1659 5218 annos
1680 5162 1848 5218 infir-

142 5250 348 5307 mitate
413 5248 595 5305 nimia
654 5249 923 5320 depressa
994 5248 1202 5306 lectulo
1247 5249 1611 5313 decubuerat,
1659 5247 1738 5304 ita
1786 5254 1849 5305 ut

146 5352 445 5409 nusquam
497 5344 686 5409 posset
742 5337 823 5394 ire
861 5336 969 5393 nisi
1022 5345 1367 5408 portaretur.
1422 5337 1631 5393 Eadem
1686 5343 1850 5393 nocte

147 5426 459 5484 dormienti
506 5424 910 5483 misericordia
964 5424 1143 5481 Mater
1174 5424 1461 5497 apparuit,
1515 5424 1851 5496 pracipiens

147 5516 206 5574 ei
236 5523 302 5573 ut
328 5530 388 5572 se
416 5515 488 5572 ad
519 5516 793 5572 feretrum
853 5528 1026 5571 suum
1056 5514 1117 5571 in
1148 5515 1384 5572 ecclesia
1439 5512 1632 5571 Sancti
1687 5513 1849 5571 Mau-

513 5615 788 5681 PATROL.
838 5612 1046 5683 CLVI.

1953 4369 2146 4425 statim
2208 4368 2443 4424 tradidit
2496 4367 2774 4423 fratribus
2821 4367 3029 4424 nostris
3070 4369 3380 4425 tentorium
3436 4371 3649 4440 spatio-

1952 4471 2082 4513 sum
2110 4456 2265 4527 quod
2290 4456 2396 4512 sibi
2427 4463 2746 4525 paraverat.
2789 4455 3063 4512 Matrona
3100 4472 3333 4528 quoque
3374 4459 3480 4514 loci
3518 4473 3651 4515 cor-

1956 4545 2105 4601 tinas
2161 4544 2442 4614 plurimas
2493 4543 2810 4600 deferentes
2878 4544 3026 4599 idem
3084 4546 3395 4614 tentorium
3443 4546 3649 4604 decen-

1956 4633 2168 4690 tissime
2229 4644 2538 4701 perornare
2596 4632 2967 4699 studuerunt,
3046 4630 3437 4691 luminaribus
3482 4636 3652 4693 insu-

1954 4735 2056 4792 per
2118 4719 2539 4776 sufticientibus
2594 4719 3124 4790 splendidissimum
3183 4729 3300 4778 tota
3358 4732 3524 4782 nocte
3570 4724 3649 4781 fe-

1953 4815 2178 4868 ΟΘῙἯῙιῐ.

2026 4896 2133 4953 Sed
2198 4909 2301 4951 rex
2349 4894 2544 4966 justus
2612 4895 2774 4951 Iesus
2825 4895 3087 4953 Christus
3137 4897 3320 4954 noluit
3375 4897 3651 4969 injuriam

1955 4986 2122 5043 Matri
2148 4999 2268 5041 sua
2325 4983 2543 5039 illatam
2593 4983 2803 5040 dimitti
2851 4984 3215 5055 impunitam.
3247 4987 3331 5042 Ad
3387 5002 3654 5058 vesperas

1954 5074 2237 5146 siquidem
2294 5071 2568 5143 prafatus
2607 5073 2944 5138 monachus,
2989 5075 3186 5131 morbo
3216 5076 3432 5134 caduco
3462 5077 3655 5134 subito

1955 5163 2277 5233 depressus,
2338 5174 2529 5217 coram
2586 5160 2741 5217 omni
2791 5163 3002 5232 populo
3049 5163 3108 5218 in
3169 5172 3380 5220 terram
3431 5165 3652 5234 cecidit,

1956 5265 2352 5322 magnumque
2428 5256 2698 5306 terrorem
2774 5250 3104 5307 videntibus
3164 5252 3422 5309 incussit.
3491 5255 3653 5310 Cam-

1957 5354 2110 5410 pana
2146 5340 2317 5395 etiam
2368 5338 2556 5409 major
2612 5338 2681 5394 de
2735 5345 2896 5395 turre
2946 5340 3158 5396 cadens
3204 5342 3494 5398 confracta
3548 5350 3654 5411 est,

1957 5425 2082 5496 ipsa
2118 5440 2351 5497 quoque
2412 5426 2590 5482 turris
2648 5427 2707 5481 in
2746 5426 3029 5497 superiori
3065 5435 3224 5497 parte
3282 5427 3419 5485 ﬁssa
3463 5436 3519 5486 et
3549 5430 3658 5486 dis.

1957 5521 2130 5584 rupta
2215 5513 2457 5583 crepuit.
2527 5513 2688 5580 Quod
2744 5514 2946 5571 videns
3015 5516 3356 5586 monachus,
3416 5532 3543 5574 sero
3600 5533 3660 5574 se

3266 5622 3343 5681 3i
