3922 6080
304 270 399 324 971
1251 267 1552 322 APPEND.
1596 267 1686 321 AD
1729 267 1856 322 LIB.
1901 267 1973 322 III
2014 266 2340 322 GUIBERTI
2373 267 2465 322 DE
2499 267 2653 322 VITA
2696 266 2849 321 SUA.

3705 268 3821 320 9'72

301 396 449 453 male
511 395 708 451 fecisse
774 395 1061 466 poenituit,
1135 396 1424 466 nudisque
1511 397 1752 466 pedibus
1805 411 1999 451 coram
2037 397 2520 452 Acanonicorum
2592 397 2949 466 processione
3027 403 3192 450 extra
3252 395 3449 450 urbem
3505 410 3688 465 usque
3737 394 3817 448 ad

299 484 506 540 feretro
589 491 754 540 terra
815 493 1152 554 prostratus,
1236 484 1466 554 Regina
1517 485 1640 540 cali
1703 485 1997 540 humiliter

298 571 584 641 satisfecit,
621 581 801 643 utque
830 587 1003 642 super
1067 574 1255 643 majus
1288 573 1465 628 altare
1515 573 1779 628 feretrum
1810 573 1997 629 defer-

299 669 459 718 retur
486 662 732 732 rogavit,
777 662 875 717 sed
931 661 1132 717 fratres
1188 662 1365 716 nostri
1407 661 1718 717 noluerunt
1757 662 1983 732 acquie-

299 765 454 807 scere
481 749 725 820 roganti.

371 858 505 913 CAP.
539 858 611 913 Χ.
645 887 712 896 -
743 857 834 911 De
861 855 1102 910 muliere
1135 855 1494 927 parturienle
1523 855 1856 927 Andegavis

1040 930 1270 981 sanata.

371 1035 595 1090 Exinde
666 1034 996 1105 Andegavis
1082 1041 1384 1102 venerunt,
1434 1041 1488 1089 et
1551 1033 1855 1103 magnifice
1922 1033 1994 1087 ab

300 1121 564 1192 episcopo
639 1121 820 1192 ipsius
881 1123 1042 1178 urbis
1087 1123 1336 1192 suscepti
1407 1130 1562 1177 sunt.
1619 1122 1719 1177 Ubi
1788 1121 1997 1176 mulier

299 1211 587 1280 quadam,
646 1224 794 1265 uxor
851 1210 1060 1266 scilicet
1119 1211 1368 1266 Fulberti
1423 1211 1686 1266 ditissimi
1751 1209 1857 1264 viri
1907 1224 1996 1265 co-

300 1307 607 1369 gnomento
651 1298 894 1366 Pellicei,
937 1299 1166 1369 pariens
1198 1300 1374 1354 nimio
1405 1299 1596 1354 dolore
1631 1313 1729 1369 per
1775 1299 1996 1368 aliquot

299 1387 416 1442 dies
467 1385 858 1452 cruciabatur,
923 1388 1160 1457 jamque
1256 1396 1494 1443 mortem
1565 1388 1673 1443 sibi
1744 1387 1994 1442 vicinam

301 1475 596 1530 imminere
670 1475 1117 1544 pertimescebat.
1180 1476 1433 1531 Audiens
1493 1491 1629 1546 ergo
1715 1475 1994 1530 miracula

300 1564 553 1618 Domina
627 1571 854 1632 nostra,
905 1564 1064 1633 petiit
1117 1564 1391 1634 reliquias
1439 1564 1566 1634 ejus
1621 1564 1724 1620 sibi
1779 1563 1990 1629 afferri,

299 1649 616 1719 delatisque
669 1651 931 1706 cochlear
983 1660 1318 1721 argenteum
1396 1653 1623 1719 obtulit,
1699 1652 1992 1722 lympham

299 1736 358 1792 in
417 1753 548 1808 qua
602 1739 725 1794 lota
805 1739 1032 1794 fuerant
1089 1755 1221 1795 cum
1288 1740 1394 1795 fide
1455 1740 1632 1809 bibit;
1683 1741 1993 1809 statimque

299 1835 472 1896 partu
501 1827 649 1882 edito
683 1827 944 1896 liberata,
1000 1828 1113 1882 Deo
1141 1835 1194 1883 et
1237 1827 1342 1897 pia
1401 1827 1565 1884 Matri
1613 1827 1740 1899 ejus
1779 1829 1994 1899 gratias

298 1915 433 1986 egit.

302 2021 436 2077 CAP.
471 2022 566 2077 XI.
601 2051 668 2061 —
700 2025 782 2076 De
814 2021 1059 2079 muliere
1082 2020 1271 2076 sterili
1304 2023 1640 2077 Cenomanis
1656 2023 1990 2087 fecundata.

369 2127 709 2182 Cenomanis
749 2135 1011 2182 matrona
1069 2127 1335 2197 quadam
1391 2129 1618 2196 sterilis,
1687 2143 1818 2184 cum
1868 2128 1992 2183 viro

297 2229 402 2270 suo
448 2215 745 2283 ditissimo,
812 2215 1014 2271 fratres
1057 2224 1280 2271 nostros
1330 2219 1579 2286 suscepit
1630 2217 1892 2286 hospitio,
1939 2224 1994 2272 et

295 2311 578 2372 prostrata
624 2317 814 2358 coram
867 2305 1119 2359 Domina
1164 2312 1372 2359 nostra
1420 2305 1643 2369 feretro,
1706 2305 1832 2360 dari
1883 2305 1992 2360 sibi

297 2391 510 2460 prolem
547 2391 748 2446 oravit.
803 2391 917 2447 Nec
957 2391 1233 2446 frustrata
1283 2399 1366 2446 est
1397 2391 1504 2446 fide
1559 2406 1684 2447 sua.
1722 2395 1849 2448 Post
1873 2393 1992 2448 cir-

201 2541 210 2548 _
295 2479 491 2534 culum
545 2479 829 2549 siquidem
879 2480 1016 2534 anni
1076 2480 1256 2534 tilium
1290 2479 1517 2550 genuit;
1559 2488 1613 2536 et
1663 2481 1992 2551 frequenter

297 2568 656 2638 postmodum
697 2567 853 2623 venit
886 2568 1262 2637 Laudunum,
1290 2581 1467 2639 agens
1498 2569 1751 2624 Domina
1784 2578 1990 2625 nostra

295 2657 527 2728 gratias.

293 2762 426 2818 CAP.
459 2761 586 2816 XII.
624 2792 692 2800 —
723 2763 800 2816 De
839 2760 1122 2816 miraculo
1162 2760 1318 2833 apud
1370 2766 1619 2818 montem
1649 2763 1718 2818 de
1756 2764 1990 2820 Guarda

976 2833 1299 2888 castellum.

365 2940 517 2995 Inter
564 2937 766 2994 urbem
847 2939 1305 3008 Cenomanicam,
1361 2948 1416 2997 et
1471 2941 1769 2998 castellum
1831 2943 1985 3014 quod

292 3028 504 3083 dicitur
527 3028 595 3082 ad
637 3035 883 3082 montem
915 3027 983 3083 de
1020 3027 1271 3093 Guarda,
1303 3031 1583 3086 transitus
1614 3031 1987 3088 difficillimus

289 3124 344 3171 et
401 3116 678 3171 silvarum
725 3115 1009 3172 decisione
1057 3131 1090 3171 a
1129 3118 1714 3187 comprovincialibus
1768 3120 1988 3176 obsitus

289 3212 433 3272 erat,
479 3219 578 3274 pro
609 3204 957 3260 dissensione
991 3213 1046 3260 et
1076 3205 1172 3260 lite
1197 3221 1329 3276 qua
1361 3214 1500 3262 tunc
1531 3207 1802 3276 temporis
1841 3216 1982 3271 erat,

291 3294 438 3349 inter
467 3307 658 3363 regem
717 3293 1019 3363 anglorum
1072 3302 1126 3351 et
1175 3295 1436 3351 comitem
1489 3296 1982 3366 Andegavensem.

289 3381 513 3454 Egressi
562 3397 698 3454 ergo
753 3383 911 3438 tarde
968 3384 1035 3440 de
1084 3384 1228 3440 urbe
1260 3385 1657 3452 Cenomanica,
1701 3393 1985 3448 venerunt

289 3472 361 3527 ad
409 3472 571 3527 illum
652 3471 940 3527 difficilem
983 3474 1312 3541 transitum,
1380 3473 1702 3530 dicentibus
1762 3475 1984 3532 cunctis

287 3561 658 3617 obviantibus
727 3561 881 3631 quod
940 3562 1274 3618 nullatenus
1327 3562 1568 3618 transire
1612 3571 1839 3633 possent
1877 3577 1984 3618 nec

288 3649 358 3704 ad
405 3649 699 3705 castellum
733 3665 849 3720 quo
889 3650 1195 3719 tendebant
1237 3651 1558 3720 pervenire.
1595 3653 1816 3706 Interea
1863 3650 1983 3706 dies

291 3736 347 3792 in
377 3744 596 3792 noctem
628 3738 889 3805 vertitur,
935 3738 1146 3808 pluvia
1186 3754 1423 3810 quoque
1457 3737 1719 3795 nimietas
1759 3747 1976 3808 exorta,

281 3825 401 3896 jam
438 3839 578 3895 pene
607 3825 676 3881 de
705 3825 887 3881 salute
920 3827 1070 3896 cogit
1129 3842 1227 3882 eos
1255 3828 1571 3897 desperare.
1618 3848 1646 3878 ‹‹
1677 3827 1980 3884 Clamave-

286 3920 425 3968 runt
469 3927 606 3984 ergo
657 3914 728 3967 ad
782 3914 1087 3970 Dominum
1135 3931 1267 3971 cum
1322 3916 1760 3982 tribularentur,
1813 3925 1866 3972 et
1910 3917 1979 3972 de

286 4000 722 4056 necessitatibus
750 4016 948 4056 eorum
1006 4003 1207 4059 eduxit
1256 4019 1352 4059 eos
1383 4004 1569 4074 (Psal.
1632 4018 1742 4058 ενι.
1802 4006 1913 4073 28).
1948 4027 1975 4052 »

286 4089 485 4144 Subito
533 4089 709 4153 enim,
753 4089 865 4144 Deo
915 4091 1240 4159 miserante,
1293 4099 1451 4148 tanta
1483 4092 1835 4147 transierunt
1887 4091 1976 4146 fa-

286 4176 496 4232 cilitate
551 4185 614 4233 ut
674 4178 901 4234 nullum
955 4181 1186 4236 omnino
1245 4180 1302 4250 in
1349 4181 1698 4236 transeundo
1732 4179 1976 4249 impedi-

2106 486 2304 540 vineas
2349 485 2431 540 eis
2471 493 2826 550 occurrente,
2881 485 3272 553 feretrumque
3332 484 3573 551 positum
3615 489 3700 538 est
3750 484 3816 537 in

2108 574 2310 643 majori
2344 573 2580 629 ecclesia
2609 587 2784 642 supra
2839 573 3020 627 altare
3065 580 3276 627 sancta
3315 572 3528 627 Maria.
3563 572 3632 626 Et
3676 586 3822 627 ecce

2107 662 2372 730 quadam
2419 661 2627 716 mulier
2671 668 2962 716 contracta
3013 668 3136 715 erat
3191 659 3248 714 in
3294 661 3436 715 urbe
3475 673 3647 730 quam
3682 659 3817 730 epi—

2104 764 2313 819 scopus
2360 749 2507 805 idem
2534 749 2656 819 jam
2687 749 2950 820 quinque
2979 749 3148 803 annis
3199 748 3254 803 in
3283 749 3471 809 domo,
3508 749 3605 804 ubi
3637 750 3817 818 panis

2103 853 2246 894 suus
2283 839 2660 909 coquebatur,
2713 837 2954 894 aluerat.
3009 837 3145 904 Qua
3180 852 3296 907 pra
3346 838 3524 893 nimia
3554 838 3816 893 infirmi-

2105 935 2218 981 tate
2266 928 2346 982 sic
2388 926 2614 997 jacebat
2643 928 2943 982 incurvata
2976 934 3038 981 ut
3068 941 3138 981 ne
3168 927 3238 981 ad
3269 941 3630 982 communem
3661 926 3813 995 qui-

2102 1016 2230 1071 dem
2275 1016 2662 1071 necessitatem
2709 1015 2818 1070 nisi
2871 1029 2906 1070 a
2961 1015 3188 1071 duobus
3239 1023 3581 1085 portaretur,
3619 1022 3818 1084 posset

2106 1104 2202 1158 ire.
2273 1103 2461 1159 Prima
2507 1119 2642 1176 ergo
2691 1105 2870 1160 noctis
2918 1105 3061 1159 hora
3114 1105 3381 1174 apparuit
3413 1103 3460 1159 ei
3506 1104 3561 1158 in
3588 1104 3816 1158 somnis

2105 1192 2344 1248 Domina
2387 1201 2601 1260 nostra,
2653 1193 2987 1264 pracipiens
3029 1194 3078 1248 ei
3130 1201 3191 1249 ut
3224 1193 3568 1263 quantocius
3605 1206 3818 1262 surge-

2105 1289 2206 1348 ret,
2263 1282 2335 1336 ad
2389 1283 2660 1352 majorem
2695 1282 2990 1338 ecclesiam
3033 1282 3158 1348 iret,
3191 1289 3246 1336 et
3309 1281 3578 1336 feretrum
3627 1295 3811 1336 suum

2108 1371 2487 1426 Laudunense
2515 1379 2816 1442 quareret.
2854 1371 3122 1426 Protinus
3151 1370 3435 1440 evigilans
3467 1375 3614 1424 533
3659 1384 3815 1425 sana

2103 1459 2374 1526 surrexit,
2431 1467 2485 1514 et
2541 1460 2610 1513 ad
2650 1458 2944 1514 ecclesiam
2993 1473 3234 1514 currens
3284 1474 3382 1529 per
3416 1460 3628 1528 plateas
3668 1473 3810 1514 cum

2104 1547 2316 1616 gaudio
2395 1547 2816 1603 vociferabatur
2861 1547 3164 1603 clamando
3220 1564 3232 1601 :
3305 1549 3546 1603 Domina
3605 1555 3814 1602 sancta

2105 1635 2314 1690 Maria!
2391 1637 2634 1690 Domina
2699 1645 2897 1691 sancta
2985 1633 3192 1692 Maria!
3273 1635 3512 1691 Familia
3553 1635 3811 1706 episcopi

2101 1732 2296 1779 secuta
2367 1732 2451 1780 est
2522 1738 2670 1791 eam,
2746 1725 2864 1794 ipse
2935 1739 3172 1794 quoque
3239 1725 3540 1794 episcopus
3602 1739 3808 1780 somno

2099 1813 2404 1878 excitatus,
2438 1813 2678 1868 audiens
2704 1812 2771 1882 {et
2819 1813 3076 1884 gaudens
3119 1827 3357 1883 egenam
3407 1827 3572 1869 suam
3628 1827 3810 1868 sana-

2099 1908 2236 1956 tam.
2291 1901 2532 1956 Intravit
2578 1901 2784 1956 mulier
2831 1915 2970 1957 sana
3013 1900 3330 1966 ecclesiam,
3364 1916 3629 1971 quarens
3668 1916 3808 1957 cum

2099 1989 2348 2045 clamore
2401 1990 2497 2045 ubi
2573 1998 2716 2046 esset
2783 1990 3056 2045 feretrum
3124 1989 3345 2044 Sancta
3410 1991 3597 2045 Maria
3651 1990 3805 2045 Lan-

2100 2078 2394 2134 duncnsis.
2465 2078 2748 2149 Stansque
2833 2092 3023 2134 coram
3072 2093 3156 2145 eo,
3237 2079 3450 2148 gratias
3497 2079 3548 2132 ei
3602 2079 3809 2134 refere-

2103 2167 2216 2232 bat,
2278 2174 2334 2222 et
2410 2167 2697 2237 quomodo
2751 2167 2854 2222 sibi
2929 2166 3287 2236 apparuisset
3348 2166 3568 2222 cunctis
3629 2179 3809 2220 enar-

2100 2255 2282 2310 rabat.

2173 2342 2372 2398 Statim
2404 2343 2706 2413 episcopus
2735 2342 2929 2398 omnia
2960 2343 3125 2414 signa
3165 2341 3336 2412 jussit
3367 2341 3582 2412 pulsari
3607 2342 3806 2409 citius,

2097 2441 2151 2488 ct
2185 2432 2417 2501 ipsemet
2449 2432 2660 2501 incepit
2713 2431 2789 2485 Te
2837 2433 3014 2485 Deum
3075 2431 3401 2486 laudamus.
3455 2433 3615 2496 Quod
3661 2433 3810 2488 dum

2097 2529 2447 2587 cantaretur,
2483 2535 2610 2576 ecce
2650 2520 2829 2574 altera
2873 2528 3185 2581 contracta,
3218 2528 3332 2575 tam
3386 2521 3489 2589 ipsi
3533 2521 3808 2589 episcopo

2097 2623 2272 2678 quam
2331 2608 2554 2664 cunctis
2599 2607 2726 2663 aliis
2764 2607 3077 2675 notissima,
3124 2607 3418 2664 ecclesiam
3464 2616 3663 2662 sanata
3710 2607 3811 2663 in-

2098 2697 2290 2763 travit,
2323 2704 2377 2752 et
2425 2697 2493 2752 ad
2540 2697 2812 2752 feretrum
2863 2704 3016 2751 recto
3073 2710 3249 2750 cursu
3295 2696 3546 2764 veniens,
3573 2697 3810 2752 scabel-

2098 2785 2215 2840 lula
2257 2785 2392 2851 duo,
2442 2785 2657 2854 quibus
2705 2785 2951 2854 rependo
2999 2793 3053 2840 et
3082 2784 3457 2840 sustentando
3492 2799 3549 2840 se
3599 2784 3671 2839 ad
3708 2800 3808 2855 pe-

2096 2873 2325 2929 tendam
2377 2874 2796 2943 eleemosynam
2853 2873 3221 2928 circumferre
3250 2872 3483 2936 Solebat,
3512 2886 3689 2941 super
3719 2872 3810 2928 al-

2041 2993 2064 3032 η
2096 2971 2214 3018 tare
2249 2961 2458 3032 posuit,
2493 2962 2726 3032 ipsaque
2759 2969 2918 3017 stans
2959 2975 3150 3017 coram
3187 2961 3414 3032 populo,
3449 2962 3561 3016 Deo
3589 2968 3642 3016 et
3685 2961 3806 3031 pia

2094 3051 2258 3106 Matri
2299 3052 2428 3121 ejus
2501 3051 2718 3122 gratias
2768 3051 2994 3120 agebat.
3064 3050 3333 3106 Protinus
3391 3051 3508 3120 ipse
3554 3064 3801 3105 rursum

2093 3139 2286 3194 omnia
2342 3140 2508 3210 signa
2595 3139 2863 3208 pracepit
2931 3140 3145 3207 sonari,
3211 3138 3490 3209 incipiens
3541 3139 3803 3194 secundo

2095 3227 2393 3296 prafatum
2430 3228 2731 3296 hymnum.
2777 3226 2885 3293 Qui
2925 3235 3238 3296 antequam
3264 3228 3545 3291 finiretur,
3580 3226 3801 3281 divina

2095 3316 2286 3387 pietati
2320 3316 2536 3386 placuit
2565 3316 2798 3371 tertium
2825 3315 3211 3385 superaddere
3243 3315 3608 3370 miraculum.

2161 3403 2408 3470 Quidam
2455 3403 2662 3458 etenim
2691 3402 2923 3473 juvenis
2954 3401 3136 3468 miles,
3173 3402 3324 3457 [ilius
3353 3402 3611 3458 videlicet
3649 3405 3803 3458 Car-

2091 3492 2344 3548 notensis
2399 3489 2759 3558 vicedomini,
2793 3490 2894 3560 qui
2941 3491 2998 3545 in
3043 3489 3271 3547 castello
3305 3490 3555 3560 quodam
3579 3489 3807 3545 catenis

2089 3581 2367 3651 religatus
2391 3586 2593 3648 captus
2640 3579 3002 3646 servabatur,
3047 3578 3238 3634 subito
3272 3578 3594 3648 insperatus
3621 3579 3806 3635 eccle-

2089 3670 2231 3726 siam
2265 3668 2604 3740 ingreditur,
2633 3676 2687 3723 ct
2723 3676 2902 3724 matre
2943 3681 3050 3724 sua
3087 3681 3219 3723 cum
3253 3667 3530 3722 militibus
3565 3674 3618 3722 et
3639 3667 3804 3722 civi-

2089 3757 2199 3812 bus
2251 3757 2359 3813 sibi
2411 3764 2766 3824 occurrente,
2823 3757 2986 3812 latus
3046 3755 3116 3811 ad
3159 3757 3338 3811 altare
3399 3755 3800 3827 progreditur,

2089 3845 2449 3916 genibusque
2506 3844 2672 3900 ﬂexis
2726 3859 2919 3901 coram
2959 3845 3181 3911 feretro,
3239 3851 3292 3900 et
3341 3858 3441 3914 per
3476 3843 3796 3900 Dominam

2089 3942 2343 3990 nostram
2373 3948 2432 3988 se
2457 3934 2653 3989 dicens
2707 3942 2990 4004 ereptum,
3042 3933 3432 4004 quadraginta
3479 3932 3692 3987 solidos
3736 3936 3794 3989 ei

2085 4021 2274 4076 statim
2306 4020 2530 4076 obtulit.
2581 4020 2742 4088 Quod
2791 4035 3030 4076 cernens
3071 4021 3395 4091 episcopus,
3445 4034 3557 4074 non
3590 4020 3794 4077 solum

2087 4109 2145 4163 in
2191 4107 2395 4178 majori
2436 4108 2694 4176 ecclesia,
2739 4109 2835 4164 sed
2881 4117 2936 4164 et
2964 4109 3018 4162 in
3053 4108 3323 4164 omnibus
3365 4109 3490 4163 aliis
3529 4107 3797 4164 ecclesiis

2083 4197 2251 4253 etiam
2295 4197 2548 4252 minimis
2574 4211 2675 4267 per
2701 4205 2871 4253 totam
2897 4197 3119 4263 urbem,
3153 4197 3344 4252 omnia
3370 4197 3532 4266 signa
3562 4195 3802 4253 diutius

285 4273 544 4360 Ῑηῇῐῖῑυῐη
577 4353 591 4360 _
617 4265 910 4360 δέδθΐθηῐ·
983 4268 1452 4360 Ρθΐνθηίθηῐίβυξ
1532 4268 1601 4323 ad
1677 4267 1974 4360 Caslel'um
2015 4307 2057 4360 ι)
2088 4285 2296 4351 sonari,
2331 4294 2383 4341 et
2424 4285 2533 4340 Deo
2577 4265 2782 4341 laudes
2826 4285 3056 4341 directis
3106 4284 3328 4340 nuntiis
3377 4265 3639 4354 pracepit
3693 4283 3801 4340 de-

285 4354 494 4410 milites
540 4353 768 4410 obviam
825 4365 1243 4424 processerunt,
1296 4357 1659 4426 nimiumque
1707 4357 1982 4413 mirantes

284 4443 571 4512 quomodo
601 4443 962 4512 transissent,
995 4443 1402 4515 benignissime
1445 4459 1539 4499 eos
1583 4454 1975 4514 susceperunt,

284 4527 534 4583 dicentes
589 4528 744 4598 quod
803 4543 1003 4584 revera
1054 4529 1446 4585 misericordia
1504 4530 1730 4586 Domini
1782 4532 1978 4589 fuisset

283 4630 414 4672 cum
471 4617 570 4672 eis.
606 4617 667 4671 In
721 4618 969 4673 crastino
1007 4633 1137 4673 cum
1199 4618 1504 4674 redeuntes
1562 4633 1660 4688 per
1709 4623 1973 4678 eumdem

282 4705 502 4760 aditum
582 4706 826 4762 transire
891 4706 1222 4773 voluissent,
1274 4707 1606 4764 nullatenus
1651 4709 1830 4764 donec
1869 4711 1976 4765 iter

281 4807 413 4848 cum
445 4808 658 4864 magno
705 4794 898 4850 labore
943 4796 1276 4864 expeditum
1337 4796 1441 4852 fuit
1473 4798 1718 4853 transire
1775 4806 1972 4867 potue-

280 4885 441 4949 runt,
476 4883 674 4951 sicque
691 4882 797 4951 pia
815 4883 974 4938 Matri
999 4883 1221 4939 Domini
1246 4887 1462 4956 gratias
1480 4888 1820 4951 retulerunt,
1842 4901 1972 4956 qua

279 4970 338 5026 in
375 4970 516 5026 hora
573 4985 797 5042 magna
855 4973 1205 5029 necessitatis
1237 4987 1508 5045 magnam
1539 4975 1620 5031 eis
1650 4975 1974 5031 misericor-

278 5059 432 5115 diam
467 5059 692 5116 fecerat.

278 5165 413 5224 CAP.
437 5169 594 5225 XIII.
619 5197 685 5210 —
704 5171 782 5223 De
808 5167 988 5224 tribus
1017 5169 1321 5226 miraculis
1349 5170 1411 5225 in
1449 5171 1588 5226 urbe
1633 5171 1976 5227 Carnotensi

657 5239 851 5309 factis
874 5257 978 5312 per
1013 5246 1273 5296 sanctam
1303 5243 1579 5297 Mariam.

347 5345 410 5398 In
440 5344 639 5415 vigilia
674 5345 1000 5404 Nativitatis
1036 5357 1247 5404 sancta
1287 5348 1498 5415 Maria,
1539 5356 1671 5405 ante
1707 5363 1972 5420 vesperas

277 5429 590 5489 Carnotum
640 5444 944 5502 venerunt,
1002 5445 1056 5493 et
1108 5437 1682 5496 honoriflcentissime
1721 5440 1968 5510 suscepti

277 5524 475 5573 sunta
527 5519 736 5577 domno
782 5523 957 5580 Ivone
1013 5524 1347 5581 Carnotensi
1398 5527 1684 5598 episcopo,
1733 5533 1968 5598 totaque

2089 4373 2332 4440 cantari,
2385 4371 2504 4442 ipse
2553 4373 2718 4428 tertio
2771 4372 3044 4442 incipiens
3087 4373 3164 4426 Te
3219 4374 3402 4427 Deum
3451 4370 3800 4429 laudamus.

2088 4460 2350 4523 Quantus
2390 4472 2490 4529 per
2543 4466 2714 4515 totam
2777 4459 2979 4514 urbem
3033 4459 3331 4530 signorum
3393 4459 3668 4528 strepitus
3741 4469 3804 4516 et

2086 4547 2342 4618 clangor,
2391 4561 2520 4616 qua
2569 4561 2679 4602 vox
2723 4546 2953 4612 latitia,
2990 4555 3131 4616 quot
3180 4547 3438 4603 dulcium
3495 4547 3802 4617 lacryma-

2085 4649 2213 4692 rum
2269 4634 2514 4691 flumina
2579 4649 2712 4716 pra.
2743 4634 2921 4690 nimia
2991 4635 3391 4700 exsultatione,
3428 4635 3498 4691 ab
3532 4642 3800 4707 utroque

2081 4739 2225 4780 sexu
2245 4732 2298 4779 et
2329 4724 2556 4780 diversa
2585 4731 2750 4779 atate
2805 4723 2920 4779 sint
2962 4723 3164 4793 effusa,
3201 4724 3372 4780 etiam
3401 4723 3565 4779 nobis
3597 4731 3798 4781 taceo.

2081 4813 2234 4868 tibus
2265 4814 2390 4882 pius
2422 4813 2597 4868 lector
2643 4812 2808 4868 facile
2860 4820 3038 4882 potest
3088 4813 3407 4868 advertere.
3461 4813 3549 4868 Sic
3582 4812 3793 4884 itaque

2081 4901 2285 4958 fratres
2329 4902 2526 4968 nostri,
2596 4902 2774 4958 beata
2834 4901 3028 4958 Maria
3098 4901 3393 4956 miraculis
3447 4901 3790 4970 exhilarati,

2081 4989 2337 5046 fidelium
2368 4990 2531 5046 donis
2562 4989 2908 5058 locupletati,
2969 4989 3038 5043 ad
3079 5003 3182 5044 nos
3225 5003 3355 5045 cum
3385 4989 3594 5059 gaudio
3623 4989 3793 5046 circa

2081 5087 2286 5142 festum
2319 5085 2508 5142 Sancti
2541 5086 2792 5141 Matthai
2835 5085 3201 5157 evangelista
3232 5088 3543 5153 redierunt,
3577 5095 3792 5144 totam-

2081 5190 2194 5246 que
2247 5175 2450 5230 urbem
2509 5175 2944 5232 Laudunensem
3017 5175 3345 5246 hujusmodi
3402 5176 3792 5234 relationibus

2080 5263 2246 5319 valde
2273 5263 2643 5330 latiticantes,
2681 5272 2807 5333 post
2855 5264 3240 5321 tribulationis
3293 5264 3534 5332 luctum,
3558 5279 3788 5322 novum

2080 5350 2360 5422 gaudium
2416 5351 2583 5408 nobis
2631 5350 2972 5408 intulerunt.
3015 5353 3120 5408 Per
3165 5353 3362 5408 omnia
3440 5352 3792 5410 benedictus

2079 5440 2250 5506 Deus,
2283 5440 2386 5511 qui
2425 5440 2573 5497 vixit
2602 5448 2658 5498 et
2715 5448 2919 5514 regnat
2966 5455 3068 5512 per
3096 5441 3291 5498 omnia
3345 5440 3557 5498 sacula
3602 5455 3791 5500 sacu-

2081 5523 2290 5583 lorum.
