3922 6080
214 369 280 417 97
290 368 319 418 3

1038 364 1398 419 HERMANNI
1441 365 1531 420 DE
1577 365 1820 419 MIRAC.
1861 366 1918 419 S.
1961 366 2200 420 MARIAS
2238 366 2788 422 LAUI)UN.—-LIB.
2832 367 2900 420 II.

3614 372 3717 424 974

1032 639 1740 744 CAPITULA
1811 642 2202 743 LIBRI
2272 643 2910 748 SECUNDI.

677 830 811 902 CAP.
855 831 894 883 Ι.
939 831 1025 884 De
1052 832 1226 902 surdo
1254 833 1310 883 et
1339 833 1494 884 muto
1525 831 1681 901 apud
1710 831 2011 902 Nigellam
2039 835 2257 888 curato.

676 901 810 957 CAP.
853 902 925 954 ll.
975 903 1057 954 Dc
1085 900 1323 957 auriﬁce
1351 917 1492 956 caeco
1522 900 1806 956 Atrebati;

677 972 791 1026 CAP

674 1043 806 1098 CAP.

677 1113 810 1168 CAP.

851 1044 938 1097 IV.
986 1045 1068 1096 De

677 1183 811 1238 CAP.
856 1185 920 1239 VI
965 1186 1048 1238 De
1076 1185 1317 1239 muliere

677 1254 810 1311 CAP.

677 1325 811 1380 CAP.

674 1396 804 1450 CAP.

677 1466 812 1521 CAP.

678 1539 811 1592 CAP.

677 1608 814 1662 CAP.

683 1679 814 1734 CAP.

857 1469 926 1522 Χ.
973 1469 1057 1520 De

857 972 948 1027 III.
995 977 1068 1026 De
1099 972 1297 1096 puella
1319 976 1533 1052 sanata
1561 973 1716 1054 apud
1748 975 2019 1029 Sanctum
2049 973 2456 1054 Audomarum.

857 1044 938 1096 IV.
986 1045 1068 1096 De
1122 1043 1435 1096 iberattone
1465 1044 1798 1096 clericorum
1837 1047 2048 1096 sancta
2071 1047 2270 1096 Maria:
2299 1062 2359 1096 in
2390 1063 2456 1096 mi

1122 1043 1435 1118 iberatione
1465 1043 1798 1118 clericorum
1837 1047 2048 1118 sanctae
2071 1043 2270 1098 Maria:
2296 1045 2359 1118 _in
2390 1045 2544 1118 mari
2571 1063 2609 1101 a
2636 1046 2870 1118 piratis.

861 1113 922 1186 ν,
964 1117 1040 1168 De
1061 1113 1320 1186 vindicta
1347 1131 1521 1186 super
1547 1115 1931 1186 negotiatores
1957 1117 2117 1184 facta
2154 1116 2310 1185 apud
2346 1117 2579 1171 Dobras.

1345 1186 1708 1256 parturiente
1733 1186 1984 1240 liberata
2011 1186 2350 1241 Cantuariw.

857 1255 976 1327 VII.
1023 1259 1099 1310 De
1125 1272 1268 1310 czco
1290 1255 1627 1327 illuminato
1659 1259 1814 1327 apud
1855 1256 2220 1312 Wintoniam.

858 1326 1006 1381 VIII.
1055 1329 1136 1382 De
1162 1327 1282 1381 alio
1304 1326 1535 1395 in/irmo
1561 1326 1771 1382 ibidem
1799 1331 2014 1382 curato.

858 1397 952 1451 IX.
997 1401 1070 1450 De
1095 1397 1389 1454 duodecim
1413 1398 1664 1465 infirmis
1689 1397 1898 1452 ibidem
1923 1399 2162 1453 curatis.

1084 1468 1281 1537 puella
1309 1469 1547 1533 inﬁrma
1575 1473 1780 1523 curata
1811 1469 1962 1539 apud
1994 1469 2453 1525 Christi/cereum.

854 1539 952 1592 XI.
985 1541 1064 1592 De
1091 1539 1416 1594 incredibili
1439 1539 1696 1594 vindicta
1723 1541 1829 1594 Dei
1857 1540 2065 1594 ibidem
2093 1541 2272 1604 facta.

859 1609 981 1682 XII.
1025 1612 1100 1663 De
1129 1609 1380 1682 inﬁrmis
1413 1610 1814 1681 septemdecim
1843 1610 2070 1665 sanatis
2097 1611 2253 1682 apud
2281 1612 2694 1666 Essecestram.

861 1680 1007 1753 _)_(_I_I_l.
1049 1683 1131 1734 De
1154 1681 1378 1753 glutino
1403 1680 1690 1737 contracto
1719 1683 2014 1753 curatorin
2042 1680 2374 1753 episcopatu
2407 1682 2836 1753 Salesberiensi.

672 1748 804 1823 CAP.
851 1751 1000 1823 XIV.
1047 1753 1129 1805 De
1156 1748 1522 1815 febricitante
1552 1756 1750 1807 curato
1781 1752 1936 1823 apud
1976 1748 2312 1807 Wiltoniam
2341 1752 2634 1809 abbatiam
2661 1753 3212 1809 sanctimonialium.

673 1821 806 1895 CAP.
850 1821 980 1895 XV.
1023 1823 1105 1895 De
1131 1824 1329 1895 puella
1357 1840 1504 1895 caeca
1530 1821 1867 1878 illuminata
1895 1825 2052 1895 apud
2087 1823 2551 1879 Danavexeriam.

674 1894 812 1945 CAP.
857 1892 1004 1947 XVI.
1049 1892 1144 1946 Dei
1161 1894 1333 1947 surdo
1363 1894 1571 1948 ibidem
1597 1898 1824 1948 sanato.

671 1961 804 2036 CAP.
849 1963 1024 2036 XVII.
1071 1965 1154 2018 De
1180 1965 1378 2035 puella
1407 1981 1581 2019 curva
1608 1965 1764 2036 apud
1791 1968 2046 2036 castrum
2078 1964 2520 2036 Bannislaplum
2545 1968 2771 2020 curata.

675 2032 808 2087 CAP.
851 2034 1039 2089 XVIII.
1087 2032 1468 2089 De'monacho
1495 2032 1704 2090 claudo
1732 2035 1942 2092 ibidem
1972 2040 2191 2091 curato.

677 2104 810 2159 CAP.
852 2105 996 2160 XIX.
1041 2109 1116 2159 De
1147 2105 1266 2160 alio
1293 2107 1498 2160 claudo
1525 2110 1730 2162 curato
1758 2107 1914 2162 apud
1941 2111 2195 2161 castrum
2233 2108 2484 2161 Totenes.

674 2175 814 2248 CAP.
860 2177 973 2248 XX.
1024 2179 1095 2230 De
1124 2177 1383 2248 mirabili
1409 2177 1663 2248 vindicta
1692 2175 1902 2231 ibidem
1932 2181 2096 2244 facta
2121 2194 2294 2248 super
2321 2193 2386 2231 eo
2413 2177 2513 2248 qui
2536 2194 2598 2231 se
2632 2177 2952 2248 suspendit.

673 2245 806 2320 CAP.
851 2247 1126 2320 XXI._De
1149 2247 1486 2302 liberatione
1514 2247 1857 2320 clericorum
1885 2265 1991 2319 per
2012 2245 2277 2320 sanctam
2308 2245 2552 2303 Mariam
2583 2245 2751 2320 apud
2764 2252 3021 2302 castrum
3053 2247 3354 2304 Bristolth.

685 2317 818 2372 CAP.
864 2317 1045 2372 XXII.
1089 2319 1176 2371 De
1200 2335 1376 2388 puero
1399 2323 1608 2373 sanato
1635 2319 1791 2390 apud
1823 2317 2108 2392 Bagejam
2144 2319 2455 2374 civitatem.

1378 2581 1526 2632 ⁵³4
1551 2579 1897 2664 LIBER
1953 2577 2578 2668 SECUNDUS.

1290 2741 1386 2801 De
1434 2739 1532 2800 his
1577 2758 1720 2818 quin
1763 2758 1880 2818 per
1920 2739 2215 2818 Angliam
2266 2743 2448 2816 gesta
2491 2745 2662 2800 sunt.

1834 2887 2091 2895 .—_—_.
2107 2887 2126 2896 ο

223 2998 357 3054 CAP.
402 3000 448 3052 Ι.
477 3027 546 3038 -—-
578 2999 663 3052 De
686 2995 859 3051 surdo
895 2999 951 3050 et
978 2997 1134 3050 muto
1166 2995 1321 3066 apud
1365 2993 1670 3067 Nigellum
1698 2997 1916 3049 curato.
1957 2997 2003 3048 Α
2028 2993 2384 3050 Dominicam
2417 2993 2742 3063 palmarum
2777 2995 2850 3050 ab
2896 2995 3041 3051 urbe
3073 2995 3441 3053 Laudunensi
3484 2998 3543 3053 in
3588 3012 3725 3069 pace

291 3104 389 3162 .Ex
419 3102 807 3160 oblationibus
835 3117 971 3173 ergo
1004 3102 1255 3157 fidelium
1315 3116 1414 3172 per
1446 3101 1745 3156 Franciam
1803 3101 1923 3156 col-

227 3193 406 3258 lectis,
462 3199 578 3247 toto
627 3191 950 3248 autumnali
980 3198 1033 3246 et
1081 3189 1310 3245 hiemali
1345 3197 1591 3260 tempore
1644 3189 1923 3258 templum

229 3280 484 3336 Dominae
514 3288 723 3336 nostrae
755 3294 827 3335 ex
875 3291 1087 3348 magna
1137 3286 1294 3347 parte
1331 3285 1663 3347 reparatum
1697 3285 1799 3333 est.
1836 3276 1926 3332 Se-

231 3367 434 3440 quenti
487 3382 624 3424 vero
669 3367 1136 3437 Quadragesima,
1185 3379 1315 3421 cum
1350 3365 1543 3419 adhuc
1574 3379 1706 3434 pars
1739 3365 1925 3434 operis

227 3457 486 3514 maxima
547 3456 883 3525 superesset,
936 3453 1179 3523 pecunia
1217 3467 1350 3508 vero
1395 3453 1674 3522 paulatim
1727 3453 1926 3508 decre-

227 3553 426 3614 sceret,
491 3544 909 3601 consuluerunt
963 3542 1126 3598 nobis
1191 3541 1454 3597 nonnulli
1515 3542 1816 3610 sapientes,
1864 3549 1927 3596 ut

228 3637 418 3693 denuo
448 3649 515 3691 ex
548 3633 839 3690 canonicis
885 3631 1062 3702 aliqui
1095 3631 1462 3702 eligerentur,
1491 3631 1590 3700 qui
1622 3638 1737 3686 tam
1779 3631 1925 3686 litte-

229 3739 428 3781 rarum
457 3723 695 3779 scientia
729 3735 904 3792 quam
954 3719 1343 3776 modulatione
1396 3718 1639 3774 canendi
1685 3726 1740 3774 et
1771 3719 1929 3788 peri-

231 3813 310 3869 tia
344 3811 710 3868 Laudunensi
761 3809 1024 3866 Ecclesia;
1073 3807 1256 3868 forent
1289 3808 1509 3874 honori,
1543 3815 1596 3863 et
1625 3821 1756 3863 cum
1793 3807 1930 3862 fere-

233 3908 318 3955 tro
367 3899 621 3954 Domina:
664 3906 871 3953 nostrae
921 3904 1370 3966 sanctorumque
1413 3894 1672 3964 reliquiis
1715 3894 1772 3948 in
1806 3895 1929 3949 An-

232 3985 410 4057 gliam
463 3985 1010 4048 transmitterentur,
1059 3998 1190 4052 quae
1237 3989 1376 4038 tunc
1405 3982 1678 4051 temporis
1717 3995 1930 4051 magna

231 4059 589 4127 divitiarum
616 4069 855 4125 ﬂorebat
903 4069 1218 4139 opulentia,
1255 4083 1356 4139 pro
1387 4083 1544 4138 pace,
1597 4076 1651 4124 et
1684 4069 1928 4139 justitia,

232 4173 410 4230 quam
445 4173 546 4214 rex
578 4159 704 4228 ejus
753 4158 1035 4213 Henricus
1095 4157 1204 4227 (54)
1268 4157 1418 4213 filius
1447 4157 1734 4212 Guillelmi
1783 4157 1934 4227 regis

233 4248 290 4304 in
321 4263 389 4304 ea
419 4247 678 4303 faciebat.
716 4245 892 4300 Electi
923 4253 1058 4301 sunt
1108 4245 1301 4314 itaque
1349 4259 1420 4300 ex
1451 4245 1741 4301 canonicis
1793 4245 1933 4300 Boso

2031 3081 2375 3138 dimisimus.

2105 3171 2425 3226 Redeuntes
2477 3178 2667 3226 autem
2724 3171 2920 3227 eodem
2972 3185 3124 3228 anno
3177 3187 3367 3228 mense
3396 3173 3726 3243 Septembri,

2033 3261 2184 3317 circa
2227 3261 2597 3316 Nativitatem
2651 3260 2870 3317 Sancta:
2904 3263 3118 3329 Mariae,
3156 3265 3237 3318 sic
3277 3264 3441 3319 nobis
3476 3279 3543 3319 ea
3598 3279 3730 3335 qua:

2034 3346 2138 3402 sibi
2169 3348 2526 3417 contigerant
2574 3349 2914 3404 retulerunt.
2950 3351 3196 3420 Egressi,
3246 3351 3536 3420 inquiunt,
3567 3366 3600 3406 a
3631 3366 3732 3407 vo-

2036 3435 2122 3490 bis
2153 3435 2413 3490 venimus
2446 3436 2518 3490 ad
2551 3443 2825 3503 castrum,
2860 3438 3016 3506 quod
3059 3438 3274 3507 Nigella
3304 3438 3522 3507 (Nelle)
3556 3454 3730 3494 voca-

2035 3531 2149 3589 tur,
2187 3521 2244 3576 in
2279 3536 2422 3592 pago
2457 3523 2846 3588 Vermadensi,
2897 3531 2951 3578 et
2991 3524 3299 3579 honorifice
3328 3525 3575 3593 suscepti
3620 3525 3731 3579 fni-

2037 3621 2166 3663 mus
2196 3621 2229 3662 a
2260 3609 2570 3675 canonicis,
2606 3617 2660 3665 et
2687 3623 2721 3663 a
2751 3609 2962 3665 domno
3004 3610 3306 3680 Radulpho
3339 3620 3497 3680 patre
3539 3612 3731 3668 domui

2037 3697 2249 3761 Ivonis,
2309 3697 2562 3765 ejusdem
2623 3699 2792 3754 castri
2849 3699 3106 3768 principe
3135 3707 3188 3755 et
3231 3714 3568 3768 possessore.
3627 3701 3733 3766 Qui

2036 3785 2298 3840 videlicet
2330 3785 2672 3855 Radulphus
2704 3788 2947 3843 habebat
2988 3788 3044 3842 in
3077 3789 3245 3843 domo
3277 3802 3383 3844 sua
3427 3790 3732 3858 quemdam

2039 3889 2072 3930 a
2111 3875 2408 3930 nativitate
2462 3875 2704 3930 surdum
2761 3883 2814 3930 et
2846 3885 3094 3943 mutum,
3150 3879 3380 3932 nomine
3433 3879 3731 3945 Joannem,

2039 3978 2210 4034 quem
2233 3963 2306 4019 ab
2337 3963 2573 4019 infantia
2607 3966 2888 4020 nutrierat
2921 3980 3104 4035 usque
3133 3967 3201 4020 ad
3229 3966 3452 4021 virilem
3489 3975 3732 4034 zrtatem,

2041 4053 2120 4108 ita
2146 4061 2208 4108 ut
2227 4061 2365 4108 tunc
2388 4052 2626 4107 barbam
2654 4052 2934 4122 prolixam
2978 4055 3226 4110 haberet.
3251 4055 3353 4110 Hic
3372 4070 3509 4125 ergo
3537 4057 3738 4110 videns

2042 4141 2318 4210 populum
2352 4155 2527 4196 causa
2553 4151 2884 4198 sanctarum
2919 4143 3296 4213 reliquiarum
3342 4145 3412 4198 ad
3441 4144 3736 4199 ecclesiam

2043 4228 2421 4296 festinantem,
2457 4238 2605 4285 nutu
2655 4230 2953 4299 signorum
2981 4243 3014 4285 a
3046 4231 3276 4286 domino
3322 4245 3426 4286 suo
3482 4247 3736 4287 commo-

235 4333 550 4403 presbyter.
607 4345 901 4400 neposque
929 4329 1056 4400 ejus
1087 4329 1387 4397 Robertus,
1422 4329 1764 4398 Radulphus
1803 4343 1931 4398 pre-
1973 4344 2013 4398 Β
2043 4318 2216 4384 nitus,
2250 4320 2423 4374 etiam
2455 4319 2572 4388 ipse
2614 4334 2744 4374 cum
2791 4320 2917 4374 aliis
2960 4321 3235 4375 cucurrit.
3293 4320 3486 4375 Potata
3533 4321 3737 4375 deinde

228 4421 444 4490 sbyter,
515 4419 840 4485 Matthaeus,
911 4425 1309 4488 cognatusque
1369 4417 1495 4488 ejus
1584 4417 1930 4482 Bonifacius,

231 4509 516 4565 Robertus
571 4521 779 4579 genere
833 4506 1133 4577 Anglicus,
1167 4513 1221 4561 et
1267 4505 1644 4572 Helinandns,
1689 4507 1936 4561 Joannes

230 4597 528 4668 presbyter
584 4596 867 4665 parochiaa
929 4595 1118 4651 Sancti
1190 4595 1436 4661 Martini,
1489 4601 1544 4649 et
1597 4594 1937 4650 Amisardns

229 4685 490 4740 clericus.
545 4685 645 4740 His
693 4699 830 4755 ergo
877 4683 1088 4750 electis,
1138 4682 1410 4738 feretrum
1441 4681 1696 4736 Domina
1726 4688 1935 4737 nostra;

228 4773 576 4830 tradidimus
630 4787 760 4828 cum
813 4771 938 4826 aliis
971 4769 1237 4841 pluribus
1267 4777 1598 4824 sanctorum
1657 4768 1932 4838 reliquiis,

230 4861 382 4917 inter
433 4876 580 4931 quas
640 4861 926 4917 eminebat
971 4867 1025 4915 et
1081 4859 1264 4914 forma
1313 4866 1368 4913 et
1421 4857 1701 4928 dignitate
1752 4871 1936 4912 unum

231 4950 672 5020 phylacterium,
709 4952 765 5004 in
799 4964 915 5019 quo
945 4948 1025 5003 sic
1045 4947 1334 5017 sculptum
1369 4946 1577 5016 legitur
1611 4961 1622 5000 :

304 5037 580 5108 Spongia,
615 5054 754 5092 crux
784 5035 1037 5108 Domini,
1073 5052 1201 5108 cum
1221 5035 1486 5108 sindone,
1510 5051 1638 5088 cum
1657 5031 1869 5108 faciali

305 5105 394 5165 Me
430 5105 646 5176 sacrat,
689 5115 862 5180 atque
893 5107 976 5161 tui
1006 5105 1268 5162 Genitrix
1295 5115 1348 5159 et
1377 5105 1534 5177 virgo
1562 5106 1791 5176 capilli.

303 5198 501 5252 Tantis
542 5198 733 5266 itaque
786 5195 1114 5265 talibusque
1145 5194 1314 5250 fultos
1345 5193 1642 5263 praesidiis,
1678 5193 1938 5262 praefatos

231 5285 415 5340 socios
464 5293 687 5340 nostros
741 5285 796 5339 in
835 5284 1101 5354 Angliam
1152 5281 1598 5346 transmisimus,
1664 5294 1939 5352 prospera

231 5379 289 5428 et
321 5373 431 5427 illis
483 5374 877 5442 imprecantes,
933 5379 988 5426 et
1017 5385 1149 5426 cum
1194 5384 1404 5440 magna
1447 5371 1801 5440 processione
1830 5369 1939 5426 ali-

233 5460 586 5531 quantulum
640 5473 736 5515 eos
804 5465 1230 5529 prosequentes,
1304 5457 1446 5512 feria
1500 5459 1754 5514 secunda
1806 5466 1940 5514 ante

309 5619 442 5690 (54')
479 5617 807 5674 Henricusl
840 5631 943 5674 rex
974 5615 1209 5687 Anglor.
1241 5615 1524 5672 Guillelmi
1556 5618 1578 5673 Ι
1612 5617 1797 5686 filius.

2042 4420 2215 4475 aqua,
2249 4407 2317 4462 de
2357 4421 2472 4476 qua
2493 4416 2704 4462 sanctze
2736 4407 2993 4478 reliquim
3023 4407 3150 4464 lotae
3176 4407 3425 4473 fuerant,
3459 4422 3555 4462 ore
3592 4423 3734 4477 quo-

2043 4508 2156 4563 que
2188 4501 2241 4548 et
2272 4494 2513 4550 auribus
2535 4495 2662 4564 ejus
2691 4494 2992 4564 diligenter
3020 4510 3092 4550 ex
3122 4508 3189 4550 ea
3222 4495 3368 4561 lotis,
3399 4495 3506 4550 sub
3535 4494 3736 4550 feretro

2043 4581 2308 4637 recubuit
2338 4589 2392 4636 et
2423 4581 2788 4638 obdormivit.
2822 4583 2935 4638 Nec
2949 4597 3126 4644 mora,
3160 4583 3486 4638 videntibus
3515 4582 3739 4638 cunctis

2043 4682 2161 4739 prie
2206 4670 2382 4724 nimia
2430 4671 2718 4726 anxietate
2789 4679 2904 4726 toto
2962 4685 3197 4740 corpore
3251 4671 3519 4726 sudorem
3569 4671 3738 4739 coepit

2041 4757 2316 4823 emittere,
2349 4759 2586 4828 sanguis
2615 4760 2784 4814 etiam
2815 4773 2886 4814 ex
2919 4759 3159 4814 auribus
3187 4767 3239 4814 et
3271 4759 3510 4814 naribus
3565 4767 3738 4828 atque

2045 4846 2228 4912 venis,
2257 4861 2387 4916 quae
2439 4847 2591 4902 circa
2623 4856 2827 4917 guttur
2880 4857 2933 4903 et
2972 4849 3182 4903 collum
3218 4847 3638 4916 prominebant,
3673 4860 3741 4900 ac

2046 4934 2092 4991 si
2151 4942 2334 5004 ruptae
2388 4934 2592 5000 forent,
2646 4935 2892 4989 ubertim
2925 4935 3230 5004 proﬂuere.
3291 4934 3586 5005 Evigilans
3617 4941 3742 5004 post

2045 5022 2350 5093 paululum
2407 5023 2680 5089 surrexit,
2713 5031 2765 5078 et
2805 5037 2993 5078 coram
3029 5024 3230 5079 feretro
3287 5032 3443 5079 stans
3491 5023 3741 5078 clamare
3817 5013 3822 5018 ’

2047 5111 2214 5180 cmpit
2260 5111 2316 5165 in
2367 5125 2501 5165 voce
2553 5111 2972 5177 exsultationis,
3029 5111 3124 5166 sed
3177 5127 3293 5167 non
3349 5111 3737 5176 confessionis,

2047 5199 2322 5270 quoniam
2356 5199 2513 5267 loqui
2562 5199 2868 5266 nesciebat,
2921 5199 3075 5268 quod
3134 5214 3245 5255 non
3305 5201 3595 5265 didicerat,
3639 5199 3742 5269 qui

2048 5300 2349 5356 nunquam
2380 5287 2665 5341 audierat.
2710 5286 2867 5352 Quod
2921 5295 3108 5341 tamen
3158 5287 3299 5341 alios
3357 5287 3606 5342 dicentes
3635 5301 3740 5341 au-

2049 5372 2255 5434 diebat,
2307 5371 2415 5426 hoc
2461 5371 2580 5440 ipse
2627 5373 2968 5440 respondere
3015 5372 3494 5440 compellantibus
3522 5380 3576 5426 et
3633 5371 3741 5426 sibi

2049 5459 2421 5531 loquentibus
2477 5459 2694 5527 volens,
2756 5468 2881 5528 post
2927 5460 3052 5515 illos
3109 5459 3350 5517 dicebat.
3409 5460 3546 5526 Quae
3607 5467 3745 5516 tunc
