3922 6080
242 305 344 358 975

1161 301 1465 360 APPEND.
1503 303 1600 357 AD
1649 302 1780 357 LIB.
1823 301 1895 358 III
1935 302 2264 359 GUIBER'I‘I
2307 303 2394 358 DE
2437 304 2597 360 VITA
2637 305 2788 360 SL‘A.

3638 308 3746 360 976

243 460 430 528 populi
465 459 677 522 latitia,
707 457 838 527 quis
869 457 1086 512 clamor
1123 457 1313 524 fuerit,
1347 457 1544 512 nullus
1583 457 1932 512 sufficienter
1971 441 2017 492 Α
2049 441 2298 494 "male!"
2335 440 2488 506 m3“,
2521 440 2860 509 explorant“
2892 454 3071 495 causa
3095 440 3308 510 lUbenS
3339 441 3739 506 COﬂSCendel‘e.

243 550 450 604 referre
483 547 709 602 valebit.
755 545 843 600 Sic
878 546 990 612 ille,
1028 546 1271 616 perfecte
1313 553 1570 612 sanatus,
1601 546 1716 600 fere
1747 559 1933 614 usque

241 637 308 691 ad
342 650 497 690 mare
537 649 640 689 nos
688 641 770 688 est
801 642 1170 703 prosecutus;
1204 634 1498 689 nobiscum
1533 634 1703 689 etiam
1751 641 1934 688 trans-

241 727 392 791 isset,
427 723 533 777 nisi
560 735 691 776 eum
720 724 928 776 reverti
962 736 1341 792 rogassemus.

307 812 438 868 CAP.
475 812 546 865 ll.
583 841 651 850 —
685 813 768 864 De
817 812 1056 880 auriﬁce
1109 828 1250 866 caeo
1277 811 1609 867 ittuminato
1642 807 1929 864 Atrebati.

308 900 445 954 Inde
505 899 656 955 circa
730 899 1080 955 Parasceven
1154 901 1492 956 Atrebatum
1569 900 1768 955 urbem
1827 913 1934 954 ve-

234 989 475 1054 nientes,
539 1002 650 1042 non
704 988 898 1043 minus
951 988 1260 1045 honoriﬁce
1308 987 1558 1057 suscepti
1605 1002 1826 1043 sumus.
1869 988 1934 1042 Et

233 1092 362 1133 ecce
394 1077 631 1146 quidam
690 1076 916 1132 aurifex
955 1091 1128 1131 senex
1164 1077 1220 1131 in
1256 1077 1452 1131 eadem
1490 1077 1629 1131 urbe
1669 1089 1928 1142 manens,

233 1167 332 1236 qui
362 1166 481 1236 jam
514 1179 614 1234 per
644 1165 941 1221 duodecim
980 1179 1163 1220 annos
1203 1165 1504 1221 oculorum
1537 1165 1756 1220 lumine
1812 1165 1932 1233 pri-

231 1261 403 1308 vatus
431 1251 640 1318 fuerat,
683 1253 922 1308 audiens
972 1253 1242 1308 feretrum
1295 1251 1514 1307 Sancta
1545 1252 1736 1306 Maria
1780 1253 1930 1307 Lau-

231 1341 504 1396 dunensis
531 1342 846 1408 advenisse,
881 1341 1273 1412 interrogabat
1318 1341 1580 1407 formam,
1611 1341 1699 1394 vel
1740 1340 1930 1410 quali-

231 1437 424 1494 tatem,
454 1444 556 1484 seu
597 1429 975 1498 quantitatem
1015 1428 1269 1498 ejusdem
1305 1427 1509 1482 feretri.
1563 1429 1741 1491 Quam
1797 1441 1930 1483 cum

230 1517 540 1582 didicisset,
598 1517 861 1586 protinus
917 1532 988 1572 ex
1047 1517 1159 1571 imo
1234 1516 1476 1585 pectoris
1529 1516 1763 1570 trahens
1816 1515 1932 1570 alta

228 1604 494 1672 suspiria,
564 1604 964 1674 lacrymasque
1025 1609 1175 1659 535
1221 1604 1467 1660 ubertim
1529 1604 1927 1674 profundens:

230 1692 382 1747 Heul
421 1694 628 1761 inquit,
679 1693 782 1748 hoc
838 1694 1108 1748 feretrum
1162 1693 1432 1748 manibus
1464 1694 1603 1748 meis
1641 1692 1927 1762 composui

225 1794 336 1848 ego
382 1788 643 1849 peccator
673 1782 730 1835 in
766 1781 1073 1850 juventute
1114 1797 1260 1848 mea,
1310 1782 1478 1852 jussu
1531 1782 1733 1837 Domni
1785 1782 1933 1836 Heli-

226 1869 404 1921 nandi
453 1869 847 1923 Laudunensis
889 1869 1154 1938 episcopi.
1189 1871 1252 1924 In
1290 1869 1396 1924 hoc
1431 1869 1577 1924 idem
1631 1870 1931 1938 episcopus

229 1955 505 2024 pretiosas
574 1956 850 2025 reliquias
923 1957 1132 2024 posuit,
1211 1957 1360 2012 inter
1405 1973 1551 2028 quas
1593 1957 1711 2028 [fuit
1758 1960 1931 2026 caput

227 2044 407 2098 sancti
465 2043 732 2098 Walarici
800 2045 1043 2110 abbatis,
1098 2061 1200 2101 nec
1251 2061 1364 2101 non
1413 2054 1465 2101 et
1523 2054 1698 2116 caput
1749 2045 1929 2101 sancti

226 2131 504 2197 Montani,
543 2133 665 2201 qui,
698 2132 845 2188 sicut
875 2134 948 2188 ab
1000 2135 1194 2190 eodem
1228 2136 1492 2204 episcopo
1543 2135 1761 2199 audivi,
1795 2149 1925 2189 cum

229 2221 526 2276 oculorum
589 2221 775 2276 visum
829 2222 1127 2289 amisisset,
1188 2232 1379 2278 ortum
1430 2223 1612 2278 sancti
1686 2223 1927 2293 Remigii

228 2308 407 2363 beata
459 2308 656 2364 Cilnia
707 2311 878 2364 matri
937 2309 1062 2379 ejus
1111 2311 1536 2380 pranuntiavit,
1584 2311 1809 2380 sibique
1859 2311 1928 2366 de

228 2397 373 2452 lacte
437 2397 564 2467 ejus
643 2398 837 2453 lumen
892 2398 1244 2454 reddendum
1299 2398 1623 2469 subjunxit,
1673 2399 1826 2468 quod
1872 2406 1927 2455 et

229 2495 417 2556 postea
484 2487 743 2557 contigit.
805 2487 932 2553 Sed,
986 2503 1018 2543 ο
1074 2496 1137 2542 tu
1187 2487 1441 2557 piissima
1493 2487 1589 2542 Dei
1649 2488 1922 2557 genitrix,

227 2590 403 2645 quam
460 2576 737 2631 hodierna
780 2577 868 2632 die
902 2576 1017 2631 huc
1047 2576 1269 2647 gaudeo
1300 2576 1618 2641 advenisse,
1681 2576 1926 2632 faciesne

226 2664 668 2720 misericordiam
743 2671 901 2719 tuam
953 2665 1009 2718 in
1071 2679 1159 2719 me
1233 2672 1549 2733 peccatore,
1613 2673 1676 2720 ut
1745 2665 1925 2720 instar

223 2753 404 2808 sancti
436 2753 688 2808 Montani
720 2761 944 2822 recepto
996 2752 1516 2812 lumineferetrum
1547 2760 1734 2819 tuum,
1767 2753 1923 2823 quod

225 2841 540 2910 composui,
575 2854 809 2896 rursum
861 2841 1068 2910 possim
1104 2841 1337 2897 videre?
1384 2841 1542 2896 Talia
1574 2856 1703 2896 cum
1736 2841 1921 2911 lacry-

223 2930 331 2985 mis
362 2929 619 2995 dicendo,
667 2929 892 2999 rogavit
937 2937 999 2984 ut
1044 2943 1116 2984 ex
1167 2928 1422 2999 lympha,
1485 2944 1604 3000 qua
1660 2929 1920 3000 reliquia

2039 543 2106 582 ex
2138 529 2303 582 dictis
2331 529 2458 599 ejus
2501 528 2908 583 animadvertit
2943 529 3283 598 piratarum,
3321 529 3423 599 qui
3455 543 3553 598 per
3584 543 3742 585 mare

2041 616 2328 684 pradandi
2362 631 2540 671 causa
2555 617 2912 681 discurrunt,
2945 631 3152 673 navem
3183 618 3396 685 adesse,
3433 619 3746 688 statimque

2041 705 2210 758 nimis
2233 705 2567 772 perterritus
2600 705 2872 759 indicavit
2902 705 3170 760 omnibus
3203 714 3440 762 mortem
3502 707 3745 776 propin-

2041 806 2214 862 quam
2247 793 2564 848 imminere.

2111 881 2378 937 Protinus
2409 896 2606 937 omnes
2639 883 2838 937 timore
2871 881 3027 937 necis
3051 881 3350 937 reddimur
3395 895 3742 954 exsangues,

2038 983 2069 1024 e
2139 971 2377 1040 vestigio
2442 971 2592 1025 enim
2673 970 2962 1026 cernimus
3005 970 3223 1041 [navem
3278 971 3742 1040 appropriantem

2040 1058 2221 1113 instar
2271 1058 2520 1114 volucris
2563 1058 2904 1126 advolantis,
2956 1058 3184 1114 lanceas
3228 1059 3553 1129 et1clypeos
3604 1074 3738 1114 cum

2040 1147 2246 1216 gladiis
2302 1154 2687 1214 coruscantes,
2765 1147 2972 1202 loricas
3015 1146 3189 1202 etiam
3239 1147 3374 1202 solis
3438 1147 3744 1216 splendore

2042 1233 2301 1304 perfusas
2333 1235 2674 1291 relucentes.
2711 1238 2943 1291 Peccata
2978 1244 3172 1290 nostra
3226 1236 3469 1291 invicem
3504 1236 3742 1290 confite-

2041 1337 2206 1391 mur;
2257 1331 2310 1378 et
2353 1323 2490 1393 quia
2535 1338 2688 1378 mors
2713 1324 2831 1393 jam
2869 1324 2936 1378 ad
2965 1325 3205 1393 januam
3243 1325 3437 1379 adesse
3491 1323 3739 1391 videtur,

2040 1425 2155 1466 non
2205 1419 2572 1480 exspectatur
2602 1413 2896 1481 presbyter
2926 1411 2998 1466 ad
3028 1411 3454 1479 suscipiendam
3513 1411 3743 1466 confes-

2037 1500 2274 1566 sionem,
2307 1500 2402 1555 sed
2433 1500 2622 1564 {etiam
2668 1501 2784 1569 ipse
2833 1500 3128 1569 presbyter
3183 1514 3375 1555 rerum
3430 1500 3745 1554 imminen-

2041 1588 2184 1642 tium
2265 1589 2518 1657 periculo
2586 1589 2954 1659 perturbatus
3003 1588 3148 1644 laico
3211 1589 3516 1644 conﬁtetur
3585 1590 3742 1656 (διν).

2039 1676 2424 1746 Negotiatores
2455 1692 2689 1747 quoque
2720 1677 2974 1746 pradicti
2997 1677 3116 1746 jam
3148 1678 3216 1732 de
3269 1677 3390 1732 vita
3423 1678 3744 1746 desperan-

1969 1735 2012 1790 Β
2044 1771 2124 1818 tes
2176 1764 2232 1819 in
2283 1773 2438 1821 tanto
2487 1767 2654 1835 positi
2708 1767 2980 1835 periculo,
3041 1767 3299 1821 sacculos
3339 1774 3395 1821 et
3446 1767 3745 1835 marsupia

2040 1867 2146 1907 sua
2171 1867 2303 1908 cum
2338 1861 2455 1909 tota
2516 1857 2759 1924 pecunia
2808 1855 3061 1910 Domina
3109 1863 3316 1910 nostra
3365 1854 3635 1920 offerunt,
3686 1863 3744 1909 et

2037 1955 2212 2011 super
2239 1943 2366 2012 ejus
2407 1943 2679 1998 feretrum
2729 1943 3060 2013 projiciunt,
3093 1957 3222 1998 cum
3255 1944 3428 1998 nimio
3460 1943 3594 1998 ﬁetu
3629 1942 3743 1997 mi-

2037 2030 2402 2084 sericordiam
2451 2030 2577 2100 ejus
2623 2031 3011 2100 implorantes,
3064 2039 3125 2086 ut
3163 2045 3405 2101 corpora
3455 2045 3561 2086 sua
3610 2040 3739 2086 tan-

2038 2118 2334 2173 tummodo
2382 2118 2451 2173 de
2503 2118 2818 2188 piratarum
2880 2119 3147 2173 manibus
3193 2127 3246 2174 et
3299 2119 3475 2174 exitio
3540 2119 3744 2173 mortis

2034 2206 2262 2276 eripiat,
2323 2213 2616 2276 totamque
2665 2208 2965 2276 pecuniam
3015 2221 3215 2262 eorum
3272 2216 3503 2278 propter
3554 2207 3740 2262 eccle-

2035 2294 2175 2349 siam
2210 2309 2375 2351 suam
2407 2296 2842 2351 restaurandam
2880 2296 3002 2365 ipsa
3030 2298 3290 2352 retineat.

2107 2383 2328 2440 Interea
2357 2385 2552 2453 pirata
2580 2384 2725 2439 ﬁunt
2753 2384 3193 2454 propinquiores
3225 2384 3524 2454 paulatim,
3557 2384 3636 2440 ita
3675 2391 3740 2439 ut

2029 2469 2151 2540 jam
2195 2473 2290 2526 vix
2336 2472 2497 2541 jactu
2545 2473 2765 2542 sagitta
2810 2473 3021 2528 distare
3070 2473 3408 2529 viderentur
3457 2473 3562 2528 Sed
3603 2487 3739 2528 cum

2036 2559 2092 2613 in
2146 2566 2303 2614 tanta
2353 2561 2686 2614 necessitate
2735 2559 2896 2628 positi
2925 2561 3156 2615 omnino
3204 2561 3273 2616 de
3312 2561 3431 2616 vita
3473 2561 3738 2629 despera-

2033 2661 2248 2712 remus,
2299 2648 2574 2703 Bosonem
2611 2649 3030 2718 presbyterum,
3065 2664 3234 2719 quem
3267 2650 3487 2705 cateris
3531 2663 3742 2718 prove-

2032 2737 2263 2791 ctiorem
2329 2736 2560 2792 videbat
2626 2737 3050 2801 Coldistannus,
3119 2739 3462 2794 exhortatur
3526 2747 3587 2793 ut
3653 2751 3743 2792 as-

2031 2827 2276 2894 sumptis
2321 2835 2532 2881 sancta
2562 2826 2754 2881 Maria
2811 2826 3072 2895 reliquiis
3103 2833 3434 2895 potestatem
3486 2825 3591 2880 sibi
3631 2840 3740 2880 no-

2030 2913 2191 2967 cendi
2225 2914 2425 2982 piratis
2474 2914 2792 2969 interdicat.
2841 2914 2995 2968 Illico
3045 2914 3340 2983 presbyter
3368 2929 3436 2968 ex
3474 2913 3580 2968 ﬁde
3625 2915 3736 2969 viri

221 3018 351 3074 lota
383 3017 628 3084 fuerant,
674 3017 822 3074 oculi
873 3018 964 3073 sui
1026 3025 1420 3088 tangereutur.
1471 3017 1592 3084 Quo
1632 3018 1798 3085 facto,
1850 3019 1917 3073 de
1954 3031 1994 3088 ο
2028 3001 2338 3064 animatus,
2376 3002 2617 3071 genibus
2645 3002 2809 3057 "BXIS
2837 3016 3028 3057 θοΐᾶιη
3066 3002 3290 3070 metm,
3327 3003 3560 3058 Matrem
3618 3003 3737 3058 D0-

222 3107 344 3176 ipsa
401 3121 556 3176 aqua
605 3106 764 3171 bibit,
825 3106 1020 3176 sicque
1077 3120 1179 3176 per
1236 3114 1408 3162 totam
1456 3117 1673 3162 noctem
1711 3107 1767 3161 in
1797 3121 1920 3161 ora-

222 3195 375 3251 tione
426 3195 665 3265 pervigil
747 3209 938 3250 coram
996 3194 1194 3250 feretro
1269 3194 1503 3250 mansit.
1569 3196 1726 3250 Mane
1777 3195 1920 3250 facto

221 3282 417 3338 lumen
479 3283 709 3352 recepit,
758 3283 986 3352 Deoque
1039 3290 1092 3338 et
1141 3283 1248 3352 pia
1297 3281 1463 3337 Matri
1523 3283 1649 3354 ejus
1704 3283 1921 3354 gratias

219 3371 356 3441 egit.

221 3467 353 3526 CAP.
386 3469 482 3526 III.
513 3497 587 3537 -ς
618 3470 701 3523 De
729 3468 926 3536 puella
971 3472 1184 3523 sanata
1213 3469 1370 3540 apud
1403 3470 1678 3525 Sanctum
1729 3467 1918 3523 Audo-

939 3556 1188 3594 marum.

290 3637 424 3693 Inde
500 3637 571 3692 ad
634 3637 906 3694 Sanctum
997 3637 1391 3692 Audomarum
1459 3637 1742 3704 venimus,
1816 3637 1918 3693 ubi

219 3726 409 3795 puella
434 3727 699 3796 quadam
732 3741 765 3781 a
809 3726 1108 3782 nativitate
1163 3739 1398 3781 manum
1446 3726 1668 3781 aridam
1701 3726 1918 3781 habens

218 3829 292 3870 ex
351 3829 506 3886 aqua
556 3814 934 3886 reliquiarum
981 3813 1143 3877 bibit,
1201 3828 1527 3885 manusque
1579 3816 1707 3885 ejus
1753 3829 1824 3870 ex
1849 3829 1917 3870 ea

220 3903 335 3958 lota
365 3911 467 3972 est,
496 3911 551 3960 et
570 3903 652 3959 sic
683 3910 885 3958 sanata
912 3911 1012 3958 est.

217 4001 352 4058 CAP.
385 4000 488 4057 IV.
525 4031 595 4041 —
624 4004 701 4054 De
716 3999 1052 4055 liberatione
1080 3999 1428 4056 clericorum
1459 3999 1682 4056 Sancta
1711 3998 1916 4054 Maria

792 4070 853 4124 in
885 4070 1041 4126 mari
1061 4089 1096 4125 α
1117 4070 1345 4143 piratis.

290 4168 654 4225 Postmodum
691 4182 846 4224 mare
889 4169 1134 4224 transire
1187 4175 1500 4238 sperantes,
1557 4175 1914 4238 ventumque

218 4271 560 4328 prosperum
614 4264 1028 4326 exspectantes,
1069 4265 1320 4326 tempore
1343 4256 1614 4326 paschali,
1659 4256 1716 4310 in
1775 4255 1913 4312 festo

216 4345 393 4403 Marci
423 4345 808 4415 evangelista,
870 4359 1100 4400 summo
1134 4359 1300 4400 mane
1340 4345 1493 4413 apud
1529 4353 1778 4414 portum,
1810 4345 1911 4414 qui

221 4441 468 4490 vocatur
523 4433 797 4502 Wissant,
841 4448 874 4488 a
904 4434 1096 4489 nautis
1138 4432 1454 4498 convocati,
1500 4445 1706 4488 navem
1736 4432 1922 4487 intra-

220 4521 432 4578 vimus.
483 4521 790 4577 Nobiscum
843 4521 1015 4577 etiam
1078 4521 1273 4591 plures
1328 4519 1708 4590 negotiatores
1746 4519 1920 4574 intro-

214 4611 426 4677 ierunt,
461 4610 564 4680 qui
594 4617 823 4680 propter
853 4610 1042 4664 lanam
1074 4608 1373 4664 emendam
1419 4608 1488 4662 de
1536 4607 1807 4663 Flandria
1857 4607 1916 4663 in

216 4697 481 4771 Angliam
552 4699 633 4754 ire
700 4697 986 4764 volebant,
1061 4711 1237 4768 seque
1308 4695 1605 4752 nobiscum
1655 4697 1917 4752 securius

214 4787 458 4842 transire
488 4785 817 4856 sperabant,
876 4783 1180 4854 plusquam
1236 4791 1513 4838 trecentas
1559 4797 1782 4838 marcas
1831 4796 1918 4838 ar-

215 4877 370 4947 genti
403 4889 593 4932 secum
628 4875 686 4929 in
735 4873 979 4929 sacculis
1008 4881 1062 4928 et
1115 4872 1424 4941 marsupiis
1478 4871 1738 4926 ferentes.
1790 4870 1915 4926 Ma-

215 4965 392 5035 gister
416 4963 582 5020 navis
612 4962 928 5018 vocabatur
948 4960 1372 5016 Coldistannus.
1409 4961 1550 5020 Cum
1580 4975 1716 5030 ergo
1747 4959 1913 5029 quasi

215 5053 364 5110 circa
422 5052 674 5108 medium
729 5051 904 5106 maris
960 5049 1336 5117 venissemus,
1407 5063 1562 5104 unus
1615 5063 1688 5103 ex
1747 5047 1914 5103 sociis

214 5142 442 5210 nostris,
478 5141 704 5212 alonge
734 5138 1099 5210 prospiciens,
1147 5138 1289 5193 vidit
1315 5136 1513 5207 procul
1555 5149 1758 5192 navem
1811 5149 1910 5190 ve-

214 5227 301 5284 lut
353 5230 411 5284 in
456 5229 662 5284 littoris
712 5226 928 5298 angulo
992 5225 1252 5296 positam.
1302 5224 1463 5292 Quod
1512 5238 1644 5280 cum
1676 5223 1913 5294 prafato

214 5315 578 5374 Coldistanno
608 5316 931 5384 indicasset,
964 5315 1056 5371 ille
1081 5316 1355 5386 juvenem
1393 5326 1581 5383 usque
1637 5311 1710 5367 ad
1745 5326 1914 5368 sum-

2032 3089 2171 3144 mini
2202 3090 2470 3159 lacrymis
2527 3091 2794 3160 perfusus
2830 3092 3158 3161 suppliciter
3211 3092 3482 3161 invocat;
3529 3093 3737 3149 deinde

2030 3177 2296 3233 velociter
2326 3194 2591 3250 surgens,
2628 3180 3025 3250 supradictum
3051 3180 3482 3251 {phylacterium
3513 3181 3736 3250 capillis

2028 3267 2153 3336 ejus
2199 3268 2533 3336 pretiosum,
2603 3283 2735 3323 cum
2787 3268 2989 3323 timore
3037 3276 3090 3323 et
3133 3268 3430 3324 devotione
3494 3268 3736 3324 ﬁdenter

2029 3354 2250 3424 accipit,
2302 3355 2538 3426 ipsoque
2602 3356 2970 3412 Coldistanno
3012 3356 3255 3412 viriliter
3303 3371 3432 3412 eum
3482 3365 3734 3426 utraque

2027 3451 2400 3508 sustentante,
2431 3443 2489 3498 in
2520 3444 2949 3500 eminentiorem
2981 3445 3188 3514 puppis
3227 3445 3414 3502 locum
3455 3444 3734 3512 ascendit,

2027 3540 2082 3587 et
2113 3546 2291 3588 manu
2321 3541 2522 3588 contra
2553 3533 2741 3588 hostes
2769 3532 3009 3597 elevata,
3062 3548 3130 3588 ne
3162 3533 3313 3589 ultra
3360 3534 3616 3599 veniant,
3661 3547 3733 3588 ne

2027 3620 2194 3675 nobis
2240 3620 2478 3676 nocendi
2549 3628 2883 3689 potestatem
2931 3621 3202 3686 habeant,
3252 3636 3325 3677 ex
3387 3623 3733 3677 auctoritate

2029 3709 2123 3764 Dei
2156 3709 2473 3779 matrisque
2505 3717 2715 3765 sancta
2748 3711 2939 3764 Maria
2973 3710 3190 3766 fortiter
3220 3710 3554 3780 adjuvando
3586 3724 3728 3779 pro-

2026 3797 2183 3852 hibet
2211 3805 2266 3853 et
2299 3797 2612 3853 interdicit.
2656 3798 2748 3863 Et,
2781 3813 2812 3852 o
2856 3802 3002 3853 mira
3030 3798 3242 3853 divina
3286 3799 3520 3853 virtutis
3547 3805 3735 3867 poten-

2024 3886 2130 3941 tia!
2163 3900 2297 3941 mox
2326 3895 2388 3942 ut
2417 3887 2594 3942 verba
2623 3886 2909 3956 complens
2941 3888 3172 3957 signum
3219 3887 3407 3942 crucis
3436 3887 3505 3942 de
3534 3887 3734 3942 eodem

2025 3975 2378 4045 phylacterio
2416 3983 2617 4031 contra
2679 3975 2865 4031 hostes
2916 3975 3064 4041 fecit,
3115 3975 3265 4031 dicto
3308 3976 3497 4038 citius,
3558 3983 3732 4031 vento

2026 4063 2347 4120 vehementi
2397 4071 2453 4119 et
2501 4064 2812 4130 contrario,
2867 4063 3033 4119 navis
3086 4078 3285 4120 eorum
3340 4064 3587 4134 impulsa
3633 4078 3731 4120 re-

2024 4159 2110 4208 tro
2137 4152 2496 4222 propellitur,
2529 4152 2717 4208 malus
2755 4153 2920 4208 navis
2962 4167 3164 4208 eorum
3222 4153 3528 4223 frangitur,
3561 4166 3731 4222 pars-

2028 4255 2141 4311 que
2167 4241 2295 4312 ejns
2324 4255 2499 4311 super
2530 4255 2715 4296 unum
2741 4255 2812 4296 ex
2854 4242 2990 4310 ipsis
3019 4241 3302 4305 decidens,
3337 4255 3470 4297 eum
3498 4249 3730 4297 extere-

2028 4329 2175 4394 brat,
2206 4338 2260 4386 et
2289 4330 2345 4384 in
2382 4343 2539 4384 mare
2570 4336 2860 4385 mortuum
2895 4331 3228 4399 pracipitat.

2100 4428 2231 4482 Iesu
2268 4427 2374 4497 pie,
2401 4429 2536 4483 Jesu
2577 4426 2741 4488 bone,
2775 4442 2906 4497 qua
2957 4427 3123 4482 nobis
3153 4434 3292 4483 tunc
3321 4427 3505 4483 adfuit
3535 4426 3734 4482 latitia

2029 4525 2083 4571 et
2113 4517 2446 4584 exsultatio,
2493 4517 2727 4587 quando
2754 4516 3046 4572 concidisti
3078 4530 3307 4572 saccum
3342 4516 3732 4586 perturbatio-

2029 4604 2117 4659 nis
2162 4612 2388 4671 nostra,
2439 4613 2494 4660 et
2536 4605 2961 4660 circumdedisti
3006 4619 3108 4661 nos
3157 4605 3353 4660 latitia
3402 4605 3731 4661 misericor-

2029 4693 2134 4748 dia
2181 4691 2326 4749 tua!
2380 4692 2562 4764 (Psal.
2611 4708 2770 4758 xx1x,
2831 4694 2940 4762 l2.)
2988 4693 3245 4760 Quantas
3292 4694 3392 4749 tibi
3441 4695 3727 4764 protinus,

2026 4781 2311 4853 Matrique
2344 4789 2454 4837 tua
2479 4783 2729 4837 Domina
2761 4790 2966 4837 nostra
2997 4783 3197 4838 laudes
3227 4783 3402 4852 erepti
3434 4783 3502 4839 de
3549 4791 3730 4839 morte

2029 4870 2440 4940 persolvimust
2475 4870 2695 4926 Ventus
2724 4871 3028 4941 siquidem,
3061 4874 3160 4942 qui
3207 4872 3470 4927 hostibus
3518 4871 3729 4927 nostris

2025 4966 2147 5014 erat
2178 4963 2331 5013 636
2368 4959 2712 5025 contrarius,
2747 4959 2913 5014 nobis
2942 4959 3125 5016 factus
3155 4967 3239 5016 est
3282 4975 3516 5031 prosper
3547 4968 3602 5015 et
3626 4974 3727 5015 sa-

2025 5047 2228 5116 lubris,
2261 5047 2339 5103 ita
2369 5055 2433 5103 ut
2463 5061 2594 5102 cum
2628 5047 2839 5118 gaudio
2871 5048 3181 5104 recolentes
3226 5050 3513 5104 canticum
3547 5049 3725 5118 Moysi

2023 5143 2137 5192 tam
2166 5135 2422 5190 celeriter
2448 5149 2550 5190 nos
2572 5136 2865 5191 transvehi
2909 5136 3274 5192 miraremur.
3315 5136 3480 5193 Brevi
3529 5137 3725 5206 itaque

2021 5237 2184 5280 mora
2213 5223 2548 5294 interposita
2579 5224 2690 5280 lati
2720 5225 2790 5280 ad
2824 5235 3050 5294 portum
3097 5225 3482 5296 pervenimus,
3525 5224 3725 5294 dispo-

2023 5321 2222 5369 nentes
2313 5319 2533 5383 partem
2606 5313 2864 5383 pecunia
2931 5313 3168 5370 reddere
3244 5311 3721 5385 negotiatoribus,

286 5492 392 5572 (5})
442 5491 665 5572 Vid_esis_
720 5492 1092 5566 (Patrologia
1135 5498 1343 5549 nostra
1381 5498 1422 5549 t.
1481 5490 1588 5561 CL,
1620 5490 1727 5547 col.
1781 5493 1904 5552 625)
1936 5490 2464 5548 animadversiones
2515 5499 2742 5549 nostras
2770 5492 2841 5549 ad
2889 5492 2989 5550 lib.
3039 5494 3102 5550 B.
3133 5493 3443 5551 Lanfranci
3500 5494 3580 5551 De
3622 5509 3723 5551 ce-

215 5561 391 5619 landa
428 5561 795 5619 confessione.
