3922 6080
228 211 331 262 9'79

1150 207 1450 261 APPEND.
1492 207 1588 263 AD
1633 206 1767 263 LIB.
1820 205 1896 262 III
1935 205 2270 263 GUIBERTI
2311 207 2401 260 DE
2440 204 2603 261 VlTA
2645 206 2798 262 SUA.

3621 211 3735 264 980

221 342 362 399 lecto
388 340 596 397 deferri
624 347 826 410 posset.
877 338 1170 394 Mandavit
1199 339 1395 408 itaque
1421 338 1471 394 ei
1515 339 1656 394 Boso
1685 337 1916 409 presby-
1955 342 2002 395 Α
2026 345 2288 404 cessaret,
2341 337 2613 393 feretrum
2659 337 2916 395 Domina
2962 313 3170 396 nostrae
3209 353 3386 410 super
3430 340 3732 411 quoddam

222 440 307 488 ter
377 439 441 488 ut
498 437 860 500 peccatorum
933 442 1171 483 suorum
1241 442 1438 483 veram
1502 427 1913 484 confessionem

222 520 550 591 presbytero
603 533 708 573 suo
773 516 1002 582 faceret,
1053 523 1107 570 et
1157 515 1297 586 quia
1345 530 1457 570 non
1501 516 1686 571 solum
1732 516 1910 584 prius,

223 609 318 665 sed
363 609 530 663 etiam
591 606 647 660 in
697 605 818 674 ipsa
882 603 1224 674 aegritudine
1281 603 1579 659 dicebatur
1626 604 1915 658 multoties

224 711 432 754 usuras
479 709 512 750 a
551 693 903 750 debitoribus
950 693 1251 762 accepisse,
1300 693 1652 762 promitteret
1696 694 1809 748 Deo
1857 706 1916 748 se

221 797 525 853 nunquam
578 781 825 837 ulterius
868 794 965 835 eas
1010 789 1402 849 sumpturum,
1457 789 1511 836 et
1559 781 1628 836 de
1673 781 1916 850 acceptis

221 885 474 942 congrue
520 869 875 926 debitoribus
945 869 1396 924 satisfacturum.
1459 870 1720 925 Obedivit
1793 869 1913 938 ille;

222 960 426 1015 deinde
465 966 529 1015 ut
580 973 709 1013 cum
761 958 1020 1027 reliquiis
1069 959 1281 1013 iremus
1325 958 1391 1012 ad
1441 973 1575 1014 eum
1625 959 1918 1015 humiliter

221 1049 465 1118 rogavit,
508 1046 780 1116 quoniam
832 1046 950 1115 ipse
998 1046 1069 1100 ad
1113 1061 1214 1100 nos
1261 1061 1372 1100 non
1422 1054 1640 1115 poterat
1686 1047 1911 1102 deferri.

223 1137 372 1192 Missi
404 1143 540 1190 sunt
571 1143 682 1190 tres
724 1148 795 1189 ex
845 1134 1052 1189 nostris
1099 1135 1238 1189 Boso
1271 1135 1584 1203 presbyter,
1635 1135 1917 1192 Robertus

221 1232 276 1280 et
318 1224 663 1279 Bonifacius.
731 1223 1026 1278 Venerunt
1074 1223 1144 1277 ad
1197 1237 1350 1290 eum,
1400 1224 1676 1292 reliquias
1723 1238 1916 1279 coram

221 1327 286 1368 eo
317 1321 371 1368 et
401 1313 454 1366 in
485 1325 640 1381 aqua
669 1311 956 1376 laverunt,
989 1318 1043 1366 et
1063 1326 1135 1366 ex
1165 1325 1232 1365 ea
1261 1319 1455 1381 potum
1500 1312 1578 1367 illi
1611 1312 1914 1378 dederunt,

223 1401 530 1470 ipsumque
577 1414 645 1454 ea
691 1407 1106 1468 resperserunt.
1163 1399 1370 1454 Mirum
1420 1399 1615 1456 dictu!
1667 1399 1776 1466 Qui
1814 1414 1916 1455 sex

222 1490 392 1544 annis
438 1490 493 1544 in
538 1489 678 1544 lecto
726 1488 1096 1553 decubuerat,
1150 1486 1300 1542 illico
1349 1502 1526 1542 sanus
1557 1489 1827 1554 surrexit,
1863 1494 1918 1543 et

2021 427 2214 482 minus
2247 427 2425 482 altare
2454 435 2778 495 poneretur,
2831 427 2888 482 in
2920 435 3142 483 remota
3183 428 3440 498 ejusdem
3471 429 3730 486 ecclesiae

2024 522 2203 584 parte.
2251 515 2356 570 Sed
2399 529 2530 570 cum
2581 515 2797 571 videret
2845 517 3124 585 quosdam
3169 517 3590 588 negotiatorum
3621 517 3729 587 qui

2023 603 2304 658 miracula
2353 603 2660 658 Wintonize
2709 612 2865 674 gesta
2913 604 3237 672 audierant,
3297 605 3568 661 feretrum
3621 607 3731 661 Do-

2025 692 2195 746 mina;
2243 700 2450 747 nostrae
2493 707 2620 746 cum
2666 692 3052 747 oblationibus
3095 702 3378 760 expetere,
3428 700 3485 748 et
3533 695 3728 763 majus

2022 780 2201 835 altare
2253 780 2552 842 dimittere,
2613 781 2736 834 felle
2787 789 3106 835 mmmotus
3163 781 3500 848 iracundiae,
3549 781 3730 851 jussit

2025 867 2165 922 illud
2218 869 2286 922 de
2329 868 2568 923 ecclesia
2615 867 2764 937 ejici.
2815 868 3008 937 Ejecto
3043 869 3265 934 feretro,
3299 883 3413 923 non
3444 877 3529 924 est
3560 869 3730 925 facile

2023 956 2179 1012 dictu
2211 965 2487 1026 quantam
2521 956 2869 1011 anxietatem
2922 957 3302 1026 patiebamur,
3353 959 3627 1027 quoniam
3669 968 3730 1014 et

2024 1045 2376 1099 immensitas
2422 1045 2652 1114 pluviae,
2709 1053 2821 1100 tam
2886 1059 2989 1099 nos
3049 1060 3224 1114 quam
3269 1060 3450 1115 equos
3499 1055 3732 1103 nostros

2025 1134 2217 1189 adhuc
2246 1134 2611 1189 vehementer
2658 1134 3033 1203 deprimebat,
3067 1142 3120 1189 et
3147 1143 3262 1189 tota
3295 1135 3432 1189 villa
3475 1137 3735 1204 negotia-

2025 1223 2248 1278 toribus
2301 1222 2536 1291 repleta,
2597 1235 2890 1293 nusquam
2958 1222 3124 1306 nobis
3192 1223 3515 1292 hospitandi
3563 1224 3734 1278 locus

2027 1311 2276 1379 patebat.

2097 1425 2201 1480 Sed
2239 1425 2295 1478 in
2345 1431 2506 1479 tanta
2549 1424 2778 1479 miseria
2809 1424 2983 1480 citius
3029 1439 3130 1480 nos
3170 1427 3420 1495 respexit
3471 1427 3733 1483 Dominae

2024 1519 2171 1568 538
2218 1513 2620 1568 misericordia.
2691 1511 2832 1569 Nam
2888 1521 3150 1568 matrona
3193 1515 3458 1583 quaedam
3500 1515 3736 1570 calami-

221 1577 490 1670 exsiliens
518 1577 587 1631 ad
621 1575 876 1632 Dominae
918 1583 1126 1631 nostra:
1172 1575 1444 1632 feretrum
1494 1577 1709 1647 gratias
1741 1591 1916 1647 agens
1955 1613 1996 1667 Β
2026 1601 2126 1657 mi
2156 1609 2364 1656 nostra
2395 1601 2762 1670 compagem,
2817 1601 3010 1657 virum
3058 1575 3230 1656 smmi
3277 1611 3479 1659 exorat
3525 1612 3588 1658 ut
3620 1603 3734 1659 σο,

222 1666 498 1721 cucurrit.

293 1754 502 1808 Tribus
549 1751 768 1808 clericis
816 1752 917 1822 qui
981 1753 1050 1808 ad
1098 1767 1228 1808 eum
1281 1754 1462 1808 ierant
1516 1761 1627 1810 tres
1673 1755 1919 1811 annulos

223 1856 430 1896 aureos
468 1841 640 1907 dedit,
675 1855 867 1896 coram
900 1841 1104 1896 feretro
1149 1849 1261 1896 tres
1304 1843 1546 1911 scyphus
1596 1852 1915 1913 argenteos,

226 1929 584 1998 multamque
639 1929 962 1998 pecuniam,
1013 1937 1067 1984 et
1133 1930 1245 1984 alia
1292 1939 1632 1986 ornamenta
1688 1933 1915 1988 obtulit.

223 2017 359 2082 Quae
391 2031 520 2071 cum
551 2017 607 2071 in
637 2017 822 2086 platea
853 2017 1080 2085 publice
1109 2018 1328 2088 prolata
1353 2020 1616 2075 nonnulli
1641 2021 1914 2088 videntes,

224 2119 326 2174 pro
352 2105 724 2160 multitudine
752 2105 1084 2162 divitiarum
1125 2109 1250 2177 ejus
1288 2107 1541 2163 dicerent
1568 2123 1700 2164 eum
1734 2123 1918 2178 pauca

223 2192 513 2260 obtulisse,
549 2206 683 2247 nam
713 2192 1004 2250 ferebatur
1049 2193 1358 2263 plusquam
1399 2195 1505 2248 tria
1534 2196 1712 2250 millia
1742 2196 1919 2252 libras

223 2281 476 2351 Anglicae
525 2289 765 2336 monetae
829 2281 887 2336 in
937 2283 1203 2337 thesauro
1252 2283 1378 2352 ejus
1440 2283 1712 2352 repositas
1775 2299 1915 2352 esse,

225 2369 596 2437 respondebat
645 2369 736 2424 ille
776 2383 834 2424 se
876 2369 948 2425 ad
976 2384 1226 2437 praesens
1268 2370 1416 2424 nolle
1467 2372 1712 2440 amplius
1759 2374 1914 2441 dare,

224 2458 403 2512 donec
451 2471 679 2521 usuras,
742 2471 890 2526 quas
946 2471 980 2510 a
1036 2457 1392 2513 debitoribus
1435 2459 1554 2514 suis
1599 2471 1917 2530 acceperat,

224 2546 502 2612 redderet,
548 2546 695 2601 sicut
747 2546 860 2600 Deo
909 2546 1262 2614 promiserat.
1315 2547 1473 2602 Unde
1514 2549 1776 2616 protinus
1819 2565 1919 2620 per

227 2642 399 2690 totam
450 2635 653 2689 urbem
688 2633 816 2688 fecit
858 2633 1096 2689 clamari
1126 2643 1190 2689 ut
1221 2635 1320 2704 qui
1353 2635 1403 2689 ei
1445 2651 1653 2692 usuras
1683 2638 1918 2696 dederat

227 2725 462 2786 veniret,
499 2730 553 2777 et
599 2736 706 2777 sua
737 2721 1026 2789 reciperet.
1063 2722 1289 2788 Quanta
1321 2731 1459 2779 tunc
1500 2725 1571 2780 ibi
1603 2725 1772 2781 fuerit
1804 2742 1917 2784 vox

225 2810 432 2866 laetitia:
462 2817 517 2865 et
547 2809 914 2875 laudationis,
961 2809 1282 2866 dicentibus
1322 2812 1606 2868 universis
1653 2828 1752 2882 per
1801 2816 1916 2870 Do-

225 2900 440 2954 minam
475 2907 725 2953 nostram
765 2907 1021 2953 sanctam
1053 2899 1288 2954 Mariam
1323 2901 1565 2956 alterum
1612 2902 1921 2960 Wintoniae
1961 2907 1999 2962 C

225 2994 694 3056 repraesentatum
741 3001 862 3042 esse
890 2987 1210 3052 Zachaeum,
1263 2997 1317 3043 et
1350 2989 1477 3058 plus
1506 2991 1574 3044 de
1603 3005 1920 3048 usurarum

227 3075 540 3132 redditione
587 3075 910 3144 animaeque
957 3077 1083 3146 ejus
1131 3077 1442 3132 salvatione
1477 3092 1651 3146 quam
1690 3080 1758 3134 de
1790 3094 1920 3135 eor-

226 3163 408 3234 porali
455 3164 749 3219 curatione
800 3165 979 3219 Deum
1026 3165 1427 3234 laudantibus;
1483 3181 1584 3221 nec
1615 3167 1730 3235 ipse
1777 3169 1921 3224 Tul-

226 3251 356 3318 lius,
390 3251 433 3305 si
467 3250 756 3316 adfuisset,
786 3250 1074 3320 explicare
1103 3251 1274 3321 digne
1306 3252 1597 3320 potuisset.

297 3339 426 3396 CAP.
461 3340 559 3394 IX.
587 3370 650 3378 —
675 3342 755 3392 De
782 3339 1079 3394 duodecim
1097 3339 1344 3409 inﬁrmis
1375 3341 1582 3395 ibidem
1611 3342 1846 3398 curatis.

298 3429 496 3484 Plures
521 3428 616 3483 alii
644 3430 813 3484 etiam
853 3429 1002 3484 infra
1033 3437 1156 3484 octo
1196 3430 1334 3497 dies,
1370 3430 1583 3499 quibus
1622 3431 1680 3486 in
1724 3432 1921 3488 eadem

228 3518 370 3574 urbe
418 3516 800 3573 Wintoniensi
862 3517 1201 3580 mansimus,
1269 3518 1457 3574 curati
1499 3527 1636 3575 sunt
1686 3520 1918 3589 infirmi,

228 3606 382 3675 quod
413 3613 641 3674 propter
676 3606 906 3660 taedium
938 3605 1302 3661 auditoribus
1343 3609 1779 3675 removendum,
1812 3609 1922 3664 sin-

229 3693 471 3763 gillatim
538 3705 878 3747 enumerare
948 3693 1434 3760 praetermisimus.
1516 3695 1630 3749 Hoc
1695 3703 1921 3752 tantum

231 3783 466 3838 fidenter
512 3780 839 3847 asserimus,
889 3780 1074 3849 palam
1107 3788 1160 3836 et
1209 3782 1435 3850 publice
1484 3784 1782 3840 duodecim
1824 3800 1922 3840 sa-

229 3876 392 3924 natos
423 3869 614 3934 fuisse,
652 3881 902 3938 quorum
937 3867 1032 3922 alii
1065 3870 1242 3931 surdi,
1291 3871 1389 3925 alii
1419 3871 1629 3938 claudi,
1683 3873 1921 3943 quidam

229 3956 383 4023 caeci,
431 3955 670 4026 quidam
719 3955 947 4010 fuerant
977 3957 1139 4011 muti.
1192 3955 1417 4027 Quique
1465 3974 1662 4014 omnes
1705 3968 1808 4016 aut
1855 3961 1923 4016 de

231 4043 354 4112 ipsa
399 4043 647 4106 civitate,
706 4051 806 4098 aut
853 4043 922 4099 de
977 4043 1403 4114 circumjacenti
1452 4053 1618 4101 erant
1662 4048 1920 4118 regione;

231 4132 471 4202 ideoque
500 4132 722 4186 cunctis
744 4131 973 4187 fuerant
1002 4132 1142 4188 noti.

2027 1704 2184 1744 mum
2215 1703 2424 1744 novam
2457 1703 2632 1759 quam
2665 1689 3067 1756 aediﬁcaverat,
3119 1704 3373 1760 namque
3418 1689 3538 1762 [f.,
3568 1705 3734 1747 eam-

2026 1792 2140 1848 que
2180 1775 2201 1848 ]
2253 1777 2703 1848 negotiatoribus
2744 1792 2844 1846 pro
2889 1779 3117 1833 duobus
3162 1779 3368 1834 marcis
3416 1780 3729 1849 locaverat,

2025 1865 2235 1921 caelesti
2283 1867 2516 1936 Reginze
2564 1881 2695 1936 quae
2743 1880 2776 1920 a
2823 1867 3038 1922 decano
3082 1867 3150 1921 de
3199 1867 3433 1922 ecclesia
3478 1869 3730 1937 expulsa

2025 1954 2231 2020 fuerat,
2269 1954 2392 2023 ipsa
2425 1954 2515 2008 die
2542 1955 2860 2010 commodet
2889 1963 2942 2010 et
2980 1955 3032 2008 in
3081 1970 3147 2009 ea
3185 1965 3297 2010 tam
3331 1956 3512 2025 ipsam
3544 1972 3727 2027 quam

2023 2043 2258 2098 clericos
2321 2044 2446 2112 ejus
2518 2044 2781 2112 sequenti
2847 2048 3009 2098 nocte
3080 2044 3350 2113 hospitari
3413 2046 3729 2114 permittat,

2023 2131 2590 2201 negotiatoribusque
2639 2132 2870 2186 mandet
2910 2140 2974 2187 ut
3021 2131 3246 2187 interim
3279 2133 3386 2188 sibi
3430 2133 3589 2188 aliud
3625 2135 3732 2188 bo-

2024 2219 2259 2289 spitium
2286 2227 2568 2289 quaerant.
2603 2220 2824 2275 Annuit
2859 2221 3104 2275 maritus
3143 2222 3408 2292 conjugis
3440 2223 3728 2290 precibus,

2026 2321 2244 2376 nosque
2269 2307 2388 2377 jam
2433 2321 2574 2377 pene
2623 2307 2832 2376 pluvia:
2882 2309 3240 2364 vehementia
3286 2310 3630 2366 madefactos
3673 2320 3734 2366 et

2025 2396 2352 2451 deficientes
2381 2397 2435 2450 in
2465 2397 2701 2451 domum
2745 2411 2910 2452 suam
2955 2411 3162 2452 novam
3196 2398 3463 2467 suscepit,
3512 2407 3734 2454 vestes-

2026 2497 2139 2552 que
2190 2490 2413 2538 nostras
2457 2483 2576 2538 luto
2627 2483 2884 2552 perfusas
2930 2483 3086 2538 ablui
3129 2484 3255 2539 fecit
3303 2493 3357 2539 et
3413 2485 3728 2554 exsiccari;

2023 2569 2301 2627 feretrum
2352 2580 2407 2626 et
2474 2572 2751 2640 reliquias
2798 2572 3051 2627 Domina:
3113 2584 3318 2628 nostrae
3380 2577 3728 2643 competenti

2025 2659 2147 2714 loco
2209 2661 2474 2715 decenter
2546 2660 2782 2715 cortinis
2845 2668 3123 2716 exornato
3186 2661 3452 2730 collocat;
3520 2663 3732 2718 deinde

2025 2748 2190 2803 nobis
2235 2763 2464 2804 omnem
2524 2749 2926 2818 hospitalitatis
2985 2749 3402 2805 humanitatem
3453 2750 3733 2807 exhibere

2025 2844 2210 2892 curat.

2102 2960 2262 3016 Unus
2308 2974 2381 3015 ex
2426 2960 2880 3031 negotiatoribus
2927 2969 3040 3016 tres
3087 2975 3413 3030 campanas,
3461 2976 3608 3031 quas
3638 2977 3736 3018 ve-

2030 3049 2190 3104 nales
2223 3049 2486 3110 habebat,
2521 3050 2589 3103 ad
2623 3049 2827 3105 domus
2855 3037 3107 3118 ejusdem
3154 3049 3452 3118 laquearia
3491 3065 3732 3120 suspen-

2029 3137 2130 3204 dit,
2196 3151 2515 3206 earumque
2582 3138 2773 3193 sonitu
2824 3147 3096 3192 convocat
3155 3138 3354 3204 socios,
3418 3147 3472 3194 et
3538 3139 3730 3195 locum

2029 3226 2340 3281 ascendens
2402 3226 2857 3291 eminentiorem,
2929 3226 3217 3295 quomodo
3279 3226 3531 3281 decanus
3596 3226 3735 3282 fere-

2030 3321 2186 3369 trum
2230 3323 2490 3369 nostrum
2541 3314 2609 3369 de
2647 3313 2883 3369 ecclesia
2931 3328 3037 3369 sua
3065 3315 3294 3383 ejeeerit
3339 3315 3528 3378 refert,
3579 3323 3634 3370 et
3665 3323 3731 3370 ut

2031 3402 2228 3458 nullus
2282 3417 2480 3458 eorum
2533 3403 2602 3456 ad
2653 3404 2832 3472 ipsam
2889 3403 3183 3457 ecclesiam
3233 3411 3344 3468 eat,
3393 3403 3488 3457 sed
3530 3416 3732 3456 omnes

2031 3491 2217 3560 potius
2246 3491 2318 3546 ad
2359 3491 2668 3560 hospitium
2703 3498 2964 3546 nostrum
2995 3491 3258 3545 divinum
3290 3490 3542 3545 officium
3575 3490 3736 3545 audi-

2031 3579 2148 3634 turi
2177 3579 2521 3635 conveniant
2555 3579 2918 3634 exhortatur.
2953 3579 3241 3633 Postremo
3274 3577 3486 3644 cuncti,
3520 3578 3736 3647 pariter

2030 3668 2382 3738 congregati,
2447 3668 2800 3722 unanimiter
2848 3668 3095 3722 edictum
3167 3674 3493 3736 proponunt
3548 3670 3630 3728 ut,
3680 3667 3729 3721 si

2031 3756 2164 3826 quis
2193 3756 2611 3826 negotiatorum
2660 3756 2954 3811 ecclesiam
3000 3755 3412 3825 ingrederetur,
3466 3754 3730 3824 quinque

2033 3843 2238 3899 solidos
2280 3845 2449 3899 sociis
2492 3844 2854 3913 persolveret.
2900 3844 3041 3898 Erat
3091 3852 3285 3898 autem
3337 3851 3474 3898 tunc
3517 3843 3729 3898 Sabba-

2033 3939 2153 3987 tum
2186 3939 2316 3987 ante
2345 3941 2576 3987 octavas
2606 3931 2979 3987 Pentecostes.

2102 4044 2341 4100 Tantam
2411 4045 2606 4114 itaque
2690 4044 2927 4114 hospitis
2997 4045 3177 4100 nostri
3270 4045 3728 4102 benevolentiam

2032 4133 2295 4200 protinus
2323 4133 2568 4188 ostendit
2614 4132 2855 4188 Domina
2903 4141 3096 4188 nostra
3139 4147 3196 4187 se
3243 4141 3538 4203 gratanter
3586 4147 3733 4188 rece-

231 4231 362 4286 CAP.
392 4229 465 4285 X.
512 4257 583 4270 —
610 4232 690 4283 De
717 4229 917 4299 puella
956 4228 1190 4303 inﬁrma
1237 4235 1439 4286 curata
1482 4232 1637 4303 apud
1678 4232 1924 4288 Chrisli-
1966 4203 2007 4256 θ
2035 4220 2197 4290 pisse.
2247 4221 2500 4276 Habebat
2542 4221 2824 4290 siquidem
2869 4222 3015 4277 idem
3068 4221 3272 4290 hospes
3321 4229 3513 4275 noster
3558 4235 3735 4290 prope

952 4300 1204 4356 Iter-cam.

302 4397 381 4452 De
424 4394 802 4452 Wintoniensi
852 4396 1079 4453 civitate
1120 4399 1387 4454 venimus
1430 4399 1502 4453 ad
1549 4399 1743 4455 villam
1795 4415 1927 4470 qua:

231 4486 441 4542 dicitur
469 4485 874 4552 Christikerca,
911 4485 967 4542 id
1012 4493 1114 4552 est,
1167 4485 1387 4540 Chriin
1426 4487 1702 4556 Ecclesia,
1739 4489 1834 4545 ubi
1868 4491 1927 4546 in

230 4575 446 4630 octavis
493 4574 847 4630 Pentecostes
893 4588 1156 4630 annuum
1226 4574 1450 4638 festum,
1498 4583 1551 4631 et
1613 4585 1929 4633 conventus

231 4662 638 4719 celeberrimus
674 4662 890 4718 solebat
934 4677 1053 4718 esse
1101 4663 1542 4733 negotiatorum.
1592 4665 1926 4736 Appropin-

231 4757 478 4820 quantes
505 4764 641 4821 ergo
669 4751 852 4806 eidem
895 4750 1065 4814 villae,
1108 4758 1268 4806 tanta
1312 4752 1784 4823 subito-tamque
1823 4769 1926 4810 ve-

234 4838 480 4894 hementi
503 4837 752 4908 depressi
779 4852 982 4894 sumus
1015 4839 1387 4895 inundatione
1419 4840 1647 4910 pluviae,
1685 4849 1749 4897 ut
1775 4857 1924 4898 nun-

231 4940 405 4994 quam
475 4931 644 4979 antea
710 4938 814 4980 nos
885 4925 1128 4980 similem
1200 4926 1408 4982 vidisse
1471 4929 1920 4985 meminerimus.

232 5011 542 5069 Ecclesiam
573 5011 751 5082 ipsius
779 5013 969 5082 oppidi
997 5013 1249 5069 decanus
1275 5015 1511 5084 quidam
1539 5031 1671 5072 cum
1704 5016 1924 5073 duode-

230 5101 340 5155 cim
405 5099 695 5155 canonicis
761 5101 1006 5168 tenebat,
1075 5102 1179 5172 qui
1239 5104 1576 5173 rogantibus
1613 5103 1803 5159 "nobis
1864 5111 1926 5160 ut

231 5188 672 5258 susciperemur,
709 5190 1000 5258 respondit
1034 5190 1324 5247 ecclesiam
1377 5191 1531 5246 illam
1563 5191 1806 5246 necdum
1851 5207 1923 5247 ex

234 5277 451 5346 integro
477 5277 593 5332 fore
627 5285 1033 5346 constructam,
1087 5279 1326 5349 ideoque
1373 5294 1475 5333 nos
1504 5294 1617 5334 non
1647 5279 1922 5348 recipien-

233 5363 353 5428 dos,
387 5377 458 5418 ne
501 5363 725 5420 solitam
777 5368 1059 5423 amitteret
1105 5368 1523 5437 negotiatorum
1555 5368 1920 5423 oblationem.

234 5449 348 5506 Vix
370 5457 559 5506 tamen
592 5452 754 5508 nobis
783 5456 1060 5512 concessit
1089 5464 1167 5523 ut,
1205 5456 1388 5512 donec
1418 5455 1682 5512 nimietas
1715 5455 1923 5526 pluviae

2032 4309 2308 4377 oppidum
2336 4324 2510 4365 unam
2542 4311 2796 4378 domum,
2841 4311 2899 4364 in
2933 4324 3050 4380 qua
3083 4310 3253 4365 boves
3283 4309 3409 4379 ejus
3445 4318 3499 4363 et
3532 4323 3737 4378 pecora

2033 4397 2434 4464 servabantur,
2469 4397 2665 4468 ibique
2709 4398 2975 4453 manebat
3019 4398 3256 4468 quidam
3302 4411 3520 4467 pauper
3569 4397 3739 4452 rusti-

2032 4501 2154 4553 cus,
2184 4487 2395 4541 eisdem
2427 4486 2730 4554 pecoribus
2760 4485 3150 4540 custodiendis
3189 4486 3513 4554 deputatus.
3547 4486 3733 4555 Hujus

2033 4574 2234 4630 rustici
2279 4573 2412 4637 ﬁlia,
2451 4573 2641 4643 puella
2671 4573 2936 4643 parvula,
2973 4580 3185 4628 tortum
3221 4573 3421 4642 pedem
3451 4586 3484 4627 a
3518 4573 3734 4627 nativi-

2035 4670 2145 4717 tate
2193 4660 2460 4726 habebat,
2525 4661 2602 4716 ita
2652 4668 2714 4716 ut
2755 4661 3062 4716 calcaneus
3119 4661 3177 4715 in
3227 4661 3500 4716 anteriori
3545 4669 3728 4730 parte,

2031 4748 2193 4819 digiti
2234 4763 2368 4803 vero
2416 4749 2576 4818 pedis
2622 4749 2678 4803 in
2713 4749 3006 4818 posteriori
3058 4749 3220 4818 positi
3273 4756 3482 4804 essent.
3527 4750 3732 4819 Rogati

2030 4852 2165 4907 ergo
2190 4837 2263 4894 ab
2303 4837 2520 4906 hospite
2567 4845 2760 4893 nostro
2808 4845 2870 4892 ut
2917 4837 2987 4892 de
3032 4851 3188 4907 aqua
3226 4837 3604 4906 reliquiarum
3655 4839 3734 4894 lo-

2031 4935 2220 4982 tarum
2271 4927 2524 4997 ejusdem
2571 4926 2837 4997 puellulze
2884 4941 2981 4996 pes
3028 4927 3230 4982 debilis
3275 4928 3730 4999 contingeretur,

2030 5015 2266 5072 fecimus
2289 5029 2415 5070 eam
2449 5015 2676 5071 adduci.
2722 5016 2869 5071 Bibit
2896 5029 2968 5070 ex
2999 5029 3155 5085 aqua
3189 5016 3334 5084 ipsa,
3369 5029 3580 5085 pesque
3605 5015 3731 5084 ejus

2029 5119 2103 5161 ex
2141 5118 2209 5159 ea
2252 5103 2404 5158 lotus
2447 5111 2544 5158 est.
2592 5103 2863 5174 Vigilavit
2910 5118 3100 5159 coram
3152 5103 3357 5158 feretro
3408 5103 3504 5158 illa
3545 5114 3726 5158 nocte.

2030 5193 2194 5249 Mane
2226 5199 2417 5246 autem
2458 5192 2625 5257 facto,
2672 5192 2810 5247 dum
2861 5206 3016 5246 more
3056 5191 3216 5247 solito
3262 5191 3494 5246 missam
3537 5206 3728 5248 coram

2031 5281 2234 5337 feretro
2283 5279 2338 5334 in
2366 5279 2562 5336 eadem
2611 5281 2778 5335 domo
2823 5280 3150 5335 solemniter
3215 5288 3585 5335 cantaremus
3635 5281 3732 5350 (al-

2030 5377 2151 5424 tare
2177 5369 2453 5438 siquieem
2497 5368 2777 5438 portatile,
2827 5377 2879 5423 et
2928 5369 3123 5424 omnia
3167 5367 3360 5423 missae
3407 5369 3729 5424 necessaria

2031 5457 2328 5513 nobiscum
2375 5456 2722 5525 ferebamus)
2769 5470 2897 5512 ecce
2947 5455 3202 5526 puellula
3250 5462 3477 5523 sanata,
3529 5456 3728 5524 pedem
