3922 6080
145 165 251 219 981

968 162 1338 217 HEBMANNI
1379 164 1470 218 DE
1511 164 1751 217 MIRAC.
1796 165 1853 217 S.
1897 161 2140 216 MARI/E
2177 162 2490 217 LAUDUN.
2542 191 2610 201 —-
2646 161 2773 216 LIB.
2817 163 2884 215 II.

3569 163 3674 216 982

143 319 325 359 suum
375 309 593 358 rectum
639 301 908 357 omnibus
954 300 1216 366 ostendit,
1267 301 1643 370 dominosque
1695 313 1848 368 suos,
1891 299 1937 352 A
1961 296 2119 368 justa
2177 304 2537 368 protestatus,
2589 297 2744 367 quod
2802 296 2948 353 male
2995 305 3262 367 gesserat,
3311 299 3417 355 sibi
3480 297 3669 354 indul-

146 392 252 463 qui
288 407 390 447 nos
421 392 662 462 benigne
694 397 1042 459 receperant,
1080 389 1382 459 magniﬁce
1422 388 1746 444 lzetiﬁcavit.

147 534 282 588 CAP.
334 533 418 586 XI.
463 561 534 572 —
595 532 678 584 De
745 527 1071 584 incredibili
1147 527 1404 584 vindicta
1465 528 1576 583 Dei
1649 525 1859 582 ibidem

900 619 1096 687 facta.

223 745 354 799 Post
395 742 699 812 prandium
747 743 943 798 eadem
993 741 1082 798 die
1133 740 1445 806 Dominica,
1501 739 1730 795 licentia
1770 741 1858 796 'ab

143 832 351 888 incolis
376 839 606 901 accepta
657 831 1094 901 gratiarumque
1141 830 1363 884 actione
1413 843 1516 898 pro
1585 829 1858 885 beneﬁcio

145 936 350 977 eorum
400 919 508 975 illis
554 920 793 986 reddita,
845 919 914 974 de
960 918 1168 989 oppido
1219 919 1526 973 exivimus.
1581 917 1686 972 Sed
1740 932 1858 973 non

145 1005 372 1060 distulit
396 1005 588 1073 justus
614 1003 799 1058 Judex
832 1001 994 1056 Matri
1031 1016 1150 1056 suae
1177 1001 1382 1056 factam
1414 1001 1684 1069 injuriam
1724 1000 1858 1054 vin-

145 1094 360 1147 dicare.
416 1093 525 1147 Vix
573 1091 725 1146 enim
774 1089 1008 1144 dimidio
1057 1089 1242 1143 stadio
1296 1088 1494 1157 procul
1554 1102 1860 1143 recessera-

150 1195 303 1246 IIIllS,
347 1195 476 1236 cum
509 1194 637 1235 ecce
669 1186 792 1248 ροεῐ
822 1192 926 1233 DOS
944 1191 1076 1232 cum
1109 1177 1357 1232 clamore
1395 1191 1656 1232 cursores
1686 1189 1860 1244 super

147 1283 331 1337 equos
377 1268 714 1334 adveniunt,
765 1274 819 1322 et
868 1273 930 1321 ut
980 1267 1199 1320 ardenti
1231 1264 1392 1331 ivillae
1445 1277 1860 1319 succurramus

149 1364 414 1412 exorant.
460 1355 844 1425 Respicientes
893 1362 1014 1424 post
1064 1362 1312 1422 tergum,
1363 1353 1623 1408 videmus
1683 1360 1857 1407 totam

147 1446 349 1501 villam
405 1459 739 1500 sucrensam
791 1444 1052 1499 cremari.
1093 1445 1512 1512 Interrogantes
1542 1455 1676 1496 vero
1708 1455 1858 1511 quo-

150 1535 320 1588 modo
348 1534 400 1588 id
443 1533 790 1603 contigisset,
846 1531 1180 1587 audivimus
1210 1531 1280 1586 ab
1311 1532 1392 1585 eis
1445 1531 1750 1584 draconem
1785 1529 1854 1583 de

1969 385 2086 457 geri
2110 387 2406 442 exorabat.

1966 498 2116 548 539
2169 493 2301 549 CAP.
2336 494 2448 547 XII.
2480 521 2551 533 —
2583 495 2662 547 De
2706 491 2956 560 inﬁmis
2997 491 3399 562 septemdecim
3439 494 3667 550 sanatis

2526 563 2683 634 apud
2707 565 3116 619 Esseceslra-m.

2042 654 2172 708 Inde
2221 653 2486 708 venimus
2521 653 2590 707 ad
2641 652 2840 708 urbem
2877 667 3008 723 quae
3057 652 3270 707 dicitur
3322 653 3662 720 Essecestra,

1969 742 2065 798 ubi
2098 749 2218 798 erat
2258 742 2539 797 Robertus
2592 741 3053 808 archidiaconus,
3086 741 3189 812 qui
3228 740 3329 796 diu
3379 749 3670 796 manserat

1969 830 2233 886 Lauduni
2281 845 2380 898 pro
2445 829 2733 884 audienda
2793 829 3028 884 lectione
3077 828 3336 899 magistri
3389 829 3664 891 Anselmi,

1965 925 2011 976 A
2075 936 2191 991 quo
2257 921 2680 992 gratantissime
2754 918 2995 987 suscepti
3055 918 3371 972 mansimus
3427 917 3503 971 ibi
3570 931 3668 985 per

1967 1010 2157 1066 decem
2193 1009 2329 1064 dies.
2366 1009 2427 1062 In
2456 1008 2668 1076 quibus
2691 1007 2970 1062 miracula
2999 1006 3249 1074 plurima
3277 1005 3663 1073 contigerunt,

1967 1111 2214 1168 quorum
2301 1098 2590 1165 praecipua
2675 1104 2728 1150 et
2802 1095 3208 1150 excvcllentiora
3285 1094 3517 1149 fuerunt
3598 1093 3668 1148 dc

1964 1185 2364 1256 septemdecim
2421 1185 2660 1240 inﬁrmis
2743 1186 2977 1252 curatis,
3052 1185 3403 1254 quibusdam
3481 1184 3665 1253 caecis,

1967 1276 2094 1331 aliis
2132 1274 2343 1336 surdis,
2397 1273 2570 1329 mutis
2621 1281 2674 1328 et
2729 1274 2969 1329 claudis.
3024 1274 3457 1328 Contendebant
3514 1273 3667 1327 cives

1967 1363 2305 1420 mirabiliter
2334 1362 2465 1432 quis
2506 1376 2706 1417 eorum
2755 1376 2858 1417 nos
2907 1363 3153 1431 hospitio
3196 1362 3525 1430 susciperet,
3574 1360 3666 1416 vel

1967 1452 2100 1522 quis
2130 1451 2410 1520 susceptis
2453 1450 2772 1505 necessaria
2807 1459 3158 1518 procuraret.
3214 1452 3350 1506 Erat
3399 1449 3476 1504 ibi
3529 1449 3666 1519 qui-

1967 1543 2096 1597 dam
2128 1540 2393 1597 inﬁrmus
2443 1541 2540 1610 qui
2569 1541 2690 1610 jam
2724 1554 2823 1609 per
2854 1540 3058 1610 viginti
3089 1548 3341 1609 quatuor
3369 1553 3550 1594 annos
3592 1537 3664 1594 ad

150 1623 415 1691 proximo
449 1622 591 1676 mari
630 1635 922 1690 egressum
973 1619 1137 1674 nobis
1194 1617 1618 1672 discedentibus
1660 1617 1714 1671 in
1748 1617 1799 1670 vi

2020 1637 2186 1685 >rtam
2220 1627 2413 1697 templi
2447 1627 2777 1684 recubuisse
2811 1591 3030 1698 jugiter
3067 1627 3124 1682 in
3166 1628 3305 1682 lecto
3349 1627 3659 1686 ferebatur,

150 1711 265 1764 Iam
297 1709 616 1773 advolasse,
647 1717 701 1764 et
746 1708 1010 1777 primitus
1059 1707 1376 1766 ecclesiam.
1421 1706 1625 1760 deinde
1671 1721 1852 1775 quas-

150 1799 283 1852 dam
317 1798 511 1852 domos
545 1798 796 1860 flamma,
830 1810 1005 1866 quam
1028 1810 1099 1849 ex
1133 1796 1370 1850 naribus
1393 1798 1511 1849 suis
1536 1795 1848 1859 emittebat,

149 1886 529 1942 succendisse.
582 1885 740 1950 Quod
782 1885 1079 1939 audientes
1121 1892 1174 1937 et
1226 1883 1482 1937 humana
1525 1882 1853 1936 curiositate

151 1983 379 2030 tantum
413 1974 740 2044 prodigium
790 1973 982 2027 videre
1021 1972 1292 2037 sitientes,
1328 1971 1614 2040 deputatis
1645 1970 1852 2025 feretro

150 2063 370 2119 idoneis
397 2062 750 2126 custodibus,
787 2061 1053 2116 velociter
1099 2074 1269 2127 super
1311 2074 1491 2128 equos
1534 2059 1604 2114 ad
1655 2060 1849 2114 vicum

149 2149 508 2206 recurrimus
538 2148 944 2217 cernimusque
981 2149 1284 2201 draconem
1325 2146 1679 2202 incredibilis
1730 2147 1850 2202 lon-

150 2237 434 2308 gitudinis
466 2235 728 2305 quinque
757 2235 943 2304 capita
974 2234 1296 2299 habentem,
1334 2247 1431 2302 per
1464 2248 1629 2289 nares
1682 2234 1854 2288 ﬂam-

151 2337 278 2378 mas
325 2325 693 2394 subphureas
742 2325 1114 2391 emittentem,
1165 2329 1218 2378 et
1265 2323 1333 2377 de
1385 2324 1503 2377 loco
1551 2323 1621 2377 ad
1667 2322 1856 2377 locum

148 2411 461 2479 volantem,
513 2413 826 2481 domosque
867 2410 1198 2480 singillatim
1248 2411 1706 2465 succendentetn.
1750 2411 1856 2465 Re-

150 2500 392 2556 deuntes
423 2515 556 2556 vero
593 2515 777 2571 usque
803 2501 870 2554 ad
904 2499 1192 2554 ecclesiam
1223 2501 1339 2568 jam
1374 2514 1498 2555 eam
1532 2499 1859 2555 invenimus

151 2598 596 2654 concrematam,
666 2597 720 2645 et
779 2591 858 2644 sic
901 2587 1322 2654 incredibiliter,
1391 2595 1451 2641 ut
1505 2601 1618 2641 non
1673 2587 1857 2641 solum

154 2680 331 2748 ligna,
367 2679 464 2733 sed
493 2685 548 2732 et
577 2678 681 2746 ipsi
717 2678 974 2746 parietes,
1013 2678 1124 2731 imo
1159 2675 1392 2730 maximi
1429 2674 1665 2743 lapides,
1704 2675 1854 2744 ipsa-

153 2780 269 2834 que
317 2765 518 2820 altaria
565 2765 623 2819 in
673 2764 923 2820 favillam
969 2772 1024 2818 et
1074 2763 1319 2818 cinerem
1365 2763 1624 2818 funditus
1671 2770 1858 2818 essent

1962 1717 2040 1772 ita
2071 1723 2135 1772 ut
2185 1729 2479 1785 nusquam
2533 1715 2614 1770 ire
2658 1722 2860 1784 posset,
2910 1714 3017 1768 nisi
3063 1728 3097 1768 a
3132 1714 3359 1770 duobus
3414 1722 3664 1783 portare-

1960 1811 2075 1860 tur.
2127 1803 2248 1870 Hic,
2298 1802 2539 1872 septimo
2587 1802 2678 1857 die
2722 1802 3006 1857 adventus
3054 1803 3232 1857 nostri
3280 1803 3578 1857 consilium
3629 1815 3664 1856 a

1959 1891 2124 1948 nobis
2167 1905 2448 1961 quaerens,
2502 1890 2791 1946 confessus
2837 1897 2919 1946 est
2963 1898 3192 1959 peccata
3239 1904 3364 1956 sua,
3414 1889 3557 1946 bibit
3587 1903 3661 1945 ex

1960 1991 2115 2048 aqua
2145 1978 2448 2034 lavationis
2502 1977 2878 2048 reliquiarum
2920 1986 2975 2033 et
3004 1991 3076 2033 ex
3125 1990 3192 2032 ea
3258 1977 3407 2032 lotus
3462 1977 3664 2031 obdor-

1963 2063 2145 2118 mivit.
2212 2065 2612 2133 Protinusque,
2692 2063 2951 2119 mirabile
3016 2061 3212 2118 dictu!
3283 2071 3521 2119 sanatus
3588 2076 3661 2117 ex

1964 2151 2204 2220 integro,
2253 2151 2488 2206 exsiluit
2535 2151 2603 2205 de
2651 2151 2910 2221 grabato,
2967 2151 3021 2205 in
3071 2166 3187 2220 quo
3247 2158 3540 2220 tantopere
3565 2150 3662 2220 ja-

1960 2246 2176 2304 cuerat,
2209 2245 2263 2294 et
2314 2238 2644 2294 videntibus
2689 2239 2912 2294 cunctis
2951 2238 3023 2293 ad
3078 2238 3352 2294 feretrum
3399 2251 3658 2299 currens,

1963 2333 2017 2381 et
2066 2339 2259 2381 coram
2298 2340 2364 2381 eo
2411 2333 2568 2381 stans
2620 2326 2675 2380 in
2718 2341 2855 2382 voce
2901 2325 3302 2382 exsultationis
3345 2333 3400 2380 et
3437 2325 3660 2381 confes-

1963 2413 2155 2480 sionis,
2191 2415 2303 2469 Deo
2330 2421 2384 2469 et
2418 2413 2525 2482 pias
2556 2414 2721 2468 Matri
2751 2414 2876 2483 ejus
2904 2414 3118 2485 gratias
3148 2415 3444 2471 referebat.

2034 2520 2164 2577 CAP.
2197 2521 2345 2588 XIII.
2375 2555 2426 2565 —
2470 2521 2553 2573 De
2583 2519 2827 2593 Glutine
2866 2523 3158 2593 contracto
3207 2524 3408 2576 curato
3438 2520 3499 2575 in
3542 2521 3654 2593 cpi.

2456 2594 2697 2662 scopam
2726 2591 3158 2648 Salesberieusi.

2037 2676 2174 2731 Erat
2225 2676 2301 2732 ibi
2359 2685 2414 2733 et
2465 2677 2613 2734 alius
2664 2687 3010 2746 contractus,
3083 2679 3314 2734 nomine
3367 2679 3656 2747 Glutinus,

1966 2764 2065 2835 qui
2098 2765 2298 2820 merito
2342 2766 2422 2820 sic
2467 2766 2804 2833 vocabatur,
2839 2766 3118 2836 quoniam
3149 2773 3263 2822 toto
3301 2781 3536 2836 corpore
3577 2769 3660 2824 sic

152 2851 403 2917 redacta,
442 2850 518 2905 ita
550 2859 611 2906 ut
641 2850 910 2906 omnibus
943 2849 1374 2918 inspicientibus
1410 2857 1612 2918 stupor
1643 2849 1853 2903 exinde
1895 2875 1936 2928 ρ
1963 2858 2086 2906 erat
2151 2852 2603 2923 conglutinatus,
2670 2862 2733 2909 ut
2779 2854 3031 2910 calcanei
3101 2853 3353 2921 natibus,
3404 2861 3458 2909 et
3505 2854 3657 2910 tibias

152 2939 437 2995 mirabilis
462 2939 834 2994 incuteretur.

229 3028 489 3082 Decanus
520 3041 653 3081 vero
687 3027 784 3082 ubi
817 3025 960 3080 vidit
995 3026 1229 3081 domum
1277 3038 1442 3080 suam
1475 3030 1530 3079 et
1558 3023 1852 3079 ecclesiam

153 3129 513 3180 succensam,
580 3123 762 3170 vestes
803 3121 857 3170 et
915 3113 1320 3183 supellectilem
1369 3127 1532 3168 suam
1581 3111 1854 3167 festinan-

151 3210 242 3259 ter
266 3203 542 3273 colligens
573 3211 628 3258 et
665 3201 1076 3272 circumligans
1102 3203 1170 3256 ad
1206 3214 1431 3266 navem,
1469 3215 1599 3270 quae
1634 3201 1686 3253 in
1722 3214 1854 3268 pro-

149 3291 299 3348 ximi
331 3292 506 3348 maris
539 3291 723 3348 littore
753 3291 943 3346 defixa
979 3299 1121 3357 erat,
1172 3288 1302 3345 fecit
1353 3289 1583 3353 deferri,
1617 3303 1855 3357 sperans

150 3396 220 3437 ea
247 3381 322 3437 ibi
357 3381 429 3436 ab
465 3381 593 3452 igne
623 3394 782 3450 posse
833 3379 1068 3436 salvari.
1099 3379 1203 3434 Sed
1232 3379 1402 3434 draco
1459 3377 1736 3447 protinus,
1789 3390 1856 3432 ac

151 3470 202 3526 si
226 3478 456 3540 propter
488 3469 593 3525 hoc
632 3469 818 3525 solum
857 3469 1121 3534 venisset,
1156 3481 1360 3522 navem
1394 3466 1586 3521 volatu
1635 3475 1852 3536 petens,

151 3567 362 3615 cuncta
406 3573 536 3628 quae
567 3558 624 3612 in
679 3571 747 3612 ea
794 3564 960 3613 erant
1007 3555 1320 3622 succendit,
1368 3555 1591 3622 deinde,
1641 3555 1853 3610 mirum

151 3647 312 3702 dictu
348 3654 404 3702 et
445 3645 776 3702 incredibile
834 3643 1070 3701 auditu!
1117 3643 1301 3714 ipsam
1365 3657 1599 3713 quoque
1647 3657 1853 3700 navem

151 3735 324 3791 simul
373 3735 663 3790 cremavit.
721 3734 806 3790 Ad
853 3735 1088 3790 domum
1119 3746 1352 3803 quoque
1402 3732 1636 3801 hospitis
1677 3731 1855 3788 nostri

153 3825 467 3888 venientes,
520 3831 574 3879 et
644 3823 929 3894 quomodo
977 3836 1036 3877 se
1085 3821 1318 3876 haberet
1385 3820 1529 3875 scire
1575 3819 1848 3887 volentes,

155 3912 484 3967 invenimus
511 3925 666 3978 eum,
697 3910 858 3966 salva
887 3911 1077 3977 domo,
1119 3917 1174 3964 et
1200 3909 1468 3964 omnibus
1499 3923 1631 3977 quae
1676 3907 1849 3963 habe-

155 3999 272 4064 bat,
304 3998 710 4066 exsultantem,
762 4012 1046 4067 suamque
1093 3997 1486 4053 liberationem
1541 3996 1704 4051 bonae
1745 3996 1852 4051 ho-

102 4100 111 4106 '
155 4087 314 4158 spitae
343 4101 463 4143 suae
489 4087 612 4143 caeli
645 4088 878 4157 Reginae
901 4087 1292 4155 deputantem.
1327 4084 1453 4140 Non
1500 4084 1685 4140 solum
1718 4099 1852 4139 vero

159 4175 280 4244 ipsa
305 4174 509 4230 domus
529 4175 674 4245 ejus,
712 4174 767 4228 in
799 4189 915 4244 qua
945 4173 1210 4243 hospitati
1244 4171 1482 4239 fuimus,
1513 4173 1608 4228 sed
1640 4180 1695 4228 et
1737 4173 1850 4228 alia

155 4263 354 4333 procul
395 4263 594 4333 posita,
646 4265 702 4318 in
736 4277 853 4332 qua
899 4276 1098 4332 pecora
1127 4262 1252 4331 ejus
1305 4261 1521 4316 servari
1572 4261 1845 4326 diximus,

155 4353 366 4409 mansit
404 4353 598 4418 illaesa,
648 4355 728 4409 ita
776 4360 838 4408 ut
875 4353 945 4407 de
991 4351 1260 4408 omnibus
1303 4351 1476 4406 rebus
1531 4351 1650 4406 suis
1705 4351 1848 4405 nihil

154 4441 387 4497 omnino
419 4441 747 4512 perdiderit.
793 4441 1184 4512 Negotiatores
1212 4439 1406 4504 etiam,
1458 4439 1557 4509 qui
1606 4438 1848 4494 multam

157 4529 318 4584 nobis
353 4529 750 4599 impenderant
783 4528 1259 4596 benevolentiam,
1304 4528 1377 4582 ita
1405 4541 1657 4596 superna
1713 4526 1850 4582 fovit

155 4617 341 4688 gratia
370 4625 433 4673 ut
458 4627 559 4672 aut
588 4617 734 4672 nihil
764 4624 864 4673 aut
901 4631 1106 4687 parum
1136 4617 1205 4672 de
1249 4616 1419 4672 rebus
1465 4615 1586 4670 suis
1639 4615 1848 4671 amise-

154 4705 289 4760 rint.
325 4704 470 4772 Quia
498 4706 650 4761 enim
695 4706 900 4761 ibidem
925 4705 1278 4761 consuetudo
1306 4712 1428 4759 erat
1463 4719 1576 4759 uno
1625 4711 1848 4759 tantum

153 4795 245 4850 die
269 4794 481 4850 durare
512 4793 824 4859 nundinas,
877 4794 1036 4849 ﬁnito
1067 4794 1306 4863 prandio
1331 4793 1450 4864 jam
1482 4807 1679 4847 omnes
1728 4806 1848 4848 sar-

153 4881 312 4937 cinas
353 4897 489 4938 suas
535 4883 902 4953 collegerant,
947 4891 1000 4937 et
1057 4881 1485 4952 circumligatas
1535 4889 1847 4950 antequam

155 4970 328 5027 draco
386 4971 605 5027 veniret
644 4977 1037 5041 reposuerant.
1093 4971 1383 5026 Terrorem
1432 4977 1624 5025 tamen
1671 4969 1854 5024 maxi-

155 5074 316 5116 mum
343 5057 451 5114 illis
491 5060 728 5116 incussit
777 5067 1042 5128 aspectus
1069 5058 1351 5122 draconis,
1387 5057 1462 5112 ita
1493 5065 1556 5112 ut
1593 5071 1686 5112 eos
1715 5071 1849 5112 cur-

157 5150 263 5205 sim
299 5164 398 5219 per
426 5150 653 5205 diversa
694 5148 1020 5206 videremus
1062 5146 1362 5215 fugientes.
1408 5146 1667 5200 Decanus
1715 5160 1851 5201 vero

159 5237 272 5299 ille,
305 5238 405 5307 qui
431 5239 700 5294 feretrum
738 5237 992 5292 Dominae
1042 5243 1250 5289 nostra:
1277 5235 1345 5288 de
1381 5233 1629 5288 Ecclesia
1665 5232 1852 5302 ejece-

156 5335 270 5396 rat,
295 5341 421 5383 sera
449 5335 638 5385 motus
681 5325 1034 5396 paenitentia,
1064 5323 1235 5378 nudis
1266 5321 1505 5390 pedibus
1550 5320 1691 5377 illud
1721 5335 1850 5390 pro-

156 5420 389 5470 secutus
421 5421 523 5480 est,
557 5421 612 5469 et
639 5428 828 5469 coram
867 5428 934 5468 eo
986 5416 1324 5481 prostratus,
1371 5407 1707 5480 judiciaque
1756 5407 1850 5462 Dei

1961 2941 2128 2996 dorso
2157 2941 2518 3009 inhaererent,
2547 2943 2622 2997 ita
2665 2950 2727 2998 ut
2756 2942 2909 2998 velut
2940 2943 3000 2997 in
3050 2956 3234 2997 unum
3269 2942 3506 3013 globum
3561 2958 3655 2999 re-

1963 3026 2182 3093 dactus,
2250 3026 2448 3082 faciem
2509 3027 2738 3084 assidue
2795 3041 2967 3096 super
3021 3040 3209 3098 genua
3263 3034 3500 3083 teneret.
3555 3029 3658 3083 Hic

1961 3128 2116 3186 ergo,
2150 3129 2283 3170 cum
2320 3123 2549 3184 peccata
2577 3129 2686 3170 sua
2706 3115 2996 3171 confessus
3043 3123 3097 3170 et
3140 3128 3296 3185 aqua
3354 3115 3657 3171 lavationis

1963 3202 2341 3272 reliquiarum
2374 3202 2542 3270 lotus,
2573 3203 2723 3258 intra
2747 3203 2940 3258 decem
2971 3203 3090 3258 dies
3119 3204 3334 3273 quibus
3381 3203 3456 3258 ibi
3503 3218 3657 3258 man-

1960 3292 2141 3348 simus
2188 3305 2305 3345 non
2375 3299 2700 3355 curaretur,
2763 3291 3110 3347 mirantibus
3166 3291 3330 3348 nobis
3391 3299 3447 3347 et
3503 3293 3656 3348 unde

1959 3386 2100 3434 esset
2159 3378 2572 3448 quarentibus,
2626 3379 2923 3448 proﬁtetur
2957 3394 3014 3434 se
3074 3393 3187 3434 non
3247 3393 3368 3436 esse
3421 3380 3489 3436 de
3535 3381 3655 3450 ipso

1957 3467 2308 3536 episcopatu,
2357 3467 2453 3521 sed
2501 3467 2569 3522 de
2632 3466 3050 3523 Salesberieusi.
3108 3467 3375 3524 Protinus
3412 3483 3446 3524 a
3489 3470 3656 3525 nobis

1960 3556 2167 3611 acriter
2202 3554 2544 3625 objurgatus
2581 3569 2688 3612 cur
2730 3563 2995 3612 tentasset
3030 3555 3102 3611 ibi
3152 3557 3452 3612 sanitatem
3497 3571 3654 3613 asse-

1960 3644 2081 3715 qui,
2129 3658 2306 3714 quam
2371 3651 2591 3699 certum
2638 3650 2693 3699 et
2749 3644 3052 3713 probatum
3112 3652 3235 3700 erat
3298 3645 3445 3700 nulli
3489 3654 3654 3701 extra

1958 3733 2348 3802 episcopatum
2396 3745 2569 3788 suum
2615 3732 2840 3798 donari,
2889 3747 3020 3788 cum
3073 3733 3336 3802 lacrymis
3382 3741 3436 3789 et
3479 3734 3652 3790 nimio

1955 3821 2176 3892 ejulatu
2207 3820 2375 3890 cmpit
2398 3835 2501 3874 nos
2533 3819 2929 3875 miserabiliter
2974 3820 3246 3890 adjurare
3272 3828 3354 3886 ut,
3406 3835 3508 3891 pro
3557 3821 3652 3878 Dei

1957 3917 2287 3978 sanctasque
2314 3908 2510 3963 Matris
2538 3909 2666 3978 ejus
2696 3922 2908 3970 amore,
2942 3908 3011 3964 ad
3048 3908 3229 3978 ipsam
3289 3910 3490 3966 urbem
3551 3911 3648 3966 Sa-

1959 3999 2227 4054 lesberias
2251 3997 2762 4067 proﬁcisceremur.
3405 4065 3408 4072 ἴ

2027 4087 2166 4142 Tam
2200 4085 2377 4155 ipsius
2406 4099 2545 4155 ergo
2591 4099 2767 4155 quam
2815 4085 2989 4141 totius
3021 4085 3200 4155 plebis
3243 4085 3299 4140 id
3331 4085 3514 4156 ipsum
3546 4101 3650 4142 ex-

1891 4173 2175 4231 Dorantis
2243 4174 2652 4230 satisfacientes
2726 4174 3014 4244 precibus,
3085 4181 3208 4244 post
3267 4175 3457 4230 decem
3534 4175 3652 4231 dies

1958 4263 2168 4334 egressi
2200 4263 2268 4318 de
2312 4264 2646 4330 Essecestra,
2684 4271 2738 4319 et
2786 4262 3182 4332 retrogradum
3220 4264 3324 4319 iter
3370 4265 3649 4334 arripien-

1959 4360 2063 4421 tes,
2129 4352 2197 4408 ad
2263 4353 2444 4422 ipsam
2503 4352 2704 4408 urbem
2766 4352 2997 4408 tendere
3052 4352 3349 4422 coepimus.
3407 4353 3478 4408 Et
3523 4365 3651 4408 ecce

1959 4439 2075 4509 ipse
2116 4441 2334 4495 itineris
2387 4440 2606 4510 peritus
2642 4440 2905 4496 vehiculo
2943 4439 3144 4494 sedens
3185 4439 3306 4508 jam
3365 4453 3648 4508 processe-

1959 4535 2066 4594 rat,
2099 4535 2153 4582 et
2200 4529 2258 4583 in
2309 4528 2426 4597 ipso
2467 4529 2746 4599 principio
2791 4529 3150 4599 episcopatus
3195 4542 3298 4584 nos
3355 4529 3647 4597 operieba-

1957 4623 2074 4671 tur.
2126 4616 2238 4672 Vix
2283 4625 2473 4672 autem
2543 4619 2710 4674 nobis
2774 4617 3042 4689 ingressis
3099 4617 3349 4686 primum
3397 4617 3647 4673 stadium

1956 4702 2336 4772 episcopatus,
2387 4716 2516 4759 ecce
2563 4703 2683 4774 ipse
2730 4705 2830 4774 qui
2887 4711 3266 4774 praecesserat,
3317 4718 3448 4758 cum
3486 4705 3649 4759 vehi-

1957 4791 2086 4846 culo
2169 4791 2456 4856 occurrit;
2533 4793 2842 4862 statimque
2917 4793 3074 4849 velut
3153 4792 3392 4848 Domina
3459 4801 3652 4848 nostra

1958 4878 2185 4933 nolente
2221 4893 2352 4932 eum
2401 4879 2640 4934 ulterius
2707 4879 2955 4951 fatigari,
3009 4881 3252 4950 perfecte
3299 4888 3535 4936 curatus
3581 4882 3651 4936 de

1957 4965 2246 5023 curriculo
2283 4967 2548 5034 exsilivit,
2582 4975 2636 5022 et
2681 4969 2950 5025 omnibus
2995 4970 3098 5039 qui
3132 4970 3391 5040 undique
3420 4983 3653 5025 cernen-

1958 5059 2112 5115 tibus
2132 5054 2512 5121 conﬂuebant,
2546 5057 2615 5112 ad
2637 5054 2911 5111 feretrum
2943 5058 3157 5127 gratias
3193 5072 3371 5128 agens
3415 5058 3475 5113 in
3526 5071 3652 5115 me-

1959 5146 2054 5202 dia
2083 5145 2179 5199 via
2208 5143 2484 5200 cucurrit.
2519 5145 2578 5198 In
2613 5143 2716 5198 hoc
2747 5156 2946 5198 revera
2995 5144 3302 5212 probatum
3343 5152 3426 5201 est
3483 5145 3646 5212 illud,

1960 5233 2111 5303 quod
2145 5245 2323 5301 supra
2348 5231 2621 5297 diximus,
2670 5229 2897 5285 nullum
2939 5238 3106 5285 extra
3149 5246 3318 5287 suum
3361 5232 3652 5302 episcopa-

1961 5328 2082 5376 tum
2132 5321 2382 5389 potuisse
2429 5317 2642 5373 sanari.
2695 5315 2832 5372 Inde
2879 5331 3037 5386 ergo,
3097 5318 3245 5374 sicut
3308 5320 3649 5389 dispositum

1961 5406 2168 5471 fuerat,
2218 5407 2289 5462 ad
2360 5405 2540 5475 ipsam
2604 5403 2808 5461 urbem
2871 5402 3214 5461 Salesberias
3282 5405 3651 5474 pervenimus
