  <div class='ocr_page' id='page_1' title='image "/cluster/home/n/w/nwhite01/storage/ocr_20150623/156/hvd.32044054760145/497.png"; bbox 0 0 3922 6080; ppageno 0'>
   <div class='ocr_carea' id='block_1_1' title="bbox 277 254 381 313">
    <p class='ocr_par' dir='ltr' id='par_1_1' title="bbox 277 254 381 313">
     <span class='ocr_line' id='line_1_1' title="bbox 277 254 381 313; baseline 0 -1"><span class='ocrx_word' id='word_1_1' title='bbox 277 254 381 313; x_wconf 85' lang='grc'><strong>983</strong></span> 
     </span>
    </p>
   </div>
   <div class='ocr_carea' id='block_1_2' title="bbox 1198 249 2817 309">
    <p class='ocr_par' dir='ltr' id='par_1_2' title="bbox 1198 249 2817 309">
     <span class='ocr_line' id='line_1_2' title="bbox 1198 249 2817 309; baseline -0.002 0"><span class='ocrx_word' id='word_1_2' title='bbox 1198 253 1491 309; x_wconf 84' lang='lat' dir='ltr'><strong>APPEND.</strong></span> <span class='ocrx_word' id='word_1_3' title='bbox 1531 253 1627 307; x_wconf 85' lang='lat' dir='ltr'><strong>AD</strong></span> <span class='ocrx_word' id='word_1_4' title='bbox 1665 251 1799 307; x_wconf 87' lang='lat' dir='ltr'><strong>LIB.</strong></span> <span class='ocrx_word' id='word_1_5' title='bbox 1843 252 1925 309; x_wconf 84' lang='lat' dir='ltr'><strong>III</strong></span> <span class='ocrx_word' id='word_1_6' title='bbox 1965 251 2294 308; x_wconf 81' lang='lat' dir='ltr'><strong>GUIBERTI</strong></span> <span class='ocrx_word' id='word_1_7' title='bbox 2331 250 2423 306; x_wconf 88' lang='lat' dir='ltr'><strong>DE</strong></span> <span class='ocrx_word' id='word_1_8' title='bbox 2463 249 2626 307; x_wconf 79' lang='lat' dir='ltr'><strong>VITA</strong></span> <span class='ocrx_word' id='word_1_9' title='bbox 2661 249 2817 308; x_wconf 75' lang='lat' dir='ltr'><strong>SUA.</strong></span> 
     </span>
    </p>
   </div>
   <div class='ocr_carea' id='block_1_3' title="bbox 3677 249 3787 305">
    <p class='ocr_par' dir='ltr' id='par_1_3' title="bbox 3677 249 3787 305">
     <span class='ocr_line' id='line_1_3' title="bbox 3677 249 3787 305; baseline 0.018 -2"><span class='ocrx_word' id='word_1_10' title='bbox 3677 249 3787 305; x_wconf 76' lang='grc'><strong>984</strong></span> 
     </span>
    </p>
   </div>
   <div class='ocr_carea' id='block_1_4' title="bbox 278 380 3797 455">
    <p class='ocr_par' dir='ltr' id='par_1_4' title="bbox 278 380 3797 455">
     <span class='ocr_line' id='line_1_4' title="bbox 278 380 3797 455; baseline -0.002 -11"><span class='ocrx_word' id='word_1_11' title='bbox 278 386 382 445; x_wconf 90' lang='lat' dir='ltr'><strong>ubi</strong></span> <span class='ocrx_word' id='word_1_12' title='bbox 410 385 721 444; x_wconf 87' lang='lat' dir='ltr'><strong>honoriﬁce</strong></span> <span class='ocrx_word' id='word_1_13' title='bbox 749 383 995 455; x_wconf 75' lang='lat' dir='ltr'><strong>suscepti</strong></span> <span class='ocrx_word' id='word_1_14' title='bbox 1023 397 1227 439; x_wconf 91' lang='lat' dir='ltr'><strong>sumus</strong></span> <span class='ocrx_word' id='word_1_15' title='bbox 1253 382 1326 439; x_wconf 92' lang='lat' dir='ltr'><strong>ab</strong></span> <span class='ocrx_word' id='word_1_16' title='bbox 1353 381 1620 454; x_wconf 90' lang='lat' dir='ltr'><strong>episcopo</strong></span> <span class='ocrx_word' id='word_1_17' title='bbox 1652 381 1833 453; x_wconf 86' lang='lat' dir='ltr'><strong>ipsius</strong></span> <span class='ocrx_word' id='word_1_18' title='bbox 1860 395 1968 439; x_wconf 90' lang='lat' dir='ltr'><strong>ur—</strong></span> <span class='ocrx_word' id='word_1_19' title='bbox 2003 385 2053 439; x_wconf 81' lang='grc' dir='ltr'><strong>Α</strong></span> <span class='ocrx_word' id='word_1_20' title='bbox 2079 381 2413 453; x_wconf 92' lang='lat' dir='ltr'><strong>nistaplum,</strong></span> <span class='ocrx_word' id='word_1_21' title='bbox 2446 380 2547 438; x_wconf 93' lang='lat' dir='ltr'><strong>ubi</strong></span> <span class='ocrx_word' id='word_1_22' title='bbox 2621 381 2891 438; x_wconf 89' lang='lat' dir='ltr'><strong>manebat</strong></span> <span class='ocrx_word' id='word_1_23' title='bbox 2935 380 3173 451; x_wconf 92' lang='lat' dir='ltr'><strong>quidam</strong></span> <span class='ocrx_word' id='word_1_24' title='bbox 3222 380 3504 451; x_wconf 86' lang='lat' dir='ltr'><strong>princeps,</strong></span> <span class='ocrx_word' id='word_1_25' title='bbox 3556 380 3797 437; x_wconf 84' lang='lat' dir='ltr'><strong>nomine</strong></span> 
     </span>
    </p>
   </div>
   <div class='ocr_carea' id='block_1_5' title="bbox 280 469 1976 546">
    <p class='ocr_par' dir='ltr' id='par_1_5' title="bbox 280 469 1976 546">
     <span class='ocr_line' id='line_1_5' title="bbox 280 469 1976 546; baseline -0.005 -13"><span class='ocrx_word' id='word_1_26' title='bbox 280 476 388 544; x_wconf 92' lang='lat' dir='ltr'><strong>bis,</strong></span> <span class='ocrx_word' id='word_1_27' title='bbox 417 489 519 546; x_wconf 91' lang='lat' dir='ltr'><strong>pro</strong></span> <span class='ocrx_word' id='word_1_28' title='bbox 549 474 749 531; x_wconf 78' lang='lat' dir='ltr'><strong>notitia</strong></span> <span class='ocrx_word' id='word_1_29' title='bbox 795 471 1053 543; x_wconf 77' lang='lat' dir='ltr'><strong>magistri</strong></span> <span class='ocrx_word' id='word_1_30' title='bbox 1084 471 1356 539; x_wconf 83' lang='lat' dir='ltr'><strong>Anselmi,</strong></span> <span class='ocrx_word' id='word_1_31' title='bbox 1409 469 1687 542; x_wconf 90' lang='lat' dir='ltr'><strong>quoniam</strong></span> <span class='ocrx_word' id='word_1_32' title='bbox 1744 471 1976 542; x_wconf 84' lang='lat' dir='ltr'><strong>cognati</strong></span> 
     </span>
    </p>
   </div>
   <div class='ocr_carea' id='block_1_6' title="bbox 281 558 1977 635">
    <p class='ocr_par' dir='ltr' id='par_1_6' title="bbox 281 558 1977 635">
     <span class='ocr_line' id='line_1_6' title="bbox 281 558 1977 635; baseline -0.003 -14"><span class='ocrx_word' id='word_1_33' title='bbox 281 564 410 635; x_wconf 88' lang='lat' dir='ltr'><strong>ejus</strong></span> <span class='ocrx_word' id='word_1_34' title='bbox 462 561 789 618; x_wconf 81' lang='lat' dir='ltr'><strong>Alexander</strong></span> <span class='ocrx_word' id='word_1_35' title='bbox 826 567 882 616; x_wconf 92' lang='lat' dir='ltr'><strong>et</strong></span> <span class='ocrx_word' id='word_1_36' title='bbox 937 559 1198 630; x_wconf 85' lang='lat' dir='ltr'><strong>Nigellus</strong></span> <span class='ocrx_word' id='word_1_37' title='bbox 1262 559 1334 615; x_wconf 91' lang='lat' dir='ltr'><strong>ad</strong></span> <span class='ocrx_word' id='word_1_38' title='bbox 1382 558 1637 615; x_wconf 83' lang='lat' dir='ltr'><strong>scholam</strong></span> <span class='ocrx_word' id='word_1_39' title='bbox 1704 560 1831 630; x_wconf 97' lang='lat' dir='ltr'><strong>ejus</strong></span> <span class='ocrx_word' id='word_1_40' title='bbox 1874 560 1977 616; x_wconf 90' lang='lat' dir='ltr'><strong>diu</strong></span> 
     </span>
    </p>
   </div>
   <div class='ocr_carea' id='block_1_7' title="bbox 281 649 930 710">
    <p class='ocr_par' dir='ltr' id='par_1_7' title="bbox 281 649 930 710">
     <span class='ocr_line' id='line_1_7' title="bbox 281 649 930 710; baseline -0.011 0"><span class='ocrx_word' id='word_1_41' title='bbox 281 659 612 710; x_wconf 83' lang='lat' dir='ltr'><strong>manserant</strong></span> <span class='ocrx_word' id='word_1_42' title='bbox 646 649 930 707; x_wconf 88' lang='lat' dir='ltr'><strong>Lauduni.</strong></span> 
     </span>
    </p>
   </div>
   <div class='ocr_carea' id='block_1_8' title="bbox 283 735 1981 809">
    <p class='ocr_par' dir='ltr' id='par_1_8' title="bbox 283 735 1981 809">
     <span class='ocr_line' id='line_1_8' title="bbox 283 735 1981 809; baseline -0.004 -11"><span class='ocrx_word' id='word_1_43' title='bbox 283 742 415 798; x_wconf 81' lang='lat' dir='ltr'><strong>CAP.</strong></span> <span class='ocrx_word' id='word_1_44' title='bbox 446 740 598 797; x_wconf 94' lang='lat' dir='ltr'><strong>XIV.</strong></span> <span class='ocrx_word' id='word_1_45' title='bbox 630 769 702 780; x_wconf 95' lang='lat'><strong>—</strong></span> <span class='ocrx_word' id='word_1_46' title='bbox 730 740 819 794; x_wconf 86' lang='lat' dir='ltr'><strong>De</strong></span> <span class='ocrx_word' id='word_1_47' title='bbox 827 735 1210 807; x_wconf 74' lang='lat' dir='ltr'><strong>febricitante</strong></span> <span class='ocrx_word' id='word_1_48' title='bbox 1227 740 1428 791; x_wconf 79' lang='lat' dir='ltr'><strong>curato</strong></span> <span class='ocrx_word' id='word_1_49' title='bbox 1445 736 1601 809; x_wconf 84' lang='lat' dir='ltr'><strong>apud</strong></span> <span class='ocrx_word' id='word_1_50' title='bbox 1639 735 1981 794; x_wconf 75' lang='lat' dir='ltr'><strong>Wiltoniam</strong></span> 
     </span>
    </p>
   </div>
   <div class='ocr_carea' id='block_1_9' title="bbox 703 823 1570 883">
    <p class='ocr_par' dir='ltr' id='par_1_9' title="bbox 703 823 1570 883">
     <span class='ocr_line' id='line_1_9' title="bbox 703 823 1570 883; baseline -0.005 0"><span class='ocrx_word' id='word_1_51' title='bbox 703 825 997 883; x_wconf 77' lang='lat' dir='ltr'><strong>abbafiam</strong></span> <span class='ocrx_word' id='word_1_52' title='bbox 1017 823 1570 881; x_wconf 72' lang='lat' dir='ltr'><strong>sanctimonialium.</strong></span> 
     </span>
    </p>
   </div>
   <div class='ocr_carea' id='block_1_10' title="bbox 352 914 1983 985">
    <p class='ocr_par' dir='ltr' id='par_1_10' title="bbox 352 914 1983 985">
     <span class='ocr_line' id='line_1_10' title="bbox 352 914 1983 985; baseline -0.004 -10"><span class='ocrx_word' id='word_1_53' title='bbox 352 918 554 975; x_wconf 81' lang='lat' dir='ltr'><strong>Postea</strong></span> <span class='ocrx_word' id='word_1_54' title='bbox 582 915 850 973; x_wconf 89' lang='lat' dir='ltr'><strong>venimus</strong></span> <span class='ocrx_word' id='word_1_55' title='bbox 873 916 946 971; x_wconf 93' lang='lat' dir='ltr'><strong>ad</strong></span> <span class='ocrx_word' id='word_1_56' title='bbox 976 915 1288 985; x_wconf 89' lang='lat' dir='ltr'><strong>quamdam</strong></span> <span class='ocrx_word' id='word_1_57' title='bbox 1333 914 1621 970; x_wconf 91' lang='lat' dir='ltr'><strong>abbatiam</strong></span> <span class='ocrx_word' id='word_1_58' title='bbox 1671 914 1983 970; x_wconf 84' lang='lat' dir='ltr'><strong>sanctimo—</strong></span> 
     </span>
    </p>
   </div>
   <div class='ocr_carea' id='block_1_11' title="bbox 283 1001 1982 1075">
    <p class='ocr_par' dir='ltr' id='par_1_11' title="bbox 283 1001 1982 1075">
     <span class='ocr_line' id='line_1_11' title="bbox 283 1001 1982 1075; baseline -0.003 -13"><span class='ocrx_word' id='word_1_59' title='bbox 283 1005 547 1074; x_wconf 90' lang='lat' dir='ltr'><strong>nialium,</strong></span> <span class='ocrx_word' id='word_1_60' title='bbox 595 1018 726 1075; x_wconf 67' lang='lat' dir='ltr'><strong>quae</strong></span> <span class='ocrx_word' id='word_1_61' title='bbox 773 1011 1016 1059; x_wconf 88' lang='lat' dir='ltr'><strong>vocatur</strong></span> <span class='ocrx_word' id='word_1_62' title='bbox 1075 1001 1363 1070; x_wconf 88' lang='lat' dir='ltr'><strong>Wiltonia,</strong></span> <span class='ocrx_word' id='word_1_63' title='bbox 1417 1002 1515 1057; x_wconf 92' lang='lat' dir='ltr'><strong>ubi</strong></span> <span class='ocrx_word' id='word_1_64' title='bbox 1567 1002 1735 1057; x_wconf 90' lang='lat' dir='ltr'><strong>nobis</strong></span> <span class='ocrx_word' id='word_1_65' title='bbox 1793 1009 1982 1057; x_wconf 91' lang='lat' dir='ltr'><strong>osten-</strong></span> 
     </span>
    </p>
   </div>
   <div class='ocr_carea' id='block_1_12' title="bbox 283 1089 1980 1163">
    <p class='ocr_par' dir='ltr' id='par_1_12' title="bbox 283 1089 1980 1163">
     <span class='ocr_line' id='line_1_12' title="bbox 283 1089 1980 1163; baseline -0.004 -12"><span class='ocrx_word' id='word_1_66' title='bbox 283 1095 493 1163; x_wconf 86' lang='lat' dir='ltr'><strong>derunt</strong></span> <span class='ocrx_word' id='word_1_67' title='bbox 560 1091 918 1162; x_wconf 85' lang='lat' dir='ltr'><strong>sepulturam</strong></span> <span class='ocrx_word' id='word_1_68' title='bbox 995 1089 1340 1146; x_wconf 87' lang='lat' dir='ltr'><strong>venerabilis</strong></span> <span class='ocrx_word' id='word_1_69' title='bbox 1401 1090 1563 1145; x_wconf 76' lang='lat' dir='ltr'><strong>Bedae</strong></span> <span class='ocrx_word' id='word_1_70' title='bbox 1646 1090 1980 1161; x_wconf 86' lang='lat' dir='ltr'><strong>presbyteri,</strong></span> 
     </span>
    </p>
   </div>
   <div class='ocr_carea' id='block_1_13' title="bbox 282 1177 1985 1254">
    <p class='ocr_par' dir='ltr' id='par_1_13' title="bbox 282 1177 1985 1254">
     <span class='ocr_line' id='line_1_13' title="bbox 282 1177 1985 1254; baseline -0.004 -16"><span class='ocrx_word' id='word_1_71' title='bbox 282 1180 498 1254; x_wconf 83' lang='lat' dir='ltr'><strong>egregii</strong></span> <span class='ocrx_word' id='word_1_72' title='bbox 561 1179 848 1249; x_wconf 87' lang='lat' dir='ltr'><strong>doctoris;</strong></span> <span class='ocrx_word' id='word_1_73' title='bbox 905 1192 1079 1248; x_wconf 89' lang='lat' dir='ltr'><strong>prope</strong></span> <span class='ocrx_word' id='word_1_74' title='bbox 1141 1192 1313 1247; x_wconf 89' lang='lat' dir='ltr'><strong>quem</strong></span> <span class='ocrx_word' id='word_1_75' title='bbox 1369 1177 1592 1247; x_wconf 89' lang='lat' dir='ltr'><strong>sepulta</strong></span> <span class='ocrx_word' id='word_1_76' title='bbox 1637 1185 1721 1233; x_wconf 91' lang='lat' dir='ltr'><strong>est</strong></span> <span class='ocrx_word' id='word_1_77' title='bbox 1773 1178 1985 1247; x_wconf 91' lang='lat' dir='ltr'><strong>inclyta</strong></span> 
     </span>
    </p>
   </div>
   <div class='ocr_carea' id='block_1_14' title="bbox 282 1264 1982 1338">
    <p class='ocr_par' dir='ltr' id='par_1_14' title="bbox 282 1264 1982 1338">
     <span class='ocr_line' id='line_1_14' title="bbox 282 1264 1982 1338; baseline -0.005 -12"><span class='ocrx_word' id='word_1_78' title='bbox 282 1268 684 1337; x_wconf 79' lang='lat' dir='ltr'><strong>versiﬁcatrix,</strong></span> <span class='ocrx_word' id='word_1_79' title='bbox 718 1280 850 1338; x_wconf 63' lang='lat' dir='ltr'><strong>qua</strong></span> <span class='ocrx_word' id='word_1_80' title='bbox 880 1266 1110 1336; x_wconf 88' lang='lat' dir='ltr'><strong>proprio</strong></span> <span class='ocrx_word' id='word_1_81' title='bbox 1143 1266 1372 1321; x_wconf 90' lang='lat' dir='ltr'><strong>nomine</strong></span> <span class='ocrx_word' id='word_1_82' title='bbox 1402 1274 1605 1321; x_wconf 89' lang='lat' dir='ltr'><strong>vocata</strong></span> <span class='ocrx_word' id='word_1_83' title='bbox 1635 1272 1718 1320; x_wconf 91' lang='lat' dir='ltr'><strong>est</strong></span> <span class='ocrx_word' id='word_1_84' title='bbox 1747 1264 1982 1321; x_wconf 89' lang='lat' dir='ltr'><strong>Murier.</strong></span> 
     </span>
    </p>
   </div>
   <div class='ocr_carea' id='block_1_15' title="bbox 283 1354 1987 1427">
    <p class='ocr_par' dir='ltr' id='par_1_15' title="bbox 283 1354 1987 1427">
     <span class='ocr_line' id='line_1_15' title="bbox 283 1354 1987 1427; baseline -0.003 -12"><span class='ocrx_word' id='word_1_85' title='bbox 283 1358 528 1426; x_wconf 87' lang='lat' dir='ltr'><strong>Quidam</strong></span> <span class='ocrx_word' id='word_1_86' title='bbox 585 1371 659 1413; x_wconf 84' lang='lat' dir='ltr'><strong>ex</strong></span> <span class='ocrx_word' id='word_1_87' title='bbox 716 1356 887 1427; x_wconf 90' lang='lat' dir='ltr'><strong>longo</strong></span> <span class='ocrx_word' id='word_1_88' title='bbox 939 1362 1189 1424; x_wconf 89' lang='lat' dir='ltr'><strong>tempore</strong></span> <span class='ocrx_word' id='word_1_89' title='bbox 1256 1355 1584 1411; x_wconf 81' lang='lat' dir='ltr'><strong>febricitans</strong></span> <span class='ocrx_word' id='word_1_90' title='bbox 1640 1354 1868 1425; x_wconf 89' lang='lat' dir='ltr'><strong>jacebat</strong></span> <span class='ocrx_word' id='word_1_91' title='bbox 1914 1355 1987 1410; x_wconf 91' lang='lat' dir='ltr'><strong>ad</strong></span> 
     </span>
    </p>
   </div>
   <div class='ocr_carea' id='block_1_16' title="bbox 284 1443 1988 1517">
    <p class='ocr_par' dir='ltr' id='par_1_16' title="bbox 284 1443 1988 1517">
     <span class='ocr_line' id='line_1_16' title="bbox 284 1443 1988 1517; baseline -0.004 -13"><span class='ocrx_word' id='word_1_92' title='bbox 284 1447 612 1517; x_wconf 86' lang='lat' dir='ltr'><strong>sepulcrum</strong></span> <span class='ocrx_word' id='word_1_93' title='bbox 658 1443 1004 1500; x_wconf 90' lang='lat' dir='ltr'><strong>venerabilis</strong></span> <span class='ocrx_word' id='word_1_94' title='bbox 1050 1443 1214 1498; x_wconf 73' lang='lat' dir='ltr'><strong>Bedae</strong></span> <span class='ocrx_word' id='word_1_95' title='bbox 1244 1443 1580 1513; x_wconf 85' lang='lat' dir='ltr'><strong>presbyteri,</strong></span> <span class='ocrx_word' id='word_1_96' title='bbox 1628 1443 1726 1498; x_wconf 91' lang='lat' dir='ltr'><strong>ubi</strong></span> <span class='ocrx_word' id='word_1_97' title='bbox 1773 1457 1988 1513; x_wconf 90' lang='lat' dir='ltr'><strong>quam-</strong></span> 
     </span>
    </p>
   </div>
   <div class='ocr_carea' id='block_1_17' title="bbox 284 1531 1989 1606">
    <p class='ocr_par' dir='ltr' id='par_1_17' title="bbox 284 1531 1989 1606">
     <span class='ocr_line' id='line_1_17' title="bbox 284 1531 1989 1606; baseline -0.003 -15"><span class='ocrx_word' id='word_1_98' title='bbox 284 1535 479 1606; x_wconf 92' lang='lat' dir='ltr'><strong>plures</strong></span> <span class='ocrx_word' id='word_1_99' title='bbox 507 1540 924 1589; x_wconf 88' lang='lat' dir='ltr'><strong>consueverant</strong></span> <span class='ocrx_word' id='word_1_100' title='bbox 974 1532 1188 1587; x_wconf 87' lang='lat' dir='ltr'><strong>sanari.</strong></span> <span class='ocrx_word' id='word_1_101' title='bbox 1235 1531 1449 1587; x_wconf 91' lang='lat' dir='ltr'><strong>Eadem</strong></span> <span class='ocrx_word' id='word_1_102' title='bbox 1499 1540 1662 1587; x_wconf 82' lang='lat' dir='ltr'><strong>nocte</strong></span> <span class='ocrx_word' id='word_1_103' title='bbox 1708 1532 1989 1587; x_wconf 90' lang='lat' dir='ltr'><strong>adventus</strong></span> 
     </span>
    </p>
   </div>
   <div class='ocr_carea' id='block_1_18' title="bbox 284 1620 1985 1691">
    <p class='ocr_par' dir='ltr' id='par_1_18' title="bbox 284 1620 1985 1691">
     <span class='ocr_line' id='line_1_18' title="bbox 284 1620 1985 1691; baseline -0.003 -12"><span class='ocrx_word' id='word_1_104' title='bbox 284 1623 467 1679; x_wconf 91' lang='lat' dir='ltr'><strong>nostri</strong></span> <span class='ocrx_word' id='word_1_105' title='bbox 504 1621 769 1691; x_wconf 88' lang='lat' dir='ltr'><strong>apparuit</strong></span> <span class='ocrx_word' id='word_1_106' title='bbox 804 1621 855 1677; x_wconf 93' lang='lat' dir='ltr'><strong>ei</strong></span> <span class='ocrx_word' id='word_1_107' title='bbox 906 1620 965 1675; x_wconf 90' lang='lat' dir='ltr'><strong>in</strong></span> <span class='ocrx_word' id='word_1_108' title='bbox 1015 1620 1232 1676; x_wconf 92' lang='lat' dir='ltr'><strong>somnis</strong></span> <span class='ocrx_word' id='word_1_109' title='bbox 1288 1620 1504 1676; x_wconf 83' lang='lat' dir='ltr'><strong>Murier</strong></span> <span class='ocrx_word' id='word_1_110' title='bbox 1543 1620 1642 1675; x_wconf 93' lang='lat' dir='ltr'><strong>illa</strong></span> <span class='ocrx_word' id='word_1_111' title='bbox 1687 1620 1985 1675; x_wconf 85' lang='lat' dir='ltr'><strong>versifica-</strong></span> 
     </span>
    </p>
   </div>
   <div class='ocr_carea' id='block_1_19' title="bbox 287 1708 1987 1778">
    <p class='ocr_par' dir='ltr' id='par_1_19' title="bbox 287 1708 1987 1778">
     <span class='ocr_line' id='line_1_19' title="bbox 287 1708 1987 1778; baseline -0.002 -12"><span class='ocrx_word' id='word_1_112' title='bbox 287 1711 423 1778; x_wconf 85' lang='lat' dir='ltr'><strong>trix,</strong></span> <span class='ocrx_word' id='word_1_113' title='bbox 483 1710 676 1766; x_wconf 91' lang='lat' dir='ltr'><strong>dicens</strong></span> <span class='ocrx_word' id='word_1_114' title='bbox 723 1709 815 1765; x_wconf 91' lang='lat' dir='ltr'><strong>ei:</strong></span> <span class='ocrx_word' id='word_1_115' title='bbox 866 1709 994 1765; x_wconf 85' lang='lat' dir='ltr'><strong>Non</strong></span> <span class='ocrx_word' id='word_1_116' title='bbox 1045 1715 1201 1778; x_wconf 90' lang='lat' dir='ltr'><strong>potes</strong></span> <span class='ocrx_word' id='word_1_117' title='bbox 1251 1709 1343 1764; x_wconf 89' lang='lat' dir='ltr'><strong>hic</strong></span> <span class='ocrx_word' id='word_1_118' title='bbox 1398 1708 1563 1764; x_wconf 91' lang='lat' dir='ltr'><strong>modo</strong></span> <span class='ocrx_word' id='word_1_119' title='bbox 1633 1722 1729 1777; x_wconf 92' lang='lat' dir='ltr'><strong>per</strong></span> <span class='ocrx_word' id='word_1_120' title='bbox 1777 1708 1987 1763; x_wconf 91' lang='lat' dir='ltr'><strong>Bedam</strong></span> 
     </span>
    </p>
   </div>
   <div class='ocr_carea' id='block_1_20' title="bbox 286 1796 1984 1869">
    <p class='ocr_par' dir='ltr' id='par_1_20' title="bbox 286 1796 1984 1869">
     <span class='ocr_line' id='line_1_20' title="bbox 286 1796 1984 1869; baseline -0.002 -15"><span class='ocrx_word' id='word_1_121' title='bbox 286 1798 500 1863; x_wconf 90' lang='lat' dir='ltr'><strong>sanari,</strong></span> <span class='ocrx_word' id='word_1_122' title='bbox 534 1798 812 1869; x_wconf 90' lang='lat' dir='ltr'><strong>quoniam</strong></span> <span class='ocrx_word' id='word_1_123' title='bbox 844 1798 1011 1853; x_wconf 89' lang='lat' dir='ltr'><strong>beata</strong></span> <span class='ocrx_word' id='word_1_124' title='bbox 1042 1796 1267 1852; x_wconf 90' lang='lat' dir='ltr'><strong>Domini</strong></span> <span class='ocrx_word' id='word_1_125' title='bbox 1298 1797 1478 1852; x_wconf 87' lang='lat' dir='ltr'><strong>Mater</strong></span> <span class='ocrx_word' id='word_1_126' title='bbox 1524 1797 1595 1851; x_wconf 91' lang='lat' dir='ltr'><strong>ad</strong></span> <span class='ocrx_word' id='word_1_127' title='bbox 1628 1811 1734 1851; x_wconf 92' lang='lat' dir='ltr'><strong>nos</strong></span> <span class='ocrx_word' id='word_1_128' title='bbox 1753 1797 1984 1852; x_wconf 91' lang='lat' dir='ltr'><strong>descen-</strong></span> 
     </span>
    </p>
   </div>
   <div class='ocr_carea' id='block_1_21' title="bbox 287 1884 1989 1953">
    <p class='ocr_par' dir='ltr' id='par_1_21' title="bbox 287 1884 1989 1953">
     <span class='ocr_line' id='line_1_21' title="bbox 287 1884 1989 1953; baseline -0.001 -11"><span class='ocrx_word' id='word_1_129' title='bbox 287 1886 389 1942; x_wconf 91' lang='lat' dir='ltr'><strong>dit.</strong></span> <span class='ocrx_word' id='word_1_130' title='bbox 453 1885 615 1953; x_wconf 87' lang='lat' dir='ltr'><strong>Quod</strong></span> <span class='ocrx_word' id='word_1_131' title='bbox 669 1901 801 1941; x_wconf 88' lang='lat' dir='ltr'><strong>cum</strong></span> <span class='ocrx_word' id='word_1_132' title='bbox 848 1885 1015 1941; x_wconf 91' lang='lat' dir='ltr'><strong>nobis</strong></span> <span class='ocrx_word' id='word_1_133' title='bbox 1060 1885 1120 1940; x_wconf 89' lang='lat' dir='ltr'><strong>in</strong></span> <span class='ocrx_word' id='word_1_134' title='bbox 1166 1884 1417 1940; x_wconf 90' lang='lat' dir='ltr'><strong>crastino</strong></span> <span class='ocrx_word' id='word_1_135' title='bbox 1464 1885 1771 1952; x_wconf 87' lang='lat' dir='ltr'><strong>retulisset,</strong></span> <span class='ocrx_word' id='word_1_136' title='bbox 1818 1892 1874 1940; x_wconf 92' lang='lat' dir='ltr'><strong>et</strong></span> <span class='ocrx_word' id='word_1_137' title='bbox 1916 1899 1989 1940; x_wconf 81' lang='lat' dir='ltr'><strong>ex</strong></span> 
     </span>
    </p>
   </div>
   <div class='ocr_carea' id='block_1_22' title="bbox 288 1973 1992 2049">
    <p class='ocr_par' dir='ltr' id='par_1_22' title="bbox 288 1973 1992 2049">
     <span class='ocr_line' id='line_1_22' title="bbox 288 1973 1992 2049; baseline -0.001 -18"><span class='ocrx_word' id='word_1_138' title='bbox 288 1989 444 2045; x_wconf 92' lang='lat' dir='ltr'><strong>aqua</strong></span> <span class='ocrx_word' id='word_1_139' title='bbox 493 1974 871 2044; x_wconf 87' lang='lat' dir='ltr'><strong>reliquiarum</strong></span> <span class='ocrx_word' id='word_1_140' title='bbox 938 1973 1185 2030; x_wconf 83' lang='lat' dir='ltr'><strong>lotaruui</strong></span> <span class='ocrx_word' id='word_1_141' title='bbox 1243 1974 1497 2049; x_wconf 89' lang='lat' dir='ltr'><strong>bibisset,</strong></span> <span class='ocrx_word' id='word_1_142' title='bbox 1551 1973 1699 2029; x_wconf 84' lang='lat' dir='ltr'><strong>illico</strong></span> <span class='ocrx_word' id='word_1_143' title='bbox 1754 1980 1992 2030; x_wconf 87' lang='lat' dir='ltr'><strong>sanatus</strong></span> 
     </span>
    </p>
   </div>
   <div class='ocr_carea' id='block_1_23' title="bbox 287 2062 1991 2132">
    <p class='ocr_par' dir='ltr' id='par_1_23' title="bbox 287 2062 1991 2132">
     <span class='ocr_line' id='line_1_23' title="bbox 287 2062 1991 2132; baseline -0.001 -13"><span class='ocrx_word' id='word_1_144' title='bbox 287 2071 390 2119; x_wconf 91' lang='lat' dir='ltr'><strong>est.</strong></span> <span class='ocrx_word' id='word_1_145' title='bbox 465 2063 696 2119; x_wconf 82' lang='lat' dir='ltr'><strong>Reversi</strong></span> <span class='ocrx_word' id='word_1_146' title='bbox 745 2076 945 2118; x_wconf 90' lang='lat' dir='ltr'><strong>sumus</strong></span> <span class='ocrx_word' id='word_1_147' title='bbox 1004 2075 1106 2132; x_wconf 92' lang='lat' dir='ltr'><strong>per</strong></span> <span class='ocrx_word' id='word_1_148' title='bbox 1173 2062 1574 2128; x_wconf 79' lang='lat' dir='ltr'><strong>Essecestram,</strong></span> <span class='ocrx_word' id='word_1_149' title='bbox 1627 2075 1740 2117; x_wconf 93' lang='lat' dir='ltr'><strong>non</strong></span> <span class='ocrx_word' id='word_1_150' title='bbox 1802 2070 1991 2118; x_wconf 90' lang='lat' dir='ltr'><strong>tamen</strong></span> 
     </span>
    </p>
   </div>
   <div class='ocr_carea' id='block_1_24' title="bbox 290 2150 1986 2221">
    <p class='ocr_par' dir='ltr' id='par_1_24' title="bbox 290 2150 1986 2221">
     <span class='ocr_line' id='line_1_24' title="bbox 290 2150 1986 2221; baseline -0.001 -15"><span class='ocrx_word' id='word_1_151' title='bbox 290 2151 661 2208; x_wconf 90' lang='lat' dir='ltr'><strong>introivimus</strong></span> <span class='ocrx_word' id='word_1_152' title='bbox 708 2151 932 2218; x_wconf 92' lang='lat' dir='ltr'><strong>urbem,</strong></span> <span class='ocrx_word' id='word_1_153' title='bbox 1002 2151 1272 2221; x_wconf 89' lang='lat' dir='ltr'><strong>quamvis</strong></span> <span class='ocrx_word' id='word_1_154' title='bbox 1314 2164 1348 2206; x_wconf 88' lang='lat' dir='ltr'><strong>a</strong></span> <span class='ocrx_word' id='word_1_155' title='bbox 1403 2150 1598 2205; x_wconf 92' lang='lat' dir='ltr'><strong>multis</strong></span> <span class='ocrx_word' id='word_1_156' title='bbox 1630 2163 1986 2221; x_wconf 88' lang='lat' dir='ltr'><strong>rogaremur,</strong></span> 
     </span>
    </p>
   </div>
   <div class='ocr_carea' id='block_1_25' title="bbox 289 2238 1991 2310">
    <p class='ocr_par' dir='ltr' id='par_1_25' title="bbox 289 2238 1991 2310">
     <span class='ocr_line' id='line_1_25' title="bbox 289 2238 1991 2310; baseline -0.001 -15"><span class='ocrx_word' id='word_1_157' title='bbox 289 2253 361 2295; x_wconf 91' lang='lat' dir='ltr'><strong>ne</strong></span> <span class='ocrx_word' id='word_1_158' title='bbox 402 2239 629 2295; x_wconf 88' lang='lat' dir='ltr'><strong>viliores</strong></span> <span class='ocrx_word' id='word_1_159' title='bbox 675 2253 950 2305; x_wconf 88' lang='lat' dir='ltr'><strong>essemus,</strong></span> <span class='ocrx_word' id='word_1_160' title='bbox 984 2238 1259 2307; x_wconf 90' lang='lat' dir='ltr'><strong>quoniam</strong></span> <span class='ocrx_word' id='word_1_161' title='bbox 1294 2240 1415 2310; x_wconf 91' lang='lat' dir='ltr'><strong>jam</strong></span> <span class='ocrx_word' id='word_1_162' title='bbox 1458 2239 1652 2294; x_wconf 89' lang='lat' dir='ltr'><strong>decem</strong></span> <span class='ocrx_word' id='word_1_163' title='bbox 1695 2238 1898 2295; x_wconf 89' lang='lat' dir='ltr'><strong>diebus</strong></span> <span class='ocrx_word' id='word_1_164' title='bbox 1931 2238 1991 2294; x_wconf 91' lang='lat' dir='ltr'><strong>in</strong></span> 
     </span>
    </p>
   </div>
   <div class='ocr_carea' id='block_1_26' title="bbox 289 2341 806 2384">
    <p class='ocr_par' dir='ltr' id='par_1_26' title="bbox 289 2341 806 2384">
     <span class='ocr_line' id='line_1_26' title="bbox 289 2341 806 2384; baseline -0.004 0"><span class='ocrx_word' id='word_1_165' title='bbox 289 2342 357 2384; x_wconf 92' lang='lat' dir='ltr'><strong>ea</strong></span> <span class='ocrx_word' id='word_1_166' title='bbox 389 2341 806 2384; x_wconf 90' lang='lat' dir='ltr'><strong>manseramus.</strong></span> 
     </span>
    </p>
   </div>
   <div class='ocr_carea' id='block_1_27' title="bbox 362 2413 1814 2487">
    <p class='ocr_par' dir='ltr' id='par_1_27' title="bbox 362 2413 1814 2487">
     <span class='ocr_line' id='line_1_27' title="bbox 362 2413 1814 2487; baseline -0.001 -16"><span class='ocrx_word' id='word_1_167' title='bbox 362 2417 491 2472; x_wconf 79' lang='lat' dir='ltr'><strong>CAP.</strong></span> <span class='ocrx_word' id='word_1_168' title='bbox 527 2416 651 2473; x_wconf 88' lang='lat' dir='ltr'><strong>XV.</strong></span> <span class='ocrx_word' id='word_1_169' title='bbox 683 2446 752 2455; x_wconf 92' lang='lat'>—</span> <span class='ocrx_word' id='word_1_170' title='bbox 787 2416 872 2469; x_wconf 87' lang='lat' dir='ltr'><strong>De</strong></span> <span class='ocrx_word' id='word_1_171' title='bbox 892 2415 1092 2487; x_wconf 82' lang='lat' dir='ltr'><strong>puella</strong></span> <span class='ocrx_word' id='word_1_172' title='bbox 1119 2430 1267 2470; x_wconf 74' lang='lat' dir='ltr'><strong>caeca</strong></span> <span class='ocrx_word' id='word_1_173' title='bbox 1289 2414 1633 2470; x_wconf 76' lang='lat' dir='ltr'><strong>illuminata</strong></span> <span class='ocrx_word' id='word_1_174' title='bbox 1657 2413 1814 2486; x_wconf 83' lang='lat' dir='ltr'><strong>apud</strong></span> 
     </span>
    </p>
   </div>
   <div class='ocr_carea' id='block_1_28' title="bbox 913 2502 1385 2558">
    <p class='ocr_par' dir='ltr' id='par_1_28' title="bbox 913 2502 1385 2558">
     <span class='ocr_line' id='line_1_28' title="bbox 913 2502 1385 2558; baseline -0.002 0"><span class='ocrx_word' id='word_1_175' title='bbox 913 2502 1385 2558; x_wconf 76' lang='lat' dir='ltr'><strong>Danavezeriam.</strong></span> 
     </span>
    </p>
   </div>
   <div class='ocr_carea' id='block_1_29' title="bbox 363 2590 1995 2661">
    <p class='ocr_par' dir='ltr' id='par_1_29' title="bbox 363 2590 1995 2661">
     <span class='ocr_line' id='line_1_29' title="bbox 363 2590 1995 2661; baseline -0.002 -12"><span class='ocrx_word' id='word_1_176' title='bbox 363 2592 587 2649; x_wconf 81' lang='lat' dir='ltr'><strong>Exinde</strong></span> <span class='ocrx_word' id='word_1_177' title='bbox 617 2591 884 2649; x_wconf 87' lang='lat' dir='ltr'><strong>venimus</strong></span> <span class='ocrx_word' id='word_1_178' title='bbox 913 2591 972 2646; x_wconf 91' lang='lat' dir='ltr'><strong>in</strong></span> <span class='ocrx_word' id='word_1_179' title='bbox 1020 2590 1372 2661; x_wconf 89' lang='lat' dir='ltr'><strong>provinciam</strong></span> <span class='ocrx_word' id='word_1_180' title='bbox 1415 2604 1547 2659; x_wconf 67' lang='lat' dir='ltr'><strong>quae</strong></span> <span class='ocrx_word' id='word_1_181' title='bbox 1598 2597 1840 2646; x_wconf 88' lang='lat' dir='ltr'><strong>vocatur</strong></span> <span class='ocrx_word' id='word_1_182' title='bbox 1887 2590 1995 2646; x_wconf 91' lang='lat' dir='ltr'><strong>Da-</strong></span> 
     </span>
    </p>
   </div>
   <div class='ocr_carea' id='block_1_30' title="bbox 292 2677 1993 2747">
    <p class='ocr_par' dir='ltr' id='par_1_30' title="bbox 292 2677 1993 2747">
     <span class='ocr_line' id='line_1_30' title="bbox 292 2677 1993 2747; baseline -0.002 -10"><span class='ocrx_word' id='word_1_183' title='bbox 292 2680 626 2747; x_wconf 87' lang='lat' dir='ltr'><strong>navexeria,</strong></span> <span class='ocrx_word' id='word_1_184' title='bbox 696 2679 798 2735; x_wconf 89' lang='lat' dir='ltr'><strong>ubi</strong></span> <span class='ocrx_word' id='word_1_185' title='bbox 874 2680 1248 2735; x_wconf 88' lang='lat' dir='ltr'><strong>ostenderunt</strong></span> <span class='ocrx_word' id='word_1_186' title='bbox 1314 2677 1479 2734; x_wconf 90' lang='lat' dir='ltr'><strong>nobis</strong></span> <span class='ocrx_word' id='word_1_187' title='bbox 1530 2679 1881 2746; x_wconf 87' lang='lat' dir='ltr'><strong>cathedram,</strong></span> <span class='ocrx_word' id='word_1_188' title='bbox 1938 2686 1993 2734; x_wconf 93' lang='lat' dir='ltr'><strong>et</strong></span> 
     </span>
    </p>
   </div>
   <div class='ocr_carea' id='block_1_31' title="bbox 292 2765 1990 2825">
    <p class='ocr_par' dir='ltr' id='par_1_31' title="bbox 292 2765 1990 2825">
     <span class='ocr_line' id='line_1_31' title="bbox 292 2765 1990 2825; baseline -0.002 0"><span class='ocrx_word' id='word_1_189' title='bbox 292 2770 531 2825; x_wconf 91' lang='lat' dir='ltr'><strong>furnum</strong></span> <span class='ocrx_word' id='word_1_190' title='bbox 562 2767 719 2823; x_wconf 92' lang='lat' dir='ltr'><strong>illius</strong></span> <span class='ocrx_word' id='word_1_191' title='bbox 749 2767 948 2822; x_wconf 89' lang='lat' dir='ltr'><strong>famosi</strong></span> <span class='ocrx_word' id='word_1_192' title='bbox 979 2766 1298 2822; x_wconf 90' lang='lat' dir='ltr'><strong>secundum</strong></span> <span class='ocrx_word' id='word_1_193' title='bbox 1330 2765 1556 2822; x_wconf 89' lang='lat' dir='ltr'><strong>fabulas</strong></span> <span class='ocrx_word' id='word_1_194' title='bbox 1583 2766 1990 2822; x_wconf 90' lang='lat' dir='ltr'><strong>Britannorum</strong></span> 
     </span>
    </p>
   </div>
   <div class='ocr_carea' id='block_1_32' title="bbox 292 2855 1992 2926">
    <p class='ocr_par' dir='ltr' id='par_1_32' title="bbox 292 2855 1992 2926">
     <span class='ocr_line' id='line_1_32' title="bbox 292 2855 1992 2926; baseline -0.001 -14"><span class='ocrx_word' id='word_1_195' title='bbox 292 2856 445 2926; x_wconf 87' lang='lat' dir='ltr'><strong>regis</strong></span> <span class='ocrx_word' id='word_1_196' title='bbox 470 2856 685 2922; x_wconf 81' lang='lat' dir='ltr'><strong>Arturi,</strong></span> <span class='ocrx_word' id='word_1_197' title='bbox 736 2856 1034 2925; x_wconf 86' lang='lat' dir='ltr'><strong>ipsamque</strong></span> <span class='ocrx_word' id='word_1_198' title='bbox 1080 2862 1293 2911; x_wconf 86' lang='lat' dir='ltr'><strong>terram</strong></span> <span class='ocrx_word' id='word_1_199' title='bbox 1335 2855 1590 2925; x_wconf 89' lang='lat' dir='ltr'><strong>ejusdem</strong></span> <span class='ocrx_word' id='word_1_200' title='bbox 1642 2855 1839 2910; x_wconf 83' lang='lat' dir='ltr'><strong>Arturi</strong></span> <span class='ocrx_word' id='word_1_201' title='bbox 1870 2869 1992 2911; x_wconf 85' lang='lat' dir='ltr'><strong>esse</strong></span> 
     </span>
    </p>
   </div>
   <div class='ocr_carea' id='block_1_33' title="bbox 2083 469 3795 542">
    <p class='ocr_par' dir='ltr' id='par_1_33' title="bbox 2083 469 3795 542">
     <span class='ocr_line' id='line_1_33' title="bbox 2083 469 3795 542; baseline -0.002 -14"><span class='ocrx_word' id='word_1_202' title='bbox 2083 472 2295 529; x_wconf 81' lang='lat' dir='ltr'><strong>Joellus</strong></span> <span class='ocrx_word' id='word_1_203' title='bbox 2326 472 2397 528; x_wconf 91' lang='lat' dir='ltr'><strong>de</strong></span> <span class='ocrx_word' id='word_1_204' title='bbox 2438 471 2698 540; x_wconf 88' lang='lat' dir='ltr'><strong>Totenes,</strong></span> <span class='ocrx_word' id='word_1_205' title='bbox 2729 471 2901 542; x_wconf 91' lang='lat' dir='ltr'><strong>cujus</strong></span> <span class='ocrx_word' id='word_1_206' title='bbox 2946 484 3100 527; x_wconf 83' lang='lat' dir='ltr'><strong>uxor</strong></span> <span class='ocrx_word' id='word_1_207' title='bbox 3143 478 3267 527; x_wconf 91' lang='lat' dir='ltr'><strong>erat</strong></span> <span class='ocrx_word' id='word_1_208' title='bbox 3298 484 3576 541; x_wconf 88' lang='lat' dir='ltr'><strong>germana</strong></span> <span class='ocrx_word' id='word_1_209' title='bbox 3606 469 3795 527; x_wconf 87' lang='lat' dir='ltr'><strong>Guer-</strong></span> 
     </span>
    </p>
   </div>
   <div class='ocr_carea' id='block_1_34' title="bbox 2087 559 3798 632">
    <p class='ocr_par' dir='ltr' id='par_1_34' title="bbox 2087 559 3798 632">
     <span class='ocr_line' id='line_1_34' title="bbox 2087 559 3798 632; baseline -0.002 -16"><span class='ocrx_word' id='word_1_210' title='bbox 2087 560 2286 617; x_wconf 90' lang='lat' dir='ltr'><strong>mundi</strong></span> <span class='ocrx_word' id='word_1_211' title='bbox 2325 560 2395 616; x_wconf 91' lang='lat' dir='ltr'><strong>de</strong></span> <span class='ocrx_word' id='word_1_212' title='bbox 2436 559 2678 616; x_wconf 87' lang='lat' dir='ltr'><strong>Pinkeni</strong></span> <span class='ocrx_word' id='word_1_213' title='bbox 2726 559 3089 632; x_wconf 79' lang='lat' dir='ltr'><strong>(Pequz&#39;gny).</strong></span> <span class='ocrx_word' id='word_1_214' title='bbox 3125 560 3227 616; x_wconf 88' lang='lat' dir='ltr'><strong>Hic</strong></span> <span class='ocrx_word' id='word_1_215' title='bbox 3274 573 3411 630; x_wconf 86' lang='lat' dir='ltr'><strong>ergo</strong></span> <span class='ocrx_word' id='word_1_216' title='bbox 3442 560 3643 629; x_wconf 89' lang='lat' dir='ltr'><strong>partim</strong></span> <span class='ocrx_word' id='word_1_217' title='bbox 3686 573 3798 629; x_wconf 90' lang='lat' dir='ltr'><strong>pro</strong></span> 
     </span>
    </p>
   </div>
   <div class='ocr_carea' id='block_1_35' title="bbox 2084 647 3801 720">
    <p class='ocr_par' dir='ltr' id='par_1_35' title="bbox 2084 647 3801 720">
     <span class='ocr_line' id='line_1_35' title="bbox 2084 647 3801 720; baseline -0.001 -16"><span class='ocrx_word' id='word_1_218' title='bbox 2084 648 2349 720; x_wconf 84' lang='lat' dir='ltr'><strong>conjugis</strong></span> <span class='ocrx_word' id='word_1_219' title='bbox 2395 662 2515 705; x_wconf 64' lang='lat' dir='ltr'><strong>sum</strong></span> <span class='ocrx_word' id='word_1_220' title='bbox 2568 648 2807 711; x_wconf 79' lang='lat' dir='ltr'><strong>notitia,</strong></span> <span class='ocrx_word' id='word_1_221' title='bbox 2843 663 2974 717; x_wconf 63' lang='lat' dir='ltr'><strong>qua:</strong></span> <span class='ocrx_word' id='word_1_222' title='bbox 3012 648 3081 702; x_wconf 92' lang='lat' dir='ltr'><strong>de</strong></span> <span class='ocrx_word' id='word_1_223' title='bbox 3118 647 3489 703; x_wconf 84' lang='lat' dir='ltr'><strong>Ambianensi</strong></span> <span class='ocrx_word' id='word_1_224' title='bbox 3528 656 3649 704; x_wconf 90' lang='lat' dir='ltr'><strong>erat</strong></span> <span class='ocrx_word' id='word_1_225' title='bbox 3712 661 3801 703; x_wconf 86' lang='lat' dir='ltr'><strong>re-</strong></span> 
     </span>
    </p>
   </div>
   <div class='ocr_carea' id='block_1_36' title="bbox 2087 735 3801 808">
    <p class='ocr_par' dir='ltr' id='par_1_36' title="bbox 2087 735 3801 808">
     <span class='ocr_line' id='line_1_36' title="bbox 2087 735 3801 808; baseline -0.001 -17"><span class='ocrx_word' id='word_1_226' title='bbox 2087 735 2320 808; x_wconf 91' lang='lat' dir='ltr'><strong>ligione,</strong></span> <span class='ocrx_word' id='word_1_227' title='bbox 2362 736 2516 792; x_wconf 91' lang='lat' dir='ltr'><strong>unde</strong></span> <span class='ocrx_word' id='word_1_228' title='bbox 2563 744 2619 792; x_wconf 93' lang='lat' dir='ltr'><strong>et</strong></span> <span class='ocrx_word' id='word_1_229' title='bbox 2660 746 2854 790; x_wconf 69' lang='lat' dir='ltr'><strong>nostri</strong></span> <span class='ocrx_word' id='word_1_230' title='bbox 2914 736 3220 791; x_wconf 84' lang='lat' dir='ltr'><strong>videbatur</strong></span> <span class='ocrx_word' id='word_1_231' title='bbox 3260 750 3382 791; x_wconf 91' lang='lat' dir='ltr'><strong>esse</strong></span> <span class='ocrx_word' id='word_1_232' title='bbox 3433 735 3801 805; x_wconf 88' lang='lat' dir='ltr'><strong>comprovin-</strong></span> 
     </span>
    </p>
   </div>
   <div class='ocr_carea' id='block_1_37' title="bbox 2088 822 3802 897">
    <p class='ocr_par' dir='ltr' id='par_1_37' title="bbox 2088 822 3802 897">
     <span class='ocr_line' id='line_1_37' title="bbox 2088 822 3802 897; baseline -0.002 -15"><span class='ocrx_word' id='word_1_233' title='bbox 2088 826 2270 893; x_wconf 91' lang='lat' dir='ltr'><strong>cialis,</strong></span> <span class='ocrx_word' id='word_1_234' title='bbox 2316 825 2503 897; x_wconf 87' lang='lat' dir='ltr'><strong>magis</strong></span> <span class='ocrx_word' id='word_1_235' title='bbox 2548 832 2741 881; x_wconf 91' lang='lat' dir='ltr'><strong>autem</strong></span> <span class='ocrx_word' id='word_1_236' title='bbox 2791 839 2893 894; x_wconf 69' lang='lat' dir='ltr'><strong>pro</strong></span> <span class='ocrx_word' id='word_1_237' title='bbox 2935 822 3232 879; x_wconf 90' lang='lat' dir='ltr'><strong>miraculis</strong></span> <span class='ocrx_word' id='word_1_238' title='bbox 3278 838 3409 894; x_wconf 70' lang='lat' dir='ltr'><strong>quae</strong></span> <span class='ocrx_word' id='word_1_239' title='bbox 3457 837 3554 893; x_wconf 90' lang='lat' dir='ltr'><strong>per</strong></span> <span class='ocrx_word' id='word_1_240' title='bbox 3604 823 3802 879; x_wconf 90' lang='lat' dir='ltr'><strong>Domi-</strong></span> 
     </span>
    </p>
   </div>
   <div class='ocr_carea' id='block_1_38' title="bbox 2091 912 3806 983">
    <p class='ocr_par' dir='ltr' id='par_1_38' title="bbox 2091 912 3806 983">
     <span class='ocr_line' id='line_1_38' title="bbox 2091 912 3806 983; baseline -0.002 -13"><span class='ocrx_word' id='word_1_241' title='bbox 2091 928 2225 970; x_wconf 90' lang='lat' dir='ltr'><strong>nam</strong></span> <span class='ocrx_word' id='word_1_242' title='bbox 2296 922 2549 971; x_wconf 89' lang='lat' dir='ltr'><strong>nostram</strong></span> <span class='ocrx_word' id='word_1_243' title='bbox 2634 913 2785 969; x_wconf 90' lang='lat' dir='ltr'><strong>facta</strong></span> <span class='ocrx_word' id='word_1_244' title='bbox 2868 912 3146 968; x_wconf 88' lang='lat' dir='ltr'><strong>didicerat</strong></span> <span class='ocrx_word' id='word_1_245' title='bbox 3213 912 3637 983; x_wconf 83' lang='lat' dir='ltr'><strong>gratantissime</strong></span> <span class='ocrx_word' id='word_1_246' title='bbox 3695 926 3806 967; x_wconf 91' lang='lat' dir='ltr'><strong>nos</strong></span> 
     </span>
    </p>
   </div>
   <div class='ocr_carea' id='block_1_39' title="bbox 2089 1000 3812 1073">
    <p class='ocr_par' dir='ltr' id='par_1_39' title="bbox 2089 1000 3812 1073">
     <span class='ocr_line' id='line_1_39' title="bbox 2089 1000 3812 1073; baseline -0.002 -14"><span class='ocrx_word' id='word_1_247' title='bbox 2089 1003 2422 1073; x_wconf 91' lang='lat' dir='ltr'><strong>suscipiens,</strong></span> <span class='ocrx_word' id='word_1_248' title='bbox 2494 1016 2595 1072; x_wconf 92' lang='lat' dir='ltr'><strong>per</strong></span> <span class='ocrx_word' id='word_1_249' title='bbox 2643 1001 2900 1058; x_wconf 91' lang='lat' dir='ltr'><strong>triduum</strong></span> <span class='ocrx_word' id='word_1_250' title='bbox 2947 1015 3145 1057; x_wconf 91' lang='lat' dir='ltr'><strong>secum</strong></span> <span class='ocrx_word' id='word_1_251' title='bbox 3200 1000 3457 1068; x_wconf 81' lang='lat' dir='ltr'><strong>retinuit,</strong></span> <span class='ocrx_word' id='word_1_252' title='bbox 3499 1000 3812 1070; x_wconf 80' lang='lat' dir='ltr'><strong>scyphum-</strong></span> 
     </span>
    </p>
   </div>
   <div class='ocr_carea' id='block_1_40' title="bbox 2090 1089 3807 1161">
    <p class='ocr_par' dir='ltr' id='par_1_40' title="bbox 2090 1089 3807 1161">
     <span class='ocr_line' id='line_1_40' title="bbox 2090 1089 3807 1161; baseline -0.001 -15"><span class='ocrx_word' id='word_1_253' title='bbox 2090 1105 2205 1161; x_wconf 90' lang='lat' dir='ltr'><strong>que</strong></span> <span class='ocrx_word' id='word_1_254' title='bbox 2253 1098 2612 1161; x_wconf 90' lang='lat' dir='ltr'><strong>argenteum,</strong></span> <span class='ocrx_word' id='word_1_255' title='bbox 2660 1097 2715 1145; x_wconf 91' lang='lat' dir='ltr'><strong>et</strong></span> <span class='ocrx_word' id='word_1_256' title='bbox 2757 1089 2992 1145; x_wconf 87' lang='lat' dir='ltr'><strong>calicem</strong></span> <span class='ocrx_word' id='word_1_257' title='bbox 3040 1090 3375 1160; x_wconf 90' lang='lat' dir='ltr'><strong>pretiosum,</strong></span> <span class='ocrx_word' id='word_1_258' title='bbox 3430 1104 3532 1145; x_wconf 85' lang='lat' dir='ltr'><strong>nec</strong></span> <span class='ocrx_word' id='word_1_259' title='bbox 3586 1104 3708 1144; x_wconf 90' lang='lat' dir='ltr'><strong>non</strong></span> <span class='ocrx_word' id='word_1_260' title='bbox 3750 1097 3807 1144; x_wconf 90' lang='lat' dir='ltr'><strong>et</strong></span> 
     </span>
    </p>
   </div>
   <div class='ocr_carea' id='block_1_41' title="bbox 2091 1176 3809 1249">
    <p class='ocr_par' dir='ltr' id='par_1_41' title="bbox 2091 1176 3809 1249">
     <span class='ocr_line' id='line_1_41' title="bbox 2091 1176 3809 1249; baseline -0.002 -14"><span class='ocrx_word' id='word_1_261' title='bbox 2091 1180 2361 1243; x_wconf 89' lang='lat' dir='ltr'><strong>cortinas,</strong></span> <span class='ocrx_word' id='word_1_262' title='bbox 2392 1180 2623 1249; x_wconf 91' lang='lat' dir='ltr'><strong>aliaque</strong></span> <span class='ocrx_word' id='word_1_263' title='bbox 2673 1186 3034 1245; x_wconf 90' lang='lat' dir='ltr'><strong>ornamenta,</strong></span> <span class='ocrx_word' id='word_1_264' title='bbox 3064 1192 3195 1248; x_wconf 74' lang='lat' dir='ltr'><strong>quae</strong></span> <span class='ocrx_word' id='word_1_265' title='bbox 3242 1178 3433 1233; x_wconf 89' lang='lat' dir='ltr'><strong>adhuc</strong></span> <span class='ocrx_word' id='word_1_266' title='bbox 3466 1178 3523 1232; x_wconf 92' lang='lat' dir='ltr'><strong>iu</strong></span> <span class='ocrx_word' id='word_1_267' title='bbox 3570 1176 3809 1233; x_wconf 88' lang='lat' dir='ltr'><strong>Laudu-</strong></span> 
     </span>
    </p>
   </div>
   <div class='ocr_carea' id='block_1_42' title="bbox 2094 1264 3811 1335">
    <p class='ocr_par' dir='ltr' id='par_1_42' title="bbox 2094 1264 3811 1335">
     <span class='ocr_line' id='line_1_42' title="bbox 2094 1264 3811 1335; baseline -0.002 -12"><span class='ocrx_word' id='word_1_268' title='bbox 2094 1267 2257 1323; x_wconf 90' lang='lat' dir='ltr'><strong>nensi</strong></span> <span class='ocrx_word' id='word_1_269' title='bbox 2326 1274 2635 1323; x_wconf 89' lang='lat' dir='ltr'><strong>servantur</strong></span> <span class='ocrx_word' id='word_1_270' title='bbox 2695 1266 2953 1335; x_wconf 90' lang='lat' dir='ltr'><strong>ecclesia,</strong></span> <span class='ocrx_word' id='word_1_271' title='bbox 3020 1266 3113 1322; x_wconf 90' lang='lat' dir='ltr'><strong>sed</strong></span> <span class='ocrx_word' id='word_1_272' title='bbox 3172 1273 3227 1321; x_wconf 88' lang='lat' dir='ltr'><strong>et</strong></span> <span class='ocrx_word' id='word_1_273' title='bbox 3274 1279 3514 1334; x_wconf 89' lang='lat' dir='ltr'><strong>equum,</strong></span> <span class='ocrx_word' id='word_1_274' title='bbox 3563 1264 3668 1334; x_wconf 92' lang='lat' dir='ltr'><strong>qui</strong></span> <span class='ocrx_word' id='word_1_275' title='bbox 3738 1278 3811 1319; x_wconf 89' lang='lat' dir='ltr'><strong>ea</strong></span> 
     </span>
    </p>
   </div>
   <div class='ocr_carea' id='block_1_43' title="bbox 2094 1353 3811 1425">
    <p class='ocr_par' dir='ltr' id='par_1_43' title="bbox 2094 1353 3811 1425">
     <span class='ocr_line' id='line_1_43' title="bbox 2094 1353 3811 1425; baseline -0.002 -15"><span class='ocrx_word' id='word_1_276' title='bbox 2094 1355 2357 1423; x_wconf 89' lang='lat' dir='ltr'><strong>deferret,</strong></span> <span class='ocrx_word' id='word_1_277' title='bbox 2430 1355 2600 1418; x_wconf 90' lang='lat' dir='ltr'><strong>dedit,</strong></span> <span class='ocrx_word' id='word_1_278' title='bbox 2651 1354 2951 1425; x_wconf 92' lang='lat' dir='ltr'><strong>multaque</strong></span> <span class='ocrx_word' id='word_1_279' title='bbox 3017 1354 3168 1424; x_wconf 87' lang='lat' dir='ltr'><strong>alia;</strong></span> <span class='ocrx_word' id='word_1_280' title='bbox 3233 1354 3563 1424; x_wconf 87' lang='lat' dir='ltr'><strong>quindecim</strong></span> <span class='ocrx_word' id='word_1_281' title='bbox 3626 1353 3811 1408; x_wconf 92' lang='lat' dir='ltr'><strong>libras</strong></span> 
     </span>
    </p>
   </div>
   <div class='ocr_carea' id='block_1_44' title="bbox 2097 1442 3811 1511">
    <p class='ocr_par' dir='ltr' id='par_1_44' title="bbox 2097 1442 3811 1511">
     <span class='ocr_line' id='line_1_44' title="bbox 2097 1442 3811 1511; baseline -0.002 -12"><span class='ocrx_word' id='word_1_282' title='bbox 2097 1443 2495 1499; x_wconf 91' lang='lat' dir='ltr'><strong>Laudunensis</strong></span> <span class='ocrx_word' id='word_1_283' title='bbox 2547 1452 2785 1499; x_wconf 62' lang='lat' dir='ltr'><strong>moneta</strong></span> <span class='ocrx_word' id='word_1_284' title='bbox 2851 1442 3102 1498; x_wconf 91' lang='lat' dir='ltr'><strong>valentia</strong></span> <span class='ocrx_word' id='word_1_285' title='bbox 3151 1442 3567 1511; x_wconf 88' lang='lat' dir='ltr'><strong>superaddidit.</strong></span> <span class='ocrx_word' id='word_1_286' title='bbox 3620 1442 3811 1511; x_wconf 90' lang='lat' dir='ltr'><strong>Cujus</strong></span> 
     </span>
    </p>
   </div>
   <div class='ocr_carea' id='block_1_45' title="bbox 2096 1530 3812 1603">
    <p class='ocr_par' dir='ltr' id='par_1_45' title="bbox 2096 1530 3812 1603">
     <span class='ocr_line' id='line_1_45' title="bbox 2096 1530 3812 1603; baseline -0.002 -15"><span class='ocrx_word' id='word_1_287' title='bbox 2096 1531 2413 1588; x_wconf 89' lang='lat' dir='ltr'><strong>devotionis</strong></span> <span class='ocrx_word' id='word_1_288' title='bbox 2455 1533 2620 1603; x_wconf 90' lang='lat' dir='ltr'><strong>quasi</strong></span> <span class='ocrx_word' id='word_1_289' title='bbox 2661 1532 2774 1587; x_wconf 87' lang='lat' dir='ltr'><strong>cita</strong></span> <span class='ocrx_word' id='word_1_290' title='bbox 2818 1531 3247 1587; x_wconf 81' lang='lat' dir='ltr'><strong>remuneratrix</strong></span> <span class='ocrx_word' id='word_1_291' title='bbox 3301 1530 3500 1585; x_wconf 81' lang='lat' dir='ltr'><strong>volens</strong></span> <span class='ocrx_word' id='word_1_292' title='bbox 3529 1544 3650 1585; x_wconf 91' lang='lat' dir='ltr'><strong>esse</strong></span> <span class='ocrx_word' id='word_1_293' title='bbox 3704 1530 3812 1584; x_wconf 90' lang='lat' dir='ltr'><strong>Do-</strong></span> 
     </span>
    </p>
   </div>
   <div class='ocr_carea' id='block_1_46' title="bbox 2097 1616 3811 1689">
    <p class='ocr_par' dir='ltr' id='par_1_46' title="bbox 2097 1616 3811 1689">
     <span class='ocr_line' id='line_1_46' title="bbox 2097 1616 3811 1689; baseline -0.002 -14"><span class='ocrx_word' id='word_1_294' title='bbox 2097 1621 2255 1676; x_wconf 90' lang='lat' dir='ltr'><strong>mina</strong></span> <span class='ocrx_word' id='word_1_295' title='bbox 2291 1628 2506 1689; x_wconf 90' lang='lat' dir='ltr'><strong>nostra,</strong></span> <span class='ocrx_word' id='word_1_296' title='bbox 2543 1621 2778 1676; x_wconf 90' lang='lat' dir='ltr'><strong>evidens</strong></span> <span class='ocrx_word' id='word_1_297' title='bbox 2807 1619 2885 1674; x_wconf 93' lang='lat' dir='ltr'><strong>ibi</strong></span> <span class='ocrx_word' id='word_1_298' title='bbox 2928 1619 3273 1675; x_wconf 88' lang='lat' dir='ltr'><strong>miraculum</strong></span> <span class='ocrx_word' id='word_1_299' title='bbox 3306 1618 3569 1674; x_wconf 91' lang='lat' dir='ltr'><strong>ostendit.</strong></span> <span class='ocrx_word' id='word_1_300' title='bbox 3604 1616 3811 1673; x_wconf 91' lang='lat' dir='ltr'><strong>Puella</strong></span> 
     </span>
    </p>
   </div>
   <div class='ocr_carea' id='block_1_47' title="bbox 2099 1705 3811 1779">
    <p class='ocr_par' dir='ltr' id='par_1_47' title="bbox 2099 1705 3811 1779">
     <span class='ocr_line' id='line_1_47' title="bbox 2099 1705 3811 1779; baseline -0.002 -15"><span class='ocrx_word' id='word_1_301' title='bbox 2099 1723 2351 1779; x_wconf 87' lang='lat' dir='ltr'><strong>namque</strong></span> <span class='ocrx_word' id='word_1_302' title='bbox 2417 1708 2697 1765; x_wconf 91' lang='lat' dir='ltr'><strong>duodenis</strong></span> <span class='ocrx_word' id='word_1_303' title='bbox 2763 1709 2819 1763; x_wconf 93' lang='lat' dir='ltr'><strong>in</strong></span> <span class='ocrx_word' id='word_1_304' title='bbox 2876 1707 3002 1778; x_wconf 86' lang='lat' dir='ltr'><strong>ejus</strong></span> <span class='ocrx_word' id='word_1_305' title='bbox 3062 1706 3232 1762; x_wconf 91' lang='lat' dir='ltr'><strong>domo</strong></span> <span class='ocrx_word' id='word_1_306' title='bbox 3309 1705 3599 1775; x_wconf 87' lang='lat' dir='ltr'><strong>manebat,</strong></span> <span class='ocrx_word' id='word_1_307' title='bbox 3664 1706 3811 1761; x_wconf 88' lang='lat' dir='ltr'><strong>adeo</strong></span> 
     </span>
    </p>
   </div>
   <div class='ocr_carea' id='block_1_48' title="bbox 2099 1794 3807 1868">
    <p class='ocr_par' dir='ltr' id='par_1_48' title="bbox 2099 1794 3807 1868">
     <span class='ocr_line' id='line_1_48' title="bbox 2099 1794 3807 1868; baseline -0.002 -15"><span class='ocrx_word' id='word_1_308' title='bbox 2099 1805 2211 1854; x_wconf 93' lang='lat' dir='ltr'><strong>toto</strong></span> <span class='ocrx_word' id='word_1_309' title='bbox 2237 1811 2474 1868; x_wconf 90' lang='lat' dir='ltr'><strong>corpore</strong></span> <span class='ocrx_word' id='word_1_310' title='bbox 2507 1797 2812 1853; x_wconf 90' lang='lat' dir='ltr'><strong>incurvata</strong></span> <span class='ocrx_word' id='word_1_311' title='bbox 2864 1805 2925 1852; x_wconf 94' lang='lat' dir='ltr'><strong>ut</strong></span> <span class='ocrx_word' id='word_1_312' title='bbox 2959 1810 3251 1865; x_wconf 90' lang='lat' dir='ltr'><strong>nusquam</strong></span> <span class='ocrx_word' id='word_1_313' title='bbox 3285 1794 3365 1850; x_wconf 92' lang='lat' dir='ltr'><strong>ire</strong></span> <span class='ocrx_word' id='word_1_314' title='bbox 3418 1795 3655 1861; x_wconf 89' lang='lat' dir='ltr'><strong>valeret,</strong></span> <span class='ocrx_word' id='word_1_315' title='bbox 3697 1795 3807 1850; x_wconf 87' lang='lat' dir='ltr'><strong>nisi</strong></span> 
     </span>
    </p>
   </div>
   <div class='ocr_carea' id='block_1_49' title="bbox 2099 1883 3811 1958">
    <p class='ocr_par' dir='ltr' id='par_1_49' title="bbox 2099 1883 3811 1958">
     <span class='ocr_line' id='line_1_49' title="bbox 2099 1883 3811 1958; baseline -0.002 -16"><span class='ocrx_word' id='word_1_316' title='bbox 2099 1887 2253 1958; x_wconf 92' lang='lat' dir='ltr'><strong>quod</strong></span> <span class='ocrx_word' id='word_1_317' title='bbox 2301 1886 2661 1942; x_wconf 91' lang='lat' dir='ltr'><strong>solummodo</strong></span> <span class='ocrx_word' id='word_1_318' title='bbox 2712 1900 2847 1941; x_wconf 91' lang='lat' dir='ltr'><strong>cum</strong></span> <span class='ocrx_word' id='word_1_319' title='bbox 2895 1884 3221 1941; x_wconf 85' lang='lat' dir='ltr'><strong>scabellulis</strong></span> <span class='ocrx_word' id='word_1_320' title='bbox 3270 1883 3522 1953; x_wconf 91' lang='lat' dir='ltr'><strong>rependo</strong></span> <span class='ocrx_word' id='word_1_321' title='bbox 3570 1897 3674 1952; x_wconf 91' lang='lat' dir='ltr'><strong>per</strong></span> <span class='ocrx_word' id='word_1_322' title='bbox 3707 1890 3811 1939; x_wconf 90' lang='lat' dir='ltr'><strong>ter-</strong></span> 
     </span>
    </p>
   </div>
   <div class='ocr_carea' id='block_1_50' title="bbox 2098 1971 3806 2045">
    <p class='ocr_par' dir='ltr' id='par_1_50' title="bbox 2098 1971 3806 2045">
     <span class='ocr_line' id='line_1_50' title="bbox 2098 1971 3806 2045; baseline -0.004 -14"><span class='ocrx_word' id='word_1_323' title='bbox 2098 1989 2223 2031; x_wconf 91' lang='lat' dir='ltr'><strong>ram</strong></span> <span class='ocrx_word' id='word_1_324' title='bbox 2254 1989 2312 2031; x_wconf 91' lang='lat' dir='ltr'><strong>se</strong></span> <span class='ocrx_word' id='word_1_325' title='bbox 2349 1973 2613 2030; x_wconf 89' lang='lat' dir='ltr'><strong>trahebat</strong></span> <span class='ocrx_word' id='word_1_326' title='bbox 2661 1982 2829 2045; x_wconf 93' lang='lat' dir='ltr'><strong>prout</strong></span> <span class='ocrx_word' id='word_1_327' title='bbox 2880 1981 3115 2042; x_wconf 88' lang='lat' dir='ltr'><strong>poterat.</strong></span> <span class='ocrx_word' id='word_1_328' title='bbox 3170 1972 3302 2027; x_wconf 63' lang='lat' dir='ltr'><strong>Haec</strong></span> <span class='ocrx_word' id='word_1_329' title='bbox 3354 1986 3490 2042; x_wconf 86' lang='lat' dir='ltr'><strong>ergo</strong></span> <span class='ocrx_word' id='word_1_330' title='bbox 3539 1971 3613 2026; x_wconf 92' lang='lat' dir='ltr'><strong>ad</strong></span> <span class='ocrx_word' id='word_1_331' title='bbox 3660 1971 3806 2026; x_wconf 85' lang='lat' dir='ltr'><strong>fere-</strong></span> 
     </span>
    </p>
   </div>
   <div class='ocr_carea' id='block_1_51' title="bbox 2102 2060 3807 2132">
    <p class='ocr_par' dir='ltr' id='par_1_51' title="bbox 2102 2060 3807 2132">
     <span class='ocr_line' id='line_1_51' title="bbox 2102 2060 3807 2132; baseline -0.002 -12"><span class='ocrx_word' id='word_1_332' title='bbox 2102 2072 2254 2121; x_wconf 91' lang='lat' dir='ltr'><strong>trum</strong></span> <span class='ocrx_word' id='word_1_333' title='bbox 2304 2063 2571 2130; x_wconf 88' lang='lat' dir='ltr'><strong>adducta,</strong></span> <span class='ocrx_word' id='word_1_334' title='bbox 2611 2070 2843 2132; x_wconf 88' lang='lat' dir='ltr'><strong>peccata</strong></span> <span class='ocrx_word' id='word_1_335' title='bbox 2889 2062 3167 2127; x_wconf 86' lang='lat' dir='ltr'><strong>confessa,</strong></span> <span class='ocrx_word' id='word_1_336' title='bbox 3218 2074 3374 2131; x_wconf 87' lang='lat' dir='ltr'><strong>aqua</strong></span> <span class='ocrx_word' id='word_1_337' title='bbox 3423 2060 3807 2131; x_wconf 89' lang='lat' dir='ltr'><strong>reliquiarum</strong></span> 
     </span>
    </p>
   </div>
   <div class='ocr_carea' id='block_1_52' title="bbox 2098 2149 3807 2221">
    <p class='ocr_par' dir='ltr' id='par_1_52' title="bbox 2098 2149 3807 2221">
     <span class='ocr_line' id='line_1_52' title="bbox 2098 2149 3807 2221; baseline -0.002 -14"><span class='ocrx_word' id='word_1_338' title='bbox 2098 2152 2233 2216; x_wconf 88' lang='lat' dir='ltr'><strong>lota,</strong></span> <span class='ocrx_word' id='word_1_339' title='bbox 2287 2151 2552 2221; x_wconf 86' lang='lat' dir='ltr'><strong>quandiu</strong></span> <span class='ocrx_word' id='word_1_340' title='bbox 2592 2151 2669 2206; x_wconf 91' lang='lat' dir='ltr'><strong>ibi</strong></span> <span class='ocrx_word' id='word_1_341' title='bbox 2711 2150 2929 2206; x_wconf 90' lang='lat' dir='ltr'><strong>fuimus</strong></span> <span class='ocrx_word' id='word_1_342' title='bbox 2968 2165 3083 2205; x_wconf 90' lang='lat' dir='ltr'><strong>non</strong></span> <span class='ocrx_word' id='word_1_343' title='bbox 3128 2158 3213 2205; x_wconf 92' lang='lat' dir='ltr'><strong>est</strong></span> <span class='ocrx_word' id='word_1_344' title='bbox 3248 2159 3474 2215; x_wconf 91' lang='lat' dir='ltr'><strong>curata,</strong></span> <span class='ocrx_word' id='word_1_345' title='bbox 3525 2149 3620 2204; x_wconf 90' lang='lat' dir='ltr'><strong>sed</strong></span> <span class='ocrx_word' id='word_1_346' title='bbox 3672 2164 3807 2203; x_wconf 90' lang='lat' dir='ltr'><strong>cum</strong></span> 
     </span>
    </p>
   </div>
   <div class='ocr_carea' id='block_1_53' title="bbox 2093 2235 3808 2310">
    <p class='ocr_par' dir='ltr' id='par_1_53' title="bbox 2093 2235 3808 2310">
     <span class='ocr_line' id='line_1_53' title="bbox 2093 2235 3808 2310; baseline -0.003 -15"><span class='ocrx_word' id='word_1_347' title='bbox 2093 2238 2213 2310; x_wconf 90' lang='lat' dir='ltr'><strong>jam</strong></span> <span class='ocrx_word' id='word_1_348' title='bbox 2261 2239 2427 2295; x_wconf 92' lang='lat' dir='ltr'><strong>nobis</strong></span> <span class='ocrx_word' id='word_1_349' title='bbox 2472 2238 2896 2295; x_wconf 89' lang='lat' dir='ltr'><strong>discedentibus</strong></span> <span class='ocrx_word' id='word_1_350' title='bbox 2961 2251 3092 2293; x_wconf 91' lang='lat' dir='ltr'><strong>cnm</strong></span> <span class='ocrx_word' id='word_1_351' title='bbox 3150 2251 3359 2308; x_wconf 87' lang='lat' dir='ltr'><strong>magno</strong></span> <span class='ocrx_word' id='word_1_352' title='bbox 3412 2237 3549 2291; x_wconf 88' lang='lat' dir='ltr'><strong>lletu</strong></span> <span class='ocrx_word' id='word_1_353' title='bbox 3598 2235 3808 2291; x_wconf 89' lang='lat' dir='ltr'><strong>clama-</strong></span> 
     </span>
    </p>
   </div>
   <div class='ocr_carea' id='block_1_54' title="bbox 2098 2326 3809 2397">
    <p class='ocr_par' dir='ltr' id='par_1_54' title="bbox 2098 2326 3809 2397">
     <span class='ocr_line' id='line_1_54' title="bbox 2098 2326 3809 2397; baseline -0.002 -14"><span class='ocrx_word' id='word_1_354' title='bbox 2098 2335 2202 2395; x_wconf 91' lang='lat' dir='ltr'><strong>ret,</strong></span> <span class='ocrx_word' id='word_1_355' title='bbox 2252 2328 2407 2383; x_wconf 85' lang='lat' dir='ltr'><strong>Heu!</strong></span> <span class='ocrx_word' id='word_1_356' title='bbox 2456 2327 2709 2397; x_wconf 90' lang='lat' dir='ltr'><strong>piissima</strong></span> <span class='ocrx_word' id='word_1_357' title='bbox 2776 2326 3020 2382; x_wconf 92' lang='lat' dir='ltr'><strong>Domina</strong></span> <span class='ocrx_word' id='word_1_358' title='bbox 3068 2335 3266 2381; x_wconf 92' lang='lat' dir='ltr'><strong>sancta</strong></span> <span class='ocrx_word' id='word_1_359' title='bbox 3340 2326 3537 2393; x_wconf 85' lang='lat' dir='ltr'><strong>Maria,</strong></span> <span class='ocrx_word' id='word_1_360' title='bbox 3588 2339 3809 2394; x_wconf 88' lang='lat' dir='ltr'><strong>ergone</strong></span> 
     </span>
    </p>
   </div>
   <div class='ocr_carea' id='block_1_55' title="bbox 2098 2412 3805 2483">
    <p class='ocr_par' dir='ltr' id='par_1_55' title="bbox 2098 2412 3805 2483">
     <span class='ocr_line' id='line_1_55' title="bbox 2098 2412 3805 2483; baseline -0.004 -11"><span class='ocrx_word' id='word_1_361' title='bbox 2098 2416 2179 2472; x_wconf 92' lang='lat' dir='ltr'><strong>sic</strong></span> <span class='ocrx_word' id='word_1_362' title='bbox 2208 2415 2479 2483; x_wconf 89' lang='lat' dir='ltr'><strong>discedes,</strong></span> <span class='ocrx_word' id='word_1_363' title='bbox 2528 2422 2583 2471; x_wconf 92' lang='lat' dir='ltr'><strong>et</strong></span> <span class='ocrx_word' id='word_1_364' title='bbox 2628 2429 2719 2471; x_wconf 91' lang='lat' dir='ltr'><strong>me</strong></span> <span class='ocrx_word' id='word_1_365' title='bbox 2774 2429 2891 2470; x_wconf 93' lang='lat' dir='ltr'><strong>non</strong></span> <span class='ocrx_word' id='word_1_366' title='bbox 2933 2422 3193 2470; x_wconf 88' lang='lat' dir='ltr'><strong>curatam</strong></span> <span class='ocrx_word' id='word_1_367' title='bbox 3228 2412 3571 2483; x_wconf 75' lang='lat' dir='ltr'><strong>relinques?</strong></span> <span class='ocrx_word' id='word_1_368' title='bbox 3626 2412 3805 2482; x_wconf 83' lang='lat' dir='ltr'><strong>proti-</strong></span> 
     </span>
    </p>
   </div>
   <div class='ocr_carea' id='block_1_56' title="bbox 2099 2499 3811 2572">
    <p class='ocr_par' dir='ltr' id='par_1_56' title="bbox 2099 2499 3811 2572">
     <span class='ocr_line' id='line_1_56' title="bbox 2099 2499 3811 2572; baseline -0.002 -13"><span class='ocrx_word' id='word_1_369' title='bbox 2099 2518 2210 2560; x_wconf 92' lang='lat' dir='ltr'><strong>nus</strong></span> <span class='ocrx_word' id='word_1_370' title='bbox 2234 2502 2562 2559; x_wconf 89' lang='lat' dir='ltr'><strong>videntibus</strong></span> <span class='ocrx_word' id='word_1_371' title='bbox 2617 2505 2841 2559; x_wconf 91' lang='lat' dir='ltr'><strong>cunctis</strong></span> <span class='ocrx_word' id='word_1_372' title='bbox 2887 2510 3107 2570; x_wconf 84' lang='lat' dir='ltr'><strong>sanata,</strong></span> <span class='ocrx_word' id='word_1_373' title='bbox 3160 2502 3427 2572; x_wconf 90' lang='lat' dir='ltr'><strong>projectis</strong></span> <span class='ocrx_word' id='word_1_374' title='bbox 3469 2499 3811 2556; x_wconf 88' lang='lat' dir='ltr'><strong>scabellulis</strong></span> 
     </span>
    </p>
   </div>
   <div class='ocr_carea' id='block_1_57' title="bbox 2099 2590 3812 2662">
    <p class='ocr_par' dir='ltr' id='par_1_57' title="bbox 2099 2590 3812 2662">
     <span class='ocr_line' id='line_1_57' title="bbox 2099 2590 3812 2662; baseline -0.003 -14"><span class='ocrx_word' id='word_1_375' title='bbox 2099 2591 2370 2648; x_wconf 82' lang='lat' dir='ltr'><strong>exsiliens</strong></span> <span class='ocrx_word' id='word_1_376' title='bbox 2418 2591 2588 2659; x_wconf 91' lang='lat' dir='ltr'><strong>stetit,</strong></span> <span class='ocrx_word' id='word_1_377' title='bbox 2635 2598 2690 2647; x_wconf 92' lang='lat' dir='ltr'><strong>et</strong></span> <span class='ocrx_word' id='word_1_378' title='bbox 2728 2592 2800 2647; x_wconf 90' lang='lat' dir='ltr'><strong>ad</strong></span> <span class='ocrx_word' id='word_1_379' title='bbox 2850 2590 3125 2648; x_wconf 90' lang='lat' dir='ltr'><strong>feretrum</strong></span> <span class='ocrx_word' id='word_1_380' title='bbox 3186 2590 3403 2662; x_wconf 88' lang='lat' dir='ltr'><strong>gratias</strong></span> <span class='ocrx_word' id='word_1_381' title='bbox 3461 2603 3641 2661; x_wconf 84' lang='lat' dir='ltr'><strong>agens</strong></span> <span class='ocrx_word' id='word_1_382' title='bbox 3699 2603 3812 2643; x_wconf 87' lang='lat' dir='ltr'><strong>cu-</strong></span> 
     </span>
    </p>
   </div>
   <div class='ocr_carea' id='block_1_58' title="bbox 2098 2680 2299 2738">
    <p class='ocr_par' dir='ltr' id='par_1_58' title="bbox 2098 2680 2299 2738">
     <span class='ocr_line' id='line_1_58' title="bbox 2098 2680 2299 2738; baseline -0.02 0"><span class='ocrx_word' id='word_1_383' title='bbox 2098 2680 2299 2738; x_wconf 90' lang='lat' dir='ltr'><strong>currit.</strong></span> 
     </span>
    </p>
   </div>
   <div class='ocr_carea' id='block_1_59' title="bbox 2171 2764 3809 2825">
    <p class='ocr_par' dir='ltr' id='par_1_59' title="bbox 2171 2764 3809 2825">
     <span class='ocr_line' id='line_1_59' title="bbox 2171 2764 3809 2825; baseline -0.004 0"><span class='ocrx_word' id='word_1_384' title='bbox 2171 2769 2305 2825; x_wconf 79' lang='lat' dir='ltr'><strong>CAP.</strong></span> <span class='ocrx_word' id='word_1_385' title='bbox 2339 2769 2533 2825; x_wconf 82' lang='lat' dir='ltr'><strong>XVIII.</strong></span> <span class='ocrx_word' id='word_1_386' title='bbox 2572 2799 2632 2809; x_wconf 89' lang='lat'><strong><em>—</em></strong></span> <span class='ocrx_word' id='word_1_387' title='bbox 2669 2771 2746 2824; x_wconf 84' lang='lat' dir='ltr'><strong>De</strong></span> <span class='ocrx_word' id='word_1_388' title='bbox 2790 2764 3069 2825; x_wconf 83' lang='lat' dir='ltr'><strong>monacho</strong></span> <span class='ocrx_word' id='word_1_389' title='bbox 3096 2767 3303 2822; x_wconf 81' lang='lat' dir='ltr'><strong>claudo</strong></span> <span class='ocrx_word' id='word_1_390' title='bbox 3330 2765 3539 2821; x_wconf 81' lang='lat' dir='ltr'><strong>ibidem</strong></span> <span class='ocrx_word' id='word_1_391' title='bbox 3580 2768 3809 2819; x_wconf 77' lang='lat' dir='ltr'><strong>curato.</strong></span> 
     </span>
    </p>
   </div>
   <div class='ocr_carea' id='block_1_60' title="bbox 2171 2855 3813 2928">
    <p class='ocr_par' dir='ltr' id='par_1_60' title="bbox 2171 2855 3813 2928">
     <span class='ocr_line' id='line_1_60' title="bbox 2171 2855 3813 2928; baseline -0.003 -14"><span class='ocrx_word' id='word_1_392' title='bbox 2171 2859 2486 2915; x_wconf 84' lang='lat' dir='ltr'><strong>Monachus</strong></span> <span class='ocrx_word' id='word_1_393' title='bbox 2557 2858 2730 2913; x_wconf 90' lang='lat' dir='ltr'><strong>etiam</strong></span> <span class='ocrx_word' id='word_1_394' title='bbox 2771 2857 3005 2928; x_wconf 89' lang='lat' dir='ltr'><strong>quidam</strong></span> <span class='ocrx_word' id='word_1_395' title='bbox 3062 2857 3363 2928; x_wconf 89' lang='lat' dir='ltr'><strong>religiosus</strong></span> <span class='ocrx_word' id='word_1_396' title='bbox 3411 2856 3479 2910; x_wconf 90' lang='lat' dir='ltr'><strong>de</strong></span> <span class='ocrx_word' id='word_1_397' title='bbox 3525 2855 3813 2910; x_wconf 87' lang='lat' dir='ltr'><strong>charitate</strong></span> 
     </span>
    </p>
   </div>
   <div class='ocr_carea' id='block_1_61' title="bbox 292 2943 3814 3016">
    <p class='ocr_par' dir='ltr' id='par_1_61' title="bbox 292 2943 3814 3016">
     <span class='ocr_line' id='line_1_61' title="bbox 292 2943 3814 3016; baseline -0.001 -16"><span class='ocrx_word' id='word_1_398' title='bbox 292 2944 577 3000; x_wconf 90' lang='lat' dir='ltr'><strong>dicebant.</strong></span> <span class='ocrx_word' id='word_1_399' title='bbox 626 2943 712 2999; x_wconf 93' lang='lat' dir='ltr'><strong>Ibi</strong></span> <span class='ocrx_word' id='word_1_400' title='bbox 751 2957 856 3000; x_wconf 90' lang='lat' dir='ltr'><strong>nos</strong></span> <span class='ocrx_word' id='word_1_401' title='bbox 880 2943 1197 3013; x_wconf 92' lang='lat' dir='ltr'><strong>plurimum</strong></span> <span class='ocrx_word' id='word_1_402' title='bbox 1228 2943 1532 2999; x_wconf 90' lang='lat' dir='ltr'><strong>honoravit</strong></span> <span class='ocrx_word' id='word_1_403' title='bbox 1586 2943 1823 3014; x_wconf 89' lang='lat' dir='ltr'><strong>quidam</strong></span> <span class='ocrx_word' id='word_1_404' title='bbox 1879 2944 1989 2999; x_wconf 88' lang='lat' dir='ltr'><strong>cle-</strong></span> <span class='ocrx_word' id='word_1_405' title='bbox 2030 2956 2070 3012; x_wconf 89' lang='lat' dir='ltr'><strong>c</strong></span> <span class='ocrx_word' id='word_1_406' title='bbox 2101 2947 2310 3003; x_wconf 91' lang='lat' dir='ltr'><strong>ibidem</strong></span> <span class='ocrx_word' id='word_1_407' title='bbox 2346 2947 2633 3013; x_wconf 91' lang='lat' dir='ltr'><strong>manebat,</strong></span> <span class='ocrx_word' id='word_1_408' title='bbox 2684 2945 2744 3001; x_wconf 92' lang='lat' dir='ltr'><strong>in</strong></span> <span class='ocrx_word' id='word_1_409' title='bbox 2797 2946 2939 3001; x_wconf 93' lang='lat' dir='ltr'><strong>cella</strong></span> <span class='ocrx_word' id='word_1_410' title='bbox 2987 2959 3163 3016; x_wconf 90' lang='lat' dir='ltr'><strong>quam</strong></span> <span class='ocrx_word' id='word_1_411' title='bbox 3213 2943 3486 3015; x_wconf 63' lang='lat' dir='ltr'><strong>prmfatus</strong></span> <span class='ocrx_word' id='word_1_412' title='bbox 3537 2944 3814 3013; x_wconf 80' lang='lat' dir='ltr'><strong>princeps</strong></span> 
     </span>
    </p>
   </div>
   <div class='ocr_carea' id='block_1_62' title="bbox 292 3031 1987 3103">
    <p class='ocr_par' dir='ltr' id='par_1_62' title="bbox 292 3031 1987 3103">
     <span class='ocr_line' id='line_1_62' title="bbox 292 3031 1987 3103; baseline -0.002 -15"><span class='ocrx_word' id='word_1_413' title='bbox 292 3032 450 3088; x_wconf 91' lang='lat' dir='ltr'><strong>ricus</strong></span> <span class='ocrx_word' id='word_1_414' title='bbox 487 3032 718 3088; x_wconf 89' lang='lat' dir='ltr'><strong>nomine</strong></span> <span class='ocrx_word' id='word_1_415' title='bbox 776 3034 891 3103; x_wconf 79' lang='lat'><strong>(56)</strong></span> <span class='ocrx_word' id='word_1_416' title='bbox 939 3033 1224 3102; x_wconf 87' lang='lat' dir='ltr'><strong>Agardus,</strong></span> <span class='ocrx_word' id='word_1_417' title='bbox 1276 3031 1378 3102; x_wconf 90' lang='lat' dir='ltr'><strong>qui</strong></span> <span class='ocrx_word' id='word_1_418' title='bbox 1422 3031 1542 3102; x_wconf 90' lang='lat' dir='ltr'><strong>jam</strong></span> <span class='ocrx_word' id='word_1_419' title='bbox 1591 3032 1690 3087; x_wconf 92' lang='lat' dir='ltr'><strong>diu</strong></span> <span class='ocrx_word' id='word_1_420' title='bbox 1723 3031 1987 3087; x_wconf 88' lang='lat' dir='ltr'><strong>Lauduni</strong></span> 
     </span>
    </p>
   </div>
   <div class='ocr_carea' id='block_1_63' title="bbox 295 3118 1992 3189">
    <p class='ocr_par' dir='ltr' id='par_1_63' title="bbox 295 3118 1992 3189">
     <span class='ocr_line' id='line_1_63' title="bbox 295 3118 1992 3189; baseline -0.001 -13"><span class='ocrx_word' id='word_1_421' title='bbox 295 3125 606 3185; x_wconf 88' lang='lat' dir='ltr'><strong>manserat,</strong></span> <span class='ocrx_word' id='word_1_422' title='bbox 641 3119 861 3189; x_wconf 89' lang='lat' dir='ltr'><strong>quique</strong></span> <span class='ocrx_word' id='word_1_423' title='bbox 883 3119 1242 3189; x_wconf 90' lang='lat' dir='ltr'><strong>postmodum</strong></span> <span class='ocrx_word' id='word_1_424' title='bbox 1272 3120 1330 3175; x_wconf 94' lang='lat' dir='ltr'><strong>in</strong></span> <span class='ocrx_word' id='word_1_425' title='bbox 1360 3119 1780 3175; x_wconf 89' lang='lat' dir='ltr'><strong>Northmannia</strong></span> <span class='ocrx_word' id='word_1_426' title='bbox 1808 3118 1992 3175; x_wconf 91' lang='lat' dir='ltr'><strong>factus</strong></span> 
     </span>
    </p>
   </div>
   <div class='ocr_carea' id='block_1_64' title="bbox 300 3206 1990 3277">
    <p class='ocr_par' dir='ltr' id='par_1_64' title="bbox 300 3206 1990 3277">
     <span class='ocr_line' id='line_1_64' title="bbox 300 3206 1990 3277; baseline -0.001 -14"><span class='ocrx_word' id='word_1_427' title='bbox 300 3216 385 3263; x_wconf 92' lang='lat' dir='ltr'><strong>est</strong></span> <span class='ocrx_word' id='word_1_428' title='bbox 412 3208 708 3277; x_wconf 90' lang='lat' dir='ltr'><strong>episcopus</strong></span> <span class='ocrx_word' id='word_1_429' title='bbox 752 3208 911 3263; x_wconf 91' lang='lat' dir='ltr'><strong>urbis</strong></span> <span class='ocrx_word' id='word_1_430' title='bbox 957 3206 1487 3264; x_wconf 91' lang='lat' dir='ltr'><strong>Constantiniensis.</strong></span> <span class='ocrx_word' id='word_1_431' title='bbox 1545 3208 1692 3263; x_wconf 93' lang='lat' dir='ltr'><strong>Dum</strong></span> <span class='ocrx_word' id='word_1_432' title='bbox 1724 3220 1862 3277; x_wconf 89' lang='lat' dir='ltr'><strong>ergo</strong></span> <span class='ocrx_word' id='word_1_433' title='bbox 1910 3207 1990 3262; x_wconf 91' lang='lat' dir='ltr'><strong>ibi</strong></span> 
     </span>
    </p>
   </div>
   <div class='ocr_carea' id='block_1_65' title="bbox 296 3295 1993 3366">
    <p class='ocr_par' dir='ltr' id='par_1_65' title="bbox 296 3295 1993 3366">
     <span class='ocr_line' id='line_1_65' title="bbox 296 3295 1993 3366; baseline 0 -16"><span class='ocrx_word' id='word_1_434' title='bbox 296 3307 572 3362; x_wconf 90' lang='lat' dir='ltr'><strong>essemus,</strong></span> <span class='ocrx_word' id='word_1_435' title='bbox 650 3295 842 3365; x_wconf 91' lang='lat' dir='ltr'><strong>puella</strong></span> <span class='ocrx_word' id='word_1_436' title='bbox 906 3295 1171 3366; x_wconf 60' lang='lat' dir='ltr'><strong>quadam</strong></span> <span class='ocrx_word' id='word_1_437' title='bbox 1223 3296 1338 3352; x_wconf 90' lang='lat' dir='ltr'><strong>fere</strong></span> <span class='ocrx_word' id='word_1_438' title='bbox 1403 3296 1691 3363; x_wconf 86' lang='lat' dir='ltr'><strong>decennis,</strong></span> <span class='ocrx_word' id='word_1_439' title='bbox 1762 3295 1993 3351; x_wconf 89' lang='lat' dir='ltr'><strong>nomine</strong></span> 
     </span>
    </p>
   </div>
   <div class='ocr_carea' id='block_1_66' title="bbox 296 3383 1993 3454">
    <p class='ocr_par' dir='ltr' id='par_1_66' title="bbox 296 3383 1993 3454">
     <span class='ocr_line' id='line_1_66' title="bbox 296 3383 1993 3454; baseline 0.001 -16"><span class='ocrx_word' id='word_1_440' title='bbox 296 3383 638 3452; x_wconf 83' lang='lat' dir='ltr'><strong>Kenehellis,</strong></span> <span class='ocrx_word' id='word_1_441' title='bbox 669 3397 818 3440; x_wconf 62' lang='lat' dir='ltr'><strong>eaea</strong></span> <span class='ocrx_word' id='word_1_442' title='bbox 865 3398 899 3439; x_wconf 94' lang='lat' dir='ltr'><strong>a</strong></span> <span class='ocrx_word' id='word_1_443' title='bbox 954 3384 1272 3452; x_wconf 90' lang='lat' dir='ltr'><strong>nativitate,</strong></span> <span class='ocrx_word' id='word_1_444' title='bbox 1308 3384 1364 3439; x_wconf 93' lang='lat' dir='ltr'><strong>in</strong></span> <span class='ocrx_word' id='word_1_445' title='bbox 1394 3384 1533 3439; x_wconf 89' lang='lat' dir='ltr'><strong>villa</strong></span> <span class='ocrx_word' id='word_1_446' title='bbox 1569 3399 1701 3454; x_wconf 62' lang='lat' dir='ltr'><strong>quae</strong></span> <span class='ocrx_word' id='word_1_447' title='bbox 1762 3384 1993 3440; x_wconf 90' lang='lat' dir='ltr'><strong>Bomine</strong></span> 
     </span>
    </p>
   </div>
   <div class='ocr_carea' id='block_1_67' title="bbox 295 3471 1991 3540">
    <p class='ocr_par' dir='ltr' id='par_1_67' title="bbox 295 3471 1991 3540">
     <span class='ocr_line' id='line_1_67' title="bbox 295 3471 1991 3540; baseline 0.003 -16"><span class='ocrx_word' id='word_1_448' title='bbox 295 3475 447 3525; x_wconf 77' lang='lat' dir='ltr'><strong>54o</strong></span> <span class='ocrx_word' id='word_1_449' title='bbox 494 3479 753 3539; x_wconf 87' lang='lat' dir='ltr'><strong>vocatur,</strong></span> <span class='ocrx_word' id='word_1_450' title='bbox 782 3472 854 3527; x_wconf 91' lang='lat' dir='ltr'><strong>ad</strong></span> <span class='ocrx_word' id='word_1_451' title='bbox 906 3471 1180 3528; x_wconf 83' lang='lat' dir='ltr'><strong>feretrum</strong></span> <span class='ocrx_word' id='word_1_452' title='bbox 1208 3472 1384 3540; x_wconf 91' lang='lat' dir='ltr'><strong>venit,</strong></span> <span class='ocrx_word' id='word_1_453' title='bbox 1415 3481 1471 3529; x_wconf 91' lang='lat' dir='ltr'><strong>et</strong></span> <span class='ocrx_word' id='word_1_454' title='bbox 1499 3472 1613 3528; x_wconf 90' lang='lat' dir='ltr'><strong>lota</strong></span> <span class='ocrx_word' id='word_1_455' title='bbox 1667 3473 1863 3529; x_wconf 89' lang='lat' dir='ltr'><strong>oculos</strong></span> <span class='ocrx_word' id='word_1_456' title='bbox 1918 3487 1991 3529; x_wconf 80' lang='lat' dir='ltr'><strong>ex</strong></span> 
     </span>
    </p>
   </div>
   <div class='ocr_carea' id='block_1_68' title="bbox 297 3559 1349 3630">
    <p class='ocr_par' dir='ltr' id='par_1_68' title="bbox 297 3559 1349 3630">
     <span class='ocr_line' id='line_1_68' title="bbox 297 3559 1349 3630; baseline 0 -16"><span class='ocrx_word' id='word_1_457' title='bbox 297 3572 451 3629; x_wconf 91' lang='lat' dir='ltr'><strong>aqua</strong></span> <span class='ocrx_word' id='word_1_458' title='bbox 482 3559 863 3630; x_wconf 88' lang='lat' dir='ltr'><strong>reliquiarum</strong></span> <span class='ocrx_word' id='word_1_459' title='bbox 890 3560 1083 3616; x_wconf 92' lang='lat' dir='ltr'><strong>lumen</strong></span> <span class='ocrx_word' id='word_1_460' title='bbox 1120 3561 1349 3630; x_wconf 89' lang='lat' dir='ltr'><strong>recepit.</strong></span> 
     </span>
    </p>
   </div>
   <div class='ocr_carea' id='block_1_69' title="bbox 508 3647 1728 3705">
    <p class='ocr_par' dir='ltr' id='par_1_69' title="bbox 508 3647 1728 3705">
     <span class='ocr_line' id='line_1_69' title="bbox 508 3647 1728 3705; baseline -0.002 -1"><span class='ocrx_word' id='word_1_461' title='bbox 508 3647 640 3704; x_wconf 80' lang='lat' dir='ltr'><strong>CAP.</strong></span> <span class='ocrx_word' id='word_1_462' title='bbox 671 3649 823 3705; x_wconf 91' lang='lat' dir='ltr'><strong>XVI.</strong></span> <span class='ocrx_word' id='word_1_463' title='bbox 853 3678 923 3688; x_wconf 88' lang='lat'><strong>-—</strong></span> <span class='ocrx_word' id='word_1_464' title='bbox 953 3650 1041 3701; x_wconf 90' lang='lat' dir='ltr'><strong>De</strong></span> <span class='ocrx_word' id='word_1_465' title='bbox 1066 3648 1240 3702; x_wconf 74' lang='lat' dir='ltr'><strong>surdo</strong></span> <span class='ocrx_word' id='word_1_466' title='bbox 1266 3647 1475 3702; x_wconf 75' lang='lat' dir='ltr'><strong>ibidem</strong></span> <span class='ocrx_word' id='word_1_467' title='bbox 1501 3651 1728 3704; x_wconf 75' lang='lat' dir='ltr'><strong>sanato.</strong></span> 
     </span>
    </p>
   </div>
   <div class='ocr_carea' id='block_1_70' title="bbox 369 3735 1994 3806">
    <p class='ocr_par' dir='ltr' id='par_1_70' title="bbox 369 3735 1994 3806">
     <span class='ocr_line' id='line_1_70' title="bbox 369 3735 1994 3806; baseline -0.001 -14"><span class='ocrx_word' id='word_1_468' title='bbox 369 3735 475 3792; x_wconf 89' lang='lat' dir='ltr'><strong>Sed</strong></span> <span class='ocrx_word' id='word_1_469' title='bbox 508 3744 562 3792; x_wconf 89' lang='lat' dir='ltr'><strong>et</strong></span> <span class='ocrx_word' id='word_1_470' title='bbox 590 3736 824 3806; x_wconf 91' lang='lat' dir='ltr'><strong>juvenis</strong></span> <span class='ocrx_word' id='word_1_471' title='bbox 875 3736 1112 3806; x_wconf 92' lang='lat' dir='ltr'><strong>quidam</strong></span> <span class='ocrx_word' id='word_1_472' title='bbox 1145 3736 1203 3791; x_wconf 94' lang='lat' dir='ltr'><strong>in</strong></span> <span class='ocrx_word' id='word_1_473' title='bbox 1246 3737 1445 3792; x_wconf 86' lang='lat' dir='ltr'><strong>eadem</strong></span> <span class='ocrx_word' id='word_1_474' title='bbox 1495 3736 1633 3792; x_wconf 93' lang='lat' dir='ltr'><strong>villa</strong></span> <span class='ocrx_word' id='word_1_475' title='bbox 1687 3737 1900 3793; x_wconf 91' lang='lat' dir='ltr'><strong>surdus</strong></span> <span class='ocrx_word' id='word_1_476' title='bbox 1960 3750 1994 3791; x_wconf 92' lang='lat' dir='ltr'><strong>a</strong></span> 
     </span>
    </p>
   </div>
   <div class='ocr_carea' id='block_1_71' title="bbox 297 3823 1994 3896">
    <p class='ocr_par' dir='ltr' id='par_1_71' title="bbox 297 3823 1994 3896">
     <span class='ocr_line' id='line_1_71' title="bbox 297 3823 1994 3896; baseline 0.001 -18"><span class='ocrx_word' id='word_1_477' title='bbox 297 3823 599 3880; x_wconf 83' lang='lat' dir='ltr'><strong>nativitate</strong></span> <span class='ocrx_word' id='word_1_478' title='bbox 648 3825 720 3880; x_wconf 90' lang='lat' dir='ltr'><strong>ad</strong></span> <span class='ocrx_word' id='word_1_479' title='bbox 769 3824 1041 3881; x_wconf 82' lang='lat' dir='ltr'><strong>feretrum</strong></span> <span class='ocrx_word' id='word_1_480' title='bbox 1105 3825 1280 3892; x_wconf 91' lang='lat' dir='ltr'><strong>venit,</strong></span> <span class='ocrx_word' id='word_1_481' title='bbox 1329 3833 1383 3881; x_wconf 91' lang='lat' dir='ltr'><strong>et</strong></span> <span class='ocrx_word' id='word_1_482' title='bbox 1432 3826 1581 3881; x_wconf 90' lang='lat' dir='ltr'><strong>lotus</strong></span> <span class='ocrx_word' id='word_1_483' title='bbox 1626 3839 1797 3881; x_wconf 91' lang='lat' dir='ltr'><strong>aures</strong></span> <span class='ocrx_word' id='word_1_484' title='bbox 1840 3838 1994 3896; x_wconf 88' lang='lat' dir='ltr'><strong>aqua</strong></span> 
     </span>
    </p>
   </div>
   <div class='ocr_carea' id='block_1_72' title="bbox 297 3911 1993 3983">
    <p class='ocr_par' dir='ltr' id='par_1_72' title="bbox 297 3911 1993 3983">
     <span class='ocr_line' id='line_1_72' title="bbox 297 3911 1993 3983; baseline 0 -16"><span class='ocrx_word' id='word_1_485' title='bbox 297 3911 676 3982; x_wconf 90' lang='lat' dir='ltr'><strong>reliquiarum</strong></span> <span class='ocrx_word' id='word_1_486' title='bbox 713 3914 972 3983; x_wconf 88' lang='lat' dir='ltr'><strong>protinus</strong></span> <span class='ocrx_word' id='word_1_487' title='bbox 1001 3913 1241 3969; x_wconf 87' lang='lat' dir='ltr'><strong>audivit.</strong></span> <span class='ocrx_word' id='word_1_488' title='bbox 1275 3914 1515 3979; x_wconf 86' lang='lat' dir='ltr'><strong>Quidam</strong></span> <span class='ocrx_word' id='word_1_489' title='bbox 1552 3915 1723 3969; x_wconf 90' lang='lat' dir='ltr'><strong>etiam</strong></span> <span class='ocrx_word' id='word_1_490' title='bbox 1768 3914 1857 3969; x_wconf 92' lang='lat' dir='ltr'><strong>vir</strong></span> <span class='ocrx_word' id='word_1_491' title='bbox 1888 3913 1993 3969; x_wconf 87' lang='lat' dir='ltr'><strong>ibi-</strong></span> 
     </span>
    </p>
   </div>
   <div class='ocr_carea' id='block_1_73' title="bbox 296 4001 1993 4072">
    <p class='ocr_par' dir='ltr' id='par_1_73' title="bbox 296 4001 1993 4072">
     <span class='ocr_line' id='line_1_73' title="bbox 296 4001 1993 4072; baseline 0.001 -17"><span class='ocrx_word' id='word_1_492' title='bbox 296 4001 426 4055; x_wconf 90' lang='lat' dir='ltr'><strong>dem</strong></span> <span class='ocrx_word' id='word_1_493' title='bbox 484 4014 719 4057; x_wconf 90' lang='lat' dir='ltr'><strong>manum</strong></span> <span class='ocrx_word' id='word_1_494' title='bbox 797 4001 1020 4057; x_wconf 91' lang='lat' dir='ltr'><strong>aridam</strong></span> <span class='ocrx_word' id='word_1_495' title='bbox 1086 4002 1323 4069; x_wconf 89' lang='lat' dir='ltr'><strong>habens,</strong></span> <span class='ocrx_word' id='word_1_496' title='bbox 1386 4017 1577 4058; x_wconf 92' lang='lat' dir='ltr'><strong>coram</strong></span> <span class='ocrx_word' id='word_1_497' title='bbox 1626 4002 1833 4058; x_wconf 89' lang='lat' dir='ltr'><strong>feretro</strong></span> <span class='ocrx_word' id='word_1_498' title='bbox 1891 4015 1993 4072; x_wconf 92' lang='lat' dir='ltr'><strong>pro</strong></span> 
     </span>
    </p>
   </div>
   <div class='ocr_carea' id='block_1_74' title="bbox 296 4087 1997 4160">
    <p class='ocr_par' dir='ltr' id='par_1_74' title="bbox 296 4087 1997 4160">
     <span class='ocr_line' id='line_1_74' title="bbox 296 4087 1997 4160; baseline 0.002 -18"><span class='ocrx_word' id='word_1_499' title='bbox 296 4088 597 4143; x_wconf 89' lang='lat' dir='ltr'><strong>sanctitate</strong></span> <span class='ocrx_word' id='word_1_500' title='bbox 642 4087 969 4159; x_wconf 91' lang='lat' dir='ltr'><strong>recipienda</strong></span> <span class='ocrx_word' id='word_1_501' title='bbox 1014 4089 1307 4160; x_wconf 89' lang='lat' dir='ltr'><strong>vigilabat.</strong></span> <span class='ocrx_word' id='word_1_502' title='bbox 1365 4089 1469 4146; x_wconf 87' lang='lat' dir='ltr'><strong>Sed</strong></span> <span class='ocrx_word' id='word_1_503' title='bbox 1532 4091 1679 4145; x_wconf 91' lang='lat' dir='ltr'><strong>sicut</strong></span> <span class='ocrx_word' id='word_1_504' title='bbox 1735 4089 1997 4146; x_wconf 91' lang='lat' dir='ltr'><strong>Britones</strong></span> 
     </span>
    </p>
   </div>
   <div class='ocr_carea' id='block_1_75' title="bbox 296 4175 1993 4248">
    <p class='ocr_par' dir='ltr' id='par_1_75' title="bbox 296 4175 1993 4248">
     <span class='ocr_line' id='line_1_75' title="bbox 296 4175 1993 4248; baseline 0.004 -18"><span class='ocrx_word' id='word_1_505' title='bbox 296 4175 478 4231; x_wconf 90' lang='lat' dir='ltr'><strong>solent</strong></span> <span class='ocrx_word' id='word_1_506' title='bbox 526 4176 756 4247; x_wconf 88' lang='lat' dir='ltr'><strong>jurgari</strong></span> <span class='ocrx_word' id='word_1_507' title='bbox 788 4190 921 4233; x_wconf 91' lang='lat' dir='ltr'><strong>cum</strong></span> <span class='ocrx_word' id='word_1_508' title='bbox 972 4178 1205 4233; x_wconf 89' lang='lat' dir='ltr'><strong>Francis</strong></span> <span class='ocrx_word' id='word_1_509' title='bbox 1251 4192 1353 4248; x_wconf 91' lang='lat' dir='ltr'><strong>pro</strong></span> <span class='ocrx_word' id='word_1_510' title='bbox 1385 4192 1514 4248; x_wconf 89' lang='lat' dir='ltr'><strong>rege</strong></span> <span class='ocrx_word' id='word_1_511' title='bbox 1550 4178 1783 4245; x_wconf 84' lang='lat' dir='ltr'><strong>Arturo,</strong></span> <span class='ocrx_word' id='word_1_512' title='bbox 1844 4179 1993 4236; x_wconf 91' lang='lat' dir='ltr'><strong>idem</strong></span> 
     </span>
    </p>
   </div>
   <div class='ocr_carea' id='block_1_76' title="bbox 294 4263 1997 4334">
    <p class='ocr_par' dir='ltr' id='par_1_76' title="bbox 294 4263 1997 4334">
     <span class='ocr_line' id='line_1_76' title="bbox 294 4263 1997 4334; baseline 0.003 -17"><span class='ocrx_word' id='word_1_513' title='bbox 294 4263 386 4319; x_wconf 92' lang='lat' dir='ltr'><strong>vir</strong></span> <span class='ocrx_word' id='word_1_514' title='bbox 414 4264 583 4334; x_wconf 68' lang='lat' dir='ltr'><strong>erepit</strong></span> <span class='ocrx_word' id='word_1_515' title='bbox 607 4263 787 4321; x_wconf 84' lang='lat' dir='ltr'><strong>rixari</strong></span> <span class='ocrx_word' id='word_1_516' title='bbox 819 4279 951 4321; x_wconf 92' lang='lat' dir='ltr'><strong>cum</strong></span> <span class='ocrx_word' id='word_1_517' title='bbox 977 4280 1094 4322; x_wconf 92' lang='lat' dir='ltr'><strong>uno</strong></span> <span class='ocrx_word' id='word_1_518' title='bbox 1113 4280 1183 4322; x_wconf 85' lang='lat' dir='ltr'><strong>ex</strong></span> <span class='ocrx_word' id='word_1_519' title='bbox 1218 4265 1448 4322; x_wconf 89' lang='lat' dir='ltr'><strong>famulis</strong></span> <span class='ocrx_word' id='word_1_520' title='bbox 1497 4267 1724 4333; x_wconf 87' lang='lat' dir='ltr'><strong>nostris,</strong></span> <span class='ocrx_word' id='word_1_521' title='bbox 1767 4267 1997 4322; x_wconf 91' lang='lat' dir='ltr'><strong>nomine</strong></span> 
     </span>
    </p>
   </div>
   <div class='ocr_carea' id='block_1_77' title="bbox 299 4352 1999 4424">
    <p class='ocr_par' dir='ltr' id='par_1_77' title="bbox 299 4352 1999 4424">
     <span class='ocr_line' id='line_1_77' title="bbox 299 4352 1999 4424; baseline 0.002 -18"><span class='ocrx_word' id='word_1_522' title='bbox 299 4352 630 4423; x_wconf 85' lang='lat' dir='ltr'><strong>Haganello,</strong></span> <span class='ocrx_word' id='word_1_523' title='bbox 700 4353 800 4424; x_wconf 93' lang='lat' dir='ltr'><strong>qui</strong></span> <span class='ocrx_word' id='word_1_524' title='bbox 874 4361 998 4410; x_wconf 91' lang='lat' dir='ltr'><strong>erat</strong></span> <span class='ocrx_word' id='word_1_525' title='bbox 1057 4368 1127 4410; x_wconf 83' lang='lat' dir='ltr'><strong>ex</strong></span> <span class='ocrx_word' id='word_1_526' title='bbox 1186 4354 1404 4409; x_wconf 90' lang='lat' dir='ltr'><strong>familia</strong></span> <span class='ocrx_word' id='word_1_527' title='bbox 1466 4354 1662 4410; x_wconf 89' lang='lat' dir='ltr'><strong>domui</strong></span> <span class='ocrx_word' id='word_1_528' title='bbox 1720 4353 1999 4410; x_wconf 89' lang='lat' dir='ltr'><strong>Guidonis</strong></span> 
     </span>
    </p>
   </div>
   <div class='ocr_carea' id='block_1_78' title="bbox 300 4440 1997 4509">
    <p class='ocr_par' dir='ltr' id='par_1_78' title="bbox 300 4440 1997 4509">
     <span class='ocr_line' id='line_1_78' title="bbox 300 4440 1997 4509; baseline 0.002 -14"><span class='ocrx_word' id='word_1_529' title='bbox 300 4440 702 4498; x_wconf 90' lang='lat' dir='ltr'><strong>Laudunensis</strong></span> <span class='ocrx_word' id='word_1_530' title='bbox 766 4440 1176 4509; x_wconf 90' lang='lat' dir='ltr'><strong>archidiaconi,</strong></span> <span class='ocrx_word' id='word_1_531' title='bbox 1225 4441 1418 4498; x_wconf 90' lang='lat' dir='ltr'><strong>dicens</strong></span> <span class='ocrx_word' id='word_1_532' title='bbox 1483 4443 1675 4499; x_wconf 91' lang='lat' dir='ltr'><strong>adhuc</strong></span> <span class='ocrx_word' id='word_1_533' title='bbox 1715 4444 1997 4499; x_wconf 89' lang='lat' dir='ltr'><strong>Arturum</strong></span> 
     </span>
    </p>
   </div>
   <div class='ocr_carea' id='block_1_79' title="bbox 300 4528 1998 4600">
    <p class='ocr_par' dir='ltr' id='par_1_79' title="bbox 300 4528 1998 4600">
     <span class='ocr_line' id='line_1_79' title="bbox 300 4528 1998 4600; baseline 0.002 -16"><span class='ocrx_word' id='word_1_534' title='bbox 300 4528 513 4585; x_wconf 89' lang='lat' dir='ltr'><strong>vivere.</strong></span> <span class='ocrx_word' id='word_1_535' title='bbox 540 4530 702 4587; x_wconf 90' lang='lat' dir='ltr'><strong>Unde</strong></span> <span class='ocrx_word' id='word_1_536' title='bbox 732 4544 845 4587; x_wconf 90' lang='lat' dir='ltr'><strong>non</strong></span> <span class='ocrx_word' id='word_1_537' title='bbox 873 4543 1054 4600; x_wconf 89' lang='lat' dir='ltr'><strong>parvo</strong></span> <span class='ocrx_word' id='word_1_538' title='bbox 1086 4530 1344 4587; x_wconf 90' lang='lat' dir='ltr'><strong>tumultu</strong></span> <span class='ocrx_word' id='word_1_539' title='bbox 1373 4541 1593 4599; x_wconf 82' lang='lat' dir='ltr'><strong>exorto,</strong></span> <span class='ocrx_word' id='word_1_540' title='bbox 1642 4546 1777 4587; x_wconf 90' lang='lat' dir='ltr'><strong>cum</strong></span> <span class='ocrx_word' id='word_1_541' title='bbox 1822 4532 1998 4588; x_wconf 89' lang='lat' dir='ltr'><strong>armis</strong></span> 
     </span>
    </p>
   </div>
   <div class='ocr_carea' id='block_1_80' title="bbox 296 4617 1998 4692">
    <p class='ocr_par' dir='ltr' id='par_1_80' title="bbox 296 4617 1998 4692">
     <span class='ocr_line' id='line_1_80' title="bbox 296 4617 1998 4692; baseline 0.002 -20"><span class='ocrx_word' id='word_1_542' title='bbox 296 4617 593 4673; x_wconf 88' lang='lat' dir='ltr'><strong>ecclesiam</strong></span> <span class='ocrx_word' id='word_1_543' title='bbox 624 4620 859 4674; x_wconf 93' lang='lat' dir='ltr'><strong>irruunt</strong></span> <span class='ocrx_word' id='word_1_544' title='bbox 884 4617 1139 4688; x_wconf 92' lang='lat' dir='ltr'><strong>plurimi,</strong></span> <span class='ocrx_word' id='word_1_545' title='bbox 1162 4625 1216 4674; x_wconf 89' lang='lat' dir='ltr'><strong>et</strong></span> <span class='ocrx_word' id='word_1_546' title='bbox 1245 4617 1352 4674; x_wconf 91' lang='lat' dir='ltr'><strong>nisi</strong></span> <span class='ocrx_word' id='word_1_547' title='bbox 1394 4620 1667 4689; x_wconf 67' lang='lat' dir='ltr'><strong>praefatus</strong></span> <span class='ocrx_word' id='word_1_548' title='bbox 1710 4620 1998 4692; x_wconf 80' lang='lat' dir='ltr'><strong>Algardus</strong></span> 
     </span>
    </p>
   </div>
   <div class='ocr_carea' id='block_1_81' title="bbox 299 4705 1999 4779">
    <p class='ocr_par' dir='ltr' id='par_1_81' title="bbox 299 4705 1999 4779">
     <span class='ocr_line' id='line_1_81' title="bbox 299 4705 1999 4779; baseline 0.003 -19"><span class='ocrx_word' id='word_1_549' title='bbox 299 4705 543 4762; x_wconf 91' lang='lat' dir='ltr'><strong>clericus</strong></span> <span class='ocrx_word' id='word_1_550' title='bbox 590 4706 918 4773; x_wconf 89' lang='lat' dir='ltr'><strong>obstitisset,</strong></span> <span class='ocrx_word' id='word_1_551' title='bbox 984 4720 1127 4776; x_wconf 90' lang='lat' dir='ltr'><strong>pene</strong></span> <span class='ocrx_word' id='word_1_552' title='bbox 1173 4720 1359 4777; x_wconf 90' lang='lat' dir='ltr'><strong>usque</strong></span> <span class='ocrx_word' id='word_1_553' title='bbox 1404 4710 1475 4763; x_wconf 92' lang='lat' dir='ltr'><strong>ad</strong></span> <span class='ocrx_word' id='word_1_554' title='bbox 1523 4709 1824 4779; x_wconf 88' lang='lat' dir='ltr'><strong>sanguinis</strong></span> <span class='ocrx_word' id='word_1_555' title='bbox 1864 4707 1999 4765; x_wconf 77' lang='lat' dir='ltr'><strong>effu-</strong></span> 
     </span>
    </p>
   </div>
   <div class='ocr_carea' id='block_1_82' title="bbox 296 4793 1997 4858">
    <p class='ocr_par' dir='ltr' id='par_1_82' title="bbox 296 4793 1997 4858">
     <span class='ocr_line' id='line_1_82' title="bbox 296 4793 1997 4858; baseline 0.004 -11"><span class='ocrx_word' id='word_1_556' title='bbox 296 4793 509 4849; x_wconf 87' lang='lat' dir='ltr'><strong>sionem</strong></span> <span class='ocrx_word' id='word_1_557' title='bbox 558 4802 795 4850; x_wconf 89' lang='lat' dir='ltr'><strong>ventum</strong></span> <span class='ocrx_word' id='word_1_558' title='bbox 838 4794 1056 4849; x_wconf 91' lang='lat' dir='ltr'><strong>fuisset.</strong></span> <span class='ocrx_word' id='word_1_559' title='bbox 1090 4794 1273 4858; x_wconf 91' lang='lat' dir='ltr'><strong>Quam</strong></span> <span class='ocrx_word' id='word_1_560' title='bbox 1320 4796 1505 4851; x_wconf 85' lang='lat' dir='ltr'><strong>rixam</strong></span> <span class='ocrx_word' id='word_1_561' title='bbox 1556 4812 1747 4853; x_wconf 86' lang='lat' dir='ltr'><strong>coram</strong></span> <span class='ocrx_word' id='word_1_562' title='bbox 1791 4797 1997 4853; x_wconf 90' lang='lat' dir='ltr'><strong>feretro</strong></span> 
     </span>
    </p>
   </div>
   <div class='ocr_carea' id='block_1_83' title="bbox 297 4882 1994 4956">
    <p class='ocr_par' dir='ltr' id='par_1_83' title="bbox 297 4882 1994 4956">
     <span class='ocr_line' id='line_1_83' title="bbox 297 4882 1994 4956; baseline 0.003 -20"><span class='ocrx_word' id='word_1_563' title='bbox 297 4896 403 4938; x_wconf 92' lang='lat' dir='ltr'><strong>suo</strong></span> <span class='ocrx_word' id='word_1_564' title='bbox 450 4882 657 4937; x_wconf 92' lang='lat' dir='ltr'><strong>factam</strong></span> <span class='ocrx_word' id='word_1_565' title='bbox 703 4882 991 4938; x_wconf 92' lang='lat' dir='ltr'><strong>credimus</strong></span> <span class='ocrx_word' id='word_1_566' title='bbox 1040 4883 1295 4939; x_wconf 63' lang='lat' dir='ltr'><strong>Dominae</strong></span> <span class='ocrx_word' id='word_1_567' title='bbox 1361 4893 1557 4941; x_wconf 91' lang='lat' dir='ltr'><strong>nostra</strong></span> <span class='ocrx_word' id='word_1_568' title='bbox 1617 4885 1994 4956; x_wconf 90' lang='lat' dir='ltr'><strong>displicuisse,</strong></span> 
     </span>
    </p>
   </div>
   <div class='ocr_carea' id='block_1_84' title="bbox 298 4970 1997 5043">
    <p class='ocr_par' dir='ltr' id='par_1_84' title="bbox 298 4970 1997 5043">
     <span class='ocr_line' id='line_1_84' title="bbox 298 4970 1997 5043; baseline 0.001 -17"><span class='ocrx_word' id='word_1_569' title='bbox 298 4984 434 5027; x_wconf 91' lang='lat' dir='ltr'><strong>nam</strong></span> <span class='ocrx_word' id='word_1_570' title='bbox 494 4970 643 5026; x_wconf 89' lang='lat' dir='ltr'><strong>idem</strong></span> <span class='ocrx_word' id='word_1_571' title='bbox 691 4970 782 5026; x_wconf 91' lang='lat' dir='ltr'><strong>vir</strong></span> <span class='ocrx_word' id='word_1_572' title='bbox 843 4983 1081 5026; x_wconf 90' lang='lat' dir='ltr'><strong>manum</strong></span> <span class='ocrx_word' id='word_1_573' title='bbox 1149 4970 1367 5028; x_wconf 90' lang='lat' dir='ltr'><strong>habens</strong></span> <span class='ocrx_word' id='word_1_574' title='bbox 1438 4974 1680 5039; x_wconf 90' lang='lat' dir='ltr'><strong>aridam,</strong></span> <span class='ocrx_word' id='word_1_575' title='bbox 1747 4975 1850 5043; x_wconf 92' lang='lat' dir='ltr'><strong>qui</strong></span> <span class='ocrx_word' id='word_1_576' title='bbox 1895 4986 1997 5043; x_wconf 94' lang='lat' dir='ltr'><strong>pro</strong></span> 
     </span>
    </p>
   </div>
   <div class='ocr_carea' id='block_1_85' title="bbox 298 5058 1851 5132">
    <p class='ocr_par' dir='ltr' id='par_1_85' title="bbox 298 5058 1851 5132">
     <span class='ocr_line' id='line_1_85' title="bbox 298 5058 1851 5132; baseline 0.001 -18"><span class='ocrx_word' id='word_1_577' title='bbox 298 5062 510 5115; x_wconf 83' lang='lat' dir='ltr'><strong>Arturo</strong></span> <span class='ocrx_word' id='word_1_578' title='bbox 542 5058 856 5115; x_wconf 91' lang='lat' dir='ltr'><strong>tumultum</strong></span> <span class='ocrx_word' id='word_1_579' title='bbox 884 5058 1112 5127; x_wconf 91' lang='lat' dir='ltr'><strong>fecerat,</strong></span> <span class='ocrx_word' id='word_1_580' title='bbox 1145 5060 1447 5118; x_wconf 90' lang='lat' dir='ltr'><strong>sanitatem</strong></span> <span class='ocrx_word' id='word_1_581' title='bbox 1469 5076 1584 5118; x_wconf 92' lang='lat' dir='ltr'><strong>non</strong></span> <span class='ocrx_word' id='word_1_582' title='bbox 1620 5061 1851 5132; x_wconf 91' lang='lat' dir='ltr'><strong>recepit.</strong></span> 
     </span>
    </p>
   </div>
   <div class='ocr_carea' id='block_1_86' title="bbox 366 5142 1746 5221">
    <p class='ocr_par' dir='ltr' id='par_1_86' title="bbox 366 5142 1746 5221">
     <span class='ocr_line' id='line_1_86' title="bbox 366 5142 1746 5221; baseline -0.001 -17"><span class='ocrx_word' id='word_1_583' title='bbox 366 5146 500 5205; x_wconf 81' lang='lat' dir='ltr'><strong>CAP.</strong></span> <span class='ocrx_word' id='word_1_584' title='bbox 535 5147 705 5203; x_wconf 87' lang='lat' dir='ltr'><strong>XVII.</strong></span> <span class='ocrx_word' id='word_1_585' title='bbox 739 5150 823 5203; x_wconf 85' lang='lat' dir='ltr'><strong>De</strong></span> <span class='ocrx_word' id='word_1_586' title='bbox 846 5147 1047 5221; x_wconf 80' lang='lat' dir='ltr'><strong>puella</strong></span> <span class='ocrx_word' id='word_1_587' title='bbox 1072 5165 1251 5205; x_wconf 81' lang='lat' dir='ltr'><strong>curva</strong></span> <span class='ocrx_word' id='word_1_588' title='bbox 1283 5142 1440 5220; x_wconf 68' lang='lat' dir='ltr'><strong>apud</strong></span> <span class='ocrx_word' id='word_1_589' title='bbox 1495 5153 1746 5205; x_wconf 73' lang='lat' dir='ltr'><strong>castrum</strong></span> 
     </span>
    </p>
   </div>
   <div class='ocr_carea' id='block_1_87' title="bbox 808 5236 1511 5309">
    <p class='ocr_par' dir='ltr' id='par_1_87' title="bbox 808 5236 1511 5309">
     <span class='ocr_line' id='line_1_87' title="bbox 808 5236 1511 5309; baseline 0 -18"><span class='ocrx_word' id='word_1_590' title='bbox 808 5236 1258 5309; x_wconf 72' lang='lat' dir='ltr'><strong>Bannistaplum</strong></span> <span class='ocrx_word' id='word_1_591' title='bbox 1282 5241 1511 5294; x_wconf 75' lang='lat' dir='ltr'><strong>curata.</strong></span> 
     </span>
    </p>
   </div>
   <div class='ocr_carea' id='block_1_88' title="bbox 368 5324 1995 5397">
    <p class='ocr_par' dir='ltr' id='par_1_88' title="bbox 368 5324 1995 5397">
     <span class='ocr_line' id='line_1_88' title="bbox 368 5324 1995 5397; baseline 0.002 -18"><span class='ocrx_word' id='word_1_592' title='bbox 368 5324 501 5379; x_wconf 90' lang='lat' dir='ltr'><strong>Post</strong></span> <span class='ocrx_word' id='word_1_593' title='bbox 523 5325 649 5380; x_wconf 66' lang='lat' dir='ltr'><strong>haec</strong></span> <span class='ocrx_word' id='word_1_594' title='bbox 672 5325 937 5383; x_wconf 88' lang='lat' dir='ltr'><strong>venimus</strong></span> <span class='ocrx_word' id='word_1_595' title='bbox 964 5326 1037 5383; x_wconf 91' lang='lat' dir='ltr'><strong>ad</strong></span> <span class='ocrx_word' id='word_1_596' title='bbox 1066 5335 1342 5394; x_wconf 85' lang='lat' dir='ltr'><strong>castrum,</strong></span> <span class='ocrx_word' id='word_1_597' title='bbox 1374 5326 1529 5397; x_wconf 92' lang='lat' dir='ltr'><strong>quod</strong></span> <span class='ocrx_word' id='word_1_598' title='bbox 1581 5326 1792 5382; x_wconf 92' lang='lat' dir='ltr'><strong>dicitur</strong></span> <span class='ocrx_word' id='word_1_599' title='bbox 1846 5327 1995 5382; x_wconf 92' lang='lat' dir='ltr'><strong>Ban-</strong></span> 
     </span>
    </p>
   </div>
   <div class='ocr_carea' id='block_1_89' title="bbox 371 5481 1697 5555">
    <p class='ocr_par' dir='ltr' id='par_1_89' title="bbox 371 5481 1697 5555">
     <span class='ocr_line' id='line_1_89' title="bbox 371 5481 1697 5555; baseline 0.003 -17"><span class='ocrx_word' id='word_1_600' title='bbox 371 5481 485 5554; x_wconf 83' lang='lat'><strong>(56)</strong></span> <span class='ocrx_word' id='word_1_601' title='bbox 512 5483 764 5555; x_wconf 76' lang='lat' dir='ltr'><strong>Algarus</strong></span> <span class='ocrx_word' id='word_1_602' title='bbox 791 5494 1035 5544; x_wconf 83' lang='lat' dir='ltr'><strong>vocatur</strong></span> <span class='ocrx_word' id='word_1_603' title='bbox 1056 5486 1115 5542; x_wconf 92' lang='lat' dir='ltr'><strong>in</strong></span> <span class='ocrx_word' id='word_1_604' title='bbox 1134 5485 1320 5543; x_wconf 89' lang='lat' dir='ltr'><strong>Gallia</strong></span> <span class='ocrx_word' id='word_1_605' title='bbox 1345 5485 1697 5544; x_wconf 86' lang='lat' dir='ltr'><strong>Christiana.</strong></span> 
     </span>
    </p>
   </div>
   <div class='ocr_carea' id='block_1_90' title="bbox 2096 3033 3811 3105">
    <p class='ocr_par' dir='ltr' id='par_1_90' title="bbox 2096 3033 3811 3105">
     <span class='ocr_line' id='line_1_90' title="bbox 2096 3033 3811 3105; baseline -0.003 -13"><span class='ocrx_word' id='word_1_606' title='bbox 2096 3036 2309 3093; x_wconf 80' lang='lat' dir='ltr'><strong>Joellus</strong></span> <span class='ocrx_word' id='word_1_607' title='bbox 2355 3036 2758 3102; x_wconf 71' lang='lat' dir='ltr'><strong>aediticaverat,</strong></span> <span class='ocrx_word' id='word_1_608' title='bbox 2802 3035 2905 3104; x_wconf 91' lang='lat' dir='ltr'><strong>qui</strong></span> <span class='ocrx_word' id='word_1_609' title='bbox 2946 3034 3068 3105; x_wconf 90' lang='lat' dir='ltr'><strong>jam</strong></span> <span class='ocrx_word' id='word_1_610' title='bbox 3110 3048 3209 3104; x_wconf 91' lang='lat' dir='ltr'><strong>per</strong></span> <span class='ocrx_word' id='word_1_611' title='bbox 3253 3033 3553 3089; x_wconf 89' lang='lat' dir='ltr'><strong>biennium</strong></span> <span class='ocrx_word' id='word_1_612' title='bbox 3604 3033 3811 3087; x_wconf 90' lang='lat' dir='ltr'><strong>morbo</strong></span> 
     </span>
    </p>
   </div>
   <div class='ocr_carea' id='block_1_91' title="bbox 2101 3120 3810 3193">
    <p class='ocr_par' dir='ltr' id='par_1_91' title="bbox 2101 3120 3810 3193">
     <span class='ocr_line' id='line_1_91' title="bbox 2101 3120 3810 3193; baseline -0.002 -15"><span class='ocrx_word' id='word_1_613' title='bbox 2101 3123 2426 3191; x_wconf 89' lang='lat' dir='ltr'><strong>insanabili,</strong></span> <span class='ocrx_word' id='word_1_614' title='bbox 2457 3136 2630 3193; x_wconf 92' lang='lat' dir='ltr'><strong>quem</strong></span> <span class='ocrx_word' id='word_1_615' title='bbox 2658 3122 2860 3179; x_wconf 89' lang='lat' dir='ltr'><strong>medici</strong></span> <span class='ocrx_word' id='word_1_616' title='bbox 2906 3123 3082 3178; x_wconf 91' lang='lat' dir='ltr'><strong>sciam</strong></span> <span class='ocrx_word' id='word_1_617' title='bbox 3123 3129 3346 3185; x_wconf 89' lang='lat' dir='ltr'><strong>vocant,</strong></span> <span class='ocrx_word' id='word_1_618' title='bbox 3393 3121 3530 3175; x_wconf 89' lang='lat' dir='ltr'><strong>adeo</strong></span> <span class='ocrx_word' id='word_1_619' title='bbox 3580 3120 3810 3175; x_wconf 85' lang='lat' dir='ltr'><strong>labora-</strong></span> 
     </span>
    </p>
   </div>
   <div class='ocr_carea' id='block_1_92' title="bbox 2100 3207 3810 3281">
    <p class='ocr_par' dir='ltr' id='par_1_92' title="bbox 2100 3207 3810 3281">
     <span class='ocr_line' id='line_1_92' title="bbox 2100 3207 3810 3281; baseline -0.002 -14"><span class='ocrx_word' id='word_1_620' title='bbox 2100 3218 2263 3268; x_wconf 90' lang='lat' dir='ltr'><strong>verat</strong></span> <span class='ocrx_word' id='word_1_621' title='bbox 2306 3219 2370 3268; x_wconf 94' lang='lat' dir='ltr'><strong>ut</strong></span> <span class='ocrx_word' id='word_1_622' title='bbox 2418 3224 2711 3281; x_wconf 90' lang='lat' dir='ltr'><strong>nusquam</strong></span> <span class='ocrx_word' id='word_1_623' title='bbox 2750 3210 2861 3265; x_wconf 93' lang='lat' dir='ltr'><strong>nisi</strong></span> <span class='ocrx_word' id='word_1_624' title='bbox 2900 3209 3274 3266; x_wconf 90' lang='lat' dir='ltr'><strong>claudicando</strong></span> <span class='ocrx_word' id='word_1_625' title='bbox 3311 3217 3365 3265; x_wconf 93' lang='lat' dir='ltr'><strong>et</strong></span> <span class='ocrx_word' id='word_1_626' title='bbox 3415 3207 3621 3264; x_wconf 91' lang='lat' dir='ltr'><strong>baculo</strong></span> <span class='ocrx_word' id='word_1_627' title='bbox 3666 3208 3810 3263; x_wconf 90' lang='lat' dir='ltr'><strong>sub-</strong></span> 
     </span>
    </p>
   </div>
   <div class='ocr_carea' id='block_1_93' title="bbox 2101 3298 3805 3369">
    <p class='ocr_par' dir='ltr' id='par_1_93' title="bbox 2101 3298 3805 3369">
     <span class='ocr_line' id='line_1_93' title="bbox 2101 3298 3805 3369; baseline -0.003 -13"><span class='ocrx_word' id='word_1_628' title='bbox 2101 3299 2418 3356; x_wconf 88' lang='lat' dir='ltr'><strong>stendando</strong></span> <span class='ocrx_word' id='word_1_629' title='bbox 2498 3306 2682 3369; x_wconf 81' lang='lat' dir='ltr'><strong>posset</strong></span> <span class='ocrx_word' id='word_1_630' title='bbox 2764 3298 3032 3355; x_wconf 89' lang='lat' dir='ltr'><strong>incidere.</strong></span> <span class='ocrx_word' id='word_1_631' title='bbox 3095 3298 3195 3352; x_wconf 85' lang='lat' dir='ltr'><strong>Hic</strong></span> <span class='ocrx_word' id='word_1_632' title='bbox 3248 3311 3387 3369; x_wconf 89' lang='lat' dir='ltr'><strong>ergo</strong></span> <span class='ocrx_word' id='word_1_633' title='bbox 3448 3311 3544 3366; x_wconf 90' lang='lat' dir='ltr'><strong>per</strong></span> <span class='ocrx_word' id='word_1_634' title='bbox 3619 3304 3805 3352; x_wconf 91' lang='lat' dir='ltr'><strong>totum</strong></span> 
     </span>
    </p>
   </div>
   <div class='ocr_carea' id='block_1_94' title="bbox 2103 3384 3805 3455">
    <p class='ocr_par' dir='ltr' id='par_1_94' title="bbox 2103 3384 3805 3455">
     <span class='ocr_line' id='line_1_94' title="bbox 2103 3384 3805 3455; baseline -0.004 -9"><span class='ocrx_word' id='word_1_635' title='bbox 2103 3390 2361 3446; x_wconf 90' lang='lat' dir='ltr'><strong>triduum</strong></span> <span class='ocrx_word' id='word_1_636' title='bbox 2402 3387 2566 3445; x_wconf 93' lang='lat' dir='ltr'><strong>nobis</strong></span> <span class='ocrx_word' id='word_1_637' title='bbox 2607 3389 2666 3443; x_wconf 91' lang='lat' dir='ltr'><strong>in</strong></span> <span class='ocrx_word' id='word_1_638' title='bbox 2711 3388 2909 3444; x_wconf 93' lang='lat' dir='ltr'><strong>eadem</strong></span> <span class='ocrx_word' id='word_1_639' title='bbox 2949 3387 3187 3443; x_wconf 89' lang='lat' dir='ltr'><strong>ecclesia</strong></span> <span class='ocrx_word' id='word_1_640' title='bbox 3233 3384 3657 3441; x_wconf 90' lang='lat' dir='ltr'><strong>remorantibus</strong></span> <span class='ocrx_word' id='word_1_641' title='bbox 3702 3398 3805 3455; x_wconf 91' lang='lat' dir='ltr'><strong>pro</strong></span> 
     </span>
    </p>
   </div>
   <div class='ocr_carea' id='block_1_95' title="bbox 2101 3473 3804 3548">
    <p class='ocr_par' dir='ltr' id='par_1_95' title="bbox 2101 3473 3804 3548">
     <span class='ocr_line' id='line_1_95' title="bbox 2101 3473 3804 3548; baseline -0.003 -15"><span class='ocrx_word' id='word_1_642' title='bbox 2101 3492 2259 3548; x_wconf 89' lang='lat' dir='ltr'><strong>posse</strong></span> <span class='ocrx_word' id='word_1_643' title='bbox 2303 3492 2408 3534; x_wconf 93' lang='lat' dir='ltr'><strong>suo</strong></span> <span class='ocrx_word' id='word_1_644' title='bbox 2453 3477 2780 3534; x_wconf 89' lang='lat' dir='ltr'><strong>dulcissime</strong></span> <span class='ocrx_word' id='word_1_645' title='bbox 2825 3476 3083 3532; x_wconf 87' lang='lat' dir='ltr'><strong>serviens</strong></span> <span class='ocrx_word' id='word_1_646' title='bbox 3125 3483 3180 3531; x_wconf 93' lang='lat' dir='ltr'><strong>et</strong></span> <span class='ocrx_word' id='word_1_647' title='bbox 3221 3489 3294 3531; x_wconf 78' lang='lat' dir='ltr'><strong>ex</strong></span> <span class='ocrx_word' id='word_1_648' title='bbox 3353 3487 3509 3545; x_wconf 89' lang='lat' dir='ltr'><strong>aqua</strong></span> <span class='ocrx_word' id='word_1_649' title='bbox 3546 3473 3804 3529; x_wconf 90' lang='lat' dir='ltr'><strong>lotarum</strong></span> 
     </span>
    </p>
   </div>
   <div class='ocr_carea' id='block_1_96' title="bbox 2102 3561 3809 3637">
    <p class='ocr_par' dir='ltr' id='par_1_96' title="bbox 2102 3561 3809 3637">
     <span class='ocr_line' id='line_1_96' title="bbox 2102 3561 3809 3637; baseline -0.004 -15"><span class='ocrx_word' id='word_1_650' title='bbox 2102 3566 2484 3637; x_wconf 90' lang='lat' dir='ltr'><strong>reliquiarum</strong></span> <span class='ocrx_word' id='word_1_651' title='bbox 2562 3566 2740 3621; x_wconf 92' lang='lat' dir='ltr'><strong>lotum</strong></span> <span class='ocrx_word' id='word_1_652' title='bbox 2825 3565 3010 3621; x_wconf 92' lang='lat' dir='ltr'><strong>morbi</strong></span> <span class='ocrx_word' id='word_1_653' title='bbox 3109 3578 3283 3634; x_wconf 90' lang='lat' dir='ltr'><strong>super</strong></span> <span class='ocrx_word' id='word_1_654' title='bbox 3350 3562 3535 3618; x_wconf 92' lang='lat' dir='ltr'><strong>femur</strong></span> <span class='ocrx_word' id='word_1_655' title='bbox 3599 3561 3809 3617; x_wconf 88' lang='lat' dir='ltr'><strong>lavans</strong></span> 
     </span>
    </p>
   </div>
   <div class='ocr_carea' id='block_1_97' title="bbox 2102 3651 3809 3726">
    <p class='ocr_par' dir='ltr' id='par_1_97' title="bbox 2102 3651 3809 3726">
     <span class='ocr_line' id='line_1_97' title="bbox 2102 3651 3809 3726; baseline -0.002 -17"><span class='ocrx_word' id='word_1_656' title='bbox 2102 3656 2367 3726; x_wconf 87' lang='lat' dir='ltr'><strong>quandiu</strong></span> <span class='ocrx_word' id='word_1_657' title='bbox 2396 3654 2473 3711; x_wconf 91' lang='lat' dir='ltr'><strong>ibi</strong></span> <span class='ocrx_word' id='word_1_658' title='bbox 2505 3654 2720 3711; x_wconf 89' lang='lat' dir='ltr'><strong>fuimus</strong></span> <span class='ocrx_word' id='word_1_659' title='bbox 2757 3668 2873 3710; x_wconf 92' lang='lat' dir='ltr'><strong>non</strong></span> <span class='ocrx_word' id='word_1_660' title='bbox 2915 3661 2998 3708; x_wconf 89' lang='lat' dir='ltr'><strong>est</strong></span> <span class='ocrx_word' id='word_1_661' title='bbox 3027 3662 3296 3721; x_wconf 88' lang='lat' dir='ltr'><strong>curatus;</strong></span> <span class='ocrx_word' id='word_1_662' title='bbox 3340 3651 3456 3719; x_wconf 89' lang='lat' dir='ltr'><strong>sed,</strong></span> <span class='ocrx_word' id='word_1_663' title='bbox 3502 3665 3634 3706; x_wconf 92' lang='lat' dir='ltr'><strong>cum</strong></span> <span class='ocrx_word' id='word_1_664' title='bbox 3681 3652 3809 3722; x_wconf 90' lang='lat' dir='ltr'><strong>jam</strong></span> 
     </span>
    </p>
   </div>
   <div class='ocr_carea' id='block_1_98' title="bbox 2103 3738 3815 3814">
    <p class='ocr_par' dir='ltr' id='par_1_98' title="bbox 2103 3738 3815 3814">
     <span class='ocr_line' id='line_1_98' title="bbox 2103 3738 3815 3814; baseline -0.003 -16"><span class='ocrx_word' id='word_1_665' title='bbox 2103 3744 2172 3798; x_wconf 93' lang='lat' dir='ltr'><strong>de</strong></span> <span class='ocrx_word' id='word_1_666' title='bbox 2202 3751 2387 3798; x_wconf 89' lang='lat' dir='ltr'><strong>castro</strong></span> <span class='ocrx_word' id='word_1_667' title='bbox 2435 3741 2647 3814; x_wconf 88' lang='lat' dir='ltr'><strong>egressi</strong></span> <span class='ocrx_word' id='word_1_668' title='bbox 2696 3741 2983 3797; x_wconf 90' lang='lat' dir='ltr'><strong>licentiam</strong></span> <span class='ocrx_word' id='word_1_669' title='bbox 3029 3754 3061 3795; x_wconf 88' lang='lat' dir='ltr'><strong>a</strong></span> <span class='ocrx_word' id='word_1_670' title='bbox 3108 3741 3325 3809; x_wconf 92' lang='lat' dir='ltr'><strong>populo</strong></span> <span class='ocrx_word' id='word_1_671' title='bbox 3372 3738 3589 3810; x_wconf 88' lang='lat' dir='ltr'><strong>gratias</strong></span> <span class='ocrx_word' id='word_1_672' title='bbox 3629 3753 3815 3809; x_wconf 85' lang='lat' dir='ltr'><strong>agen-</strong></span> 
     </span>
    </p>
   </div>
   <div class='ocr_carea' id='block_1_99' title="bbox 2103 3825 3813 3901">
    <p class='ocr_par' dir='ltr' id='par_1_99' title="bbox 2103 3825 3813 3901">
     <span class='ocr_line' id='line_1_99' title="bbox 2103 3825 3813 3901; baseline -0.004 -14"><span class='ocrx_word' id='word_1_673' title='bbox 2103 3838 2188 3887; x_wconf 88' lang='lat' dir='ltr'><strong>tes</strong></span> <span class='ocrx_word' id='word_1_674' title='bbox 2218 3838 2557 3901; x_wconf 87' lang='lat' dir='ltr'><strong>peteremus,</strong></span> <span class='ocrx_word' id='word_1_675' title='bbox 2600 3837 2655 3885; x_wconf 92' lang='lat' dir='ltr'><strong>et</strong></span> <span class='ocrx_word' id='word_1_676' title='bbox 2692 3829 2809 3899; x_wconf 91' lang='lat' dir='ltr'><strong>ipse</strong></span> <span class='ocrx_word' id='word_1_677' title='bbox 2840 3841 2942 3884; x_wconf 92' lang='lat' dir='ltr'><strong>nos</strong></span> <span class='ocrx_word' id='word_1_678' title='bbox 2988 3841 3121 3884; x_wconf 92' lang='lat' dir='ltr'><strong>cum</strong></span> <span class='ocrx_word' id='word_1_679' title='bbox 3171 3826 3376 3883; x_wconf 88' lang='lat' dir='ltr'><strong>baculo</strong></span> <span class='ocrx_word' id='word_1_680' title='bbox 3423 3825 3813 3882; x_wconf 91' lang='lat' dir='ltr'><strong>claudicando</strong></span> 
     </span>
    </p>
   </div>
   <div class='ocr_carea' id='block_1_100' title="bbox 2105 3913 3811 3989">
    <p class='ocr_par' dir='ltr' id='par_1_100' title="bbox 2105 3913 3811 3989">
     <span class='ocr_line' id='line_1_100' title="bbox 2105 3913 3811 3989; baseline -0.004 -14"><span class='ocrx_word' id='word_1_681' title='bbox 2105 3926 2569 3989; x_wconf 91' lang='lat' dir='ltr'><strong>prosequeretur,</strong></span> <span class='ocrx_word' id='word_1_682' title='bbox 2619 3925 2849 3987; x_wconf 90' lang='lat' dir='ltr'><strong>repente</strong></span> <span class='ocrx_word' id='word_1_683' title='bbox 2913 3924 3153 3972; x_wconf 88' lang='lat' dir='ltr'><strong>curatus</strong></span> <span class='ocrx_word' id='word_1_684' title='bbox 3211 3914 3482 3971; x_wconf 90' lang='lat' dir='ltr'><strong>baculum</strong></span> <span class='ocrx_word' id='word_1_685' title='bbox 3543 3913 3811 3984; x_wconf 89' lang='lat' dir='ltr'><strong>projecit,</strong></span> 
     </span>
    </p>
   </div>
   <div class='ocr_carea' id='block_1_101' title="bbox 2103 4002 3814 4070">
    <p class='ocr_par' dir='ltr' id='par_1_101' title="bbox 2103 4002 3814 4070">
     <span class='ocr_line' id='line_1_101' title="bbox 2103 4002 3814 4070; baseline -0.002 -7"><span class='ocrx_word' id='word_1_686' title='bbox 2103 4015 2158 4063; x_wconf 92' lang='lat' dir='ltr'><strong>et</strong></span> <span class='ocrx_word' id='word_1_687' title='bbox 2204 4007 2277 4063; x_wconf 92' lang='lat' dir='ltr'><strong>ad</strong></span> <span class='ocrx_word' id='word_1_688' title='bbox 2326 4007 2600 4063; x_wconf 88' lang='lat' dir='ltr'><strong>feretrum</strong></span> <span class='ocrx_word' id='word_1_689' title='bbox 2646 4004 2860 4062; x_wconf 91' lang='lat' dir='ltr'><strong>cursim</strong></span> <span class='ocrx_word' id='word_1_690' title='bbox 2911 4005 3168 4070; x_wconf 91' lang='lat' dir='ltr'><strong>veniens,</strong></span> <span class='ocrx_word' id='word_1_691' title='bbox 3206 4002 3536 4059; x_wconf 89' lang='lat' dir='ltr'><strong>videntibus</strong></span> <span class='ocrx_word' id='word_1_692' title='bbox 3578 4004 3814 4059; x_wconf 87' lang='lat' dir='ltr'><strong>cunctis</strong></span> 
     </span>
    </p>
   </div>
   <div class='ocr_carea' id='block_1_102' title="bbox 2104 4089 3814 4162">
    <p class='ocr_par' dir='ltr' id='par_1_102' title="bbox 2104 4089 3814 4162">
     <span class='ocr_line' id='line_1_102' title="bbox 2104 4089 3814 4162; baseline -0.002 -12"><span class='ocrx_word' id='word_1_693' title='bbox 2104 4095 2365 4162; x_wconf 90' lang='lat' dir='ltr'><strong>libenter,</strong></span> <span class='ocrx_word' id='word_1_694' title='bbox 2404 4102 2460 4151; x_wconf 90' lang='lat' dir='ltr'><strong>et</strong></span> <span class='ocrx_word' id='word_1_695' title='bbox 2503 4095 2763 4151; x_wconf 90' lang='lat' dir='ltr'><strong>hilariter</strong></span> <span class='ocrx_word' id='word_1_696' title='bbox 2820 4093 2960 4149; x_wconf 91' lang='lat' dir='ltr'><strong>illud</strong></span> <span class='ocrx_word' id='word_1_697' title='bbox 3004 4091 3385 4162; x_wconf 83' lang='lat' dir='ltr'><strong>amplexando</strong></span> <span class='ocrx_word' id='word_1_698' title='bbox 3439 4089 3814 4147; x_wconf 86' lang='lat' dir='ltr'><strong>deosculatus</strong></span> 
     </span>
    </p>
   </div>
   <div class='ocr_carea' id='block_1_103' title="bbox 2107 4180 3812 4253">
    <p class='ocr_par' dir='ltr' id='par_1_103' title="bbox 2107 4180 3812 4253">
     <span class='ocr_line' id='line_1_103' title="bbox 2107 4180 3812 4253; baseline -0.002 -14"><span class='ocrx_word' id='word_1_699' title='bbox 2107 4184 2417 4239; x_wconf 90' lang='lat' dir='ltr'><strong>humerum</strong></span> <span class='ocrx_word' id='word_1_700' title='bbox 2442 4180 2762 4253; x_wconf 90' lang='lat' dir='ltr'><strong>supposuit,</strong></span> <span class='ocrx_word' id='word_1_701' title='bbox 2796 4189 2851 4237; x_wconf 95' lang='lat' dir='ltr'><strong>et</strong></span> <span class='ocrx_word' id='word_1_702' title='bbox 2878 4195 2951 4237; x_wconf 83' lang='lat' dir='ltr'><strong>ex</strong></span> <span class='ocrx_word' id='word_1_703' title='bbox 2974 4194 3093 4237; x_wconf 92' lang='lat' dir='ltr'><strong>una</strong></span> <span class='ocrx_word' id='word_1_704' title='bbox 3125 4188 3284 4250; x_wconf 89' lang='lat' dir='ltr'><strong>parte</strong></span> <span class='ocrx_word' id='word_1_705' title='bbox 3325 4180 3553 4251; x_wconf 88' lang='lat' dir='ltr'><strong>longius</strong></span> <span class='ocrx_word' id='word_1_706' title='bbox 3609 4180 3812 4235; x_wconf 84' lang='lat' dir='ltr'><strong>nobis-</strong></span> 
     </span>
    </p>
   </div>
   <div class='ocr_carea' id='block_1_104' title="bbox 2032 4253 2603 4341">
    <p class='ocr_par' dir='ltr' id='par_1_104' title="bbox 2032 4253 2603 4341">
     <span class='ocr_line' id='line_1_104' title="bbox 2032 4253 2603 4341; baseline -0.005 -11"><span class='ocrx_word' id='word_1_707' title='bbox 2032 4253 2077 4307; x_wconf 82' lang='grc' dir='ltr'><strong>Ῑ)</strong></span> <span class='ocrx_word' id='word_1_708' title='bbox 2107 4286 2239 4330; x_wconf 91' lang='lat' dir='ltr'><strong>cum</strong></span> <span class='ocrx_word' id='word_1_709' title='bbox 2262 4270 2603 4341; x_wconf 91' lang='lat' dir='ltr'><strong>deportavit.</strong></span> 
     </span>
    </p>
   </div>
   <div class='ocr_carea' id='block_1_105' title="bbox 2177 4356 3813 4429">
    <p class='ocr_par' dir='ltr' id='par_1_105' title="bbox 2177 4356 3813 4429">
     <span class='ocr_line' id='line_1_105' title="bbox 2177 4356 3813 4429; baseline -0.005 -10"><span class='ocrx_word' id='word_1_710' title='bbox 2177 4361 2311 4419; x_wconf 84' lang='lat' dir='ltr'><strong>CAP.</strong></span> <span class='ocrx_word' id='word_1_711' title='bbox 2347 4360 2503 4417; x_wconf 89' lang='lat' dir='ltr'><strong>XIX.</strong></span> <span class='ocrx_word' id='word_1_712' title='bbox 2539 4390 2608 4401; x_wconf 93' lang='lat'><strong>—-</strong></span> <span class='ocrx_word' id='word_1_713' title='bbox 2641 4360 2727 4414; x_wconf 87' lang='lat' dir='ltr'><strong>De</strong></span> <span class='ocrx_word' id='word_1_714' title='bbox 2754 4358 2874 4413; x_wconf 77' lang='lat' dir='ltr'><strong>alio</strong></span> <span class='ocrx_word' id='word_1_715' title='bbox 2904 4358 3110 4413; x_wconf 84' lang='lat' dir='ltr'><strong>claudo</strong></span> <span class='ocrx_word' id='word_1_716' title='bbox 3138 4360 3344 4413; x_wconf 83' lang='lat' dir='ltr'><strong>curato</strong></span> <span class='ocrx_word' id='word_1_717' title='bbox 3367 4356 3521 4429; x_wconf 84' lang='lat' dir='ltr'><strong>apud</strong></span> <span class='ocrx_word' id='word_1_718' title='bbox 3544 4359 3813 4411; x_wconf 68' lang='lat' dir='ltr'><strong>castrum</strong></span> 
     </span>
    </p>
   </div>
   <div class='ocr_carea' id='block_1_106' title="bbox 2821 4447 3070 4502">
    <p class='ocr_par' dir='ltr' id='par_1_106' title="bbox 2821 4447 3070 4502">
     <span class='ocr_line' id='line_1_106' title="bbox 2821 4447 3070 4502; baseline -0.004 -1"><span class='ocrx_word' id='word_1_719' title='bbox 2821 4447 3070 4502; x_wconf 75' lang='lat' dir='ltr'><strong>Totenes.</strong></span> 
     </span>
    </p>
   </div>
   <div class='ocr_carea' id='block_1_107' title="bbox 2176 4533 3814 4607">
    <p class='ocr_par' dir='ltr' id='par_1_107' title="bbox 2176 4533 3814 4607">
     <span class='ocr_line' id='line_1_107' title="bbox 2176 4533 3814 4607; baseline -0.004 -12"><span class='ocrx_word' id='word_1_720' title='bbox 2176 4538 2309 4595; x_wconf 91' lang='lat' dir='ltr'><strong>Post</strong></span> <span class='ocrx_word' id='word_1_721' title='bbox 2346 4537 2469 4594; x_wconf 61' lang='lat' dir='ltr'><strong>hac</strong></span> <span class='ocrx_word' id='word_1_722' title='bbox 2520 4537 2591 4593; x_wconf 93' lang='lat' dir='ltr'><strong>ad</strong></span> <span class='ocrx_word' id='word_1_723' title='bbox 2637 4536 2854 4607; x_wconf 76' lang='lat' dir='ltr'><strong>praefati</strong></span> <span class='ocrx_word' id='word_1_724' title='bbox 2905 4533 3178 4606; x_wconf 90' lang='lat' dir='ltr'><strong>principis</strong></span> <span class='ocrx_word' id='word_1_725' title='bbox 3217 4533 3377 4591; x_wconf 88' lang='lat' dir='ltr'><strong>Joelli</strong></span> <span class='ocrx_word' id='word_1_726' title='bbox 3406 4540 3659 4589; x_wconf 88' lang='lat' dir='ltr'><strong>castrum</strong></span> <span class='ocrx_word' id='word_1_727' title='bbox 3702 4547 3814 4588; x_wconf 83' lang='lat' dir='ltr'><strong>ve-</strong></span> 
     </span>
    </p>
   </div>
   <div class='ocr_carea' id='block_1_108' title="bbox 2108 4619 3818 4691">
    <p class='ocr_par' dir='ltr' id='par_1_108' title="bbox 2108 4619 3818 4691">
     <span class='ocr_line' id='line_1_108' title="bbox 2108 4619 3818 4691; baseline -0.003 -15"><span class='ocrx_word' id='word_1_728' title='bbox 2108 4621 2321 4688; x_wconf 91' lang='lat' dir='ltr'><strong>nimus,</strong></span> <span class='ocrx_word' id='word_1_729' title='bbox 2364 4620 2517 4691; x_wconf 92' lang='lat' dir='ltr'><strong>quod</strong></span> <span class='ocrx_word' id='word_1_730' title='bbox 2557 4620 2795 4676; x_wconf 89' lang='lat' dir='ltr'><strong>Totenes</strong></span> <span class='ocrx_word' id='word_1_731' title='bbox 2818 4620 3049 4685; x_wconf 91' lang='lat' dir='ltr'><strong>dicitur,</strong></span> <span class='ocrx_word' id='word_1_732' title='bbox 3083 4619 3502 4675; x_wconf 91' lang='lat' dir='ltr'><strong>deducentibus</strong></span> <span class='ocrx_word' id='word_1_733' title='bbox 3547 4631 3650 4672; x_wconf 90' lang='lat' dir='ltr'><strong>nos</strong></span> <span class='ocrx_word' id='word_1_734' title='bbox 3685 4619 3818 4687; x_wconf 86' lang='lat' dir='ltr'><strong>qui-</strong></span> 
     </span>
    </p>
   </div>
   <div class='ocr_carea' id='block_1_109' title="bbox 2107 4704 3815 4779">
    <p class='ocr_par' dir='ltr' id='par_1_109' title="bbox 2107 4704 3815 4779">
     <span class='ocr_line' id='line_1_109' title="bbox 2107 4704 3815 4779; baseline -0.004 -14"><span class='ocrx_word' id='word_1_735' title='bbox 2107 4709 2351 4765; x_wconf 90' lang='lat' dir='ltr'><strong>busdam</strong></span> <span class='ocrx_word' id='word_1_736' title='bbox 2380 4723 2453 4765; x_wconf 82' lang='lat' dir='ltr'><strong>ex</strong></span> <span class='ocrx_word' id='word_1_737' title='bbox 2476 4707 2807 4765; x_wconf 89' lang='lat' dir='ltr'><strong>hominibus</strong></span> <span class='ocrx_word' id='word_1_738' title='bbox 2848 4709 2993 4779; x_wconf 91' lang='lat' dir='ltr'><strong>ejus,</strong></span> <span class='ocrx_word' id='word_1_739' title='bbox 3023 4707 3121 4764; x_wconf 92' lang='lat' dir='ltr'><strong>ubi</strong></span> <span class='ocrx_word' id='word_1_740' title='bbox 3154 4706 3466 4763; x_wconf 83' lang='lat' dir='ltr'><strong>honoriﬁce</strong></span> <span class='ocrx_word' id='word_1_741' title='bbox 3487 4719 3521 4761; x_wconf 89' lang='lat' dir='ltr'><strong>a</strong></span> <span class='ocrx_word' id='word_1_742' title='bbox 3551 4704 3815 4775; x_wconf 86' lang='lat' dir='ltr'><strong>quibus-</strong></span> 
     </span>
    </p>
   </div>
   <div class='ocr_carea' id='block_1_110' title="bbox 2107 4794 3817 4866">
    <p class='ocr_par' dir='ltr' id='par_1_110' title="bbox 2107 4794 3817 4866">
     <span class='ocr_line' id='line_1_110' title="bbox 2107 4794 3817 4866; baseline -0.004 -13"><span class='ocrx_word' id='word_1_743' title='bbox 2107 4797 2239 4854; x_wconf 90' lang='lat' dir='ltr'><strong>dam</strong></span> <span class='ocrx_word' id='word_1_744' title='bbox 2288 4797 2583 4853; x_wconf 90' lang='lat' dir='ltr'><strong>monachis</strong></span> <span class='ocrx_word' id='word_1_745' title='bbox 2630 4796 2871 4866; x_wconf 91' lang='lat' dir='ltr'><strong>suscepti</strong></span> <span class='ocrx_word' id='word_1_746' title='bbox 2925 4797 3113 4852; x_wconf 92' lang='lat' dir='ltr'><strong>triduo</strong></span> <span class='ocrx_word' id='word_1_747' title='bbox 3162 4796 3240 4851; x_wconf 92' lang='lat' dir='ltr'><strong>ibi</strong></span> <span class='ocrx_word' id='word_1_748' title='bbox 3288 4794 3627 4850; x_wconf 88' lang='lat' dir='ltr'><strong>mansimus.</strong></span> <span class='ocrx_word' id='word_1_749' title='bbox 3681 4794 3817 4860; x_wconf 85' lang='lat' dir='ltr'><strong>Qui-</strong></span> 
     </span>
    </p>
   </div>
   <div class='ocr_carea' id='block_1_111' title="bbox 2107 4881 3811 4957">
    <p class='ocr_par' dir='ltr' id='par_1_111' title="bbox 2107 4881 3811 4957">
     <span class='ocr_line' id='line_1_111' title="bbox 2107 4881 3811 4957; baseline -0.003 -15"><span class='ocrx_word' id='word_1_750' title='bbox 2107 4887 2238 4943; x_wconf 91' lang='lat' dir='ltr'><strong>dam</strong></span> <span class='ocrx_word' id='word_1_751' title='bbox 2284 4900 2421 4957; x_wconf 87' lang='lat' dir='ltr'><strong>ergo</strong></span> <span class='ocrx_word' id='word_1_752' title='bbox 2464 4899 2639 4941; x_wconf 83' lang='lat' dir='ltr'><strong>senex</strong></span> <span class='ocrx_word' id='word_1_753' title='bbox 2669 4884 2783 4940; x_wconf 92' lang='lat' dir='ltr'><strong>illic</strong></span> <span class='ocrx_word' id='word_1_754' title='bbox 2813 4886 3080 4941; x_wconf 86' lang='lat' dir='ltr'><strong>manebat</strong></span> <span class='ocrx_word' id='word_1_755' title='bbox 3120 4899 3154 4939; x_wconf 91' lang='lat' dir='ltr'><strong>a</strong></span> <span class='ocrx_word' id='word_1_756' title='bbox 3185 4883 3487 4939; x_wconf 90' lang='lat' dir='ltr'><strong>nativitate</strong></span> <span class='ocrx_word' id='word_1_757' title='bbox 3534 4881 3811 4947; x_wconf 89' lang='lat' dir='ltr'><strong>claudus,</strong></span> 
     </span>
    </p>
   </div>
   <div class='ocr_carea' id='block_1_112' title="bbox 2106 4970 3813 5044">
    <p class='ocr_par' dir='ltr' id='par_1_112' title="bbox 2106 4970 3813 5044">
     <span class='ocr_line' id='line_1_112' title="bbox 2106 4970 3813 5044; baseline -0.005 -13"><span class='ocrx_word' id='word_1_758' title='bbox 2106 4983 2160 5031; x_wconf 93' lang='lat' dir='ltr'><strong>et</strong></span> <span class='ocrx_word' id='word_1_759' title='bbox 2187 4974 2455 5030; x_wconf 90' lang='lat' dir='ltr'><strong>omnibus</strong></span> <span class='ocrx_word' id='word_1_760' title='bbox 2480 4980 2670 5040; x_wconf 92' lang='lat' dir='ltr'><strong>notus,</strong></span> <span class='ocrx_word' id='word_1_761' title='bbox 2734 4980 2798 5028; x_wconf 91' lang='lat' dir='ltr'><strong>ut</strong></span> <span class='ocrx_word' id='word_1_762' title='bbox 2829 4982 2955 5043; x_wconf 90' lang='lat' dir='ltr'><strong>pote</strong></span> <span class='ocrx_word' id='word_1_763' title='bbox 3001 4971 3287 5044; x_wconf 64' lang='lat' dir='ltr'><strong>praepositi</strong></span> <span class='ocrx_word' id='word_1_764' title='bbox 3316 4970 3576 5042; x_wconf 90' lang='lat' dir='ltr'><strong>ejusdem</strong></span> <span class='ocrx_word' id='word_1_765' title='bbox 3632 4970 3813 5024; x_wconf 87' lang='lat' dir='ltr'><strong>castri</strong></span> 
     </span>
    </p>
   </div>
   <div class='ocr_carea' id='block_1_113' title="bbox 2107 5059 3813 5133">
    <p class='ocr_par' dir='ltr' id='par_1_113' title="bbox 2107 5059 3813 5133">
     <span class='ocr_line' id='line_1_113' title="bbox 2107 5059 3813 5133; baseline -0.004 -15"><span class='ocrx_word' id='word_1_766' title='bbox 2107 5075 2438 5133; x_wconf 88' lang='lat' dir='ltr'><strong>germanus.</strong></span> <span class='ocrx_word' id='word_1_767' title='bbox 2471 5061 2595 5127; x_wconf 86' lang='lat' dir='ltr'><strong>Hic,</strong></span> <span class='ocrx_word' id='word_1_768' title='bbox 2624 5061 2835 5118; x_wconf 90' lang='lat' dir='ltr'><strong>auditis</strong></span> <span class='ocrx_word' id='word_1_769' title='bbox 2863 5060 3156 5117; x_wconf 89' lang='lat' dir='ltr'><strong>miraculis</strong></span> <span class='ocrx_word' id='word_1_770' title='bbox 3202 5074 3335 5131; x_wconf 65' lang='lat' dir='ltr'><strong>quae</strong></span> <span class='ocrx_word' id='word_1_771' title='bbox 3389 5059 3621 5125; x_wconf 85' lang='lat' dir='ltr'><strong>fiebant,</strong></span> <span class='ocrx_word' id='word_1_772' title='bbox 3672 5072 3813 5114; x_wconf 88' lang='lat' dir='ltr'><strong>cum</strong></span> 
     </span>
    </p>
   </div>
   <div class='ocr_carea' id='block_1_114' title="bbox 2108 5147 3811 5212">
    <p class='ocr_par' dir='ltr' id='par_1_114' title="bbox 2108 5147 3811 5212">
     <span class='ocr_line' id='line_1_114' title="bbox 2108 5147 3811 5212; baseline -0.004 -6"><span class='ocrx_word' id='word_1_773' title='bbox 2108 5150 2218 5206; x_wconf 88' lang='lat' dir='ltr'><strong>fide</strong></span> <span class='ocrx_word' id='word_1_774' title='bbox 2254 5156 2310 5205; x_wconf 90' lang='lat' dir='ltr'><strong>et</strong></span> <span class='ocrx_word' id='word_1_775' title='bbox 2357 5148 2537 5206; x_wconf 90' lang='lat' dir='ltr'><strong>multa</strong></span> <span class='ocrx_word' id='word_1_776' title='bbox 2592 5148 2890 5205; x_wconf 89' lang='lat' dir='ltr'><strong>devotione</strong></span> <span class='ocrx_word' id='word_1_777' title='bbox 2956 5147 3033 5204; x_wconf 92' lang='lat' dir='ltr'><strong>ad</strong></span> <span class='ocrx_word' id='word_1_778' title='bbox 3073 5147 3350 5204; x_wconf 84' lang='lat' dir='ltr'><strong>feretrum</strong></span> <span class='ocrx_word' id='word_1_779' title='bbox 3400 5147 3579 5212; x_wconf 91' lang='lat' dir='ltr'><strong>venit,</strong></span> <span class='ocrx_word' id='word_1_780' title='bbox 3629 5153 3689 5201; x_wconf 85' lang='lat' dir='ltr'><strong>et</strong></span> <span class='ocrx_word' id='word_1_781' title='bbox 3738 5160 3811 5200; x_wconf 80' lang='lat' dir='ltr'><strong>ex</strong></span> 
     </span>
    </p>
   </div>
   <div class='ocr_carea' id='block_1_115' title="bbox 2106 5232 3817 5309">
    <p class='ocr_par' dir='ltr' id='par_1_115' title="bbox 2106 5232 3817 5309">
     <span class='ocr_line' id='line_1_115' title="bbox 2106 5232 3817 5309; baseline -0.002 -17"><span class='ocrx_word' id='word_1_782' title='bbox 2106 5252 2262 5309; x_wconf 92' lang='lat' dir='ltr'><strong>aqua</strong></span> <span class='ocrx_word' id='word_1_783' title='bbox 2323 5236 2625 5294; x_wconf 90' lang='lat' dir='ltr'><strong>lavationis</strong></span> <span class='ocrx_word' id='word_1_784' title='bbox 2688 5236 3067 5307; x_wconf 93' lang='lat' dir='ltr'><strong>reliquiarum</strong></span> <span class='ocrx_word' id='word_1_785' title='bbox 3130 5236 3351 5302; x_wconf 89' lang='lat' dir='ltr'><strong>bibens,</strong></span> <span class='ocrx_word' id='word_1_786' title='bbox 3409 5248 3596 5304; x_wconf 87' lang='lat' dir='ltr'><strong>eaque</strong></span> <span class='ocrx_word' id='word_1_787' title='bbox 3656 5232 3817 5288; x_wconf 88' lang='lat' dir='ltr'><strong>lotus</strong></span> 
     </span>
    </p>
   </div>
   <div class='ocr_carea' id='block_1_116' title="bbox 2108 5321 3818 5397">
    <p class='ocr_par' dir='ltr' id='par_1_116' title="bbox 2108 5321 3818 5397">
     <span class='ocr_line' id='line_1_116' title="bbox 2108 5321 3818 5397; baseline -0.003 -15"><span class='ocrx_word' id='word_1_788' title='bbox 2108 5326 2372 5397; x_wconf 91' lang='lat' dir='ltr'><strong>protinus</strong></span> <span class='ocrx_word' id='word_1_789' title='bbox 2408 5339 2599 5382; x_wconf 89' lang='lat' dir='ltr'><strong>coram</strong></span> <span class='ocrx_word' id='word_1_790' title='bbox 2664 5325 2874 5396; x_wconf 93' lang='lat' dir='ltr'><strong>populo</strong></span> <span class='ocrx_word' id='word_1_791' title='bbox 2927 5331 3009 5381; x_wconf 90' lang='lat' dir='ltr'><strong>est</strong></span> <span class='ocrx_word' id='word_1_792' title='bbox 3055 5332 3295 5380; x_wconf 90' lang='lat' dir='ltr'><strong>erectus.</strong></span> <span class='ocrx_word' id='word_1_793' title='bbox 3343 5322 3503 5390; x_wconf 89' lang='lat' dir='ltr'><strong>Quod</strong></span> <span class='ocrx_word' id='word_1_794' title='bbox 3562 5321 3818 5378; x_wconf 89' lang='lat' dir='ltr'><strong>miracu-</strong></span> 
     </span>
    </p>
   </div>
  </div>
