3938 6082
200 237 308 288 985

1017 235 1374 292 HERMANNI
1415 237 1505 292 DE
1544 236 1786 294 MIRAC.
1829 240 1886 294 S.
1928 237 2175 294 MARle
2221 241 2526 298 LAUDUN.
2561 272 2621 283 —
2648 243 2778 298 LIB.
2820 245 2890 300 ll.

3603 252 3707 307 986

199 368 320 425 lum
369 368 430 424 in
460 375 621 425 tanta
665 369 1034 426 veneratione
1061 378 1145 426 est
1191 371 1456 428 habitum
1491 380 1554 430 ut
1603 373 1898 429 confestim
1937 376 1982 428 A
2011 377 2240 434 tiatores
2289 377 2426 434 illuc
2464 379 2855 437 adduxerunt.
2889 381 3004 438 Nos
3031 396 3169 453 ergo
3194 396 3227 438 a
3256 382 3476 440 clericis
3545 383 3707 455 ejus-

200 471 514 528 germanus
573 457 699 528 ejus
755 458 933 528 ipsius
993 459 1164 515 castri
1224 462 1562 531 praepositus
1618 462 1688 517 ad
1751 463 1899 517 fere-

204 551 358 601 trum
421 546 806 616 quadraginta
870 547 1084 603 solidos
1147 548 1371 619 Anglice
1435 557 1672 606 monetae
1725 551 1901 606 obtu-

200 633 348 701 lerit,
404 635 781 705 inﬁnitusque
827 635 1075 705 populus
1123 645 1248 706 post
1302 651 1437 693 eum
1491 639 1674 693 multa
1732 639 1900 694 addi-

203 721 369 778 derit.

276 821 409 876 CAP.
437 821 563 876 XX.
590 850 656 859 —
677 823 755 874 De
772 818 1034 895 mirabili
1046 819 1302 895 vindictq
1320 820 1530 876 ibidem
1532 823 1711 891 facta
1731 841 1904 895 super

736 907 797 945 eo
819 891 918 962 qui
950 908 1012 944 se
1047 893 1362 963 suspendit.

279 989 385 1044 Sed
434 1003 562 1044 ecce
623 987 877 1044 terribile
928 989 1276 1044 miraculum
1327 988 1610 1060 sequitur,
1662 991 1816 1061 quod
1871 1004 1904 1045 a

205 1084 461 1147 tempore
515 1077 678 1133 Iudae
736 1077 1042 1146 proditoris
1095 1092 1228 1133 raro
1281 1078 1584 1149 contigisse
1639 1079 1900 1150 legimus.

207 1167 345 1221 Tres
400 1165 685 1235 siquidem
747 1166 993 1235 juvenes
1043 1165 1300 1235 ejusdem
1372 1167 1660 1235 territorii,
1715 1168 1906 1223 carnis

208 1255 710 1326 consanguinitate
770 1255 842 1310 ad
913 1255 1155 1311 invicem
1223 1257 1570 1326 propinqui,
1646 1258 1906 1314 videntes

206 1350 427 1398 tantam
505 1343 809 1412 pecuniam
886 1343 957 1397 ad
1032 1343 1306 1399 feretrum
1397 1344 1634 1412 deferri,
1709 1345 1905 1401 detra-

206 1432 343 1487 here
391 1431 556 1486 nobis
612 1439 929 1500 coeperunt,
980 1430 1231 1487 dicentes
1275 1447 1378 1488 nos
1421 1441 1679 1502 quaestus
1732 1449 1905 1490 causa

207 1520 447 1590 magicis
534 1520 756 1575 artibus
851 1519 987 1574 talia
1081 1521 1264 1576 facere
1352 1522 1653 1577 miracula.
1751 1523 1906 1587 Quo-

205 1622 338 1664 rum
404 1623 560 1665 unus
624 1607 765 1663 alios
827 1607 976 1663 duos
1039 1608 1379 1664 exhortatur
1446 1617 1510 1665 ut
1569 1625 1762 1667 secum
1832 1613 1900 1667 ad

206 1697 483 1752 feretrum
555 1703 706 1764 eant,
783 1697 1236 1767 simulantesque
1303 1712 1362 1752 se
1429 1698 1570 1754 illud
1629 1700 1898 1768 osculari,

203 1791 350 1844 54!
402 1785 470 1840 de
516 1784 766 1840 nummis
795 1799 968 1854 super
996 1784 1175 1840 altare
1215 1785 1414 1855 positis
1466 1801 1568 1842 ora
1604 1803 1711 1843 sua
1756 1788 1900 1843 lam-

205 1874 392 1930 bendo
448 1873 731 1942 repleant.
780 1873 1188 1929 Abnuentibus
1246 1875 1356 1929 illis
1406 1881 1630 1931 tantum
1681 1876 1904 1932 facinus

206 1971 535 2033 perpetrare
586 1969 961 2031 sanctamque
1019 1963 1242 2018 Domini
1298 1963 1533 2019 Matrem
1595 1963 1901 2032 offendere,

205 2051 461 2121 perﬁdus
518 2050 610 2106 ille
666 2058 848 2120 coepta
907 2050 1216 2119 persistens
1268 2052 1325 2105 in
1372 2051 1612 2118 malitia,
1671 2052 1903 2109 dimisso

205 2139 360 2194 foras
427 2152 576 2207 equo
649 2137 744 2193 cui
819 2138 1070 2205 sedebat,
1138 2138 1430 2194 ecclesiam
1509 2139 1763 2206 intravit,
1833 2143 1904 2197 ad

204 2227 478 2283 feretrum
540 2227 715 2294 venit,
775 2227 1175 2297 simulansque
1240 2242 1298 2282 se
1364 2227 1504 2283 illud
1561 2237 1906 2284 veneranter

204 2315 544 2380 deosculari,
597 2316 666 2371 de
707 2328 911 2371 acervo
953 2330 1326 2372 nummorum
1375 2324 1660 2387 quantum
1723 2320 1905 2387 potuit

203 2412 304 2453 ore
361 2399 572 2467 rapuit,
620 2405 672 2454 et
719 2399 982 2468 protinus
1028 2400 1228 2465 exivit,
1277 2413 1704 2470 conscensoque
1754 2415 1903 2470 equo

204 2487 387 2542 socios
434 2486 537 2557 qui
585 2499 717 2542 eum
781 2486 1264 2556 praestolabantur
1313 2495 1593 2557 repetens,
1635 2503 1904 2544 nummos

206 2589 354 2644 quos
398 2583 675 2645 rapuerat
708 2575 973 2641 ostendit,
1025 2589 1210 2645 usque
1241 2590 1434 2631 secum
1460 2577 1530 2632 ad
1583 2576 1915 2646 proximam

207 2664 504 2719 tabernam
565 2665 712 2718 irent
767 2671 1023 2732 potatum
1077 2664 1359 2720 invitavit.
1413 2665 1906 2734 Respondentibus

203 2752 314 2808 illis
341 2767 400 2808 se
431 2752 663 2822 quidem
699 2766 830 2807 cum
867 2766 931 2807 eo
965 2751 1164 2820 ituros,
1197 2752 1293 2808 sed
1341 2752 1409 2806 de
1461 2753 1554 2807 tali
1604 2753 1756 2808 furto
1788 2769 1903 2809 non

202 2841 509 2906 bibituros,
572 2841 742 2896 miser
804 2840 896 2895 ille
951 2841 1248 2895 tabernam
1319 2840 1556 2907 introiit,
1605 2849 1680 2907 et,
1736 2849 1906 2911 prout

2007 465 2136 521 dem
2183 467 2354 522 castri
2421 475 2715 538 gratanter
2763 471 3030 540 suscepti,
3073 471 3489 542 audientesque
3530 487 3708 528 naves

2007 556 2221 611 multas
2265 556 2585 623 advenisse,
2637 558 2819 628 gavisi
2846 573 2951 614 nos
2997 559 3372 615 emendarum
3420 575 3706 617 novarum

2007 644 2255 700 vestium
2310 647 2794 714 opportunitatem
2855 647 3154 714 invenisse,
3212 649 3284 703 ad
3323 651 3554 717 portum
3606 650 3704 705 de-

2009 733 2359 800 scendimus,
2420 747 2715 804 navesque
2782 736 3135 807 introgressi,
3192 744 3406 791 tantam
3459 737 3705 793 varieta-

2013 828 2119 876 tem
2151 821 2510 877 diversarum
2538 823 2813 878 mercium
2839 823 3142 895 diligenter
3189 832 3242 880 et
3281 824 3467 890 avide,
3511 833 3707 894 utpote

2010 912 2280 968 novitatis
2356 911 2617 967 videndae
2683 913 2914 979 curiosi,
2976 913 3480 982 perspiciebamus.
3544 913 3707 977 Quod

2011 1015 2251 1056 cernens
2295 1000 2498 1069 hospes
2549 1008 2757 1067 noster,
2822 1001 3076 1056 innotuit
3122 1001 3285 1056 nobis
3329 1001 3706 1056 consuetudi-

2012 1104 2142 1144 nem
2220 1088 2656 1144 Hibernentium
2716 1090 3139 1160 negotiatorum
3191 1103 3310 1144 esse
3373 1095 3435 1144 ut
3485 1088 3708 1166 ignotos

2014 1177 2274 1234 homines
2302 1178 2529 1233 incaute
2569 1191 2744 1233 naves
2787 1191 2924 1233 suas
2971 1179 3365 1248 introgressos,
3416 1177 3608 1233 subito
3651 1183 3707 1232 et

2012 1267 2336 1336 improvise,
2393 1265 2644 1322 navibus
2694 1279 2728 1321 a
2782 1266 2968 1322 littore
3015 1266 3320 1335 propulsis,
3369 1266 3439 1320 ad
3479 1273 3708 1321 exteras

2012 1357 2272 1413 nationes
2347 1355 2816 1422 transvehebant,
2893 1361 2945 1409 et
3021 1354 3284 1409 barbaris
3355 1353 3704 1419 vendebant,

2015 1439 2353 1515 monuitque
2403 1451 2466 1499 ut
2524 1443 2596 1498 ab
2642 1456 2843 1498 eorum
2892 1442 3113 1498 insidiis
3165 1455 3520 1498 caveremus.
3576 1442 3707 1510 Sed,

2013 1550 2145 1591 cum
2204 1534 2330 1604 ejus
2388 1532 2606 1588 monita
2679 1531 3175 1602 parvipendentes,
3234 1544 3470 1586 rursum
3528 1543 3708 1584 naves

2013 1623 2381 1694 frequentare
2442 1636 2557 1677 non
2631 1621 3042 1685 omitteremus,
3091 1633 3219 1675 ecce
3293 1618 3543 1689 benigna
3607 1617 3706 1673 Dei

2011 1713 2312 1769 Genitricis
2381 1711 2725 1782 provisione,
2803 1708 3065 1779 sequenti
3143 1715 3306 1763 nocte
3383 1722 3500 1763 non
3571 1707 3707 1762 dor-

2014 1802 2258 1869 miendo,
2320 1801 2417 1856 sed
2465 1798 2780 1870 vigilando,
2844 1796 3223 1852 commonitus
3273 1802 3356 1850 est
3406 1793 3554 1849 idem
3599 1793 3706 1848 ho-

2013 1903 2140 1958 spes
2196 1897 2386 1945 noster
2446 1886 2612 1943 nobis
2672 1885 2859 1940 dicere
2918 1899 2990 1940 ne
3058 1884 3302 1939 ulterius
3351 1897 3528 1937 naves
3582 1880 3708 1936 illas

2013 1978 2469 2049 ingrederemur,
2519 1974 2816 2046 quoniam,
2879 1973 2927 2028 si
2979 1973 3110 2042 quis
3166 1972 3265 2026 illa
3304 1971 3395 2026 die
3448 1970 3707 2039 aliquam

2013 2066 2244 2121 illarum
2313 2065 2570 2129 intraret,
2625 2061 2844 2130 absque
2897 2059 3053 2115 omni
3106 2058 3284 2114 dubio
3329 2072 3387 2112 se
3444 2055 3708 2126 protinus

2015 2153 2501 2210 transducendum
2541 2157 2594 2205 et
2641 2149 2903 2204 barbaris
2945 2147 3110 2203 sciret
3154 2161 3273 2203 esse
3314 2145 3703 2201 vendendum.

2009 2242 2171 2309 Quod
2203 2256 2335 2296 cum
2383 2238 2546 2295 nobis
2596 2251 2760 2292 mane
2788 2236 2933 2291 facto
2980 2235 3367 2307 jurejurando
3416 2233 3705 2290 notiﬁcas-

2013 2340 2112 2399 set,
2173 2346 2277 2388 nos
2322 2329 2615 2384 credentes
2657 2325 2811 2396 quod
2860 2339 3061 2380 verum
3120 2332 3263 2391 erat,
3322 2321 3708 2379 misericordia

2012 2419 2226 2476 scilicet
2255 2416 2510 2472 Dominte
2567 2420 2775 2468 nostra:
2836 2425 2940 2466 nos
2985 2410 3159 2466 fuisse
3205 2408 3590 2480 praemonitos,
3635 2407 3707 2462 ad

2012 2521 2189 2564 naves
2239 2504 2483 2561 ulterius
2522 2515 2638 2556 non
2679 2498 3060 2570 ascendimus,
3119 2497 3216 2552 sed
3261 2496 3465 2565 emptis
3517 2509 3708 2550 neces-

2012 2596 2181 2652 sariis
2207 2592 2593 2650 discessimus.

2083 2692 2217 2748 CAP.
2278 2686 2442 2746 XXII
2497 2714 2566 2725 —
2612 2687 2690 2739 De
2739 2696 2921 2762 patera
2973 2681 3181 2734 sanato
3242 2677 3400 2750 apud
3457 2677 3710 2748 Begeam

2696 2755 3008 2808 civitatem.

2082 2858 2220 2913 Inde
2293 2853 2561 2910 venimus
2643 2848 2716 2903 ad
2796 2847 3018 2910 urbem,
3092 2861 3224 2916 quae
3293 2842 3516 2915 (Belga)
3602 2857 3708 2897 vo-

201 2929 392 2996 libuit,
455 2929 696 2985 satiatus
753 2928 911 2984 exiit.
976 2929 1174 2984 Postea
1240 2928 1316 2982 illi
1385 2929 1499 2984 duo
1567 2929 1640 2984 ad
1702 2931 1898 3000 populi
1939 2957 2194 3014 ccam“
2257 2950 2312 2999 ει
2387 2937 2698 2995 honoriﬁce
2778 2935 2850 2990 ab
2932 2935 3195 3003 episcopo
3253 2931 3591 3000 clericisque
3643 2943 3711 2984 ac

200 3025 553 3074 conventum
612 3017 891 3082 redeunt;
960 3017 1156 3072 infelix
1220 3030 1354 3072 vero
1415 3017 1525 3084 ille,
1593 3033 1901 3075 θοηεοθηευ

199 3121 375 3175 equo,
411 3106 620 3161 caelesti
663 3105 914 3161 vindicta
958 3119 1091 3160 eum
1141 3114 1536 3175 persequente,
1580 3107 1901 3175 proximam

201 3195 432 3258 silvam,
488 3209 619 3264 quae
692 3196 790 3250 vix
853 3194 1088 3249 dimidio
1156 3194 1426 3248 milliario
1493 3196 1692 3264 procul
1754 3205 1897 3264 erat,

200 3283 460 3352 expetiit,
515 3291 776 3352 resteque
822 3283 973 3339 linea
1015 3282 1156 3338 collo
1205 3297 1308 3337 suo
1364 3282 1782 3354 circumligata,
1843 3284 1902 3339 in

203 3373 384 3427 unius
412 3372 632 3427 arboris
663 3387 819 3427 ramo
863 3387 920 3427 se
957 3371 1272 3441 suspendit.
1309 3371 1512 3440 Equus
1545 3373 1639 3427 cui
1682 3373 1899 3429 insede-

201 3468 314 3526 rat,
348 3475 569 3516 vacuus
601 3461 671 3517 ad
695 3461 972 3531 populum
1006 3460 1253 3525 rediens,
1291 3460 1505 3514 mirum
1538 3461 1899 3517 intuentibus

200 3558 499 3619 stuporem
562 3551 823 3619 praebuit.
895 3548 1104 3605 Statim
1167 3547 1387 3618 przefati
1467 3549 1581 3604 duo
1633 3549 1897 3618 juvenes,

201 3638 492 3707 comparis
565 3637 652 3692 sui
727 3651 944 3708 equum
1012 3643 1469 3707 recognocentes,
1533 3643 1587 3691 et
1648 3637 1785 3706 quid
1850 3637 1902 3691 ei

201 3726 533 3797 contigisset
561 3727 928 3793 admirantes,
971 3726 1068 3781 sed
1115 3726 1428 3782 nescientes
1469 3726 1605 3796 equi
1641 3726 1898 3798 vestigia,

203 3815 616 3883 perscrutando
653 3823 708 3870 et
751 3814 966 3869 cursim
1015 3815 1415 3884 prosequendo
1460 3815 1531 3869 ad
1570 3813 1776 3868 silvam
1811 3829 1900 3870 ce-

200 3902 397 3957 leriter
453 3910 858 3972 pervenerunt,
915 3916 1166 3972 eumque
1225 3910 1371 3957 reste
1419 3916 1788 3971 suspensum,
1847 3909 1902 3958 et

193 3991 320 4061 jam
365 3999 658 4061 mortuum
706 3991 1069 4046 invenerunt.
1106 3991 1458 4059 Deponentes
1506 3997 1698 4045 autem
1743 4005 1898 4056 eum,

199 4053 258 4134 et
314 4053 694 4148 marsupium,
758 4079 912 4150 quod
969 4079 1039 4134 ad
1104 4053 1230 4149 ejus
1289 4079 1542 4134 balteum
1599 4053 1897 4148 pendebat,

200 4165 507 4232 solventes,
570 4181 838 4222 nummos
891 4181 1037 4236 quos
1104 4174 1395 4236 rapuerat,
1448 4167 1638 4222 adhuc
1690 4168 1899 4222 recenti

203 4253 390 4309 saliva
439 4255 554 4310 oris
579 4257 707 4325 ejus
740 4253 997 4320 infectos,
1046 4262 1408 4324 repererunt.
1447 4254 1604 4318 Quod
1640 4255 1902 4324 protinus

202 4356 340 4398 cum
388 4344 642 4399 maximo
695 4344 856 4399 luctu
912 4344 984 4398 ad
1033 4343 1305 4399 feretrum
1350 4350 1702 4412 reportantes
1729 4357 1902 4412 super

202 4434 387 4490 altare
422 4440 824 4502 reposuerunt,
877 4440 1162 4502 terraeque
1211 4433 1499 4502 prostrati,
1548 4439 1603 4488 et
1660 4447 1761 4501 pro
1804 4432 1900 4488 de-

203 4522 388 4578 functi
430 4520 662 4592 cognati
691 4522 782 4576 sui
825 4522 1020 4576 anima
1049 4521 1497 4577 misericordiam
1541 4528 1752 4575 sanctae
1805 4520 1902 4576 Dei

202 4609 508 4666 Genitricis
582 4610 972 4679 implorantes,
1055 4623 1247 4664 coram
1319 4609 1606 4664 universis
1681 4608 1905 4664 facinus

203 4699 364 4768 quod
422 4699 594 4754 miser
647 4705 1075 4767 perpetraverat
1131 4697 1472 4752 retulerunt.
1520 4697 1754 4752 Videres
1803 4711 1902 4766 po-

200 4787 326 4857 puli
365 4795 625 4842 catervas
667 4787 862 4842 audito
910 4793 1067 4842 tanto
1113 4786 1319 4842 scelere
1348 4792 1660 4855 stupentes,
1693 4792 1747 4840 et
1803 4799 1904 4854 pro

201 4883 321 4931 tam
371 4875 541 4930 celeri
588 4875 845 4930 vindicta
893 4883 1119 4944 pectora
1157 4888 1264 4930 sua
1313 4874 1606 4930 tundendo
1657 4873 1900 4929 ubertun

202 4963 492 5032 lacrymas
521 4964 864 5019 emittentes.

278 5061 412 5116 CAP.
436 5061 592 5115 XXI.
626 5089 693 5100 —
715 5063 792 5115 De
813 5057 1153 5114 liberatione
1171 5057 1507 5114 clericorum
1519 5075 1622 5129 per
1639 5060 1904 5112 sanctam

525 5131 783 5186 Mariam
809 5131 966 5202 apud
1002 5135 1257 5185 castrum
1287 5129 1582 5185 Bristolth.

278 5228 412 5284 Inde
453 5229 717 5284 venimus
747 5229 818 5283 ad
855 5228 1224 5283 fortissimum
1257 5227 1397 5282 illud
1428 5234 1705 5290 castrum,
1748 5226 1903 5295 quod

203 5324 448 5372 vocatur
496 5316 782 5385 Bristolth,
838 5317 992 5387 quod
1034 5329 1240 5386 magno
1293 5315 1532 5371 ﬂumine
1572 5314 1904 5370 circumda-

207 5413 325 5469 tur,
360 5418 461 5474 per
517 5405 670 5475 quod
721 5403 1040 5460 maritimas
1083 5418 1259 5460 naves
1314 5404 1383 5459 de
1439 5403 1663 5458 lbernia
1712 5402 1905 5458 insula

205 5493 384 5549 variis
414 5493 699 5549 mercibus
745 5501 1000 5561 onustas,
1050 5500 1187 5549 tunc
1219 5506 1396 5563 quam
1441 5491 1674 5562 plurimi
1723 5504 1901 5561 nego-

2008 3033 2306 3097 monachis
2349 3025 2598 3096 suscepti
2645 3039 2867 3081 sumus.
2899 3024 2960 3077 In
3005 3023 3129 3092 ipsa
3158 3028 3349 3076 autem
3383 3019 3525 3074 urbe
3573 3025 3710 3074 sunt

2009 3127 2215 3183 balnea
2244 3119 2448 3184 calida,
2498 3130 2630 3185 quae
2681 3113 2753 3168 ab
2782 3113 2910 3167 aliis
2942 3111 3182 3166 thermm
3208 3114 3512 3163 vocantur.
3561 3107 3710 3162 Puer

2010 3213 2248 3286 quidam
2297 3205 2598 3269 duodenis,
2657 3202 2852 3258 eadem
2919 3200 3007 3254 die
3053 3199 3339 3254 adventus
3389 3195 3570 3286 nostri
3618 3193 3709 3249 la-

2009 3284 2185 3356 vandi
2252 3308 2425 3352 causa
2499 3305 2629 3348 cum
2718 3288 2888 3346 sociis
2961 3289 3082 3343 suis
3141 3286 3370 3342 easdem
3456 3284 3710 3338 thermas

2010 3386 2326 3457 ingressus,
2379 3381 2474 3436 sed
2536 3379 2730 3432 minus
2775 3384 2942 3431 caute
2998 3375 3102 3430 sibi
3157 3372 3482 3443 providens,
3536 3384 3705 3440 aqua:

2010 3474 2246 3532 calentis
2276 3467 2635 3527 vehementia
2679 3467 3001 3534 depressus,
3039 3477 3223 3531 usque
3256 3461 3311 3515 in
3341 3458 3709 3529 lprofundum

2012 3564 2367 3619 thermarum
2398 3566 2481 3614 est
2510 3558 2866 3613 submersus.
2908 3553 3069 3608 Unde
3119 3559 3307 3605 tamen
3359 3561 3392 3602 a
3444 3546 3705 3618 parenti-

2013 3651 2119 3705 bus
2149 3653 2442 3702 extractus
2472 3652 2528 3698 et
2558 3657 2689 3698 cum
2736 3641 2898 3696 luctu
2928 3639 3163 3693 domum
3203 3636 3437 3700 relatus,
3474 3631 3708 3688 vitalem

2010 3735 2276 3805 spiritum
2321 3733 2442 3803 jam
2489 3730 2750 3786 funditus
2801 3728 3055 3783 emisisse
3087 3739 3120 3780 a
3167 3723 3363 3779 multis
3385 3723 3704 3777 dicebatur.

2012 3824 2117 3879 Sed
2187 3821 2398 3877 auditis
2479 3817 2774 3874 miraculis
2840 3815 3091 3871 Dominae
3149 3820 3378 3877 nostrae,
3443 3809 3515 3864 ad
3582 3808 3709 3878 ejus

2010 3911 2283 3968 feretrum
2342 3923 2472 3965 cum
2532 3907 2712 3962 multa
2773 3905 2901 3959 ﬁdei
2947 3903 3247 3958 devotione
3302 3913 3432 3954 eum
3491 3895 3706 3952 detule-

2012 4007 2168 4055 runt.
2201 3997 2314 4053 Nos
2362 4011 2498 4065 ergo
2555 3993 2811 4048 videntes
2860 4004 3071 4060 corpus
3118 3989 3239 4058 jam
3283 3985 3706 4055 refrigeratum,

2009 4089 2153 4143 duos
2212 4087 2372 4156 ignes
2430 4082 2572 4147 ﬁeri,
2623 4089 2677 4136 et
2725 4081 2783 4134 in
2832 4077 3018 4134 medio
3072 4088 3269 4130 eorum
3314 4078 3546 4142 propter
3567 4069 3708 4124 reci-

2011 4174 2248 4245 piendos
2299 4171 2516 4227 calores
2556 4169 2697 4224 illud
2747 4165 3042 4236 suspendi,
3099 4164 3178 4219 ita
3227 4168 3290 4217 ut
3342 4166 3518 4229 caput
3565 4158 3707 4213 inte-

1943 4256 1983 4308 D
2014 4263 2154 4330 rius,
2190 4261 2356 4331 pedes
2389 4273 2523 4314 vero
2556 4256 2866 4327 penderent
2915 4253 3202 4323 superius,
3253 4249 3458 4306 deinde
3496 4262 3558 4304 os
3586 4247 3712 4317 ejus

2011 4349 2223 4420 aperiri
2256 4349 2596 4418 lignumque
2627 4357 2872 4413 parvum
2906 4342 3052 4396 inter
3095 4339 3420 4408 superiores
3461 4343 3518 4391 et
3561 4334 3710 4389 infe-

2012 4440 2189 4494 riores
2249 4437 2445 4492 dentes
2502 4432 2633 4503 poni
2682 4431 2940 4485 fecimus.
3001 4428 3122 4494 Quo
3184 4427 3349 4491 facto,
3413 4432 3468 4479 et
3523 4422 3705 4477 multa

2012 4539 2180 4594 aquae
2224 4521 2581 4580 abundantia
2633 4519 2902 4582 evomita,
2953 4530 3163 4586 corpus
3186 4515 3304 4584 jam
3359 4511 3710 4566 sufﬁcienter

2010 4613 2347 4668 calefactum
2395 4609 2722 4679 deponitur,
2791 4614 2844 4662 et
2892 4606 2960 4660 ad
3015 4599 3289 4659 feretrum
3349 4601 3706 4669 deportatur,

2013 4714 2168 4770 aqua
2219 4700 2460 4754 letarum
2521 4697 2899 4766 reliquiarum
2963 4693 3240 4756 abluitur,
3290 4690 3345 4744 in
3389 4701 3486 4743 ore
3536 4687 3708 4742 etiam

2011 4788 2138 4857 ejus
2164 4784 2595 4855 aliquantulum
2626 4797 2698 4838 ex
2729 4796 2798 4837 ea
2842 4779 3172 4835 distillatur.
3220 4777 3336 4834 Nec
3369 4789 3548 4842 mora,
3582 4786 3710 4828 ecce

2013 4889 2176 4946 puer,
2236 4875 2350 4929 Deo
2413 4873 2741 4938 miserante,
2798 4885 2910 4924 non
2959 4868 3144 4924 solum
3202 4865 3408 4936 spiritu
3460 4869 3706 4932 recepto,

2012 4963 2109 5019 sed
2164 4962 2334 5018 etiam
2383 4961 2610 5031 integra
2665 4958 2910 5014 sanitate
2957 4958 3287 5022 subsecuta,
3353 4954 3517 5009 laetus
3573 4964 3706 5007 cum

2016 5050 2352 5122 parentibus
2380 5048 2501 5104 suis
2532 5047 2767 5102 domum
2792 5045 2981 5099 rediit.

2084 5140 2263 5198 Multa
2303 5146 2438 5194 sunt
2466 5144 2522 5193 et
2569 5135 2681 5191 alia
2729 5133 3030 5198 miracula,
3071 5147 3202 5202 quae
3237 5131 3295 5186 in
3346 5128 3547 5199 Anglia
3580 5127 3710 5183 fecit

2014 5226 2252 5281 Domina
2291 5232 2507 5291 nostra,
2563 5223 2726 5278 nobis
2779 5219 3168 5282 cernentibus,
3212 5232 3343 5288 quze
3371 5215 3706 5286 singillatim

2011 5314 2175 5370 facile
2218 5328 2333 5369 non
2377 5319 2562 5381 posset
2603 5311 2893 5379 explicare
2923 5307 3232 5378 cujuslibet
3262 5304 3548 5361 facundia.
3578 5304 3710 5359 Haec

2012 5417 2150 5458 vero
2203 5401 2272 5456 de
2329 5400 2593 5470 pluribus
2659 5404 2809 5452 54%
2875 5409 3058 5466 pauca
3115 5409 3381 5450 narrasse
3437 5392 3706 5458 sufﬁciat,

2013 5505 2166 5560 quae,
2211 5497 2348 5546 teste
2374 5490 2488 5545 Deo
2534 5487 2660 5559 ejus
2704 5485 2865 5553 Filio,
2911 5485 3034 5541 sine
3063 5484 3183 5541 ulla
3230 5483 3472 5540 falsitate
3511 5480 3710 5538 retuli-
