3922 6080
256 214 358 268 987

1177 209 1476 266 APPEND.
1517 209 1610 263 AD
1654 208 1782 263 LIB.
1826 209 1902 264 III
1939 209 2270 300 GIJIBERTI
2308 210 2402 264 DE
2444 209 2606 264 VITA
2643 209 2802 264 SUA.

3656 215 3773 266 988

257 358 388 399 mus
417 341 747 398 narratione
781 340 1161 396 veracissima.
1195 343 1357 395 Nunc
1385 353 1521 394 vero
1552 353 1824 410 rogamus
1852 353 1952 395 vos
1989 349 2034 400 Α
2059 341 2313 410 exceptis
2363 339 2619 405 cortinis,
2661 347 2716 395 et
2753 339 2884 395 aliis
2929 339 3326 395 ecclesiasticis
3378 341 3768 407 ornamentis,

257 433 407 487 sicut
434 433 634 487 fratres
663 438 716 485 et
744 429 1021 493 dominos,
1053 437 1227 498 atque
1258 428 1671 484 concanonicos
1703 436 1944 494 nostros,

259 534 506 590 quorum
575 525 853 587 praecepto
906 530 1062 571 mare
1117 524 1498 578 transeuntes,
1553 517 1830 584 plurimos
1893 517 1949 570 in

258 605 458 662 itinere
511 607 730 661 labores
776 605 1135 674 pertulimus,
1179 613 1240 659 ut
1286 619 1486 659 eorum
1536 606 1782 670 animas,
1850 605 1951 674 qui

259 694 420 748 vobis
457 707 554 762 per
590 708 693 747 nos
733 706 866 747 suas
915 692 1353 747 transmiserunt
1401 693 1788 760 eleemosynas
1837 692 1952 746 Do-

258 783 412 836 mino
461 782 682 851 piteque
737 781 1004 836 Genitrici
1053 783 1179 850 ejus
1234 781 1662 844 commendetis,
1710 789 1763 834 et
1832 794 1954 834 om-

260 870 420 925 nium
474 870 750 925 bonorum
807 885 938 939 quae
1003 870 1055 924 in
1111 868 1345 924 ecclesia
1395 869 1735 923 laudunensi
1787 869 1952 934 ﬁunt,

263 958 347 1012 vel
420 959 686 1027 deinceps
740 959 858 1013 ﬁeri
929 957 1249 1027 contigerit,
1311 972 1406 1010 eos
1479 957 1783 1024 participes
1837 971 1958 1012 esse

265 1047 605 1102 concedatis.
683 1047 922 1102 Centum
983 1045 1267 1116 siquidem
1325 1052 1379 1100 et
1446 1045 1652 1114 Viginti
1712 1059 1953 1106 marcas,

2057 443 2128 483 ex
2186 430 2397 500 Anglia
2457 428 2622 484 nobis
2664 428 2982 495 attulimus,
3045 436 3100 483 et
3150 428 3251 497 qui
3310 427 3452 482 feria
3501 429 3769 484 secunda

2059 523 2191 569 ante
2250 529 2439 570 ramos
2503 514 2828 569 Palmarum
2879 529 2913 569 a
2961 515 3123 569 vobis
3178 515 3566 581 discessimus,
3628 530 3768 571 ecce

2060 618 2219 659 nunc
2259 603 2487 658 duobus
2517 603 2717 658 diebus
2755 611 2888 656 ante
2933 603 3303 658 Nativitatem
3355 604 3608 658 Dominae
3660 619 3770 658 no-

2061 700 2193 747 strae
2250 691 2594 746 revertimur
2661 691 2730 745 ad
2790 705 2910 756 vos,
2967 706 3098 746 cum
3153 691 3385 761 gaudio,
3454 692 3772 747 laudantes

2063 781 2357 835 vobiscum
2387 781 2591 847 {Iesum
2640 779 2930 834 Christum
2980 781 3282 835 Dominum
3327 788 3590 835 nostrum
3636 781 3775 850 ejus

2067 868 2294 934 Filium,
2348 869 2554 937 Regem
2606 881 2827 936 regum,
2871 877 2924 922 et
2966 868 3273 922 Dominum
3313 867 3769 931 dominantium,

2066 956 2327 1025 quicum
2364 958 2526 1010 Patre
2571 964 2624 1010 et
2677 955 2890 1024 Spiritu
2921 963 3119 1010 sancto
3153 955 3296 1010 vivit
3321 964 3376 1012 et
3425 964 3629 1027 regnat
3665 969 3776 1026 per

2065 1044 2259 1100 omnia
2291 1045 2500 1100 saecula
2530 1044 2894 1100 saeculorum.

1133 1373 1841 1478 CAPITULA
1909 1374 2304 1522 LIBRI
2373 1374 2888 1475 TERTII.

577 1567 710 1622 CAP.
755 1567 775 1620 I
807 1569 885 1620 De
913 1564 1282 1620 multitudine
1310 1565 1510 1636 μοραΙὶ
1537 1565 1614 1618 ad
1641 1563 2054 1619 dedicationem
2085 1565 2338 1621 ecclesia
2367 1565 2760 1620 Laudunensis

579 1636 710 1691 CAP.
757 1637 825 1690 II.
855 1637 1135 1702 Quomodo
1160 1635 1397 1690 domnus
1424 1637 1873 1690 Bartholomaeus
1889 1636 2188 1706 episcopus
2212 1637 2488 1692 damnum
2514 1637 2864 1691 Norbertum
2891 1635 3188 1691 invenerit.

575 1706 708 1762 CAP.
755 1708 825 1761 IlI
874 1711 947 1762 De
971 1706 1272 1779 ecclesiola
1291 1707 1490 1762 Sancti
1521 1707 1764 1779 Martini
1793 1707 2208 1772 Laudunensis,
2233 1710 2289 1761 et
2313 1707 2588 1779 quomodo
2613 1707 3054 1763 Bartholomzus
3072 1707 3372 1779 episcopus
3393 1708 3762 1763 Norbertum

930 1795 1037 1848 per
1061 1777 1319 1849 plurima
1342 1779 1467 1831 loca
1496 1777 1740 1849 duxerit.

578 1851 710 1930 CAP.
754 1847 2035 1930 IV."Quomodolfraemonstratensisecclesia
2062 1847 2315 1930 incepta
2340 1851 2438 1930 sit.

577 1919 708 1974 CAP.
754 1920 814 1971 V.
852 1920 1135 1984 Quomodo
1175 1921 1462 1974 Walterus
1477 1920 1682 1986 factus
1709 1918 1786 1972 sit
1814 1919 1993 1973 abbas
2016 1917 2321 1975 ecclesiolz
2349 1918 2552 1974 Sancti
2575 1917 2821 1973 Martini
2848 1917 3266 1974 Laudunensis.

575 1991 706 2063 CAP.
751 1990 844 2063 VI.
875 1990 1159 2063 Quomodo
1187 1989 1751 2063 Przmonstratensis
1787 1989 2046 2063 ecclesiae
2067 1991 2310 2063 domnus
2340 1992 2513 2063 Hugo
2538 1991 2840 2062 praefectus
2877 1989 2974 2045 sit.

578 2061 711 2114 CAP.
756 2061 867 2115 VII.
903 2059 1204 2132 Multiplez
1230 2060 1645 2115 commendatio
1661 2059 1870 2114 damni
1896 2061 2191 2116 Norberti.

577 2133 712 2187 CAP.
747 2132 894 2187 VIII.

927 2132 1210 2200 ()uomodo
1237 2132 1628 2202 episcopatum
1653 2133 2129 2202 Cameracensem
2159 2131 2430 2187 renuerit.

577 2203 710 2274 CAP.
757 2202 841 2256 IX.
904 2202 1190 2274 Quomodo
1215 2201 1727 2274 Magdeburqensis
1754 2201 2217 2274 archiepiscopus
2241 2204 2434 2274 factus
2458 2201 2558 2274 sit.

581 2271 714 2326 CAP.
757 2274 813 2327 X.
850 2273 1187 2328 lmmutatio
1215 2271 1464 2329 ecclesiz
1495 2271 2074 2336 Pramonstratensis,
2101 2271 2156 2328 et
2175 2274 2305 2329 meli

2136 2277 2156 2328 t
2175 2273 2517 2329 melioratio.

581 2341 715 2399 CAP.
759 2344 846 2396 Xl.
879 2349 958 2399 De
977 2343 1396 2399 constructione
1429 2342 1858 2399 Fuisniacerwis
1884 2344 2141 2400 cmnobii.

756 2415 864 2468 XII.
904 2419 984 2470 De
1011 2414 1430 2469 constructione
1460 2413 1832 2471 Sninetensis.

1539 2484 1906 2541 'alclarensis.

579 2415 714 2469 CAP.

581 2487 715 2540 CAP.

581 2555 713 2610 CAP.

581 2629 714 2682 CAP.

580 2698 712 2752 CAP.

580 2767 715 2822 CAP.

581 2840 712 2892 CAP.

580 2909 712 2962 CAP.

759 2486 891 2539 XIII.
923 2490 1002 2540 De
1028 2486 1448 2540 constructione

757 2628 860 2681 XV.
897 2627 980 2681 De
1000 2626 1413 2683 constructione
1445 2627 1925 2695 Clarefontensis.

756 2697 887 2750 XVI.
927 2700 1009 2750 De
1035 2697 1454 2752 constructione
1494 2697 1925 2753 Cuissiacensis.

757 2557 886 2611 XIV.
921 2559 991 2611 Ile
1022 2555 1444 2612 constructione
1479 2555 1828 2612 Tenoliensis
1857 2555 2120 2612 ecclesia.

755 2769 907 2821 XVII.
941 2771 1014 2822 De
1046 2768 1464 2839 constructione
1491 2767 1730 2824 ccenobii
1740 2768 2106 2839 feminarum
2130 2768 2283 2839 quod
2305 2767 2517 2822 dicitur
2550 2766 3041 2821 monasteriolum.

757 2839 934 2892 XVIII.
968 2842 1047 2893 De
1065 2838 1272 2893 domno
1302 2839 1530 2894 Simone
1556 2839 1761 2893 abbate
1788 2838 1987 2894 Sancti
2015 2838 2272 2894 Nicolai.
2979 2839 2984 2845 ’

756 2910 882 2962 XIX.
915 2912 993 2963 De
1023 2911 1241 2962 Domno
1272 2909 1525 2965 Gitberto
1555 2910 1759 2963 abbate
1783 2909 1992 2966 Sancti
2021 2909 2344 2964 Michaelis.

581 2980 714 3034 CAP.
758 2981 858 3033 XX.
895 2983 968 3033 De
999 2979 1204 3034 domno
1239 2980 1511 3035 Anselmo
1540 2981 1741 3034 abbate
1766 2979 1968 3034 Sancti
1999 2979 2307 3035 Vincentii.

575 3052 708 3104 CAP.

576 3120 710 3176 CAP.

579 3191 714 3246 CAP.

578 3262 710 3316 CAP.

579 3332 710 3388 CAP.

577 3403 711 3458 CAP.

578 3471 712 3530 CAP.

576 3543 711 3600 CAP.

755 3404 960 3459 XXVI.
1002 3409 1075 3458 De
1108 3404 1453 3459 Theodorico
1473 3404 1868 3460 Ambianensi.

756 3545 1013 3601 XXVIII.
1039 3550 1118 3601 De
1129 3546 1302 3614 furto
1331 3545 1615 3601 Anselmi.

745 3052 870 3122 XXI.
906 3050 1188 3116 Quomodo
1224 3049 1374 3105 idem
1406 3051 1716 3106 Anselmus
1742 3053 1931 3106 Roma
1953 3051 2014 3105 in
2044 3051 2368 3122 episcopum
2401 3050 2817 3122 Tornacensem
2846 3049 3060 3122 electus
3078 3048 3174 3122 sit.

754 3121 922 3193 XXII.
950 3124 1026 3175 De
1052 3124 1399 3193 correctione
1432 3125 1479 3176 Α
1490 3121 1673 3178 bbatis
1702 3122 1892 3193 sancti
1919 3119 2192 3187 Joannis,
2221 3125 2274 3177 et
2308 3119 2594 3193 Drogonis
2621 3119 2847 3174 abbatis
2873 3119 3256 3175 institutione.

754 3192 954 3246 XXIII.
987 3194 1068 3246 De
1099 3192 1376 3246 Balduino
1407 3193 1611 3248 abbate
1655 3191 1765 3247 loci
1787 3193 2057 3258 eiusdem.

753 3262 959 3318 XXIV.
987 3264 1167 3328 Quam
1195 3262 1383 3317 ditata
1407 3264 1488 3318 sit
1521 3264 1710 3333 major
1740 3261 1996 3318 Ecclesia
2019 3267 2230 3317 sanctae
2256 3261 2460 3317 Maria?
2485 3261 2592 3317 sub
2615 3261 3026 3318 Bartholomzo
3059 3260 3359 3330 Ponti/ioc.

755 3333 939 3406 XXV.
975 3337 1050 3388 De
1082 3333 1334 3406 Giuidone
1366 3334 1777 3406 Calvilaunensi
1797 3334 2079 3406 episcopo.

757 3475 984 3530 XXVII.
1017 3479 1091 3530 De
1119 3475 1359 3529 muliere
1383 3476 1455 3530 ab
1487 3474 1750 3530 incendio
1777 3475 2025 3530 liberata
2049 3473 2282 3532 Civiaci.

1589 3849 1926 3936 LIBER
1989 3848 2502 3940 TERTIUS.

322 4168 471 4219 543
497 4164 628 4219 CAP.
673 4163 882 4218 I.—De
912 4161 1495 4244 multitudinepopuli
1520 4161 1598 4216 ad
1634 4159 1941 4218 dedicatio-
1982 4163 2021 4216 Β
2054 4161 2467 4231 pontiﬁcatum,
2525 4169 2590 4218 ut
2642 4163 3120 4232 suprascriptum,
3168 4170 3271 4229 est,
3330 4162 3579 4218 domnus
3623 4162 3766 4218 Bar

671 4250 800 4288 nem
830 4234 1078 4289 ecclesia
1117 4234 1526 4288 Laudunensis.

329 4339 661 4411 Opitulante
687 4353 826 4410 ergo
854 4339 1051 4394 divina
1097 4339 1416 4404 clementia,
1449 4352 1522 4394 ex
1559 4336 1946 4393 oblationibus

259 4429 507 4484 lidelium
551 4442 650 4498 per
698 4428 996 4483 Franciam
1037 4435 1091 4483 et
1118 4427 1382 4498 Angliam
1415 4426 1684 4493 collectis,
1723 4425 1780 4480 in
1823 4435 1950 4480 tan-

258 4526 381 4574 tum
419 4517 670 4574 ecclesiae
720 4524 924 4572 nostrae
973 4530 1118 4586 opus
1162 4523 1559 4586 prosperatum
1606 4522 1692 4570 est
1761 4521 1825 4570 ut
1873 4529 1956 4570 se-

258 4605 460 4676 quenti
528 4619 680 4661 anno
729 4606 1015 4676 completa
1090 4603 1483 4659 mdiﬁcationis
1542 4603 1954 4659 restauratione

257 4693 638 4749 dedicaretur.
682 4694 851 4749 Anno
881 4693 1164 4762 siquidem
1197 4692 1271 4748 ab
1301 4693 1700 4749 Incarnatione
1729 4693 1953 4747 Domini

260 4781 559 4837 millesimo
615 4784 922 4838 centesimo
971 4781 1327 4847 duodecimo,
1396 4780 1536 4837 feria
1589 4781 1794 4851 quinta
1862 4795 1956 4850 pa-

259 4870 468 4926 schalis
499 4870 886 4937 hebdomade,
932 4869 1168 4940 praefata
1214 4869 1451 4926 ecclesia
1489 4870 1788 4926 combusta
1839 4869 1956 4925 tue-

261 4967 369 5025 rat,
405 4961 509 5027 (57)
541 4974 657 5028 quo
688 4959 776 5013 die
807 4959 976 5013 etiam
1008 4958 1254 5012 domnus
1283 4957 1629 5014 Gualdricus
1657 4957 1956 5027 episcopus

265 5047 662 5103 Laudunensis
690 5046 996 5102 crudeliter
1037 5047 1364 5102 interfectus
1401 5054 1484 5102 est
1517 5047 1572 5101 in
1611 5045 1777 5101 domo
1825 5060 1952 5112 sua,

261 5149 391 5191 cum
434 5136 781 5206 quibusdam
813 5150 883 5190 ex
917 5135 1267 5204 hominibus,
1299 5137 1438 5201 suis,
1473 5135 1862 5203 successitque
1904 5135 1953 5189 ei

263 5224 321 5278 in
369 5223 696 5293 episcopatu
751 5224 998 5280 domnus
1053 5223 1247 5295 Hugo;
1307 5224 1426 5293 qui,
1488 5236 1618 5278 cum
1677 5221 1774 5276 vix
1831 5231 1954 5278 octo

264 5311 559 5367 mensibus
587 5313 1019 5382 supervixisset,
1060 5328 1126 5368 eo
1171 5312 1438 5368 defuncto
1489 5311 1704 5366 electus
1751 5319 1837 5366 est
1881 5311 1953 5366 ad

337 5465 446 5531 (57)
470 5467 551 5522 Ita
575 5468 744 5523 etiam
775 5469 1030 5526 Guibert.
1063 5470 1198 5524 Vitae
1222 5469 1320 5525 lib.
1358 5483 1435 5536 ιιι,
1463 5481 1589 5538 cap.
1638 5470 1719 5521 lt.

2057 4249 2410 4306 tltolomaeus.
2444 4251 2544 4306 Hic
2569 4250 2871 4321 episcopus
2909 4260 3274 4307 consecratus
3307 4251 3448 4306 adeo
3480 4251 3758 4320 templum

2065 4338 2320 4394 Domina:
2369 4347 2576 4396 nostra:
2623 4340 2846 4396 studuit
2907 4339 3244 4407 accelerare,
3321 4348 3383 4395 ut
3434 4346 3556 4409 post
3613 4340 3764 4395 duos

2065 4429 2413 4483 semi-annos
2457 4429 2798 4484 incensionis
2834 4433 2980 4499 ejus,
3013 4443 3249 4484 rursum
3285 4429 3442 4484 ﬁeret
3489 4428 3766 4484 solemnis

2064 4517 2342 4572 dedicatio
2371 4517 2570 4586 ipsius,
2620 4531 2772 4572 anno
2817 4517 3029 4573 scilicet
3076 4518 3148 4572 ab
3194 4517 3588 4572 incarnatione
3645 4517 3759 4572 Do-

2065 4605 2206 4660 mini
2240 4605 2542 4662 millesimo
2571 4607 2876 4662 centesimo
2906 4615 3116 4676 quarto
3140 4607 3377 4661 decimo.

2136 4694 2356 4750 Placuit
2411 4702 2602 4750 autem
2657 4694 2923 4764 episcopo
2979 4703 3035 4750 et
3079 4695 3387 4762 canonicis,
3444 4703 3506 4749 ut
3559 4694 3762 4750 eodem

2065 4782 2153 4838 die
2201 4791 2636 4840 consecraretur
2673 4799 2789 4853 quo
2821 4783 3059 4839 celebris
3096 4783 3224 4853 ejus
3264 4782 3544 4838 dedicatio
3591 4784 3764 4838 annis

2063 4871 2306 4942 singulis
2355 4872 2647 4927 observari
2695 4880 3093 4936 consueverat,
3139 4872 3191 4926 id
3241 4876 3326 4927 est
3371 4879 3573 4926 octavo
3626 4872 3762 4928 ldus

2065 4959 2426 5028 Septembris,
2493 4961 2657 5015 tertio
2730 4960 2992 5016 videlicet
3056 4961 3146 5016 die
3203 4969 3333 5015 ante
3387 4959 3758 5016 Nativitatem

2066 5048 2250 5104 Beata)
2274 5048 2485 5104 Mariae.
2525 5049 2610 5104 Ad
2635 5049 2810 5118 quam
2853 5049 3265 5105 dedicationem
3292 5049 3565 5119 praelatus
3594 5050 3759 5105 dom-

2065 5151 2176 5190 nus
2226 5136 2673 5193 Bartholomteus
2715 5137 3012 5207 episcopus
3059 5139 3355 5193 accersivit
3397 5152 3592 5194 secum
3644 5139 3756 5194 Ra-

2065 5223 2348 5294 dulphum
2408 5226 2715 5281 Remorum
2785 5227 3305 5296 archiepiscopum,
3380 5226 3754 5282 Guillelmum

2061 5313 2535 5370 Catalaunensem
2599 5314 2948 5384 episcopum,
3003 5314 3322 5370 Lisiardum
3378 5314 3759 5372 Suessionen-
