3922 6080
95 231 196 282 989

94 457 436 502 nectensem.
488 447 672 501 Tanta
726 460 861 500 vero
917 445 1096 516 plebis
1142 445 1451 501 multitudo
1504 445 1788 500 confluxit

93 534 166 588 ad
214 535 394 603 ipsam
453 534 891 599 dedicationem,
948 541 1008 588 ut
1053 533 1299 588 ducenta
1349 532 1527 587 millia
1576 528 1788 586 diversi

94 637 266 677 sexus
312 629 365 677 et
411 623 593 677 aetatis
630 622 897 676 dicantur
952 621 1310 688 interfuisse;
1366 634 1576 690 magna
1614 618 1791 688 siqui-

95 711 222 765 dem
272 710 469 766 laetitia
517 719 856 765 cunctorum
897 709 1166 764 cordibus
1214 709 1419 775 inerat,
1461 707 1615 779 quod
1669 713 1790 776 post

96 807 313 854 tantam
360 799 616 869 ejusdem
668 797 953 864 Ecclesia},
1004 798 1116 853 imo
1161 798 1335 852 totius
1390 795 1790 852 Laudunensis

95 887 259 940 urbis
285 887 710 953 desolationem,
749 887 806 940 in
841 895 953 940 tam
1003 886 1161 940 brevi
1191 885 1393 954 spatio,
1429 885 1482 938 id
1533 891 1615 938 est
1643 883 1791 936 infra

95 975 240 1030 duos
286 978 666 1042 semi-annos,
711 975 779 1030 de
824 981 982 1029 tanta
1023 982 1254 1044 tamque
1301 972 1585 1042 profunda
1634 979 1788 1026 tene-

95 1063 334 1118 brarum
388 1072 442 1119 et
493 1063 836 1118 calamitatis
888 1063 1183 1132 voragine,
1234 1070 1459 1116 tantum
1517 1059 1792 1114 claritatis

97 1163 198 1218 per
243 1151 335 1206 Dei
374 1150 676 1207 Genitricis
722 1149 1171 1206 misericordiam
1213 1149 1487 1204 videbant
1533 1147 1792 1217 resplen-

95 1237 287 1294 duisse
334 1239 636 1309 fulgorem,
695 1247 756 1294 ut
815 1239 923 1308 ipsi
975 1252 1208 1308 quoque
1263 1237 1526 1293 Ecclesiae
1583 1242 1792 1291 nostrae

93 1327 388 1382 videretur
442 1343 555 1383 non
615 1327 900 1382 immerito
965 1340 1129 1395 posse
1185 1324 1442 1395 coaptari
1503 1324 1598 1380 illa
1656 1337 1790 1392 pro-

96 1415 280 1484 phetae
326 1416 521 1486 Aggtei
567 1416 869 1481 sententia,
913 1429 1089 1486 quam
1129 1415 1198 1470 de
1244 1414 1619 1470 restaurando
1671 1419 1794 1481 post

97 1504 424 1573 Babyloniae
498 1503 882 1573 captivitatem
971 1505 1028 1558 in
1105 1502 1511 1572 Hierosolymis
1585 1499 1794 1569 templo

96 1593 390 1663 quondam
438 1593 821 1662 prophetavit,
868 1592 1064 1647 dicens
1102 1606 1114 1645 :
1150 1612 1177 1640 ‹‹
1227 1591 1438 1660 Magna
1472 1589 1579 1645 erit
1611 1589 1795 1659 gloria

907 225 1276 283 HERMANNI
1317 227 1404 282 DE
1442 226 1689 283 MIRAC.
1735 229 1790 283 S.
1837 228 2076 283 MARL/E
2118 228 2434 286 LAUDUN.
2465 227 2683 282 —LIB.
2731 227 2826 282 IlI.

91 372 230 425 sem,
277 356 645 414 Godefridum
695 356 1156 424 Ambianensem,
1221 356 1541 412 Hubertum
1593 355 1783 413 Silva-
1823 359 1869 411 A
1900 357 2032 413 CAP.
2065 359 2136 412 ll.
2180 387 2246 397 —
2299 363 2447 412 544

3479 231 3584 284 990

2495 357 2783 427 Quomodo
2835 355 3077 412 domnus
3131 355 3585 412 Bartholomzus

2095 427 2670 500 episCOpusdomnum
2709 428 3055 482 Norbertum
3079 427 3376 482 invenerit.

1967 536 2220 591 Paschali
2286 536 2566 606 siquidem
2629 550 2776 605 papa
2837 536 3029 591 Romae
3098 535 3384 600 defuncto,
3451 547 3584 589 cum

1893 626 2138 680 Joannes
2201 625 2510 680 cardinalis
2579 625 2627 680 ei
2693 625 3004 679 succedens
3072 623 3329 679 Gelasius
3397 623 3586 678 dictus

1895 715 2111 780 fuisset,
2159 721 2214 769 et
2245 714 2301 768 in
2338 713 2637 768 Franciam
2687 714 2880 768 venire
2912 712 3110 768 volens
3141 713 3296 781 apud
3345 711 3583 767 Clunia-

1895 818 2027 858 cum
2061 803 2234 857 vitam
2279 802 2657 867 terminasset,
2707 801 3047 866 cardinales,
3081 801 3182 870 qui
3223 815 3356 855 cum
3388 814 3453 854 eo
3479 813 3579 856 ve-

1897 896 2122 954 nerant,
2167 899 2221 944 et
2255 891 2488 944 Romam
2537 904 2640 960 pro
2669 889 2943 945 electione
2992 889 3252 944 facienda
3301 888 3487 943 redire
3527 901 3586 943 se

1898 989 2011 1030 non
2063 990 2221 1045 posse
2261 978 2552 1044 videbant,
2607 978 2940 1033 necessitate
2987 977 3287 1046 compulsi,
3323 978 3587 1046 protinus

1897 1065 2193 1135 elegerunt
2219 1065 2290 1120 ad
2321 1067 2468 1120 sedis
2498 1066 2819 1135 apostolicae
2848 1066 3221 1136 praesulatum
3263 1080 3292 1120 e
3325 1063 3588 1134 proxima

1897 1154 2123 1210 civitate
2184 1155 2460 1210 domuum
2517 1155 2833 1211 Guidonem
2884 1156 3262 1210 Viennensem
3305 1151 3587 1222 archiepi-

1897 1257 2152 1311 scopum,
2185 1243 2376 1298 virum
2406 1243 2649 1299 nobilem
2677 1251 2730 1299 et
2763 1243 3133 1309 industrium,
3161 1242 3374 1312 regina:
3403 1242 3586 1296 Fran-

1897 1345 2098 1386 corum
2137 1331 2419 1400 conjugis,
2472 1330 2684 1386 scilicet
2733 1331 3005 1386 Ludovici
3061 1331 3231 1400 regis,
3292 1337 3584 1398 patruum,

1899 1433 2150 1488 eumque
2204 1419 2261 1473 in
2317 1419 2513 1474 eadem
2576 1420 2870 1488 provincia
2925 1433 3129 1488 papam
3192 1424 3590 1472 consecrantes

1900 1507 2187 1563 Calixtum
2219 1507 2674 1576 appellaverunt.
2713 1507 2814 1562 Hic
2847 1521 2982 1577 ergo
3009 1515 3319 1576 antequam
3355 1506 3590 1560 Romam

1900 1595 2028 1661 iret,
2078 1596 2133 1650 in
2187 1595 2427 1650 Francia
2475 1595 2740 1665 generale
2786 1595 3093 1650 concilium
3143 1602 3332 1649 tenere
3371 1591 3588 1662 voluit;

95 1657 305 1736 domus
350 1657 861 1750 hujus—secundae,
899 1681 1207 1751 plusquam
1259 1657 1462 1750 prioris
1507 1657 1680 1750 (Agp.
1729 1693 1786 1744 ιι,
1833 1657 1874 1711 Β
1906 1657 2318 1754 universosque
2368 1657 2508 1753 pene
2576 1685 2749 1738 totius
2818 1682 3136 1740 Occidentis
3188 1681 3478 1750 episcopos
3537 1657 3592 1735 et

99 1771 205 1835 10).
242 1789 262 1815 ι
301 1767 359 1822 Si
388 1768 542 1824 enim
567 1769 812 1839 diligens
835 1769 1007 1825 lector
1032 1767 1303 1823 attentius
1325 1765 1603 1836 inspicere
1634 1765 1788 1832 velit,

95 1869 298 1910 revera
344 1857 610 1911 facillime
661 1855 862 1925 poterit
908 1855 1211 1926 conjicere,
1263 1863 1382 1923 post
1426 1854 1793 1909 desolationis

97 1945 342 2011 luctum,
399 1946 675 2015 majorem
733 1944 974 2015 gloriam
1021 1953 1076 1999 et
1131 1943 1536 1999 exaltationem
1590 1943 1646 1996 in
1696 1943 1797 1996 Ec-

96 2033 269 2089 clesia
315 2033 706 2100 Laudunensi,
749 2047 924 2102 quam
973 2032 1137 2102 prius
1179 2031 1384 2098 fuerat,
1435 2031 1790 2086 successisse.

169 2121 306 2184 Quis
351 2134 603 2190 namque
635 2120 807 2191 digne
857 2119 1059 2189 poterit
1096 2117 1306 2175 referre
1337 2126 1594 2189 quantus
1638 2125 1794 2187 post-

99 2209 335 2263 modum
385 2209 442 2263 in
489 2209 819 2278 episcopatu
869 2209 1256 2274 Laudunensi,
1307 2217 1362 2262 et
1403 2209 1472 2262 de
1521 2207 1642 2276 ipso
1696 2221 1796 2276 per

98 2305 283 2353 totum
315 2311 458 2366 pene
489 2305 772 2352 terrarum
802 2297 997 2352 orbem
1031 2297 1222 2367 fulgor
1252 2295 1545 2366 religionis
1577 2304 1632 2351 et
1661 2295 1795 2350 novi

99 2387 340 2442 luminis
370 2385 697 2442 refulserit?
729 2393 853 2456 post
897 2400 1111 2456 paucos
1150 2385 1436 2455 siquidem
1468 2398 1669 2452 annos,
1703 2383 1796 2438 ille

99 2475 237 2530 novi
278 2475 514 2531 luminis
555 2489 835 2544 novzeque
867 2473 1275 2540 conversionis,
1323 2488 1438 2528 non
1469 2473 1655 2528 solum
1703 2471 1796 2526 in-

101 2565 347 2632 terioris,
402 2563 499 2620 sed
547 2563 718 2619 etiam
778 2563 1078 2618 exterioris
1141 2562 1410 2617 candoris
1465 2576 1650 2616 novus
1709 2561 1795 2614 in-

101 2661 306 2708 ventor
348 2660 403 2708 et
447 2652 742 2721 incteptor,
793 2652 1040 2707 domnus
1082 2651 1294 2706 scilicet
1340 2650 1676 2715 Norbertus,
1729 2649 1798 2703 de

100 2741 476 2811 Lotharingia
513 2741 808 2796 Franciam
842 2740 1172 2805 adveniens,
1203 2739 1402 2794 divina
1447 2738 1797 2807 praecedente

98 2838 157 2884 et
185 2828 492 2884 comitante
539 2827 743 2898 gratia,
781 2828 836 2882 in
885 2827 1219 2898 episcopatu
1268 2825 1634 2881 Laudunensi
1670 2825 1797 2894 pri-

101 2929 258 2970 mam
293 2915 446 2969 illam
497 2914 721 2970 vineam
768 2913 1068 2984 plantavit,
1103 2928 1253 2984 quae,
1291 2915 1349 2968 in
1389 2913 1667 2968 charitate
1697 2926 1797 2966 ra-

98 3005 291 3060 dicata
334 3003 569 3074 (Ephes.
605 3018 684 3070 ιιι,
723 3003 828 3073 l7),
863 3011 918 3058 et
960 3002 1200 3057 fundata
1225 3001 1346 3072 jam
1388 3001 1645 3071 implevit
1675 3009 1793 3055 ter—

97 3107 251 3158 ram,
305 3093 736 3160 extendensque
786 3091 1047 3160 palmites
1093 3104 1230 3144 suos
1269 3104 1454 3159 usque
1501 3089 1570 3143 ad
1617 3102 1791 3154 mare,

95 3191 154 3238 et
198 3196 382 3251 usque
429 3180 499 3234 ad
545 3179 760 3234 ﬂumen
809 3179 1152 3248 propagines
1193 3191 1328 3233 suas
1377 3175 1560 3242 (Psal.
1601 3189 1792 3242 LXXIX,

98 3271 212 3341 1'2),
262 3270 397 3324 vino
445 3268 797 3324 fortitudinis
847 3281 986 3334 suae,
1038 3266 1193 3336 quod
1245 3265 1490 3321 laetificat
1541 3278 1640 3319 cor
1695 3264 1793 3318 ho-

93 3359 276 3415 minis
305 3357 486 3428 (Psal.
521 3371 710 3423 cxux,
745 3358 819 3423 l),
849 3356 968 3425 jam
1002 3355 1248 3410 ubertim
1279 3353 1580 3408 inebriavit
1606 3353 1799 3422 plures

96 3447 392 3518 principes
433 3455 488 3500 et
512 3445 736 3515 judices
788 3453 971 3510 terrae,
1015 3445 1260 3513 juvenes
1297 3450 1351 3497 et
1396 3442 1668 3511 virgines,
1703 3454 1796 3496 se-

93 3551 200 3591 nes
230 3550 363 3590 cum
385 3533 736 3605 junioribus.
770 3532 953 3603 (Ps-al.
982 3545 1214 3598 chvut,
1251 3529 1355 3599 l2),
1391 3530 1469 3584 ita
1494 3537 1558 3584 ut
1580 3529 1797 3583 fortiter

95 3623 367 3679 inebriati
414 3621 556 3676 nihil
601 3621 757 3676 aliud
811 3629 1097 3691 quaerant,
1148 3618 1258 3673 nisi
1300 3618 1539 3674 laudare
1589 3631 1796 3671 nomen

99 3712 349 3778 Domini,
399 3719 454 3766 et
502 3718 734 3765 cantare
788 3709 838 3764 ei
885 3709 1175 3764 canticum
1229 3721 1466 3774 novum,
1518 3719 1796 3776 quoniam

97 3809 353 3856 veterem
414 3799 704 3854 hominem
758 3812 890 3852 cum
943 3797 1166 3852 artibus
1217 3795 1338 3851 suis
1390 3803 1686 3861 exuentes,
1743 3801 1798 3849 et

101 3904 345 3955 novum,
397 3888 500 3958 qui
529 3886 846 3942 secundum
876 3886 1057 3940 Deum
1087 3893 1315 3940 creatus
1361 3891 1464 3950 est,
1499 3883 1800 3938 induentes

104 3976 348 4047 (Ephes.
407 3991 486 4041 ιιι,
540 3976 640 4045 1x),
694 3974 956 4029 carnales
1003 3973 1296 4028 illecebras
1345 3972 1605 4028 funditus
1652 3971 1798 4041 abji-

102 4066 291 4131 ciunt,
335 4074 388 4120 et
419 4063 586 4134 quasi
615 4063 683 4118 de
711 4076 866 4133 aqua
911 4064 968 4117 in
1019 4061 1236 4130 nuptiis
1265 4074 1298 4116 a
1343 4060 1578 4115 Domino
1618 4059 1675 4114 in
1709 4060 1797 4114 vi-

105 4167 252 4208 num
299 4151 560 4208 conversi
609 4152 805 4218 (Joan.
843 4165 898 4218 ιι,
942 4149 1017 4220 9),
1052 4164 1182 4219 quae
1231 4157 1380 4204 retro
1425 4157 1560 4204 sunt
1588 4147 1800 4203 oblivi-

1901 1772 2374 1841 archiepiscopos,
2420 1786 2553 1826 cum
2592 1771 2900 1827 abbatibus
2945 1779 2999 1826 et
3045 1770 3171 1825 aliis
3199 1767 3592 1824 ecclesiasticis

1901 1861 2158 1932 personis
2205 1860 2273 1914 ad
2312 1860 2512 1915 urbem
2566 1861 2873 1916 Remorum
2939 1860 3245 1914 convenire
3287 1856 3590 1926 praecepit;

1901 1948 1994 2004 cui
2038 1948 2276 2003 concilio
2305 1948 2476 2003 etiam
2526 1949 2799 2018 prtefatus
2839 1962 2942 2003 rex
2993 1949 3345 2002 Francorum
3399 1946 3592 2001 Ludo-

1902 2036 2066 2092 vicus
2098 2035 2372 2092 interfuit.

1977 2124 2162 2194 Hujus
2206 2124 2400 2194 itaque
2450 2123 2672 2179 concilii
2720 2137 2896 2179 causa
2935 2122 3303 2192 supradictus
3347 2121 3594 2176 domnus

1905 2213 2354 2268 Bartholomaaus
2397 2212 2698 2281 episcopus
2727 2227 2858 2267 cum
2907 2211 3128 2266 clericis
3157 2211 3277 2266 suis
3305 2217 3360 2264 et
3408 2207 3590 2264 homi-

1906 2303 2096 2369 nibus,
2139 2303 2445 2357 Remorum
2498 2301 2697 2356 urbem
2729 2307 3020 2370 expetens,
3065 2313 3197 2354 cum
3237 2297 3358 2368 jam
3389 2310 3594 2352 mona-

1905 2391 2141 2446 sterium
2199 2389 2389 2445 Sancti
2442 2389 2772 2444 Theodorici
2834 2389 3186 2458 przeterisset,
3250 2399 3427 2455 supra
3477 2399 3595 2440 me-

1907 2487 2191 2534 moratum
2257 2478 2448 2532 virum
2504 2478 2846 2533 Norbertum
2887 2491 3015 2531 cum
3088 2475 3314 2531 duobus
3379 2472 3598 2529 clericis

1907 2583 2017 2622 non
2071 2569 2236 2638 longe
2295 2567 2367 2622 ab
2408 2567 2608 2622 itinere
2649 2567 2903 2622 sedentes
2961 2564 3276 2633 conspexit.
3322 2561 3599 2617 Audierat

1905 2656 1949 2712 si
1981 2655 2211 2726 quidem
2238 2663 2368 2710 ante
2397 2653 2694 2724 paululum
2731 2653 2873 2707 idem
2906 2652 3219 2707 Norbertus
3242 2651 3386 2704 duas
3408 2662 3596 2716 voces,

1906 2745 2054 2800 sicut
2100 2752 2292 2813 postea
2336 2743 2546 2798 referre
2593 2743 2792 2798 solitus
2838 2749 2980 2807 erat,
3025 2753 3276 2810 quarum
3334 2738 3488 2806 prior
3525 2749 3600 2792 ex

1907 2847 2026 2890 una
2068 2841 2226 2902 parte
2281 2832 2628 2888 clamaverat
2665 2847 2677 2885 :
2718 2833 2813 2885 Hic
2860 2835 2942 2885 est
2990 2829 3307 2885 Norbertus
3353 2835 3407 2881 et
3460 2825 3599 2881 socii

1905 2920 2062 2990 ejus;
2119 2918 2296 2974 altera
2354 2932 2490 2973 vero
2538 2932 2610 2974 ex
2662 2917 2776 2972 alia
2825 2925 2983 2987 parte
3035 2915 3422 2986 subjunxerat
3453 2927 3464 2966 :
3499 2912 3600 2966 Hic

1905 3015 1988 3062 est
2019 3007 2333 3062 Norbertus
2379 3014 2433 3061 et
2462 3006 2654 3062 socius
2699 3005 2844 3075 ejus.
2877 3005 3036 3071 Quod
3071 3004 3211 3074 quid
3260 3001 3593 3074 signaverit,

1908 3095 2190 3165 posterius
2217 3094 2457 3150 dicetur.
2493 3095 2591 3149 His
2631 3109 2766 3165 ergo
2797 3095 3027 3150 duabus
3060 3093 3296 3148 vocibus
3327 3105 3398 3146 ex
3429 3104 3597 3146 sum-

1907 3185 2102 3240 mitate
2122 3184 2268 3238 aeris
2310 3183 2538 3249 auditis,
2573 3183 2888 3238 Norbertus
2917 3181 3270 3251 stupefactus
3297 3194 3364 3234 ex
3397 3179 3597 3233 itinere

1905 3272 2232 3337 declinavit,
2268 3279 2549 3340 terrzeque
2580 3286 2709 3326 cum
2742 3271 2969 3326 duobus
2998 3269 3164 3324 sociis
3194 3268 3314 3323 suis
3345 3265 3596 3322 residens

1906 3361 2182 3417 attonitus
2225 3360 2442 3414 circum
2475 3359 2624 3414 circa
2658 3359 3052 3428 prospiciebat.
3086 3358 3198 3413 Nec
3232 3369 3409 3421 mora,
3445 3368 3595 3423 prae-

1904 3448 2055 3503 fatus
2098 3447 2396 3517 episcopus
2444 3447 2936 3517 appropinquans,
2988 3461 3102 3501 non
3145 3447 3291 3501 sicut
3335 3442 3598 3499 sacerdos

1905 3537 1994 3592 vel
2038 3537 2226 3603 levita,
2262 3536 2384 3590 viso
2425 3536 2517 3590 illo
2561 3550 2594 3590 a
2626 3536 2946 3591 latronibus
2993 3535 3312 3599 vulnerato,
3363 3538 3595 3601 praeter-

1908 3624 2046 3692 ivit,
2123 3625 2216 3679 sed
2293 3623 2366 3679 ab
2470 3624 2666 3679 itinere
2739 3624 3065 3689 diverteris,
3151 3622 3396 3692 benigne
3475 3618 3598 3674 illos

1908 3712 2206 3781 salutavit;
2258 3711 2460 3766 deinde
2507 3711 2743 3782 quinam
2797 3719 2982 3767 essent
3041 3709 3432 3781 interrogavit.
3483 3709 3599 3764 Re-

1908 3801 2136 3871 spondit
2194 3801 2510 3856 Norbertus
2555 3813 2613 3854 se
2643 3800 2710 3855 de
2761 3799 3131 3870 Lotharingia
3157 3813 3296 3864 esse,
3348 3805 3422 3864 et,
3468 3795 3600 3852 reli-

1908 3892 2014 3946 ctis
2057 3888 2392 3958 parentibus
2419 3889 2730 3958 saeculique
2761 3890 3029 3951 vanitate,
3063 3887 3386 3958 religiosam
3420 3885 3596 3939 vitam

1909 3978 2072 4046 sequi
2121 3977 2498 4046 proposuisse,
2550 3976 2842 4047 hujusque
2881 3976 3172 4046 religionis
3223 3988 3424 4030 norma
3453 3972 3601 4028 sedis

1909 4065 2231 4135 apostolicze
2283 4065 2518 4120 consilio
2573 4073 2627 4120 et
2677 4064 3017 4120 auctoritate
3075 4063 3416 4132 incipienda,
3476 4060 3598 4130 jam

1911 4167 2011 4224 per
2042 4161 2154 4209 tres
2183 4153 2302 4207 dies
2331 4153 2519 4208 Remis
2549 4152 2906 4207 demoratum
2944 4151 3138 4218 fuisse,
3172 4155 3265 4206 sed
3317 4148 3456 4220 quia
3485 4161 3598 4218 prae

105 4248 373 4305 scuntur,
419 4249 473 4296 et
504 4240 574 4294 ad
601 4254 669 4295 ea
699 4254 830 4309 quae
861 4247 993 4294 ante
1021 4245 1157 4294 sunt
1185 4236 1582 4292 extenduntur
1613 4234 1794 4306 (Phil.
1839 4239 1880 4292 Ι)
1909 4240 2277 4296 multitudine
2302 4241 2519 4311 jugiter
2548 4239 2965 4295 confluentium
2995 4239 3238 4294 divitum
3271 4237 3468 4293 nullus
3492 4235 3598 4291 sibi

105 4347 189 4396 ιιι,
227 4331 337 4400 t3);
381 4329 577 4398 sicque
611 4329 734 4383 licet
764 4327 822 4382 in
855 4329 1020 4382 terris
1063 4326 1433 4396 corporaliter
1464 4333 1800 4390 conSistant,

107 4428 304 4476 tamen
354 4430 484 4487 quae
536 4430 769 4472 sursum
820 4424 956 4470 sunt
1002 4416 1252 4484 sapiunt,
1308 4429 1421 4469 non
1457 4427 1587 4483 quae
1634 4427 1805 4482 super

109 4515 324 4562 terram
377 4505 525 4572 (Col.
561 4519 640 4572 ιιι,
695 4504 766 4574 l),
816 4505 1068 4560 dicentes
1098 4518 1227 4557 cum
1278 4503 1546 4572 Apostolo
1582 4517 1594 4556 :
1631 4524 1650 4550 ι
1685 4501 1806 4556 Νο-

108 4604 232 4652 stra
283 4603 473 4650 autem
529 4595 884 4650 conversatio
935 4594 991 4647 in
1037 4593 1194 4647 caelis
1239 4599 1342 4658 est,
1399 4593 1493 4648 ubi
1543 4591 1807 4646 Christus

108 4693 196 4740 est
228 4683 300 4738 ad
352 4684 645 4739 dexteram
682 4683 774 4737 Dei
821 4679 1023 4736 sedens
1071 4678 1244 4749 (Phil.
1276 4693 1355 4744 ιιι,
1391 4681 1474 4746 20)
1512 4693 1524 4732 :
1562 4699 1589 4727 »
1635 4679 1806 4733 ccele-

110 4777 418 4846 stibusque
477 4774 773 4844 Seraphim
823 4781 1010 4828 mente
1059 4769 1374 4841 conjuncti.
1429 4769 1546 4824 solo
1599 4769 1806 4824 Christi

105 4865 332 4938 jugiter
379 4865 581 4920 ardent
632 4876 844 4928 amore,
879 4861 969 4916 cui
1002 4873 1242 4930 corpora
1285 4859 1452 4913 etiam
1503 4872 1609 4913 sua
1637 4857 1808 4912 exhi-

113 4956 254 5011 bent
298 4953 537 5009 hostiam
607 4952 912 5014 viventem,
981 4957 1259 5016 sanctam,
1323 4949 1435 5003 Deo
1494 4946 1807 5016 placentem

115 5043 312 5112 (Rom.
363 5055 464 5106 xii,
505 5045 573 5108 1),
605 5040 912 5093 candorem
963 5039 1268 5104 virtutum,
1301 5051 1420 5107 quo
1466 5035 1811 5090 intrinsecus

115 5134 325 5194 nitent,
370 5131 541 5184 etiam
576 5128 631 5181 in
673 5127 941 5182 exteriori
986 5137 1139 5182 veste
1188 5127 1570 5196 przeferentes.
1627 5124 1812 5192 Hujus

118 5232 238 5278 tam
299 5218 564 5274 sublimis
618 5224 671 5271 et
723 5216 983 5286 gloriosa:
1050 5215 1438 5282 institutionis,
1505 5211 1810 5283 prmfatum

117 5307 601 5366 Bartholou‘iaeum
647 5306 979 5374 episcopum
1027 5304 1201 5359 fuisse
1231 5311 1547 5359 consortem
1588 5309 1642 5356 et
1675 5314 1814 5371 par—

118 5398 374 5468 ticipem,
405 5404 459 5450 et
489 5393 864 5464 sequentibus
894 5391 1054 5447 facile
1081 5392 1281 5461 poterit
1309 5393 1560 5463 agnosci.

1911 4331 1982 4385 ad
2014 4343 2218 4398 papam
2273 4330 2567 4400 ingressus
2616 4329 2864 4399 patebat,
2910 4328 3124 4383 tristem
3177 4342 3244 4383 ac
3285 4327 3601 4396 desperan-

1912 4425 2021 4473 tem
2073 4418 2214 4473 urbe
2249 4418 2592 4486 digressum,
2644 4433 2762 4488 quo
2801 4417 3108 4472 diverteret
3163 4415 3396 4470 nescire.
3439 4412 3603 4467 Tunc

1913 4506 2092 4561 nimia
2152 4506 2542 4576 compassione
2603 4514 2894 4576 permotus
2951 4504 3268 4574 episcopus,
3339 4503 3602 4557 hortatur

1911 4610 2006 4652 eos
2048 4603 2109 4650 ut
2158 4609 2350 4650 secum
2401 4595 2590 4650 Remis
2629 4595 2883 4661 redeant,
2932 4591 3265 4662 promittens
3311 4590 3462 4660 quod
3508 4603 3603 4644 eos

1913 4686 1983 4740 ad
2035 4699 2241 4754 papam
2293 4683 2699 4739 introduceret.
2763 4682 2907 4748 Quia
2964 4694 3098 4736 vero
3151 4679 3362 4748 pedites
3414 4684 3599 4742 erant,

1913 4773 2178 4844 praecepit
2207 4772 2538 4828 hominibus
2566 4771 2688 4827 suis
2715 4772 2782 4825 de
2813 4771 2978 4839 equis
3007 4768 3364 4834 descendere,
3405 4767 3604 4836 sicque

1915 4861 2127 4916 faciens
2158 4874 2252 4915 eos
2295 4860 2619 4920 ascendere.
2668 4866 2720 4914 et
2751 4872 2943 4914 secum
2971 4857 3250 4926 equitare,
3299 4855 3355 4910 in
3404 4854 3604 4909 itinere

1915 4947 2248 5018 diligentius
2275 4962 2370 5003 eos
2411 4948 2726 5012 sciscitans,
2761 4945 2921 5000 audit
2951 4944 3212 5000 eumdem
3261 4944 3605 5000 Norbertum

1918 5051 2124 5105 genere
2172 5036 2349 5091 nobili
2395 5045 2608 5103 ortum,
2656 5036 2713 5090 in
2763 5033 3012 5088 Ecclesia
3056 5031 3374 5087 Coloniensi
3422 5031 3606 5085 maxi-

1921 5139 2042 5179 mas
2085 5124 2315 5179 divitias
2374 5125 2700 5193 possedisse,
2755 5123 2849 5177 sed
2909 5129 3303 5191 paupertatem
3348 5117 3609 5188 eligendo

1920 5220 2157 5268 cunctas
2185 5226 2254 5266 ex
2287 5212 2504 5282 integro
2534 5212 2852 5282 reliquisse.

1993 5299 2182 5357 Remis
2221 5300 2423 5355 deinde
2470 5300 2723 5369 pontifex
2776 5299 3116 5368 perveniens
3159 5298 3229 5353 ad
3279 5308 3488 5366 papam
3527 5293 3617 5350 in-

1923 5388 2204 5458 greditur,
2245 5387 2493 5442 modeste
2520 5387 2780 5457 suggerit
2810 5389 2860 5440 ei
2896 5402 3007 5441 non
3042 5400 3163 5440 esse
3215 5386 3426 5440 bonum
3462 5383 3619 5452 quod

1926 5478 2044 5546 ipse
2074 5476 2239 5531 Pater
2288 5475 2630 5530 universalis
2667 5475 2930 5531 Ecclesize
2977 5473 3252 5540 existens,
3300 5472 3432 5529 solis
3465 5470 3619 5526 divi-
