3932 6084
349 256 445 310 991
1301 249 1600 304 APPEND.
1643 249 1737 302 AD
1780 247 1909 302 LIB.
1954 246 2029 302 III

2218 247 2398 302 IERTI
2436 246 2528 301 DE
2559 244 2723 301 VITA
2762 245 2916 300 SUA.

3738 245 3859 297 992

348 386 503 442 tibus
543 383 982 455 colloqueretur,
1017 395 1299 452 pauperes
1329 394 1464 436 vero
1498 380 1570 436 ab
1597 380 1722 449 ejus
1753 379 2038 450 colloquio
2075 379 2122 432 A
2149 378 2418 434 bitatione
2482 376 2682 448 procul
2730 383 2984 446 remota,
3053 376 3302 446 solisque
3367 375 3519 445 lupis
3583 381 3639 430 et
3687 374 3853 444 apris

348 473 778 542 repellerentur.
824 469 1025 525 Statim
1073 475 1366 524 annuente
1409 482 1576 538 papa,
1626 468 1938 523 Norbertus
1987 473 2041 520 et

349 561 483 616 socii
528 560 654 630 ejus
699 559 772 614 ab
810 558 1072 627 episcopo
1123 557 1592 620 introducuntur,
1644 559 1699 610 et
1738 554 2040 624 apostolico

347 647 630 716 colloquio
687 653 1023 701 recreantur
1055 660 1068 699 :
1099 644 1194 699 sed
1245 643 1385 712 quia
1429 643 1600 698 nimis
1641 642 1850 698 ibidem
1895 656 2042 711 papa

345 741 676 804 occupatus,
724 749 838 789 non
869 747 942 788 ex
974 733 1198 802 integro
1238 731 1531 787 desideriis
1560 746 1759 787 eorum
1791 731 1877 786 vel
1923 731 2040 787 col-

347 824 557 895 loquiis
607 822 933 878 satisfacere
983 828 1220 890 poterat.
1273 822 1549 890 promittit
1589 822 1771 876 eidem
1819 820 2040 891 episco-

346 925 434 979 po,
469 924 608 974 sesc,
646 910 802 964 ﬁnito
834 907 1091 973 concilio,
1126 907 1390 976 protinus
1417 907 1763 962 Laudunum
1799 909 2037 976 iturum,

345 1007 400 1054 et
433 1013 533 1068 per
580 999 799 1067 aliquot
832 997 951 1052 dies
993 997 1067 1051 ibi
1101 996 1524 1064 requieturum,
1575 996 2041 1066 sufﬁcienterque

343 1086 424 1141 eis
471 1086 914 1150 collocuturum,
967 1091 1244 1154 rogatque
1289 1090 1352 1138 ut
1380 1097 1475 1138 eos
1525 1087 1851 1152 prtemittat,
1893 1093 1946 1138 et
1979 1091 2040 1139 ut

347 1173 613 1228 Lauduni
667 1187 726 1228 se
775 1172 1168 1241 opperiantur,
1217 1171 1538 1226 admoneat.
1585 1171 1854 1238 Quandiu
1901 1187 2039 1242 ergo

344 1269 535 1331 postea
583 1261 772 1316 Remis
807 1260 1060 1326 fuerunt,
1101 1273 1325 1328 semper
1366 1273 1460 1313 eos
1504 1260 1806 1329 episcopus
1843 1274 2037 1316 secum

342 1349 601 1415 retinuit,
650 1349 852 1404 deinde
887 1347 1230 1402 Laudunum
1261 1347 1502 1413 rediens,
1547 1361 1849 1416 nunquam
1882 1362 1977 1404 eos
2005 1361 2039 1403 a

344 1451 450 1493 suo
499 1437 785 1492 consortio
833 1434 1087 1505 separari
1137 1435 1411 1504 permisit.
1463 1434 1796 1491 Venientem
1845 1444 2039 1505 postea

344 1524 491 1580 sicut
536 1524 875 1594 promiserat
906 1523 1204 1578 dominum
1255 1535 1458 1592 papam
1493 1522 1921 1592 ofﬁciosissime,
1974 1533 2037 1581 ut

343 1612 584 1682 dignum
616 1619 756 1680 erat,
795 1611 1060 1681 suscepit,
1097 1618 1235 1667 tunc
1263 1613 1320 1665 et
1347 1611 1577 1666 demum
1609 1611 1952 1667 Norbertum
1982 1619 2036 1667 et

343 1701 522 1756 socios
563 1699 689 1770 ejus
717 1700 1000 1769 colloquio
1037 1699 1214 1768 ipsius
1243 1699 1736 1756 abundantissime
1783 1701 2032 1756 satiavit.

343 1809 475 1864 CAP.
513 1807 603 1859 ΙΙΙ.
650 1837 718 1846 -—-
754 1807 836 1858 De
862 1806 1166 1860 ecclesiola
1196 1807 1395 1862 Sancti
1423 1805 1670 1860 Martini
1699 1805 2038 1860 Laudunen-

410 1876 495 1930 sis
524 1893 540 1928 :
566 1880 621 1930 et
648 1877 925 1949 quomodo
955 1877 1412 1949 Barthofomz-us
1439 1877 1740 1949 episcopus
1779 1878 2035 1931 Norber-

415 1950 533 2002 lum
565 1962 674 2016 per
702 1947 960 2018 plurima
991 1947 1118 2001 loca
1153 1947 1398 2001 duxerit.

416 2054 556 2108 Erat
578 2062 716 2109 tunc
742 2061 908 2109 extra
937 2067 1134 2110 muros
1161 2054 1324 2109 urbis
1351 2053 1750 2110 Laudunensis
1769 2053 2036 2124 quadam

342 2141 652 2197 Ecclesiola
702 2143 759 2196 in
807 2141 1023 2197 honore
1072 2143 1252 2197 sancti
1305 2142 1532 2198 Martini
1583 2150 1927 2210 constructa,
1979 2143 2038 2198 in

344 2242 462 2298 qua
500 2229 620 2300 jam
671 2229 818 2284 idem
861 2229 1162 2298 episcopus
1210 2230 1495 2285 multoties
1538 2231 1770 2286 clericos
1818 2231 2040 2303 religio-

343 2331 450 2384 sos,
501 2316 604 2388 qui
653 2318 764 2372 Deo
797 2316 874 2372 ibi
922 2317 1224 2384 servirent,
1278 2326 1583 2388 posuerat;
1628 2319 1723 2374 sed
1756 2319 1916 2375 nullo
1958 2320 2036 2376 ibi

343 2406 620 2477 proﬁcere
673 2407 915 2472 valente,
969 2405 1167 2462 eadem
1222 2405 1472 2462 Ecclesia
1523 2407 1581 2462 in
1633 2407 1814 2477 ipsius
1859 2422 2038 2465 manu

342 2494 606 2550 redierat.
655 2493 869 2551 Videns
912 2507 1047 2565 ergo
1095 2494 1396 2564 episcopus
1443 2495 1740 2564 praefatum
1790 2495 2037 2552 Norber-

345 2586 467 2635 tum
529 2580 854 2652 religiosam
910 2588 964 2637 et
1011 2595 1320 2652 pauperem
1381 2583 1558 2637 vitam
1614 2583 1760 2638 velle
1808 2585 2033 2652 sectari,

340 2668 585 2724 suadere
635 2671 805 2738 coepit
846 2671 916 2734 ei,
974 2678 1037 2725 ut
1085 2670 1143 2724 in
1183 2671 1379 2726 eadem
1429 2670 1613 2727 Sancti
1659 2672 1886 2728 Martini
1929 2674 2033 2728 Ec-

339 2755 565 2811 clesiola
606 2765 961 2829 remaneret;
999 2772 1207 2828 papam
1239 2759 1408 2813 etiam
1464 2760 1687 2830 rogavit
1720 2768 1784 2815 ut
1827 2761 2037 2816 exinde

339 2857 470 2898 eum
540 2844 891 2901 admoneret.
963 2846 1067 2902 Sed
1132 2847 1451 2902 Norbertus
1528 2848 1846 2919 intelligens
1909 2851 2036 2918 ejus

2149 467 2439 537 conﬁgua.

2150 563 2282 618 CAP.
2315 563 2408 621 IV.
2456 593 2518 604 —
2548 562 2832 628 Quomodo
2869 558 3434 615 Prmmonstralensis
3477 558 3720 613 ecclesia
3748 559 3853 613 in-

2844 636 3024 702 czpla
3047 630 3142 684 sit.

2191 729 2522 785 -Venientes
2555 729 2748 797 itaque
2773 727 2842 782 ad
2877 726 3176 796 praefatum
3211 723 3397 780 locum
3430 725 3858 780 Praemonstra-

2147 825 2293 883 tum,
2320 817 2727 889 ingrediuntur
2753 817 2951 872 orandi
2981 815 3167 886 gratia
3189 815 3502 884 quamdam
3522 813 3850 878 ecclesiam,

2149 907 2208 961 in
2251 907 2464 962 honore
2507 906 2689 961 sancti
2734 903 2970 960 Joannis
3014 903 3273 971 Baptistae
3322 901 3527 956 ibidem
3573 910 3855 957 constru-

2150 1004 2320 1050 ctam.
2376 996 2507 1050 Hzec
2549 1003 2671 1050 erat
2720 995 2789 1048 de
2837 993 2968 1062 jure
3022 989 3263 1046 coenobii
3315 989 3505 1044 Sancti
3556 990 3853 1044 Vincentii

2148 1084 2568 1149 Laudunensis,
2615 1090 2669 1137 et
2703 1080 2915 1150 aliquis
2960 1079 3276 1135 monachus
3307 1079 3375 1133 de
3421 1077 3615 1133 eodem
3646 1093 3855 1133 coeno-

2148 1169 2240 1226 bio
2272 1171 2407 1226 illuc
2452 1184 2556 1239 pro
2585 1169 2806 1240 agendo
2839 1167 3035 1222 divino
3064 1167 3246 1221 ofﬁcio
3293 1177 3716 1234 nonnunquam
3751 1164 3852 1218 di-

2147 1259 2474 1328 rigebatur;
2505 1258 2598 1313 sed
2634 1256 2774 1327 quia
2815 1256 2977 1310 ﬁnita
3008 1255 3181 1310 missa
3211 1254 3374 1324 panis
3408 1254 3484 1308 ibi
3515 1268 3627 1307 non
3675 1255 3850 1307 inve-

2146 1347 2434 1412 niebatur,
2468 1346 2575 1401 nisi
2606 1345 2838 1400 aliunde
2865 1343 3188 1408 afferretur,
3214 1344 3333 1411 jam
3357 1356 3488 1397 cum
3521 1341 3639 1410 ipsa
3670 1341 3852 1395 eccle—

2145 1435 2287 1491 siola
2339 1435 2496 1491 locus
2553 1434 2696 1489 idem
2762 1447 2903 1502 pene
2954 1438 3308 1488 remanserat
3359 1431 3635 1485 desertus.
3697 1431 3848 1483 Cum

2144 1539 2280 1595 ergo
2329 1523 2582 1593 pontifex
2625 1523 2882 1578 oratione
2923 1521 3083 1576 ﬁnita
3130 1520 3330 1574 exiens
3377 1521 3565 1574 virum
3598 1518 3696 1572 Dei
3748 1518 3851 1571 ad-

2146 1619 2401 1668 moneret
2461 1612 2532 1667 ab
2579 1613 2834 1666 oratione
2887 1623 3146 1679 surgere,
3198 1607 3472 1678 quoniam
3529 1608 3649 1676 jam
3703 1606 3848 1660 hora

2075 1669 2116 1724 Β
2145 1701 2326 1757 noctis
2363 1699 2818 1770 supervenientis
2849 1698 3115 1769 urgebat,
3161 1696 3474 1764 nullusque
3506 1695 3843 1750 remanendi

2146 1787 2306 1844 locus
2337 1795 2480 1853 erat,
2527 1802 2729 1843 servus
2759 1787 2854 1842 Dei
2887 1800 3153 1856 egressus
3188 1784 3412 1854 rogavit
3443 1797 3576 1838 eum
3610 1790 3673 1836 ut
3709 1797 3842 1837 cum

2144 1875 2477 1931 hominibus
2524 1875 2644 1931 suis
2681 1875 3217 1942 discederet,seque
3266 1871 3473 1927 ibidem
3518 1879 3630 1925 tota
3680 1878 3842 1925 nocte

2144 1965 2404 2035 sequenti
2450 1963 2691 2035 vigilare
2744 1963 3107 2032 permitteret.
3141 1961 3304 2016 Tunc
3348 1959 3553 2028 praesul
3587 1958 3844 2014 celeriter

2143 2053 2464 2110 conscensis
2521 2053 2708 2123 equis,
2779 2059 2975 2121 utpote
3039 2050 3160 2121 jam
3221 2056 3385 2104 nocte
3453 2049 3838 2113 incumbente,

2144 2142 2416 2198 velociter
2462 2141 2790 2197 Avisiacum
2839 2139 3018 2204 venit,
3051 2153 3157 2194 nec
3185 2145 3377 2194 tamen
3427 2136 3652 2192 Domini
3693 2136 3842 2191 Nor—

2145 2230 2289 2286 berti
2313 2229 2542 2295 oblitus,
2575 2242 2810 2284 rursum
2834 2228 2883 2282 ei
2916 2241 3016 2296 per
3051 2226 3323 2282 nuntium
3354 2240 3526 2282 suum
3552 2239 3760 2294 panem
3788 2230 3841 2278 et

2144 2326 2350 2375 czetera
2378 2318 2697 2373 necessaria
2721 2316 3057 2372 transmisit.

2218 2409 2388 2464 Facto
2435 2421 2604 2462 mane
2651 2407 2722 2462 ad
2754 2421 2884 2462 eum
2927 2419 3211 2470 reversus,
3260 2403 3401 2474 quid
3454 2417 3624 2474 agere
3671 2401 3841 2457 vellet

2149 2497 2408 2566 inquirit.
2473 2494 2570 2551 Ille
2621 2509 2736 2565 prae
2783 2494 2962 2550 nimio
3019 2493 3229 2564 gaudio
3294 2491 3672 2552 exhilaratus,
3720 2491 3838 2556 Hic,

2148 2584 2364 2654 inquit,
2417 2583 2642 2638 domine
2701 2583 2887 2650 Pater,
2947 2581 3273 2649 remanebo,
3324 2579 3598 2649 quoniam
3649 2579 3838 2648 ipsum

2141 2671 2331 2727 locum
2382 2672 2553 2726 istum
2603 2671 2746 2725 mihi
2777 2670 2893 2725 scio
2935 2683 2969 2724 a
3000 2670 3112 2724 Deo
3161 2683 3283 2723 esse
3329 2667 3703 2723 destinatum.
3741 2667 3845 2721 Hic

2143 2760 2372 2830 requies
2416 2767 2470 2815 et
2499 2759 2656 2814 sedes
2705 2759 2840 2814 mihi
2873 2758 2999 2823 erit,
3054 2757 3263 2826 hicque
3305 2770 3405 2826 per
3450 2756 3548 2811 Dei
3591 2756 3842 2826 gratiam

2143 2849 2527 2905 salvabuutur
2585 2846 2769 2902 multi.
2829 2847 2942 2902 Nec
3005 2854 3191 2900 tamen
3235 2846 3356 2900 haec
3412 2844 3710 2900 ecclesiola
3763 2843 3846 2898 eis

339 2939 599 2988 conatus.
630 2933 755 2989 Non
802 2934 1030 3001 idcirco,
1068 2935 1277 3004 inquit,
1315 2935 1559 3005 majores
1589 2936 1822 2992 divitias
1867 2939 2032 2994 Colo-
2073 2965 2114 3020 Ο
2142 2935 2477 3006 principalis
2501 2935 2660 2990 sedes
2691 2934 2822 3001 erit,
2854 2933 2946 2990 sed
2975 2948 3047 2989 ex
3076 2932 3188 2988 alia
3222 2941 3381 3003 parte
3414 2932 3590 3002 hujus
3628 2931 3847 2986 montis

341 3019 452 3075 nite
507 3020 736 3090 reliqui,
788 3030 852 3078 ut
900 3023 1150 3078 minores
1198 3022 1364 3077 modo
1415 3036 1672 3092 quaeram
1721 3024 2028 3080 Lauduni:

338 3121 452 3162 non
502 3107 560 3163 in
611 3109 855 3165 urbibus
904 3110 1032 3165 volo
1067 3124 1385 3179 remanere,
1433 3112 1528 3167 sed
1570 3113 1759 3182 potius
1791 3114 1848 3168 in
1897 3114 2034 3170 locis

337 3195 608 3263 desertis,
654 3202 804 3250 545
851 3204 904 3252 et
952 3197 1200 3252 incultis.
1252 3197 1357 3253 Cui
1404 3200 1704 3269 episcopus
1737 3216 1750 3254 :
1778 3202 2029 3258 Deserta.

338 3282 544 3353 inquit,
577 3293 630 3340 et
675 3286 892 3341 inculta
922 3285 1064 3353 loca,
1119 3286 1496 3357 religionique
1527 3303 1782 3359 congrua
1833 3289 1886 3344 in
1918 3290 2033 3359 epi-

336 3379 575 3440 scopatu
623 3373 726 3429 isto
757 3374 1112 3444 quamplura
1154 3375 1316 3430 vobis
1361 3376 1676 3446 ostendam,
1706 3385 1760 3432 et
1806 3385 2032 3433 ostensa

336 3460 642 3516 conferam.
684 3461 836 3518 Dixit
881 3469 935 3518 et
987 3471 1107 3532 post
1150 3463 1342 3519 domni
1373 3478 1534 3533 papae
1577 3465 1886 3521 discessum
1935 3480 2032 3521 as-

335 3562 570 3604 sumens
611 3563 764 3616 eum,
817 3551 1062 3606 ostendit
1107 3551 1158 3606 ei
1190 3565 1306 3605 non
1355 3552 1549 3606 omnia
1579 3566 1757 3623 regna
1805 3554 2027 3621 mundi,

333 3643 387 3692 et
419 3636 660 3708 gloriam
690 3652 888 3693 eorum
919 3639 1072 3707 (Luc.
1108 3655 1182 3702 IV,
1216 3643 1266 3706 5,
1303 3639 1378 3707 6),
1410 3639 1504 3695 sed
1529 3639 1685 3696 illam
1719 3643 2030 3696 maximam

337 3724 593 3780 direcesis
637 3740 756 3781 suae
785 3727 1010 3792 silvam,
1048 3743 1178 3798 quae
1207 3736 1448 3784 vocatur
1477 3730 1800 3786 Terrascea.
1852 3731 2030 3786 Duxit

333 3824 470 3880 ergo
499 3825 631 3866 eum
667 3813 738 3867 ad
769 3813 960 3869 locum
1004 3815 1102 3883 qui
1139 3814 1350 3869 dicitur
1383 3815 1745 3882 Fuisniacus,
1788 3817 2030 3872 demon-

335 3905 524 3954 strans
549 3899 599 3954 ei
646 3914 955 3971 aquarum,
990 3908 1042 3955 et
1086 3916 1455 3971 pascuarum,
1493 3903 1788 3974 silvaeque,
1834 3911 1887 3958 et
1919 3912 2028 3959 ter-

335 3998 535 4040 rarum
597 3999 914 4056 congruam
982 3989 1466 4056 opportunitatem
1526 3989 1806 4060 religioni.
1867 3991 2030 4046 Tunc

336 4069 430 4124 ille
457 4070 603 4126 facta
636 4073 893 4127 oratione
927 4087 939 4126 :
974 4073 1218 4141 Revera,
1253 4075 1461 4144 inquit,
1493 4075 1587 4130 hic
1617 4075 1774 4131 locus
1796 4078 2029 4133 omnino

336 4158 597 4228 religioni
639 4168 722 4214 est
751 4174 1065 4231 congruus,
1116 4161 1213 4217 sed
1262 4177 1376 4217 non
1406 4171 1489 4218 est
1539 4163 1676 4219 mihi
1721 4178 1756 4219 a
1787 4165 1898 4220 Deo
1928 4166 2026 4220 de-

2140 3024 2511 3080 aadiﬁcabunt
2559 3022 2667 3078 sibi
2730 3023 3108 3090 mansionem,
3160 3021 3218 3077 in
3281 3036 3399 3090 qua
3455 3021 3841 3090 requiescent.

2141 3112 2273 3169 Vidi
2302 3111 2452 3167 enim
2486 3112 2594 3167 hac
2635 3120 2796 3167 nocte
2834 3111 2893 3166 in
2928 3111 3055 3166 visu
3087 3111 3253 3181 quasi
3287 3110 3600 3164 maximam
3637 3109 3842 3164 multi-

2139 3200 2395 3257 tudinem
2464 3199 2790 3254 albatorum
2846 3198 3102 3254 virorum
3175 3213 3374 3254 cruces
3419 3205 3723 3268 argenteas
3784 3205 3839 3251 et

2137 3288 2485 3345 candelabra
2535 3295 2709 3357 atque
2773 3287 3073 3342 thuribula
3127 3285 3470 3351 ferentium,
3532 3287 3835 3355 ipsumque

2139 3377 2330 3433 locum
2390 3376 2676 3432 cantando
2736 3375 3250 3442 circumeuntium,
3320 3373 3578 3429 Pontifex
3641 3375 3835 3442 itaque

2139 3464 2443 3536 magniﬁce
2509 3464 2850 3529 laetiticatus,
2907 3478 3011 3518 nec
3060 3471 3251 3518 tamen
3303 3462 3575 3533 injuriam
3642 3461 3838 3516 volens

2139 3555 2322 3609 facere
2369 3553 2625 3607 ccenobio
2679 3551 2867 3607 Sancti
2917 3552 3216 3618 Vincentii,
3267 3552 3439 3620 cujus
3484 3550 3636 3620 juris
3689 3551 3836 3604 idem

2137 3641 2299 3697 locus
2328 3649 2470 3707 erat,
2503 3640 2775 3696 accersito
2805 3640 3012 3696 abbate
3054 3640 3244 3696 Sancti
3277 3639 3584 3704 Vincentii,
3636 3639 3836 3693 utilio-

2137 3739 2259 3782 rem
2290 3735 2429 3782 tunc
2479 3714 2748 3798 temporis
2794 3728 3300 3784 commutationem
3343 3727 3495 3782 dedit
3526 3728 3597 3791 ei,
3638 3728 3842 3796 sicque

2137 3814 2322 3871 locum
2376 3816 2538 3872 illum
2570 3831 2703 3873 cum
2747 3818 2981 3873 ecclesia
3021 3817 3268 3873 liberum
3300 3817 3507 3871 domno
3555 3815 3842 3872 Norberto

2140 3903 2425 3975 privilegii
2477 3906 2566 3960 sui
2615 3906 2953 3961 auctoritate
2998 3905 3382 3960 conﬁrmavit.
3434 3904 3644 3960 Servus
3694 3918 3838 3974 ergo

2138 3993 2236 4049 Dei
2278 3993 2595 4049 Norbertus
2627 3994 2702 4048 ibi
2745 3993 3038 4049 remansit.
3077 3993 3391 4061 Episcopus
3433 4006 3568 4046 vero
3599 3991 3840 4046 Laudu-

2137 4097 2277 4137 num
2329 4082 2562 4152 quidem
2613 4083 2815 4148 rediit;
2849 4083 2944 4137 sed
2991 4081 3217 4136 assidue
3267 4090 3378 4136 tam
3431 4080 3610 4150 ipsius
3652 4094 3838 4148 quam

2131 4172 2415 4227 sociorum
2450 4173 2575 4242 ejus
2603 4185 2802 4226 curam
2837 4171 3045 4225 habere
3077 4183 3190 4224 non
3216 4168 3446 4224 destitit.

335 4245 598 4302 stinatus.
665 4247 978 4317 Episcopus
1035 4250 1243 4304 exinde
1309 4251 1479 4306 duxit
1533 4266 1666 4308 eum
1720 4253 1790 4308 ad
1849 4254 2028 4309 alium
2069 4260 2112 4314 D
2215 4259 2344 4314 Post
2404 4273 2618 4328 paucos
2669 4259 2789 4314 dies
2842 4258 2932 4313 vir
2996 4258 3116 4322 Dei,
3174 4257 3516 4312 Laudunum
3576 4256 3837 4324 veniens,

333 4334 592 4404 ejusdem
641 4335 799 4390 silvae
852 4336 1061 4403 locum,
1107 4338 1209 4408 qui
1242 4338 1502 4394 Telonias
1547 4349 1805 4409 vocatur,
1855 4356 2027 4411 quem

336 4423 441 4478 sibi
491 4431 806 4491 ostensum,
859 4433 983 4494 post
1034 4425 1239 4483 factam
1285 4428 1624 4496 orationem,
1677 4429 1822 4485 sicut
1868 4431 2030 4498 prius

336 4511 481 4567 dixit
527 4513 672 4568 idem
721 4513 1081 4580 Norbertus,
1139 4529 1343 4571 revera
1390 4516 1527 4570 satis
1573 4517 1833 4588 religioni
1888 4533 2028 4574 con-

337 4615 575 4670 gruum,
609 4602 702 4657 sed
737 4617 840 4658 nec
872 4603 1030 4659 hunc
1052 4617 1086 4658 a
1117 4605 1229 4660 Deo
1254 4604 1362 4659 sibi
1387 4604 1753 4662 destinatum.

407 4689 569 4745 Tunc
611 4691 912 4761 episcopus
947 4693 1293 4748 Laudunum
1345 4693 1569 4749 rediens
1597 4695 1762 4750 duxit
1793 4710 1926 4751 eum
1971 4695 2029 4750 in

337 4775 541 4832 silvam
575 4778 890 4849 Vosagum,
921 4781 1282 4850 ostenditque
1310 4781 1360 4836 ei
1387 4783 1443 4836 in
1468 4781 1588 4852 ipsa
1617 4782 1803 4838 locum
1836 4799 2033 4853 quem-

339 4865 491 4934 dam,
543 4868 645 4936 qui
693 4867 928 4922 Pratum
969 4869 1370 4935 Monstratum,
1420 4871 1504 4926 vel
1556 4871 2034 4928 Praemonstratus

339 4962 598 5010 vocatur.
654 4956 874 5011 Viderit
927 4971 1064 5027 ergo
1117 4959 1384 5028 quisquis
1436 4959 1556 5015 haec
1611 4959 1812 5030 legerit
1864 4961 2034 5031 cujus

339 5043 657 5099 devotionis
702 5045 795 5099 hic
823 5046 1125 5115 episcopus
1176 5047 1368 5113 fuerit,
1408 5045 1528 5117 q'ui,
1577 5047 1786 5103 relictis
1818 5049 2030 5117 episco-

339 5130 568 5199 palibus
592 5131 853 5202 negotiis,
889 5133 1178 5189 hominem
1204 5137 1461 5205 ignotum
1497 5149 1594 5204 per
1624 5143 1701 5190 tot
1725 5136 2030 5205 silvestria,

339 5229 396 5276 et
428 5222 586 5278 invia
617 5223 755 5290 loca,
787 5239 901 5279 non
930 5225 1051 5280 sine
1082 5240 1292 5295 magno
1325 5225 1515 5280 labore
1544 5225 2029 5295 circumducebat,

342 5324 500 5378 quae,
527 5311 654 5365 licet
681 5311 849 5367 etiam
886 5313 1069 5380 hodie,
1094 5313 1208 5367 cim
1232 5314 1352 5383 jam
1385 5327 1418 5368 a
1449 5312 1641 5368 multis
1679 5313 2028 5384 incoluntur,

343 5397 650 5453 videantur
693 5400 1007 5465 horribilia,
1045 5409 1182 5456 tunc
1225 5410 1412 5457 tamen
1447 5401 1618 5457 nimis
1665 5412 1828 5459 erant
1877 5418 2034 5473 aspe-

345 5485 496 5540 riora
527 5493 582 5542 et
629 5489 995 5556 terribiliora,
1045 5497 1239 5560 utpote
1285 5491 1358 5546 ab
1389 5491 1541 5545 omni
1575 5491 1874 5548 hominum
1923 5493 2030 5548 ha-

2140 4347 2392 4402 scholam
2445 4347 2703 4417 magistri
2754 4347 3062 4416 Badulphi,
3099 4346 3200 4416 qui
3250 4360 3521 4416 germano
3552 4359 3657 4401 suo
3707 4359 3838 4399 ma-

2141 4436 2318 4506 gistro
2360 4435 2628 4490 Anselmo
2669 4434 2938 4491 defuncto
2981 4443 3352 4498 successerat,
3395 4433 3738 4504 ingreditur,
3779 4443 3841 4489 et

2138 4523 2514 4579 scholasticus
2558 4524 2684 4593 ejus
2731 4537 3051 4579 sermonem
3101 4523 3556 4579 exhortatorium
3599 4523 3834 4588 faciens,

2139 4613 2399 4682 protinus
2445 4619 2655 4681 septem
2681 4626 2752 4668 ex
2782 4612 2864 4668 eis
2893 4611 3219 4670 ditissimos.
3256 4613 3357 4680 qui
3400 4625 3582 4680 nuper
3613 4610 3679 4666 de
3718 4611 3837 4665 Lo—

2141 4699 2431 4770 tharingia
2461 4709 2758 4764 venerant,
2783 4701 3084 4767 convertit,
3116 4708 3170 4756 et
3195 4715 3326 4754 cum
3353 4713 3562 4770 magna
3591 4699 3840 4768 pecunia

2140 4790 2209 4844 ad
2243 4790 2570 4845 eccclesiam
2621 4803 2785 4845 suam
2819 4790 3006 4845 duxit.
3042 4790 3147 4846 Sed
3182 4789 3461 4858 antiquus
3497 4789 3690 4854 hostis,
3733 4786 3836 4856 qui

2140 4892 2365 4948 semper
2395 4891 2695 4934 servorum
2722 4879 2816 4934 Dei
2845 4879 3194 4948 profectibus
3228 4877 3482 4932 invidere
3513 4876 3835 4938 consuevit,

2140 4966 2310 5021 etiam
2352 4966 2600 5039 huncin
2646 4967 2763 5036 ipso
2795 4965 3077 5037 principio
3122 4965 3459 5037 perturbare
3491 4964 3733 5030 studuit,
3780 4972 3837 5018 ct

2139 5054 2287 5110 sicut
2337 5056 2519 5110 Evam
2576 5054 2632 5109 in
2683 5055 2948 5125 paradiso
3005 5055 3254 5120 seduxit,
3306 5053 3634 5122 Judamque
3690 5051 3838 5105 inter

2139 5144 2422 5212 apostolos
2471 5143 2829 5212 depravavit,
2887 5143 2966 5198 ita
3021 5144 3191 5199 etiam
3243 5155 3425 5196 unum
3471 5155 3540 5195 ex
3607 5139 3840 5194 duobus

2140 5232 2307 5286 sociis
2335 5232 2460 5302 ejus
2491 5232 2592 5301 qui
2639 5245 2770 5286 cum
2796 5246 2861 5287 eo
2891 5239 3167 5286 venerant
3194 5229 3469 5298 corrupit.
3529 5228 3628 5283 Hic
3671 5241 3841 5282 nam-

2141 5333 2255 5388 que
2309 5318 2601 5388 praafatam
2625 5319 2949 5388 pecuniam,
2995 5332 3030 5372 a
3072 5317 3421 5374 scholasticis
3469 5315 3714 5372 delatam
3762 5315 3838 5370 si-

2143 5407 2315 5476 bique
2345 5420 2379 5460 a
2409 5407 2685 5475 magistro
2716 5406 3197 5474 commendatam,
3227 5405 3413 5461 media
3445 5412 3608 5460 nocte
3639 5404 3838 5459 furtim

2141 5508 2414 5559 sumens,
2457 5502 2512 5550 et
2557 5495 2628 5550 de
2672 5494 2909 5551 ecclesia
2943 5495 3208 5564 fugiens,
3255 5494 3497 5551 latenter
3543 5493 3835 5559 discessit,
