3922 6080
97 279 208 332 993

931 276 1285 332 HERMANNI
1328 276 1420 331 DE
1459 276 1697 331 MIBAC.
1743 276 1798 330 S.
1842 275 2082 332 MARIIE
2121 276 2425 332 LAUDUN.
2459 307 2526 315 —-
2556 277 2684 332 LlB.
2729 277 2822 332 ΙΙΙ.

3509 283 3612 335 994

93 423 150 470 et
185 415 448 484 prafatos
495 412 862 467 scholasticos
911 411 967 466 in
997 412 1179 466 multa
1222 413 1463 481 penuria
1506 421 1560 467 et
1609 427 1804 467 neces-
1842 416 1886 467 A
1917 412 2076 468 Unde
2116 427 2229 467 non
2282 413 2563 468 immerito
2607 413 2850 468 dixerim
2883 429 3007 469 eam
3057 413 3134 469 illi
3193 429 3226 469 a
3279 417 3390 471 Deo
3423 429 3607 472 reser-

93 503 261 557 sitate
298 503 546 571 reliquit.
590 502 870 569 Tuncque
919 500 1170 569 primum
1210 501 1298 555 vir
1338 501 1438 556 Dei
1470 501 1802 556 recordatus

92 606 303 647 vocum
355 607 502 661 quas
559 603 731 660 prope
787 591 1094 644 Remorum
1139 589 1339 644 urbem
1392 603 1524 644 eum
1573 589 1801 644 audisse

93 693 272 749 supra
300 679 574 744 diximus,
609 684 662 732 et
701 677 819 746 ipse
866 677 1167 744 intellexit,
1200 685 1254 732 et
1285 679 1494 733 domno
1535 678 1799 747 episcopo

91 783 217 824 sese
247 781 420 837 super
452 767 559 822 hoc
597 765 910 821 consolanti
939 767 1223 835 exposuit,
1255 767 1572 822 secundum
1604 780 1797 821 vocem

93 872 229 926 qua
293 856 644 911 clamaverat
711 869 723 908 :
789 855 894 909 Hic
955 862 1038 910 est
1084 854 1402 910 Norbertus
1483 862 1538 909 et
1611 857 1801 910 socius

95 946 244 1016 ejus,
304 945 410 999 hoc
458 943 814 1014 signiﬁcasse
863 942 1018 1012 quod
1083 957 1156 998 ex
1203 942 1431 998 duobus
1495 943 1658 998 sociis
1700 935 1800 1012 qui

96 1048 230 1089 cum
281 1048 346 1089 eo
395 1039 694 1098 venerant,
729 1045 886 1086 unus
919 1029 1276 1086 solummodo
1319 1039 1465 1086 esset
1495 1044 1801 1086 remansu-

97 1136 222 1186 rus,
272 1121 416 1176 alter
468 1134 602 1176 cum
643 1119 794 1175 Juda
836 1118 1121 1175 exiturus.
1172 1119 1237 1174 Et
1280 1118 1398 1189 ipse
1448 1119 1682 1189 quidem
1720 1118 1802 1174 sic

96 1209 481 1265 intellexerat.
1616 1203 1631 1220 ’

173 1299 428 1354 Domnus
459 1305 651 1353 autem
699 1296 946 1352 Leonius
991 1296 1169 1352 abbas
1215 1295 1407 1352 Sancti
1445 1295 1678 1363 Bertini,
1711 1295 1803 1352 vir

96 1383 582 1454 religiosissimus,
633 1390 687 1437 et
739 1391 854 1438 tam
907 1383 1210 1454 gentilium
1247 1397 1422 1453 quam
1470 1383 1800 1438 divinarum

96 1473 423 1528 litterarum
456 1471 854 1541 peritissimus,
910 1485 1096 1541 nuper
1135 1476 1286 1525 546
1335 1471 1492 1527 hunc
1543 1471 1801 1527 libellum

97 1559 295 1631 legens
327 1559 588 1630 protinus
617 1558 780 1614 aliter
827 1558 1237 1629 interpretatus
1265 1567 1348 1615 est
1380 1559 1533 1615 illam
1582 1575 1798 1627 vocem,

92 1649 359 1718 mihique
407 1655 469 1702 ut
510 1661 581 1702 ex
627 1655 786 1716 parte
830 1661 937 1702 sua
985 1648 1323 1704 sententiam
1367 1663 1530 1704 suam
1574 1648 1668 1703 hic
1700 1663 1803 1717 po-

1910 507 2123 556 vatam.

1983 589 2380 658 Paupertatem
2418 597 2606 645 tamen
2640 597 2857 645 tantam
2908 589 2962 644 in
3001 591 3198 658 primis
3229 590 3306 645 ibi
3336 591 3610 648 sustinuit

1909 687 1975 732 ut
2007 685 2213 746 prater
2261 692 2442 734 unum
2493 678 2743 743 asinum,
2798 679 3110 734 burdinum
3167 679 3414 746 nomine,
3467 679 3611 734 nihil

1912 780 2054 836 pene
2092 765 2246 820 aliud
2303 765 2599 832 haberent,
2661 781 2832 836 quem
2909 767 2963 820 in
3019 768 3338 835 proximam
3406 767 3611 822 silvam

1910 855 2196 922 Vosagum
2239 867 2408 908 mane
2445 853 2737 922 ducentes,
2777 854 3051 924 lignaque
3093 867 3239 908 casa
3279 854 3447 908 dorso
3487 855 3613 924 ejus

1908 939 2283 1010 imponentes,
2319 939 2664 995 Laudunum
2715 940 3075 1006 reducerent,
3125 947 3179 994 et
3231 954 3304 994 ex
3360 940 3609 996 venditis

1910 1028 2082 1098 lignis
2123 1040 2327 1096 panem
2375 1027 2481 1082 sibi
2524 1037 2795 1094 emerent,
2834 1027 3120 1082 multoties
3145 1028 3265 1097 jam
3297 1027 3398 1083 diu
3423 1027 3612 1098 jejuni

1912 1124 2226 1183 manentes,
2275 1116 2453 1171 donec
2497 1116 2661 1185 panis
2703 1116 2792 1170 ille
2837 1123 3064 1184 emptus
3115 1123 3241 1185 post
3290 1130 3502 1171 nonam
3532 1117 3613 1172 eis

1910 1205 2248 1260 deferretur.
2302 1203 2414 1272 Ipsi
2466 1210 2656 1257 tamen
2717 1203 3044 1258 consolante
3095 1202 3301 1258 abbate
3345 1203 3613 1260 Gualtero

1913 1293 1972 1348 in
2020 1300 2180 1348 tanta
2227 1290 2470 1361 penuria
2518 1305 2632 1344 non
2683 1289 3027 1358 deﬁcientes,
3079 1293 3176 1346 sed
3227 1293 3453 1348 assidue
3499 1293 3613 1348 Deo

1910 1381 2240 1446 servientes,
2293 1385 2346 1434 et
2394 1378 2662 1433 manibus
2708 1378 2949 1446 propriis
2990 1377 3301 1434 laborando
3333 1379 3612 1449 paulatim

1913 1469 2290 1539 proﬁcientes,
2343 1467 2410 1520 ad
2469 1473 2687 1520 tantam
2731 1467 2851 1534 jam
2909 1467 3016 1520 Deo
3065 1467 3312 1521 donante
3364 1469 3612 1536 provecti

1912 1565 2048 1613 sunt
2070 1554 2487 1611 abundantiam
2512 1563 2576 1609 ut
2605 1568 2677 1609 ex
2703 1554 2886 1608 vineis
2909 1555 3030 1608 suis
3062 1554 3171 1608 tria
3193 1555 3369 1608 millia
3395 1557 3615 1611 modios

1911 1645 2030 1701 vini
2083 1644 2410 1713 frequenter
2477 1643 2747 1710 habeant,
2814 1649 2867 1697 et
2916 1649 3030 1696 tam
3089 1642 3145 1696 in
3216 1650 3502 1698 terrarum
3561 1652 3615 1700 et

92 1752 293 1792 nerem
357 1735 646 1805 pracepit,
721 1735 916 1790 dicens
997 1750 1066 1790 ex
1149 1736 1272 1804 ipsa
1353 1736 1806 1792 consideratione
1843 1718 2371 1787 Bmolendinorum
2423 1743 2601 1800 quam
2653 1736 2708 1784 et
2765 1729 2821 1783 in
2898 1744 3164 1798 pecorum
3244 1731 3611 1800 possessione,

96 1823 377 1892 temporis
423 1829 477 1876 et
530 1835 787 1891 persona
832 1823 1349 1894 appropinquantis
1396 1824 1583 1893 palam
1632 1823 1805 1879 intel—

94 1911 199 1982 ligi
247 1926 412 1981 posse
458 1911 613 1980 quod
663 1911 1144 1967 Bartholomaum
1196 1911 1523 1981 episcopum
1565 1925 1678 1965 vox
1711 1909 1804 1964 illa

93 2007 302 2054 testata
332 1999 403 2054 sit
436 2001 654 2054 socium
686 2013 806 2054 esse
864 1999 1144 2054 Norberti.
1197 1999 1339 2055 Cum
1383 1998 1557 2064 enim,
1592 1999 1799 2067 inquit,

96 2087 285 2142 tribus
318 2087 518 2142 diebus
570 2086 760 2142 Remis
805 2087 1135 2142 demoratus
1184 2095 1238 2141 et
1289 2100 1451 2156 papa
1501 2086 1657 2156 loqui
1689 2100 1802 2140 non

95 2175 318 2242 valens,
367 2175 544 2230 tristis
583 2189 651 2229 ac
680 2175 987 2244 desperans
1017 2175 1085 2229 de
1131 2175 1272 2230 urbe
1301 2176 1526 2242 exisset,
1559 2182 1613 2229 et
1660 2174 1802 2243 quid

90 2265 212 2334 jam
263 2271 458 2334 ageret
526 2263 613 2318 vel
677 2277 794 2333 quo
848 2271 1093 2318 verteret
1143 2263 1402 2330 nesciret,
1449 2263 1803 2332 nullamque

95 2353 541 2407 consolationem
587 2360 792 2421 prater
845 2354 1020 2408 Deum
1068 2351 1177 2407 sibi
1233 2352 1444 2407 habere
1487 2352 1798 2419 videretur,

96 2441 210 2496 nisi
243 2441 296 2495 in
342 2440 572 2496 duobus
617 2439 786 2495 sociis
833 2441 976 2508 suis,
1029 2454 1177 2510 quos
1223 2440 1330 2495 sibi
1384 2439 1802 2494 indivisibiliter

95 2530 432 2585 adhasuros
475 2542 829 2598 quocunque
878 2529 1004 2592 iret,
1041 2528 1380 2596 conﬁdebat,
1418 2542 1528 2582 vox
1560 2528 1802 2597 desuper

94 2619 146 2673 ei
194 2618 432 2673 sonuit:
491 2617 593 2671 Hic
639 2624 722 2672 est
771 2615 1106 2683 Norbertus,
1160 2624 1214 2672 et
1255 2618 1443 2672 socius
1484 2618 1628 2686 ejus,
1663 2629 1730 2670 ac
1757 2616 1802 2671 si

97 2705 352 2774 apertius
397 2705 445 2760 ei
480 2703 760 2759 dixisset:
807 2703 925 2758 Noli
965 2704 1286 2774 desperare,
1337 2703 1425 2759 vel
1476 2704 1534 2758 in
1574 2703 1802 2759 duobus

97 2801 324 2850 tantum
373 2793 542 2849 sociis
591 2792 704 2848 tuis
768 2793 1050 2848 conlidere
1113 2793 1251 2862 quia
1317 2807 1444 2848 ecce
1502 2807 1674 2862 prope
1717 2800 1802 2848 est

95 2882 417 2952 episcopus,
452 2896 624 2952 quem
660 2881 756 2936 tibi
809 2882 960 2936 Deus
999 2880 1218 2936 socium
1261 2881 1436 2947 dedit,
1487 2879 1589 2950 qui
1625 2889 1675 2934 te
1707 2893 1799 2934 se-

95 2984 231 3025 cum
265 2970 544 3025 reducens
586 2968 752 3024 faciet
784 2981 945 3038 papa
991 2967 1261 3037 colloqui,
1315 2968 1414 3038 qui
1447 2967 1506 3022 in
1553 2967 1799 3022 tribula-

99 3057 362 3113 tionibus
421 3056 536 3113 tuis
595 3055 915 3112 consolator
953 3056 1322 3113 dulcissimus
1370 3056 1471 3113 tibi
1517 3056 1644 3122 erit,
1697 3055 1800 3125 qui

99 3146 200 3202 tibi
231 3147 420 3202 sedem
452 3153 506 3201 et
535 3145 831 3201 ecclesiam
868 3146 923 3200 in
953 3159 1070 3216 qua
1097 3145 1440 3215 requiescas,
1463 3153 1518 3201 et
1543 3143 1796 3200 fructum

95 3234 297 3301 facias,
345 3233 520 3290 dabit.
575 3233 708 3288 Hac
758 3233 902 3288 mihi
943 3234 1191 3288 scribere
1235 3234 1500 3303 pracepit
1554 3233 1800 3288 domnus

95 3324 349 3378 Leonius
395 3323 574 3378 abbas
622 3323 813 3377 Sancti
864 3322 1094 3388 Bertini,
1146 3329 1197 3377 et
1244 3337 1350 3392 ego
1400 3322 1636 3377 credens
1664 3335 1796 3376 eum

94 3426 302 3468 revera
367 3412 507 3467 bene
571 3419 626 3467 et
692 3410 932 3466 ﬁdeliter
997 3411 1364 3479 intellexisse,
1441 3411 1685 3466 libenter
1749 3408 1798 3465 ei

93 3499 345 3555 obedivi.

95 3599 233 3653 CAP.
271 3597 333 3654 V.
370 3625 439 3638 —
471 3595 757 3663 Quomodo
795 3596 1082 3650 Watterus
1102 3595 1298 3662 factus
1324 3593 1400 3648 sit
1428 3595 1602 3649 abbas
1631 3596 1800 3649 eccle-

401 3668 560 3723 siota
581 3667 784 3722 Sancti
813 3667 1064 3721 Martini
1091 3666 1505 3721 Laudunensis.

171 3766 536 3822 Postmodum
566 3779 702 3837 ergo
754 3765 958 3821 videns
1003 3765 1301 3834 episcopus
1348 3765 1406 3819 in
1454 3764 1650 3819 eodem
1680 3763 1801 3820 loco

97 3851 632 3907 Pramonstratensi
683 3851 802 3921 jam
853 3865 967 3905 non
1037 3863 1284 3920 parvum
1331 3863 1638 3904 numerum
1687 3849 1800 3904 fra-

96 3948 257 3996 trum
299 3941 561 4011 religiose
609 3940 930 3996 viventium
976 3939 1329 4005 convenisse,
1374 3939 1599 4008 rogavit
1642 3938 1802 3994 dom-

96 4041 246 4082 num
274 4028 641 4094 Norbertum,
678 4035 741 4083 ut
775 4027 1001 4097 aliquos
1025 4041 1096 4082 ex
1131 4027 1266 4097 ipsis
1297 4028 1353 4081 in
1385 4040 1560 4096 supra
1589 4028 1804 4097 scripta

96 4115 252 4171 beati
300 4116 528 4172 Martini
579 4116 891 4183 ecclesiola,
942 4116 1000 4171 in
1031 4131 1150 4186 qua
1197 4116 1315 4186 ipse
1346 4123 1583 4185 rogatus
1614 4130 1800 4171 rema-

98 4218 238 4260 nere
284 4205 568 4274 noluerat,
624 4211 878 4274 poneret,
932 4204 1033 4274 qui
1082 4217 1207 4259 eam
1255 4203 1328 4259 ad
1375 4202 1475 4259 Dei
1529 4204 1802 4259 honorem

1913 1831 2123 1877 cuncta
2171 1835 2312 1890 pene
2345 1819 2745 1874 Laudunensis
2773 1818 3131 1887 episcopatus
3170 1819 3428 1875 canobia
3463 1834 3614 1888 pra-
3670 1834 3683 1844 '

1914 1910 2138 1964 cellant.
2190 1908 2497 1962 Charitatis
2546 1908 2718 1962 etiam
2767 1915 2822 1961 et
2885 1907 3286 1976 hospitalitatis
3331 1914 3489 1962 tanta
3533 1907 3613 1962 ibi

1913 1997 2211 2052 affluentia
2255 1996 2540 2064 reperitur
2606 2002 2668 2050 ut
2708 2005 2939 2063 propter
2988 1996 3271 2062 hOSpitum
3323 1995 3615 2050 assiduam

1913 2088 2350 2155 susceptionem,
2405 2092 2636 2153 propter
2667 2097 2987 2152 pauperum
3025 2083 3420 2151 quotidianam
3472 2083 3614 2139 rele-

1911 2175 2218 2241 vationem,
2251 2173 2462 2227 mirum
2489 2172 2545 2225 in
2575 2171 2807 2226 modum
2833 2171 3098 2225 videatur
3128 2171 3204 2226 ibi
3236 2171 3388 2226 Deus
3420 2172 3616 2226 omnia

1911 2262 2292 2331 multiplicare
2321 2269 2375 2316 et
2421 2267 2816 2330 augmentare,
2867 2259 3005 2314 adeo
3039 2266 3101 2314 ut
3142 2259 3264 2330 jam
3296 2259 3444 2315 inter
3475 2274 3615 2329 pra-

1910 2353 2082 2421 cipua
2132 2357 2186 2406 et
2231 2348 2567 2404 excellentia
2617 2347 2871 2403 Francia
2926 2347 3270 2403 monasteria
3311 2355 3613 2418 compute-

1913 2448 2024 2496 tur.

1910 2537 2042 2594 CAP.
2099 2537 2190 2595 VI.
2251 2534 2533 2604 Quomodo
2580 2533 3111 2588 Prmonslratensi
3168 2533 3408 2588 abbatia
3451 2537 3613 2590 Dom-

2203 2634 2208 2638 -
2369 2622 2477 2659 nus
2509 2606 2682 2677 Hugo
2718 2607 3019 2676 prafectus
3049 2605 3144 2658 sit.

1979 2703 2347 2760 Postmodum
2411 2702 2580 2757 etiam
2649 2704 2704 2756 in
2781 2701 3305 2756 Pramonstratensi
3375 2701 3612 2758 ecclesia

1909 2791 2157 2848 domnus
2198 2792 2515 2848 Norbertus
2563 2791 2741 2845 abbas
2789 2791 3022 2860 quidem
3075 2803 3196 2845 esse
3256 2789 3459 2859 noluit,
3515 2791 3611 2846 sed

1909 2880 2072 2936 illum
2103 2895 2175 2936 ex
2207 2881 2435 2936 duobus
2464 2879 2630 2935 sociis
2661 2879 2800 2946 suis,
2831 2879 2933 2948 qui
2978 2892 3109 2932 cum
3139 2892 3203 2933 eo
3235 2886 3608 2946 remanserat,

1909 2970 2140 3024 nomine
2184 2969 2505 3040 Hugonem,
2541 2967 2795 3038 ejusdem
2830 2967 2934 3021 loci
2979 2966 3242 3022 abbatem
3295 2966 3608 3023 constituit.

1907 3057 2034 3114 Non
2081 3057 2270 3114 solum
2316 3066 2509 3112 autem
2560 3059 2841 3122 virorum,
2891 3055 2988 3110 sed
3040 3055 3212 3110 etiam
3262 3055 3611 3112 feminarum

1909 3148 2170 3202 cohortes
2202 3146 2351 3202 idem
2398 3145 2714 3201 Norbertus
2754 3144 2826 3198 ad
2875 3144 3057 3198 Deum
3103 3153 3434 3200 convertere
3484 3152 3612 3200 stu-

1909 3235 2052 3302 duit,
2091 3235 2167 3290 ita
2199 3242 2262 3290 ut
2297 3234 2466 3289 hodie
2519 3233 2576 3287 in
2606 3231 2847 3287 diversis
2899 3231 3157 3302 ejusdem
3187 3233 3436 3288 ecclesia
3480 3233 3615 3290 locis

1909 3322 2219 3393 plusquam
2267 3321 2419 3377 mille
2450 3322 2747 3378 videamus
2795 3334 3101 3376 conversas
3137 3329 3293 3376 tanto
3344 3322 3531 3392 rigore
3559 3329 3614 3378 et

1908 3412 2130 3467 silentio
2189 3412 2301 3466 Deo
2349 3411 2564 3466 servire
2620 3417 2682 3465 ut
2753 3408 2811 3463 in
2865 3409 3297 3465 districtissimis
3340 3410 3614 3466 coenobiis

1910 3500 2325 3555 monachorum
2373 3499 2475 3554 vix
2523 3497 2765 3553 similem
2813 3497 3147 3568 religionem
3191 3500 3364 3566 possit
3403 3497 3614 3568 aliquis

1912 3587 2191 3643 invenire.
2257 3585 2372 3642 Nec
2439 3593 2744 3640 contentus
2813 3583 2920 3640 fuit
3003 3585 3154 3640 intra
3216 3585 3614 3642 Laudunensis

1911 3675 2168 3731 dioecesis
2209 3675 2482 3730 terminos
2531 3671 2778 3728 fratrum
2810 3686 3049 3728 suorum
3083 3682 3305 3730 turmas
3338 3675 3607 3743 coerceri,

1910 3765 2008 3821 sed
2039 3765 2222 3820 instar
2249 3777 2446 3833 apum,
2483 3777 2613 3832 qua
2639 3762 2730 3816 de
2761 3761 3010 3816 vasculis
3046 3763 3102 3816 in
3135 3763 3350 3832 quibus
3380 3763 3611 3820 melliﬁ-

1911 3854 2168 3909 caverint
2200 3859 2499 3918 exeuntes,
2545 3851 2616 3905 ad
2661 3851 2773 3905 alia
2805 3850 2927 3905 loca
2973 3850 3386 3908 melliiicatura
3418 3859 3613 3908 trans-

1911 3941 2126 4009 volant,
2177 3942 2346 3998 etiam
2407 3941 2525 4010 ipse
2585 3940 2812 3995 diversa
2877 3947 2933 3994 et
2991 3939 3214 3998 deserta
3265 3940 3385 3996 loca
3445 3941 3615 4011 capit

1911 4039 2178 4102 expetere
2207 4029 2552 4100 directisque
2592 4028 2868 4085 fratribus
2918 4043 3067 4084 nova
3101 4031 3445 4086 monasteria
3475 4031 3612 4087 adi-

1913 4119 2015 4175 ﬁca
2024 4133 2101 4174 re.

1981 4207 2287 4265 Constituit
2316 4221 2451 4264 vero
2490 4221 2560 4263 ex
2606 4206 2876 4262 omnibus
2924 4207 3304 4273 monasteriis,
3339 4223 3470 4279 qua
3522 4208 3613 4265 vel

99 4300 434 4349 construere
487 4300 542 4349 et
601 4303 979 4365 augmentare
1035 4294 1346 4349 studerent.
1417 4293 1802 4363 Acquiescens
1838 4313 1883 4367 1)
1912 4295 1972 4350 in
2002 4296 2122 4351 vita
2151 4309 2276 4363 sua,
2319 4295 2407 4351 vel
2462 4303 2584 4365 post
2630 4294 2848 4350 obitum
2897 4309 3068 4350 suum
3123 4297 3508 4352 institutiones
3549 4311 3615 4352 ac

101 4381 198 4436 ille
240 4383 507 4451 precibus
553 4382 878 4452 pontiﬁciis,
909 4396 1122 4452 paucos
1160 4397 1231 4438 ex
1274 4382 1546 4438 fratribus
1576 4383 1696 4438 suis
1729 4382 1804 4438 ibi

102 4471 296 4540 posuit
336 4471 722 4541 abbatemque
769 4471 895 4542 ejus
921 4471 1113 4527 virum
1164 4470 1494 4541 religiosum
1527 4471 1803 4526 domuum

101 4557 439 4615 Gualterum
485 4559 754 4629 prafecit.
801 4559 906 4614 Cui
952 4561 1120 4626 Deus,
1172 4567 1390 4628 orante,
1424 4560 1572 4614 sicut
1615 4559 1804 4614 credi-

99 4660 254 4713 mus,
286 4647 450 4702 beato
482 4647 747 4715 Martino,
799 4655 1018 4703 tantam
1050 4647 1342 4703 confestim
1389 4647 1630 4717 gratiam
1663 4660 1805 4700 con—

99 4734 255 4799 tulit,
288 4743 352 4790 ut
400 4736 469 4790 de
518 4735 640 4805 ipso
690 4750 925 4806 quoque
973 4735 1115 4791 illud
1146 4735 1412 4791 videatur
1462 4749 1620 4803 posse
1669 4733 1801 4800 dici,

97 4821 257 4892 quod
289 4822 358 4878 de
391 4836 555 4878 sacra
584 4823 779 4892 puella
812 4822 1074 4894 Ragueli,
1109 4824 1257 4892 patri
1286 4823 1410 4893 ejus
1441 4821 1685 4891 angelus
1715 4821 1807 4876 di—

95 4910 188 4966 xit
219 4925 230 4964 :
268 4933 288 4960 ‹
327 4910 631 4982 Propterea
665 4912 862 4968 nullus
898 4912 1083 4981 potuit
1113 4912 1323 4967 habere
1347 4924 1492 4976 eam,
1529 4911 1804 4979 quoniam

97 4997 242 5054 huic
267 4999 485 5055 timenti
517 5001 697 5056 Deum
729 5000 969 5056 debetur
991 5000 1207 5071 conjux
1237 4999 1353 5054 ﬁlia
1383 5007 1482 5054 tua
1512 4999 1671 5068 (Tob.
1703 5014 1801 5064 vn,

101 5088 273 5157 12).»
311 5087 577 5144 Similiter
623 5103 750 5145 eam
798 5089 945 5145 beati
999 5089 1230 5146 Martini
1271 5087 1622 5143 ecclesiolam
1671 5101 1804 5142 cum

99 5175 298 5247 plures
327 5177 398 5232 ab
427 5177 690 5247 episcopo
721 5178 1030 5248 regendam
1065 5177 1463 5246 suscepissent,
1491 5175 1804 5246 nullusque

97 5279 303 5322 eorum
336 5266 414 5321 ibi
459 5267 731 5335 prolicere
773 5266 1067 5336 potuisset,
1109 5265 1244 5321 huic
1289 5264 1479 5320 abbati
1513 5263 1801 5332 Gualtero,

100 5363 223 5410 tam
253 5354 404 5410 bona
433 5355 666 5411 fortuna
698 5369 798 5426 per
825 5355 1080 5410 divinam
1116 5355 1358 5426 gratiam
1392 5368 1578 5410 comes
1603 5353 1803 5410 adha—

100 5443 174 5499 sit
207 5450 270 5499 ut
301 5442 449 5499 infra
473 5443 772 5500 duodecim
804 5457 985 5500 annos
1016 5442 1324 5514 plusquam
1349 5442 1802 5514 quingentorum

100 5533 349 5590 fratrum
397 5532 508 5589 Deo
548 5532 924 5590 servientium
957 5532 1032 5589 ibi
1078 5539 1396 5589 conventus
1443 5531 1804 5589 inveniretur

1913 4385 2128 4455 regula
2174 4399 2294 4440 sua
2350 4398 2612 4439 normam
2673 4397 2738 4438 ac
2795 4384 3145 4453 propositum
3203 4393 3610 4455 sequerentur,

1912 4473 2165 4529 universi
2196 4473 2430 4529 abbates
2482 4472 2726 4543 singulis
2754 4472 2922 4527 annis
2968 4471 3024 4526 in
3075 4471 3212 4526 festo
3258 4472 3312 4528 S.
3349 4473 3607 4543 Dionysii

1912 4561 1982 4615 ad
2030 4562 2275 4630 primam
2342 4569 2602 4629 matrem,
2655 4561 2723 4616 de
2791 4574 2908 4630 qua
2953 4568 3363 4629 processerant,
3427 4561 3482 4616 id
3530 4570 3614 4618 est

1913 4650 2508 4704 Pramonstratensem
2590 4649 2907 4714 ecclesiam,
2993 4648 3158 4717 quasi
3251 4648 3323 4704 ad
3399 4650 3614 4706 fontem

1911 4743 2056 4792 647
2108 4739 2358 4808 potaturi
2402 4737 2792 4805 convenirent,
2825 4744 2881 4793 et
2933 4736 3104 4792 simul
3139 4737 3303 4806 positi
3345 4739 3614 4808 generale

1911 4828 2229 4897 capitulum
2263 4833 2539 4892 tenerent,
2588 4839 2655 4881 ac
2702 4825 2746 4880 si
2778 4824 2920 4894 quid
2956 4824 3044 4880 vel
3088 4826 3487 4896 communiter,
3522 4829 3613 4884 vel

1911 4916 1969 4970 in
1995 4916 2192 4985 aliquo
2239 4914 2383 4970 forte
2429 4913 2838 4984 corrigendum
2889 4920 3051 4981 esset,
3103 4914 3311 4970 ibidem
3353 4917 3614 4988 corrige-

1912 5012 2058 5060 rent.
2110 5003 2253 5059 Cum
2301 5018 2438 5074 ergo
2487 5004 2732 5058 necdum
2786 5001 3025 5073 triginta
3071 5004 3207 5058 anni
3254 5005 3608 5074 transierint,

1910 5104 1976 5145 ex
2005 5104 2120 5159 quo
2168 5088 2415 5144 domnus
2456 5087 2771 5143 Norbertus
2811 5102 2910 5156 per
2949 5090 3345 5158 supradictum
3388 5092 3611 5160 episco—

1910 5191 2048 5246 pum
2083 5177 2159 5232 ibi
2191 5177 2475 5232 adductus
2513 5183 2618 5243 est,
2654 5175 2772 5245 jam
2807 5184 3018 5244 tamen,
3047 5177 3247 5233 divina
3301 5187 3610 5248 prastante

1912 5265 2118 5336 gratia,
2166 5273 2246 5320 tot
2287 5265 2495 5321 exinde
2543 5265 2889 5321 monasteria
2951 5266 3334 5336 pullularunt,
3385 5275 3448 5322 ut
3496 5267 3612 5324 fere

1911 5362 2141 5410 centum
2173 5353 2408 5408 abbates
2461 5353 2518 5406 in
2569 5352 2840 5422 praedicto
2889 5353 3026 5410 festo
3071 5368 3143 5410 ex
3180 5354 3262 5410 eis
3292 5354 3372 5410 ibi
3402 5369 3607 5412 conve-

1911 5444 2063 5498 nisse
2110 5443 2502 5508 inveniantur,
2543 5456 2659 5497 non
2690 5440 2876 5498 solum
2907 5457 2980 5500 ex
3025 5443 3286 5512 Francia,
3319 5443 3409 5501 vel
3459 5444 3599 5501 Bur-

1912 5529 2152 5602 gundia,
2184 5531 2280 5588 sed
2311 5545 2383 5587 ex
2420 5529 2544 5601 ipsa
2574 5545 2810 5602 quoque
2840 5533 3197 5602 Alemannia,
3229 5532 3484 5592 Saxonia
3511 5547 3614 5590 seu
