3932 6084
311 289 414 341 995

1232 290 1536 346 APPEND.
1579 291 1674 344 AD
1719 292 1848 346 LIB.
1891 291 1991 346 IIl.
2034 291 2364 349 GUIBERTI
2409 291 2494 344 DE
2533 290 2695 346 VlTA
2735 289 2886 345 SUA.

3710 291 3824 341 996

317 425 640 482 Wasconia.
678 424 748 480 Ut
793 424 944 479 enim
979 425 1047 479 de
1091 425 1218 479 aliis
1251 433 1485 493 taceam,
1521 441 1592 482 ex
1626 427 1744 482 sola
1779 428 2013 498 praefata
2042 443 2089 496 Α
2113 428 2307 484 dicant
2355 427 2632 481 domuum
2700 425 3056 481 Bernardum
3121 425 3384 479 abbatem
3431 424 3829 480 Clarevalleu—
3897 397 3903 476 i

318 512 507 569 Sancti
553 511 780 568 Martini
837 511 1090 580 ecclesia,
1161 514 1252 568 cui
1317 515 1508 571 adhuc
1574 516 1794 584 primus
1834 517 2012 574 abbas

318 601 564 655 domnus
610 599 914 655 Gualterus
963 609 1182 670 prmest,
1225 603 1345 672 jam
1385 603 1682 658 duodecim
1734 606 1848 660 alia
1881 619 2009 674 pro-

317 694 610 742 cesserunt
657 689 1018 742 monasteria.
1060 689 1175 743 Nec
1217 704 1350 744 vero
1380 691 1565 746 solum
1621 693 1825 748 vicinae
1858 702 2010 747 tanto

317 775 425 831 hoc
484 775 702 830 lumine
778 776 1205 845 perlustrantur
1287 779 1615 848 provincize,
1687 781 1781 836 sed
1839 784 2008 836 etiam

317 877 473 918 mare
498 864 615 933 jam
650 863 827 934 hujus
858 866 989 919 novi
1015 865 1148 921 solis
1175 867 1372 922 radius
1402 868 1685 934 transivit,
1726 876 1779 924 et
1812 870 2011 924 urbem

318 950 672 1008 Hierusalem
745 953 1096 1008 transmissis
1157 954 1375 1025 aliquot
1442 956 1773 1012 clarissimis
1836 957 2013 1013 stellis

317 1039 646 1096 irradiando
683 1041 1121 1110 splendificavit.

386 1128 533 1195 Quid
587 1129 683 1184 alii
727 1132 976 1186 sentiant
1045 1131 1267 1201 ignoro,
1334 1147 1440 1203 ego
1498 1134 1667 1189 corde
1719 1134 1906 1200 credo,
1957 1142 2014 1191 et

316 1217 557 1273 fidenter
601 1232 697 1273 ore
747 1220 1074 1288 pronuntio,
1119 1221 1379 1276 omnium
1429 1220 1732 1288 bonorum,
1775 1237 1906 1292 quae
1954 1226 2011 1277 in

316 1312 395 1362 ῑυι
425 1306 712 1374 praedictis
765 1308 1122 1363 monasteriis
1167 1309 1331 1376 fiunt,
1393 1309 1480 1365 vel
1513 1309 1810 1379 deinceeps
1854 1310 2009 1374 ﬁent,

315 1394 592 1450 domuum
631 1394 1105 1450 Bartholomaeum
1137 1397 1464 1466 episcopum
1510 1404 1824 1452 consortem
1867 1411 2009 1466 esse,

319 1482 769 1551 participemque
811 1491 865 1537 et
918 1492 1360 1552 cooperatorem.
1401 1485 1544 1541 Cum
1591 1486 1745 1541 enim
1792 1487 2014 1542 Veritas

317 1569 376 1624 in
425 1566 738 1640 Evangelio
794 1571 945 1626 dicat
997 1586 1010 1625 :
1063 1592 1090 1618 ‹‹
1137 1571 1240 1637 Qui
1311 1573 1509 1642 recipit
1562 1575 1898 1644 prophetam
1954 1575 2011 1630 in

315 1660 548 1714 nomine
613 1659 918 1727 prophetae,
990 1660 1302 1715 mercedem
1390 1662 1677 1730 prophetae
1777 1664 2012 1732 accipiet

315 1747 548 1817 (Matth.
578 1761 634 1814 χ,
667 1748 781 1815 lit),
817 1769 844 1795 »
874 1748 1121 1816 profecto
1173 1749 1352 1818 liquet
1383 1751 1535 1819 quod
1588 1751 1841 1819 pontifex
1888 1753 2009 1819 iste,

316 1834 419 1904 qui
465 1835 768 1904 praefatum
816 1849 1049 1890 servum
1091 1837 1188 1891 Dei
1247 1851 1357 1891 non
1407 1839 1590 1892 solum
1635 1840 1866 1908 recepit,
1917 1841 2013 1895 sed

315 1923 511 1992 etiam,
562 1931 625 1978 ut
671 1937 846 1992 supra
893 1925 1169 1993 scriptum
1221 1933 1324 1991 est,
1392 1926 1731 1981 intermissis
1790 1928 2014 1996 episco-

316 2011 543 2080 palibus
590 2011 850 2081 negotiis,
902 2026 1003 2081 per
1051 2020 1129 2067 tot
1161 2014 1441 2068 silvarum
1491 2015 1655 2069 devia
1685 2023 1738 2070 et
1783 2015 2015 2071 horrida

317 2099 438 2156 loca
481 2099 933 2167 circumducere,
980 2109 1033 2156 et
1063 2101 1135 2156 ad
1187 2102 1455 2157 ultimum
1507 2101 1563 2157 in
1599 2103 2013 2160 Praemonstra-

320 2187 462 2242 tensi
526 2187 836 2243 solitudine
917 2187 1157 2244 firmiter
1227 2191 1503 2259 plantare,
1573 2191 2014 2262 plantatumque

308 2273 529 2345 jugiter
574 2276 764 2345 rigare
814 2277 1054 2339 studuit,
1123 2277 1344 2332 fructus
1407 2279 1609 2349 utique
1660 2279 1813 2335 illius
1859 2279 2013 2335 dulci

312 2364 573 2419 mercede
623 2378 738 2419 non
773 2364 1007 2421 carebit.
1059 2365 1269 2421 Beatus
1301 2366 1585 2436 siquidem
1617 2367 1925 2438 Gregorius
1956 2369 2012 2423 in

315 2451 548 2507 homilia
580 2453 878 2524 Evangelii
903 2475 930 2502 ‹‹
971 2468 1122 2509 anno
1150 2455 1353 2524 quinto
1373 2457 1592 2512 decimo
1613 2457 1771 2526 (Luc.
1803 2473 1884 2523 ιιι,
1911 2457 1960 2526 l)
1986 2477 2006 2505 ι

314 2539 610 2610 praefatam
679 2543 1016 2597 sententiam
1067 2542 1339 2598 subtilius
1393 2557 1686 2614 exponens
1734 2559 1746 2598 :
1793 2544 2014 2600 Notan-

312 2628 474 2693 dum,
512 2628 721 2699 inquit,
757 2631 910 2699 quod
960 2645 1072 2685 non
1106 2631 1185 2685 ait
1224 2630 1505 2687 Dominus
1556 2648 1569 2685 :
1601 2633 1913 2688 Mercedem
1946 2633 2015 2688 de

315 2717 588 2785 propheta
652 2717 909 2786 accipiet,
979 2718 1077 2772 sed
1142 2719 1457 2774 mercedem
1514 2721 1821 2789 prophetae,
1875 2719 2015 2790 quia

313 2805 630 2860 mercedem
675 2819 852 2875 quam
899 2805 1174 2875 propheta
1207 2806 1276 2862 de
1319 2807 1467 2863 bono
1495 2822 1665 2877 opere
1695 2822 1799 2863 suo
1833 2821 1867 2862 a
1900 2808 2014 2863 Deo

312 2892 550 2960 accepit,
594 2892 851 2947 eamdem
915 2893 1084 2948 etiam
1149 2894 1284 2963 ipse,
1354 2895 1455 2964 qui
1503 2909 1635 2951 eum
1695 2896 2014 2964 recipiendo

312 2980 363 3035 ei
413 2980 644 3050 adjutor
689 2981 926 3047 exstitit,
978 2996 1037 3038 se
1076 2990 1479 3052 percepturum
1527 2985 1747 3040 noverit
1781 2983 2010 3056 (Homil.

314 3067 402 3136 20,
437 3069 544 3124 sub
579 3068 877 3138 medium).

383 3157 472 3212 Ad
513 3157 682 3226 cujus
709 3158 790 3212 rei
821 3158 1221 3214 certitudinem
1260 3159 1580 3217 evidentius
1609 3162 2013 3217 demonstran-

314 3245 470 3310 dam,
519 3245 667 3301 idem
718 3246 917 3300 beatus
967 3247 1274 3318 Gregorius
1321 3248 1493 3304 etiam
1538 3249 1696 3304 Isaiae
1724 3249 2012 3319 prophetae

316 3333 702 3390 testimonium
753 3335 1077 3406 subjungit,
1124 3337 1223 3406 qui
1285 3337 1428 3392 inter
1469 3339 1725 3405 cedrum,
1776 3339 2010 3405 olivam,

316 3422 578 3490 abietem,
657 3431 1011 3494 caeterasque
1086 3426 1448 3494 pretiosiores
1520 3428 1774 3494 arbores,
1839 3427 2012 3483 etiam

314 3510 458 3567 ulmi
485 3509 618 3566 facit
659 3512 1026 3577 mentionem,
1059 3527 1189 3583 quae
1223 3513 1351 3569 licet
1390 3528 1489 3584 per
1517 3529 1576 3570 se
1604 3515 1858 3571 fructum
1896 3530 2012 3570 non

315 3599 480 3668 ferat,
533 3607 723 3654 tamen
781 3615 912 3655 cum
963 3602 1132 3656 vitem
1188 3617 1318 3658 cum
1382 3603 1542 3660 botro
1587 3612 1791 3673 portat,
1841 3604 2012 3659 etiam

318 3688 442 3758 ipsa
470 3701 503 3742 a
535 3687 777 3743 Domino
823 3695 1193 3758 computatur
1239 3689 1388 3744 inter
1417 3691 1650 3746 arbores
1693 3692 2013 3747 fructiferas

317 3779 460 3845 (1.9a.
503 3791 614 3845 xu,
672 3776 775 3846 l9).
825 3775 1006 3842 Quam
1055 3777 1203 3832 beati
1249 3777 1506 3849 Gregorii
1557 3780 1916 3845 sententiam,
1965 3782 2010 3835 si

317 3866 450 3936 quis
497 3866 828 3936 diligentius
877 3865 1009 3920 velit
1059 3867 1353 3936 inspicere,
1407 3876 1544 3937 puto
1579 3869 1730 3937 quod
1765 3883 1853 3923 me
1897 3883 2011 3924 non

317 3952 593 4009 deridebit
659 3953 778 4032 hoc
831 3954 1143 4022 scripsisse,
1214 3955 1311 4010 sed
1378 3955 1619 4011 fidenter
1675 3956 1844 4012 etiam
1895 3957 2012 4026 ipse

320 4041 736 4112 pronuntiabit,
800 4041 954 4109 quod
1023 4043 1295 4110 praefatus
1351 4044 1656 4112 episcopus
1712 4045 2012 4100 Bartholo-

318 4142 498 4183 mzeus
542 4127 668 4182 licet
713 4127 1106 4183 ecclesiasticis
1151 4129 1351 4185 officiis
1392 4138 1722 4201 occupatus,
1774 4133 2010 4188 sacula-

317 4215 484 4271 ribus
538 4215 776 4286 negotiis
828 4214 1108 4285 implicari
1165 4217 1324 4273 visus
1380 4217 1566 4285 fuerit,
1628 4226 1817 4275 tamen
1871 4221 2010 4275 dum

2119 531 2236 571 sem
2262 516 2456 570 eodem
2508 523 2760 584 tempore
2789 528 2901 569 non
2949 513 3142 568 minus
3187 513 3578 581 fructificasse,
3625 522 3836 568 tamen

2117 604 2162 660 si
2213 604 2344 674 quis
2377 603 2708 674 diligentius
2746 602 3018 669 attendat,
3073 609 3210 671 puto
3271 602 3425 670 quod
3469 602 3836 657 Norbertum

2121 693 2442 762 praecellere
2489 707 2603 747 non
2655 691 2907 761 negabit.
2964 690 3218 746 Domnus
3260 691 3542 760 siquidem
3574 691 3836 745 Bernar-

2120 785 2229 838 dus
2277 781 2430 836 illius
2477 779 2771 850 religionis
2829 794 2941 834 non
3007 779 3115 833 fuit
3179 779 3478 848 incoeptor,
3544 780 3640 834 sed
3697 781 3835 849 jam

2118 869 2315 924 eadem
2342 867 2542 938 religio
2573 867 2812 922 ﬂorebat
2833 865 2889 919 in
2911 864 3227 920 Cistellensi
3259 865 3406 934 [al.,
3431 864 3779 920 Cistertiensi
3809 863 3832 935 ]

2119 956 2396 1022 ctenobio,
2445 956 2503 1010 in
2535 969 2650 1024 quo
2683 953 2955 1024 prmfatus
2987 953 3318 1008 Bernardus
3363 960 3510 1008 esset
3555 952 3839 1018 clericus,

2120 1045 2317 1100 audita
2365 1042 2621 1114 ejusdem
2669 1041 2962 1111 religionis
3009 1040 3178 1107 fama,
3228 1041 3606 1096 monasticum
3655 1039 3837 1094 habi-

2120 1141 2243 1189 tum
2296 1132 2404 1189 sub
2451 1131 2656 1186 abbate
2705 1128 2991 1199 Stephano
3048 1130 3311 1198 sumpsit.
3360 1129 3438 1184 De
3485 1143 3600 1199 quo
3646 1128 3836 1183 etiam

2120 1220 2374 1276 ccenobio
2405 1219 2825 1276 Clarevallense
2854 1217 3268 1273 monasterium
3315 1218 3603 1287 processit,
3649 1218 3838 1286 cujus

2121 1309 2268 1364 idem
2319 1306 2666 1373 Bernardus,
2714 1319 2817 1376 pro
2865 1319 2974 1362 sua
3025 1306 3328 1360 sanctitate
3375 1305 3595 1375 primus
3643 1305 3838 1359 abbas

2118 1404 2200 1453 est
2235 1395 2545 1452 institutus.

2192 1486 2316 1554 lpse
2364 1497 2522 1554 ergo,
2572 1483 2841 1552 quamvis
2898 1495 3004 1538 sua
3070 1481 3473 1552 praedicatione
3540 1481 3837 1550 plurimos

2120 1573 2465 1628 converterit
2526 1571 2824 1641 multaque
2883 1570 3228 1626 monasteria
3291 1571 3362 1626 de
3416 1569 3831 1624 Clarevallensi

2121 1659 2305 1729 gratia
2339 1659 2434 1714 Dei
2475 1659 2756 1729 genuerit,
2811 1667 3000 1714 tamen
3051 1657 3227 1726 ipsius
3273 1656 3564 1727 religionis
3605 1665 3833 1726 rigatur

2054 1737 2356 1818 Bquidem
2419 1761 2688 1817 magnus,
2752 1757 2804 1801 et
2857 1753 3220 1816 propagator,
3281 1745 3379 1800 sed
3421 1760 3535 1800 non
3601 1746 3830 1814 primus

2123 1836 2232 1891 fuit
2283 1835 2584 1905 plantator.
2652 1835 2969 1890 Norbertus
3032 1842 3224 1889 autem
3283 1847 3402 1888 suae
3449 1833 3828 1888 institutionis

2121 1927 2344 1996 primus
2387 1927 2491 1981 fuit
2524 1925 2809 1995 plantator
2847 1924 3186 1993 primusque
3217 1923 3312 1977 Dei
3346 1922 3492 1977 dono
3527 1922 3822 1990 iucmptor,

2123 2015 2418 2084 quoniam,
2451 2014 2575 2069 licet
2608 2013 2735 2082 ejus
2776 2025 3049 2082 sequaces
3082 2010 3226 2065 beati
3272 2009 3583 2080 Augustini
3632 2009 3828 2064 dicant

2123 2117 2181 2158 se
2234 2111 2423 2158 tenere
2470 2101 2753 2172 regulam,
2820 2109 3029 2166 tamen,
3076 2106 3141 2154 ut
3205 2098 3458 2167 ejusdem
3507 2098 3656 2153 beati
3700 2099 3824 2152 Au-

2123 2191 2334 2262 gustini
2383 2205 2522 2259 pace
2569 2189 2849 2254 dicamus,
2903 2188 3085 2243 multo
3119 2187 3470 2257 rigidiorem,
3526 2186 3826 2255 multoque

2122 2279 2462 2335 severiorem
2513 2278 2776 2334 videmus
2804 2291 2925 2333 esse
2965 2274 3230 2332 Norberti
3279 2289 3455 2345 quam
3505 2275 3822 2345 Augustini

2123 2368 2558 2423 institutionem.

2193 2457 2472 2511 Praeterea
2523 2455 2580 2509 in
2628 2453 2940 2510 Cistellensi
3005 2452 3262 2509 C(BI‘lObiO
3324 2449 3426 2506 soli
3472 2450 3580 2506 viri
3647 2451 3828 2506 susci-

2122 2543 2387 2614 piuntur,
2437 2543 2684 2598 domnus
2730 2555 2866 2597 vero
2915 2541 3229 2597 Norbertus
3278 2553 3411 2595 cum
3462 2553 3607 2594 sexu
3669 2538 3824 2593 virili

2121 2633 2292 2688 etiam
2337 2631 2643 2687 femineum
2694 2630 2766 2685 ad
2797 2631 3225 2685 conversionem
3255 2627 3464 2696 suscipi
3503 2627 3826 2693 constituit,

2122 2720 2202 2776 ita
2242 2728 2305 2775 ut
2348 2720 2519 2775 etiam
2564 2719 2863 2775 arctiorem
2897 2726 2952 2774 et
3000 2717 3401 2772 districtiorem
3444 2717 3500 2770 in
3539 2716 3668 2786 ejus
3698 2731 3830 2770 mo-

2122 2809 2387 2864 nasteriis
2435 2808 2732 2864 videamus
2777 2822 2897 2864 esse
2943 2805 3430 2862 conversationem
3476 2804 3828 2860 feminarum

2122 2910 2299 2965 quam
2347 2895 2626 2951 virorum.
2677 2895 2763 2950 Illi
2811 2902 3002 2950 autem
3038 2902 3149 2949 tam
3194 2907 3294 2962 pro
3324 2892 3659 2947 necessariis
3686 2905 3833 2961 ope-

2123 2983 2284 3040 ribus
2315 2997 2489 3054 quam
2531 2998 2631 3048 pro
2670 2983 2798 3038 aliis
2841 2983 3085 3053 negotiis
3123 2991 3244 3051 post
3291 2981 3721 3036 conversionem
3755 2979 3828 3034 ad

2125 3072 2420 3141 publicum
2489 3071 2934 3142 progredientes,
3002 3070 3397 3126 ecclesiasticis
3470 3069 3823 3137 frequenter,

2121 3169 2223 3216 aut
2259 3161 2433 3216 etiam
2478 3161 2856 3215 saecularibus
2914 3159 3217 3228 responsis,
3288 3157 3376 3213 vel
3436 3157 3823 3227 legationibus

2123 3248 2493 3318 implicantur
2533 3258 2588 3303 et
2635 3248 2924 3304 multoties
2974 3262 3121 3317 quos
3165 3247 3221 3300 in
3273 3245 3449 3315 priori
3492 3245 3610 3300 vita
3653 3245 3818 3300 novi-

2122 3351 2290 3403 mus,
2340 3345 2441 3392 aut
2488 3343 2637 3392 548
2697 3338 2940 3393 rusticos
2997 3336 3191 3403 fuisse,
3255 3342 3354 3390 aut
3404 3347 3704 3402 pauperes,
3763 3332 3817 3385 in

2121 3425 2415 3496 religionis
2460 3425 2663 3480 habitu
2708 3425 2873 3494 quasi
2919 3424 3168 3478 fastuose
3215 3425 3505 3478 cernimus
3545 3423 3821 3490 equitan-

2119 3519 2232 3582 tes;
2285 3512 2511 3568 feminis
2552 3519 2742 3568 autem
2791 3525 2925 3566 mox
2973 3518 3035 3566 ut
3084 3524 3373 3566 conversae
3430 3508 3640 3564 fuerint
3691 3523 3824 3578 per-

2122 3609 2294 3670 petua
2358 3600 2624 3670 deinceps
2691 3600 2783 3656 lex
2849 3606 3061 3666 manet,
3130 3612 3354 3668 semper
3418 3599 3570 3654 intra
3615 3597 3830 3652 domus

2122 3689 2401 3745 ambitum
2449 3689 2675 3744 clausas
2723 3687 2976 3753 retineri,
3047 3702 3340 3757 nusquam
3403 3686 3642 3742 ulterius
3695 3699 3831 3754 pro-

2121 3777 2300 3847 gredi,
2344 3777 2489 3833 nulli
2529 3777 2676 3839 viro,
2725 3792 2841 3833 non
2873 3777 3038 3831 modo
3084 3785 3378 3842 extraneo,
3412 3775 3509 3831 sed
3552 3790 3655 3829 nec
3685 3788 3831 3844 ger-

2121 3879 2310 3932 mano,
2372 3874 2472 3921 aut
2529 3866 2850 3935 propinquo
2912 3864 3092 3935 loqui,
3139 3865 3248 3919 nisi
3291 3865 3362 3919 ad
3409 3864 3712 3918 fenestram
3766 3863 3831 3916 in

2120 3954 2374 4019 ecclesia,
2409 3953 2636 4008 duobus
2686 3953 2826 4007 viris
2855 3951 3143 4007 conversis
3190 3965 3320 4006 cum
3371 3948 3828 4014 viro_exterius,

2119 4049 2174 4097 et
2203 4042 2436 4096 duabus
2467 4040 2690 4096 feminis
2720 4055 2852 4096 cum
2899 4041 2996 4095 illa
3047 4041 3288 4096 interius
3333 4037 3736 4104 residentibus,
3769 4047 3833 4091 et

2121 4129 2408 4199 quidquid
2434 4129 2645 4185 dicitur
2668 4127 3055 4184 audientibus.

2194 4219 2257 4271 ln
2309 4217 2427 4287 ipso
2471 4217 2644 4273 etiam
2709 4216 3096 4273 conversionis
3155 4215 3312 4271 initio
3359 4229 3490 4271 mox
3537 4222 3601 4271 ut
3645 4214 3834 4270 susci-

319 4317 513 4359 servos
563 4301 663 4358 Dei
711 4303 1067 4358 mundanam
1127 4303 1301 4360 vitam
1370 4303 1655 4375 fugientes
1720 4314 2014 4376 tantopere
2050 4317 2094 4371 D
2127 4305 2386 4375 piuntur,
2437 4305 2510 4360 ad
2557 4305 2925 4361 resecandam
2959 4319 3187 4360 omnem
3228 4303 3557 4373 superbiam
3601 4311 3655 4357 et
3687 4315 3832 4357 car-

319 4405 542 4462 semper
583 4390 861 4462 adjuvare
908 4391 1150 4458 studuit,
1198 4393 1370 4448 etiam
1411 4393 1519 4463 piae
1567 4395 2016 4451 conversationis

318 4495 518 4537 eorum
582 4480 736 4536 dulci
803 4480 1083 4536 desiderio
1146 4495 1248 4550 per
1300 4482 1543 4553 gratiam
1590 4483 1689 4538 Dei
1736 4484 2017 4554 particeps

318 4569 555 4636 exstitit,
601 4570 756 4626 unde
803 4577 857 4625 et
903 4569 963 4623 in
1010 4569 1206 4625 futuro
1260 4571 1516 4626 mercede
1555 4586 1754 4627 eorum
1786 4587 1898 4628 non
1930 4587 2018 4628 ca-

319 4658 484 4713 rebit.
534 4657 695 4724 Quod
743 4671 876 4712 cum
923 4657 1001 4712 ita
1047 4658 1139 4722 sit,
1181 4658 1359 4713 fateor
1405 4659 1604 4715 merito
1648 4659 1871 4716 laudari
1919 4661 2016 4717 de-

320 4744 453 4800 bere
480 4744 638 4799 illam
685 4743 880 4799 domni
913 4743 1102 4800 Leonii
1134 4744 1356 4800 abbatis
1385 4747 1439 4800 S.
1491 4746 1706 4802 Bertini
1750 4748 2018 4817 superius

319 4841 691 4889 memoratam
758 4832 1118 4899 sententiam,
1188 4833 1327 4903 quia
1374 4834 1637 4890 eumdem
1685 4836 2018 4906 episcopum

319 4920 517 4977 domni
547 4920 804 4976 Norberti
840 4920 1058 4976 socium
1115 4921 1324 4977 coelesti
1373 4937 1509 4978 voce
1540 4923 1817 4980 intellexit
1847 4923 2019 4981 fuisse

318 5010 747 5066 denuntiatum.

318 5098 452 5155 CAP.
503 5095 631 5155 VII.
683 5127 750 5137 --
797 5095 1110 5168 Multiplex
1163 5098 1578 5155 commendatio
1617 5098 1815 5154 damni
1855 5100 2020 5154 Nor-

1093 5187 1254 5240 berli.

391 5273 499 5328 Sed
543 5281 606 5330 ut
646 5275 768 5344 jam
813 5274 880 5330 de
918 5276 1116 5330 eodem
1163 5275 1441 5332 Norberto
1490 5276 1741 5332 breviter
1784 5277 2016 5334 conclu-

319 5360 474 5428 dam,
508 5361 726 5418 nullius
772 5369 897 5432 post
935 5363 1215 5432 apostolos
1261 5363 1752 5419 conversationem
1785 5364 2018 5433 plurimi

321 5456 606 5505 testantur
649 5449 706 5505 in
742 5458 938 5506 sancta
976 5450 1230 5507 Ecclesia
1261 5459 1484 5508 tantum
1516 5452 1768 5509 fructum
1799 5452 1858 5509 in
1901 5462 2017 5510 tam

322 5533 483 5590 brevi
530 5535 715 5604 spatio
777 5536 1046 5606 temporis
1110 5536 1327 5595 fecisse.
1396 5538 1551 5596 Licet
1615 5539 1769 5596 enim
1835 5541 2018 5612 aliqui

2124 4394 2315 4449 nalem
2362 4393 2736 4464 voluptatem,
2804 4393 2976 4450 etiam
3039 4393 3229 4462 capilli
3271 4406 3472 4448 earum
3517 4405 3702 4462 usque
3749 4391 3831 4446 ad

2125 4495 2296 4537 aures
2326 4482 2673 4550 tunduntur,
2709 4489 2890 4552 utque
2919 4482 3102 4553 magis
3131 4479 3355 4536 Christo
3376 4480 3585 4535 caelesti
3614 4492 3830 4548 sponso

2127 4569 2407 4639 placeant,
2459 4584 2560 4639 pro
2601 4571 2728 4641 ejus
2771 4584 2965 4626 amore
3023 4570 3081 4624 in
3152 4569 3343 4639 fragili
3389 4577 3445 4624 et
3494 4567 3831 4624 illecebrosa

2125 4671 2297 4714 carne
2351 4658 2581 4714 omnino
2643 4658 3042 4728 deturpentur.
3101 4657 3257 4714 Nulli
3307 4658 3575 4727 deinceps
3619 4657 3832 4726 pretio-

2125 4759 2246 4800 sam
2299 4754 2509 4801 vestcm
2553 4746 2661 4802 nisi
2709 4761 2778 4801 ex
2830 4746 2965 4801 lana
3010 4747 3097 4802 vel
3148 4747 3336 4802 ovinis
3384 4746 3627 4815 pellibus
3695 4744 3830 4800 licet

2127 4833 2355 4901 habere,
2426 4834 2570 4890 nulli
2636 4834 2830 4891 velum
2889 4835 3134 4891 sericum
3214 4849 3370 4891 more
3433 4833 3828 4904 quarumdam

2125 4923 2669 4992 sanctimonialium,
2719 4925 2816 4980 sed
2875 4923 3219 4980 vilissimum
3286 4923 3662 4993 panniculum
3727 4921 3823 4975 ni-

2127 5026 2298 5082 grum
2343 5027 2517 5082 super
2553 5021 2726 5082 caput
2758 5021 3002 5082 portare.
3038 5014 3108 5069 Et
3156 5028 3288 5068 cum
3341 5013 3396 5067 in
3430 5019 3587 5067 tanta
3625 5010 3828 5066 distri-

2126 5100 2311 5157 ctione
2339 5109 2394 5156 et
2438 5101 2653 5158 vilitate
2691 5117 2824 5158 cum
2868 5103 3090 5158 silentio
3120 5102 3377 5158 sciantur
3414 5115 3534 5157 esse
3564 5099 3824 5164 reclusae,

2128 5188 2272 5244 miro
2324 5197 2512 5245 tamen
2560 5191 2747 5258 modo,
2800 5191 3008 5246 Christi
3068 5199 3341 5261 operante
3387 5191 3624 5256 virtute,
3685 5203 3831 5258 quo-

2128 5277 2262 5333 tidie
2290 5278 2552 5334 videmus
2586 5279 2825 5334 feminas
2873 5293 2985 5334 non
3025 5279 3195 5334 modo
3242 5279 3505 5345 rusticas,
3558 5277 3646 5332 vel
3674 5290 3829 5346 pau-

2127 5379 2311 5435 peres,
2361 5367 2459 5422 sed
2521 5367 2710 5437 potius
2775 5367 3159 5424 nobilissimas
3223 5376 3278 5424 et
3334 5366 3662 5432 ditissimas,
3706 5372 3826 5420 tam

2126 5454 2333 5510 viduas
2376 5456 2722 5526 juvenculas
2772 5471 2949 5527 quam
2991 5457 3161 5512 etiam
3207 5455 3515 5528 puellulas,
3560 5454 3640 5509 ita
3679 5467 3826 5508 con-

2129 5543 2408 5600 versionis
2433 5544 2622 5614 gratia
2654 5546 2858 5615 spretis
2884 5545 3088 5602 mundi
3118 5544 3534 5615 voluptatibus,
3566 5542 3640 5598 ad
3671 5541 3825 5598 illius
