3932 6084
160 343 261 394 997

981 340 1348 400 HERMANNI
1393 342 1480 396 DE
1522 342 1758 398 MIRAC.
1796 342 1851 397 S.
1897 342 2137 398 ΜΑΒΙΑΞ
2174 341 2480 397 LAUDUN.
2517 373 2582 381 —-
2607 343 2739 397 LIB.
2785 343 2885 397 III.

3567 348 3670 401 998

160 473 534 529 institutionis
603 473 950 528 monasteria
1016 473 1367 542 festinantes,
1432 482 1486 530 et
1548 475 1717 545 quasi
1790 474 1861 530 ad
1900 475 2112 545 Aejus,
2147 483 2202 531 et
2247 475 2510 545 protinus
2547 475 2808 530 Norberti
2841 474 3138 530 dilectione
3167 491 3496 545 succensus,
3527 493 3668 548 quo-

161 562 620 618 mortilicandam
660 570 917 617 teneram
959 575 1192 618 carnem
1233 571 1548 630 currentes,
1585 571 1649 618 ut
1699 563 1867 632 plus-

161 663 338 720 quam
388 649 582 704 decem
615 649 798 704 millia
830 648 1178 704 feminarum
1225 649 1283 704 in
1326 651 1410 704 eis
1440 649 1606 705 hodie
1660 651 1864 705 creda-

161 754 294 796 mus
311 738 614 795 contineri.

233 828 289 884 Si
343 841 479 896 ergo
524 826 667 882 nihil
732 825 888 881 aliud
940 825 1187 880 domnus
1248 825 1569 882 Norbertus
1623 825 1863 893 fecisset,

160 916 280 982 sed,
331 914 542 970 omissa
598 914 962 970 conversione
1010 913 1290 977 virorum.
1329 921 1408 968 tot
1451 913 1694 969 feminas
1741 927 1866 969 ser-

158 1002 302 1058 vitio
351 1001 548 1057 divino
614 1015 721 1056 sua
779 999 1180 1056 exhortatione
1238 1001 1585 1067 attraxisset,
1675 1014 1867 1056 nonne

161 1089 419 1145 maxima
449 1089 620 1144 laude
640 1089 853 1158 dignus
883 1088 1120 1143 fuisset?
1139 1087 1188 1143 N
1196 1102 1306 1143 unc
1327 1103 1461 1144 vero
1490 1103 1621 1144 cum
1647 1089 1865 1145 utrius-

159 1192 276 1247 que
324 1191 498 1232 sexus
541 1178 668 1246 ejus
707 1176 966 1231 doctrina
1020 1183 1101 1231 tot
1156 1175 1338 1231 millia
1390 1176 1614 1232 Christo
1670 1177 1864 1233 famu-

158 1267 377 1334 lentur,
435 1280 567 1321 cum
618 1265 994 1320 institutionis
1051 1265 1176 1334 ejus
1235 1271 1313 1319 tot
1369 1265 1715 1320 monasteria
1764 1278 1866 1334 per

157 1354 355 1410 orbem
401 1353 740 1423 refulgeaut,
799 1353 986 1408 nescio
1058 1351 1198 1422 quid
1259 1351 1357 1406 alii
1401 1354 1668 1420 sentiant,
1722 1354 1864 1409 mihi

157 1442 390 1498 videtur
441 1455 642 1496 verum
692 1455 831 1507 esse,
866 1440 1020 1510 quod
1053 1438 1284 1509 plurimi
1319 1447 1604 1507 asserunt,
1649 1454 1683 1495 a
1723 1448 1860 1496 tem-

159 1545 296 1601 pore
325 1530 709 1600 apostolorum
743 1528 968 1584 nullum
999 1529 1171 1583 fuisse
1207 1527 1307 1597 qui
1338 1537 1450 1582 tam
1501 1528 1655 1584 brevi
1714 1537 1862 1585 tem—

157 1619 316 1690 poris
343 1620 524 1688 spatio
581 1631 688 1673 sua
737 1617 1090 1671 institutione
1139 1622 1218 1670 tot
1260 1615 1520 1683 perfecta:
1567 1616 1698 1671 vitze
1729 1616 1863 1671 imi—

153 1713 370 1762 tatores
419 1705 646 1760 Christo
703 1702 1056 1773 acquisierit.
1109 1703 1179 1758 Et
1235 1703 1280 1758 si
1337 1703 1569 1772 quidem
1604 1703 1661 1758 in
1705 1705 1863 1760 Prae-

156 1791 564 1848 monstratensi
612 1791 868 1847 coenobio
957 1789 1178 1844 diutius
1233 1790 1552 1857 mansisset,
1626 1791 1863 1846 forsitan
1904 1764 1943 1816 Β

155 1878 346 1934 multa
384 1878 497 1934 alia
529 1878 782 1948 fecisset;
816 1878 912 1933 sed
953 1877 1164 1933 diviuze
1221 1879 1703 1947 praedestinationi
1740 1879 1866 1949 pla-

163 1968 286 2024 cuit
338 1976 401 2024 ut
450 1969 724 2023 honorem
781 1982 953 2038 quem
994 1967 1053 2022 in
1103 1967 1222 2022 vita
1271 1968 1534 2023 saeculari
1592 1966 1866 2038 fugiendo

159 2056 488 2124 declinavit,
544 2065 948 2126 assequeretur
994 2056 1049 2111 in
1106 2056 1307 2112 habitu
1339 2056 1646 2127 religionis,
1679 2064 1733 2112 et
1763 2059 1867 2126 qui

161 2152 299 2201 ante
336 2145 765 2202 conversionem
813 2145 996 2202 noluit
1041 2159 1160 2201 esse
1193 2145 1514 2214 episcopus,
1573 2154 1696 2214 post
1724 2160 1867 2200 con-

158 2234 484 2289 versionem
517 2233 675 2290 ﬁeret
714 2233 1200 2304 archiepiscopus.

235 2329 370 2385 CAP.
413 2331 564 2388 VIII.
623 2360 692 2370 —-
751 2330 909 2402 Quod
955 2329 1350 2455 episctopatum
1390 2331 1865 2384 Cameracensem

869 2417 1099 2455 renuert
1131 2445 1143 2455 .

869 2417 1143 2456 renuent.

236 2495 494 2550 Domnus
541 2495 828 2566 siquidem
878 2497 1046 2568 Hugo
1085 2494 1643 2552 Praemonstratensis
1686 2493 1866 2548 abbas

157 2585 305 2641 mihi
351 2600 535 2655 nuper
564 2587 829 2642 narravit
858 2587 1013 2656 quod
1060 2586 1116 2640 in
1166 2585 1448 2656 principio
1478 2581 1866 2640 conversionis

158 2687 284 2729 suae
337 2689 468 2730 cum
527 2675 825 2730 ecclesiam
888 2675 1280 2731 Coloniensem
1327 2683 1381 2731 et
1426 2681 1692 2744 parentes
1729 2686 1865 2728 suos

159 2761 312 2817 idem
369 2761 683 2818 Norbertus
747 2763 1094 2832 reliquisset,
1149 2763 1525 2818 Valencenias
1593 2762 1761 2831 pedes
1809 2769 1864 2816 et

159 2849 542 2906 discalceatus
604 2850 784 2918 venit,
855 2851 1050 2921 ibique
1114 2851 1391 2906 domuum
1461 2848 1861 2905 Burchardum

158 2940 629 2995 Cameracensem
677 2941 1005 3009 episcopum
1052 2939 1289 2995 invenit.
1338 2938 1482 2994 Cum
1529 2952 1664 3008 ergo
1696 2950 1863 2992 mane

159 3025 467 3097 prmfatum
523 3026 848 3096 episcopum
899 3026 1132 3081 missam
1177 3027 1602 3082 celebraturum
1661 3024 1862 3080 audis-
1898 3057 1938 3113 Ο

158 3123 269 3180 set,
302 3114 540 3170 veniens
585 3113 657 3169 ad
706 3113 1024 3181 ecclesiam,
1084 3113 1309 3184 rogavit
1353 3113 1615 3169 eumdem
1669 3112 1861 3182 Hugo-

158 3215 316 3269 nem,
371 3201 475 3271 qui
535 3207 676 3256 tunc
720 3201 901 3270 ipsius
945 3200 1278 3270 capellanus
1332 3200 1579 3270 episcopi
1624 3207 1764 3266 erat,
1802 3205 1865 3254 ut

162 3305 224 3346 se
286 3290 493 3345 faceret
554 3289 819 3359 episcopo
855 3288 1124 3358 colloqui.
1186 3289 1355 3359 Hugo
1409 3288 1666 3343 nesciens
1733 3288 1866 3357 quis

162 3387 327 3446 esset,
399 3380 694 3449 ingressus
741 3379 1032 3434 nuntiavit
1068 3378 1339 3447 episcopo
1391 3378 1699 3448 quemdam
1753 3376 1864 3432 cle-

161 3469 350 3524 ricum
437 3468 804 3537 peregrinum
864 3481 968 3536 pro
1025 3466 1245 3528 foribus
1317 3479 1456 3527 esse,
1497 3473 1552 3520 et
1615 3465 1666 3520 ei
1707 3464 1865 3534 loqui

160 3555 330 3612 velle.
365 3557 540 3611 Jussu
597 3556 803 3610 deinde
831 3555 1078 3624 episcopi
1120 3554 1511 3610 introductum
1564 3567 1693 3608 cum
1733 3567 1867 3608 eum

162 3645 466 3714 episcopus
510 3643 953 3714 recognovisset,
1023 3651 1217 3713 utpote
1277 3657 1448 3712 quem
1502 3641 1566 3696 in-
1618 3641 1868 3711 impera-

165 3733 307 3789 toris
365 3733 531 3788 curia
609 3732 898 3787 multoties
987 3731 1344 3788 familiariter
1434 3737 1868 3786 conversantem

165 3821 514 3890 magnisque
547 3819 761 3874 divitiis
813 3819 1117 3890 pollentem
1157 3819 1400 3886 viderat,
1449 3819 1710 3888 protinus
1763 3817 1872 3872 ad-

170 3906 435 3962 mirando
485 3906 842 3975 stupefactus
902 3906 1330 3976 uberrimisque
1396 3905 1664 3975 lacrymis
1738 3918 1871 3973 per-

172 3995 338 4051 fusus
389 4011 402 4048 :
457 3994 522 4061 0,
573 3995 785 4064 inquit,
857 3995 1064 4050 domne
1116 3994 1410 4064 Norberte,
1462 3994 1596 4064 quis
1643 3992 1873 4048 credere

173 4081 452 4152 potuisset
484 4089 534 4137 te
583 4089 771 4137 tantas
814 4080 1045 4136 divitias
1087 4081 1433 4150 relinquere,
1467 4088 1521 4136 et
1551 4081 1622 4135 ad
1657 4086 1870 4135 tantam

175 4177 576 4242 paupertatem
629 4178 828 4240 sponte
858 4168 1093 4225 venire?
1125 4170 1360 4224 Domine
1410 4170 1580 4230 Deus,
1625 4168 1761 4238 quid
1792 4173 1876 4222 est

172 4258 328 4330 quod
357 4258 522 4314 video
553 4259 622 4314 de
646 4257 857 4314 domno
884 4257 1182 4325 Norberto,
1214 4273 1386 4328 quem
1414 4258 1549 4313 olim
1601 4264 1715 4312 tam
1771 4271 1876 4312 su-

171 4348 346 4418 perbe
396 4347 685 4414 indutum,
747 4353 981 4417 tamque
1031 4346 1353 4416 pompatico
1411 4345 1563 4401 fastu
1611 4344 1874 4400 videbam

170 4441 433 4497 incedere
463 4441 737 4497 solitum?

242 4529 504 4600 Cumque
560 4530 726 4600 Hugo
783 4528 1129 4599 capellanus
1189 4527 1436 4598 episcOpi
1495 4527 1696 4582 videns
1739 4541 1871 4582 eum

169 4627 291 4676 tam
356 4617 697 4674 mirabiliter
765 4617 1016 4686 ﬂentem,
1080 4625 1134 4673 et
1177 4631 1296 4686 prae
1346 4616 1524 4671 nimio
1586 4615 1726 4671 ﬂetu
1769 4615 1872 4670 vix

165 4707 331 4778 loqui
404 4707 711 4773 valentem,
771 4705 1145 4777 interrogavit
1201 4719 1335 4760 eum
1409 4704 1678 4774 quisnam
1730 4711 1875 4759 esset

169 4794 323 4850 idem
383 4793 712 4860 Norbertus,
767 4807 870 4863 pro
920 4809 1036 4863 quo
1078 4799 1367 4862 tantopere
1424 4791 1871 4861 lacrymabatur,

167 4882 472 4952 episcopus
502 4882 850 4951 respondens
883 4895 895 4934 :
929 4882 984 4937 Si
1031 4882 1223 4947 scires,
1275 4881 1482 4950 inquit,
1519 4881 1650 4950 quis
1679 4879 1870 4945 fuerit,

169 4970 470 5026 mirareris
497 4971 651 5040 quod
697 4983 856 5025 nunc
884 4969 1014 5025 talis
1044 4970 1134 5026 sit.
1200 4969 1445 5033 Quando
1489 4969 1640 5024 enim
1688 4969 1872 5038 impe-

167 5065 332 5116 rator
362 5059 516 5114 dedit
563 5058 702 5114 mihi
746 5059 1138 5129 episcopatum
1195 5060 1680 5123 Cameracensem,
1741 5058 1875 5113 huic

166 5146 454 5204 Norberto
487 5147 647 5216 prius
674 5161 810 5203 eum
853 5148 1077 5215 obtulit,
1120 5147 1217 5203 sed
1249 5147 1363 5215 ipse
1393 5161 1523 5202 eum
1584 5145 1874 5214 suscipere

168 5235 266 5292 vel
318 5235 527 5291 habere
574 5234 778 5291 noluit.
835 5235 938 5290 Hic
985 5236 1137 5291 enim
1175 5237 1323 5291 inter
1365 5233 1668 5290 canonicos
1706 5233 1874 5289 Colo-

171 5325 404 5380 nienses
472 5323 828 5379 honorabilis
870 5331 924 5378 et
986 5323 1300 5380 ditissimus
1354 5330 1494 5391 erat,
1545 5322 1639 5377 sed
1695 5335 1870 5389 nunc,

171 5412 326 5469 sicut
367 5410 578 5480 cernis,
625 5411 821 5467 omnia
871 5423 977 5480 pro
1007 5410 1120 5466 Deo
1167 5410 1420 5482 reliquit,
1461 5417 1517 5466 et
1554 5409 1726 5467 nudis
1777 5423 1873 5480 pe-

172 5500 349 5557 dibus
368 5500 549 5556 Deum
582 5513 842 5570 quaerere
871 5499 1098 5570 satagit.

254 5588 388 5644 Hac
430 5601 504 5643 ex
551 5588 798 5659 episcopi
846 5601 942 5645 ore
1014 5587 1255 5644 audiens
1301 5586 1467 5660 Hugo
1540 5585 1874 5658 capellanus

1978 567 2132 620 niam
2188 565 2308 634 jam
2353 573 2408 620 et
2461 564 2577 634 ipse
2634 564 2851 618 mundo
2915 564 3247 620 renuntiare
3300 566 3667 637 cogitaverat,

1976 655 2086 709 Deo
2119 653 2334 724 gratias
2366 667 2537 723 agere
2563 653 2618 707 in
2651 652 2821 706 corde
2852 666 2955 707 suo
2987 652 3175 722 coepit,
3207 653 3311 722 qui
3359 655 3466 710 sibi
3501 657 3670 712 talem

1974 741 2189 796 socium
2228 739 2634 796 destinaverat.
2687 739 2844 795 Sicut
2883 755 3018 808 ergo
3076 742 3372 810 quondam
3413 744 3673 800 Andreas

1974 842 2008 882 a
2054 829 2327 898 magistro
2374 843 2477 883 suo
2519 829 2736 884 Joanne
2782 828 3030 896 Baptista
3093 828 3393 884 Dominum
3431 830 3673 886 audiens

1974 917 2218 984 laudari,
2273 917 2464 972 relicto
2492 917 2690 972 eodem
2743 917 2959 977 Joanne
2989 925 3219 971 secutus
3247 925 3330 972 est
3364 918 3672 975 Dominum

1973 1003 2170 1073 (Joan.
2217 1019 2253 1072 ι,
2303 1004 2514 1070 40-42),
2561 1004 2640 1059 sic
2685 1005 2855 1059 etiam
2909 1005 3074 1073 Hugo
3128 1003 3370 1060 audiens
3419 1005 3670 1061 Norber-

1973 1100 2096 1148 tum
2164 1099 2459 1162 tantopere
2523 1091 2748 1147 laudari
2793 1105 2826 1146 a
2873 1092 3103 1147 domino
3168 1107 3273 1147 suo
3340 1093 3672 1150 Burchardo

1971 1177 2253 1249 episcopo,
2309 1179 2480 1249 cujus
2520 1178 2621 1233 diu
2670 1179 3001 1248 capellanus
3051 1179 3257 1245 fuerat,
3326 1180 3532 1254 [relicto
3578 1196 3672 1237 eo-

1972 1265 2100 1320 dem
2147 1267 2412 1337 episcopo
2477 1267 2718 1323 adhaesit
2764 1268 3064 1335 Norberto,
3129 1268 3370 1338 ejusque
3427 1270 3671 1325 consilio

1972 1353 2246 1423 disposita
2299 1355 2622 1411 substantia
2670 1370 2796 1424 sua,
2855 1357 3044 1410 socius
3085 1356 3135 1411 ei
3198 1357 3673 1428 peregrinationis

1970 1447 2025 1497 et
2059 1442 2482 1511 praedicationis
2524 1443 2924 1512 inseparabilis
2989 1442 3173 1498 factus
3205 1451 3308 1508 est,
3356 1453 3410 1499 et
3440 1459 3572 1500 cum
3606 1460 3671 1501 eo

1970 1530 2145 1586 nudis
2196 1531 2437 1600 pedibus
2492 1531 2709 1601 ubique
2749 1530 3234 1600 proliciscebatur,
3277 1532 3452 1588 donec
3485 1533 3674 1589 Remis

1970 1619 2205 1674 veniens
2237 1619 2306 1674 ad
2341 1618 2646 1674 concilium
2698 1633 2859 1690 papze
2914 1619 3136 1686 Calixti,
3163 1620 3371 1674 domno
3429 1621 3670 1676 Bartbo-

1973 1706 2173 1762 lomaeo
2241 1707 2612 1762 Laudunensi
2685 1707 2965 1777 episcopo,
3034 1707 3182 1762 sicut
3238 1722 3417 1777 supra
3466 1709 3673 1765 retuli-

1975 1809 2124 1862 mus,
2158 1795 2485 1851 notilicatus
2512 1803 2614 1850 est.

1973 1891 2110 1946 CAP.
2147 1891 2230 1944 IX.
2267 1895 2498 1944 ~54!)
2525 1890 2811 1965 Quomodo
2842 1890 3354 1965 Magdeburgensis
3381 1891 3675 1965 archiepi-

2539 1961 2958 2032 scopusfactus‘
2985 1961 3082 2016 sit.

2045 2055 2190 2119 Quia
2236 2070 2373 2127 ergo
2421 2056 2667 2111 relatum
2709 2065 2790 2112 est
2833 2057 2988 2126 quod
3034 2057 3334 2126 episcopus
3405 2057 3671 2114 Camera-

1973 2144 2157 2199 censis
2183 2145 2317 2199 esse“
2343 2144 2614 2214 potuerit,
2663 2144 2758 2200 sed
2791 2145 3057 2212 noluerit,
3095 2161 3251 2200 nunc
3281 2147 3674 2217 subjungatur

1974 2233 2260 2302 quomodo
2327 2233 2787 2302 archiepiscopus
2857 2233 3040 2288 factus
3107 2233 3297 2288 fuerit.
3358 2235 3500 2289 Cum
3538 2234 3671 2305 ijam

1974 2321 2169 2390 plures
2212 2321 2517 2391 utriusque
2564 2335 2756 2389 sexus,
2814 2321 3010 2376 relicta
3048 2321 3244 2376 saeculi
3283 2324 3558 2387 vanitate,
3600 2323 3672 2378 ad

1973 2409 2075 2465 Dei
2141 2410 2438 2465 servitium
2507 2409 2896 2476 convertisset,
2949 2410 3261 2480 multisque
3308 2411 3673 2466 monasteriis

1971 2498 2139 2568 longe
2171 2497 2400 2568 lateque
2448 2498 2808 2565 constructis,
2846 2498 2997 2553 fama
3027 2497 3154 2568 ejus
3186 2499 3403 2567 ubique
3435 2505 3672 2567 proten-

1971 2587 2220 2652 derctur,
2256 2586 2626 2641 transmissus
2669 2592 2752 2640 est
2782 2586 2854 2640 ab
2905 2585 2996 2640 illo
3031 2586 3228 2656 magni
3284 2585 3531 2641 nominis
3577 2599 3670 2639 co-

1972 2674 2108 2729 mite
2133 2674 2458 2743 Campaniae
2490 2674 2836 2738 Theobaldo,
2887 2673 3116 2728 Henrici
3147 2673 3298 2743 regis
3349 2671 3670 2742 Anglorum

1972 2758 2246 2831 germano
2278 2760 2407 2825 filio,
2447 2761 2518 2816 ad
2548 2760 3092 2816 excellentissimum
3121 2760 3431 2830 quemdam
3465 2759 3672 2814 Lotha-

1971 2849 2173 2919 ringize
2222 2849 2554 2918 principem,
2609 2851 2778 2918 cujus
2823 2849 2998 2903 filiam
3031 2849 3180 2903 idem
3218 2862 3405 2903 comes
3463 2847 3673 2917 conju-

1972 2951 2098 3008 gem
2130 2936 2317 2992 duxit.
2348 2937 2576 2992 Accedit
2609 2937 2822 2993 interea
2853 2945 2935 3005 ut,
2976 2937 3397 3006 archiepiscopo
3435 2935 3674 3006 Magde—

1973 3024 2279 3095 burgensis
2308 3025 2598 3091 defuncto,
2631 3026 2818 3081 clerici
2850 3026 3108 3095 ejusdem
3141 3025 3302 3081 urbis
3341 3024 3412 3079 ad
3455 3024 3674 3079 facien-

1973 3115 2104 3169 dam
2158 3111 2489 3169 electionem
2533 3113 2768 3170 alterius
2823 3114 3216 3170 convenirent.
3277 3111 3487 3168 Eodem
3538 3125 3674 3168 vero

1973 3215 2124 3256 anno
2157 3201 2405 3256 domnus
2421 3200 2748 3269 lNorbertus
2771 3209 2984 3257 secreto
3027 3201 3358 3271 colloquens
3405 3199 3674 3256 familiari

1972 3303 2078 3344 suo
2145 3289 2353 3343 domno
2401 3288 2673 3344 Gaufrido
2743 3289 3109 3345 Carnotensis
3164 3289 3329 3345 urbis
3384 3289 3674 3358 episcopo,

1975 3377 2238 3446 praedixit
2280 3376 2331 3432 ei
2402 3391 2461 3432 se
2508 3391 2608 3446 per
2673 3378 2862 3433 visum
2936 3379 3271 3448 cognovisse
3342 3376 3498 3447 quod
3555 3375 3676 3445 ipso

1976 3479 2129 3520 anno
2175 3465 2409 3520 futurus
2451 3473 2596 3521 esset
2655 3467 2972 3537 episcopus,
3024 3467 3117 3522 sed
3181 3466 3472 3534 nesciebat
3505 3463 3676 3534 cujus

1975 3552 2136 3610 urbis
2165 3553 2254 3608 vel
2283 3553 2591 3621 provinciae

2046 3641 2191 3698 Cum
2219 3654 2356 3711 ergo
2403 3641 2592 3697 clerici
2624 3643 3148 3714 Magdeburgenses
3201 3643 3396 3713 plures
3439 3641 3674 3712 quidem

1975 3729 2298 3800 elegissent,
2329 3729 2424 3784 sed
2471 3730 2529 3785 in
2576 3731 2796 3786 nullius
2829 3730 3100 3787 electione
3150 3730 3500 3786 unanimiter
3548 3744 3678 3785 con-

1978 3818 2273 3886 sentirent,
2324 3818 2630 3874 nuntiatur
2670 3820 2752 3874 eis
2791 3820 2936 3875 duos
2980 3819 3304 3890 apostolicae
3336 3818 3485 3875 sedis
3514 3817 3679 3888 lega-

1979 3915 2084 3973 tos,
2126 3906 2280 3962 viros
2325 3907 2637 3977 religiosos,
2709 3909 2781 3964 ab
2831 3910 2970 3964 urbe
3020 3911 3197 3964 Roma
3245 3907 3677 3978 Maguntiacum

1981 3997 2225 4061 venisse,
2301 4009 2551 4064 quorum
2628 4012 2782 4052 unus
2849 3999 3067 4064 Petrus,
3133 3997 3278 4052 alter
3360 3995 3680 4051 vocabatur

1980 4084 2289 4150 Gerardus,
2314 4083 2416 4153 qui
2447 4091 2638 4154 postea
2664 4101 2812 4156 papa
2839 4087 3023 4142 factus
3045 4085 3345 4143 Caelestino
3383 4084 3676 4149 successit,

1983 4183 2038 4230 et
2096 4171 2422 4243 Eugenium
2485 4176 2790 4243 praecessit.
2862 4174 3148 4229 Timentes
3198 4174 3391 4242 itaque
3460 4169 3681 4242 praefati

1985 4264 2174 4321 clerici
2201 4279 2274 4320 ne
2328 4279 2431 4334 pro
2483 4264 2770 4320 discordia
2816 4263 3104 4319 electionis
3175 4261 3491 4332 perniciosa
3538 4260 3681 4315 forte

1915 4353 2134 4411 Dinter
2175 4371 2270 4413 eos
2317 4356 2568 4412 oriretur
2624 4352 2843 4416 seditio,
2899 4351 3038 4406 inito
3087 4349 3330 4406 concilio
3379 4347 3682 4418 praedictos

1981 4443 2129 4499 sedis
2161 4444 2483 4514 apostolicae
2519 4442 2732 4512 legatos
2771 4440 3005 4504 adeunt,
3032 4447 3087 4494 et
3135 4439 3467 4494 electionem
3514 4449 3680 4492 suam

1982 4533 2039 4586 in
2071 4547 2168 4588 ore
2213 4547 2415 4589 eorum
2466 4537 2706 4600 ponunt,
2752 4535 2806 4584 et
2853 4540 3264 4597 quemcunque
3293 4525 3594 4596 elegissent
3624 4537 3684 4578 se

1983 4635 2353 4677 concessuros
2421 4619 2785 4689 promittunt.
2874 4615 3065 4685 Legati
3128 4613 3386 4668 videntes
3459 4619 3681 4668 tantam

1981 4723 2179 4764 eorum
2221 4709 2598 4773 devotionem,
2665 4707 3090 4774 proposuerunt
3138 4699 3358 4755 nullam
3426 4696 3684 4767 accipere

1983 4797 2306 4866 pecuniam,
2359 4811 2491 4867 quae
2557 4795 2690 4864 ipsis
2736 4807 2769 4848 a
2824 4789 3121 4846 nonnullis
3162 4801 3260 4858 per
3301 4785 3684 4842 internuntios

1982 4884 2346 4952 offerebatur,
2397 4899 2469 4939 ne
2530 4883 2673 4938 forte
2735 4880 2894 4935 sedes
2942 4875 3270 4947 apostolica,
3317 4881 3373 4929 et
3432 4872 3684 4927 maxime

1985 4969 2108 5040 ipsi,
2143 4983 2317 5039 super
2347 4969 2452 5024 hoc
2492 4967 2931 5022 infamarentur.
2982 4963 3125 5018 Cum
3174 4973 3312 5028 ergo
3363 4970 3465 5027 pro
3526 4963 3683 5011 tanto

1982 5057 2210 5128 negotio
2283 5058 2565 5120 decenter,
2644 5067 2708 5108 ac
2769 5050 3158 5114 laudabiliter,
3231 5061 3298 5102 ac
3345 5045 3468 5100 sine
3525 5043 3683 5099 omni

1983 5144 2248 5200 Simonim
2312 5152 2450 5199 nota
2512 5140 2876 5197 terminando
2939 5137 3167 5194 Domini
3235 5131 3684 5190 misericordiam

1983 5239 2256 5300 peterent,
2307 5239 2362 5287 et
2416 5244 2546 5286 cum
2591 5228 2948 5298 sapientibus
2996 5227 3137 5281 viris
3177 5225 3234 5280 in
3281 5221 3534 5279 Ecclesia
3578 5235 3684 5290 po-

1984 5317 2074 5374 siti
2111 5318 2318 5374 exinde
2373 5317 2677 5387 diligenter
2708 5321 3036 5382 tractarent,
3077 5327 3207 5369 ecce
3268 5313 3594 5381 insperatus
3630 5315 3685 5364 et

1984 5407 2328 5475 improvisus
2356 5407 2425 5462 de
2456 5405 2699 5460 Francia
2747 5403 3001 5469 veniens,
3046 5401 3248 5458 orandi
3279 5400 3486 5471 gratia,
3536 5411 3686 5453 eam-

1982 5494 2112 5550 dem
2143 5493 2449 5551 Ecclesiam
2496 5492 2809 5550 Norbertus
2833 5489 3175 5562 ingreditur,
3206 5489 3464 5560 ejusdem
3505 5499 3686 5556 nego-

1984 5583 2050 5641 tii
2079 5583 2314 5640 omnino
2349 5582 2612 5654 ignarus.
