3932 6084
271 285 373 338 999

1192 275 1487 332 ΑΡΡΕΝΙ).
1533 278 1625 331 AD
1668 277 1800 332 LIB.
1846 276 1918 331 Ill
1959 277 2290 333 GUIBERTI
2333 279 2422 332 DE
2461 277 2622 334 VITA
2655 279 2809 334 SUA.

3639 284 3656 332 1
3671 283 3785 334 000

340 412 464 479 Quo
526 411 653 467 viso
733 408 900 478 legali
957 407 1254 476 stupefacti
1318 416 1372 462 et
1421 407 1788 474 admirantes,
1847 421 1969 476 pre-
2008 411 2051 462 Α
2079 409 2219 478 quia
2250 409 2305 463 in
2349 408 2661 475 ditissimis,
2698 417 2753 464 et
2787 409 3203 478 antiquissimis
3247 410 3523 466 cmuobiis
3579 411 3787 466 Gallia».

273 515 480 571 cesque
511 513 645 554 suas
677 512 711 552 a
760 497 872 551 Deo
911 496 1214 551 exauditas
1251 510 1372 550 esse
1427 495 1760 566 gaudentes,
1796 496 1968 551 cleri—

272 605 366 644 cos
415 586 935 657 Magdeburgenses
984 591 1319 649 convocant,
1351 591 1405 638 et
1440 591 1635 638 utrum
1687 584 1877 638 adhuc
1909 585 1966 638 iu

271 691 376 732 sua
405 675 687 731 sententia
735 680 1154 742 permanentes,
1189 685 1222 724 a
1253 685 1311 726 se
1354 671 1596 726 electum
1643 672 1966 741 suscepturi

270 766 454 820 forent
486 764 860 831 interrogant.
895 760 1012 815 Illis
1041 759 1391 815 unanimiter
1441 757 1674 814 insimul
1725 774 1963 829 respon—

269 852 540 908 dentibus
578 865 636 906 se
666 850 885 920 absque
933 849 1050 904 ulla
1100 848 1552 903 contradictione
1602 857 1969 916 suscepturus

271 954 680 1012 quemcunque
732 938 1142 1005 nominassent,
1195 937 1456 1006 protinus
1513 936 1682 1006 legati
1715 936 1968 1006 subjun-

269 1036 522 1100 gentes:
579 1028 650 1082 Et
713 1041 815 1082 nos
887 1025 1182 1095 inquiunt,
1245 1025 1302 1080 in
1352 1023 1579 1079 nomine
1642 1023 1844 1090 Patris,
1914 1031 1970 1079 et

270 1117 417 1183 Filii,
460 1124 515 1173 et
566 1115 810 1186 Spiritus
860 1113 1045 1169 sancti
1095 1113 1258 1170 vobis
1311 1112 1679 1168 nominamus
1721 1119 1775 1168 et
1813 1112 1971 1183 eligi-

268 1221 400 1262 mus
429 1206 703 1262 domuum
755 1203 1098 1259 Norbertum
1150 1202 1342 1257 virum
1375 1201 1708 1271 religiosum
1753 1208 1808 1257 et
1838 1215 1965 1270 pro-

269 1295 469 1351 batum
500 1292 782 1362 nobisque
811 1306 877 1346 ac
915 1291 1077 1346 vobis
1106 1304 1207 1360 pro
1235 1289 1519 1358 explendo
1560 1289 1820 1358 praesenti
1863 1303 1968 1344 ne-

270 1383 436 1454 gotio,
467 1383 617 1437 sicut
646 1381 952 1446 credimus,
1004 1393 1037 1433 a
1077 1378 1313 1433 Domino
1369 1379 1484 1433 Deo
1544 1377 1965 1433 transmissum.

267 1470 556 1528 Attonitus
601 1483 773 1538 super
813 1475 925 1522 tam
981 1467 1296 1522 incredibili
1353 1474 1407 1522 et
1452 1466 1617 1521 celeri
1656 1466 1803 1521 facto
1843 1473 1966 1520 stu-

270 1569 383 1630 pet,
436 1567 490 1615 et
557 1558 878 1612 admiratur
923 1555 1260 1623 Norbertus,
1311 1563 1362 1610 et
1415 1562 1612 1609 utrum
1663 1554 1858 1624 vigilet
1894 1567 1969 1607 au

271 1647 518 1704 dormiat
567 1647 850 1717 ignarus;
885 1644 983 1700 ubi
1033 1647 1124 1711 sit,
1179 1643 1265 1698 vel
1314 1643 1467 1698 unde
1497 1643 1738 1709 venerit,
1774 1656 1968 1698 secum

270 1737 390 1806 ipse
421 1732 848 1804 percunctando
896 1732 1158 1787 miratur.
1217 1731 1518 1785 Confestim
1567 1730 1743 1801 igitur
1780 1743 1814 1784 a
1861 1730 1970 1785 cle-

271 1824 405 1880 ricis
458 1822 702 1891 capitur,
759 1820 1028 1886 trahitur,
1075 1820 1143 1873 ad
1189 1819 1367 1874 altare
1397 1834 1510 1874 non
1572 1819 1824 1886 ducitur,
1873 1818 1970 1873 sed

271 1912 547 1966 violenter
606 1916 888 1979 portatur,
952 1907 1186 1962 sublimi
1232 1922 1367 1962 voce
1425 1908 1499 1961 Te
1538 1911 1712 1962 Deum
1767 1906 1970 1961 lauda-

267 2017 396 2055 mus
453 2005 746 2066 cantatur;
799 1997 1003 2052 deinde
1062 1996 1396 2051 obedientize
1458 1995 1688 2051 vinculo
1740 2003 1973 2051 coactus

269 2087 567 2157 episcopus
597 2093 980 2140 consecratur.
1032 2084 1119 2139 Sic
1159 2099 1294 2154 ergo
1351 2085 1488 2139 dum
1522 2084 1669 2154 fugit
1698 2084 1970 2141 Camera—

269 2189 493 2231 ceusem
566 2174 980 2242 episcopatum,
1062 2173 1304 2242 adeptus
1371 2181 1473 2240 est,
1553 2175 1666 2228 Deo
1725 2173 1968 2239 volente,

270 2264 825 2334 Magdeburgeusem
891 2261 1472 2332 archiepiscopatum.
1541 2261 1600 2316 in
1665 2276 1782 2332 quo
1847 2261 1972 2316 reli-

272 2354 425 2424 giose
454 2352 656 2408 vivens
689 2365 787 2420 per
839 2351 1059 2422 aliquot
1105 2364 1288 2406 annos
1326 2350 1556 2406 tandem
1594 2364 1628 2406 a
1680 2349 1974 2405 laboribus

271 2441 393 2498 suis
426 2441 590 2497 beato
620 2441 732 2496 fine
761 2439 999 2510 quievit.

377 2539 511 2595 CAP.
545 2540 616 2596 X.
645 2569 714 2578 —
742 2535 1080 2592 Immutatz'o
1109 2533 1350 2592 ecclesia
1380 2533 1970 2603 Praemonstratensis,

913 2611 967 2662 et
984 2605 1329 2662 metioratio.

344 2707 622 2764 Przefatus
668 2713 860 2762 autem
905 2701 1093 2761 socius
1120 2707 1246 2775 ejus
1295 2705 1541 2760 domnus
1581 2705 1767 2775 Hugo,
1823 2703 1973 2758 Prae-

274 2794 710 2852 monstratensis
739 2795 1068 2850 monasterii
1114 2794 1187 2849 ab
1234 2794 1431 2849 eodem
1461 2793 1736 2849 Norberto
1795 2792 1975 2848 abbas

271 2884 505 2953 electus,
559 2891 614 2939 et
663 2897 695 2937 a
745 2883 954 2938 domno
1005 2882 1416 2937 Bartholomaeo
1465 2881 1728 2951 episcopo
1763 2881 1972 2936 confir-

2074 496 2176 551 vix
2209 497 2452 552 inveniri
2492 501 2670 566 potest
2707 512 2854 566 opus
2883 497 3085 564 simile,
3118 499 3195 553 ita
3249 507 3312 554 ut
3339 514 3538 554 omnes
3597 500 3778 553 adve-

2077 585 2294 640 nientes
2341 593 2396 641 et
2456 586 2817 654 iuspicientes
2875 587 3137 655 protinus
3197 588 3438 642 dicant:
3497 591 3790 657 quoniam

2074 672 2133 727 iu
2170 675 2404 729 veritate
2436 688 2551 728 non
2584 674 2656 729 ab
2700 673 2949 741 homine,
2995 689 3184 745 neque
3215 690 3315 746 per
3361 677 3652 732 hominem
3702 677 3788 731 fa-

2077 770 2231 816 ctum
2279 770 2363 818 est
2413 762 2582 829 istud,
2628 771 2682 818 et
2736 771 2820 820 est
2867 763 3128 819 mirabile
3196 764 3253 819 in
3305 765 3485 820 oculis
3549 774 3791 820 nostris.

2073 851 2208 905 Jesu
2258 849 2429 906 bonel
2498 859 2716 920 quanto
2764 853 2975 922 gaudio
3023 853 3274 922 repletur
3334 854 3799 910 Bartholomaeus

2075 937 2372 1008 episcopus
2425 941 2650 1009 quoties
2694 940 2833 996 illuc
2887 941 3229 997 visitationis
3295 943 3479 1012 gratia
3522 944 3795 1008 veniens,

2075 1024 2349 1093 conspicit
2377 1033 2489 1080 tam
2526 1026 2889 1096 splendidum
2937 1030 3368 1096 monasterium,
3403 1030 3521 1084 suis
3547 1029 3791 1094 diebus,

2075 1126 2298 1182 suoque
2328 1113 2562 1169 consilio
2593 1122 2648 1170 et
2682 1115 2962 1184 principio
2993 1131 3025 1170 a
3058 1117 3301 1172 Domino
3357 1126 3792 1174 constructum.

2076 1199 2317 1256 Videtur
2347 1201 2483 1256 mihi
2515 1203 2668 1272 quod
2694 1211 2749 1258 et
2799 1203 2916 1274 ipse
2942 1219 3074 1261 cum
3130 1206 3383 1275 apostolo
3452 1206 3629 1262 Paulo
3692 1205 3800 1261 di-

2075 1303 2200 1344 cere
2233 1289 2445 1358 possit:
2487 1290 2910 1348 Abundantius
2967 1295 3422 1350 antecessoribus
3482 1294 3623 1350 meis
3655 1294 3798 1363 epi-

2076 1377 2259 1446 scopis
2305 1378 2789 1436 Laudunensibus
2833 1380 2957 1448 feci,
2992 1405 3013 1431 ‹
3063 1382 3188 1438 Non
3245 1391 3436 1438 autem
3492 1398 3617 1454 ego,
3687 1382 3796 1437 sed

2077 1465 2263 1534 gratia
2295 1464 2389 1519 Dei
2423 1479 2641 1521 mecum
2677 1468 2730 1537 (Ι
2756 1470 2886 1521 Cor.
2913 1483 3010 1535 xv,
3045 1469 3149 1538 l0).
3190 1492 3212 1517 ι

2185 1558 2315 1613 CAP.
2351 1559 2450 1614 XI.
2485 1591 2552 1598 —
2575 1563 2654 1614 De
2678 1563 3104 1688 constructione
3139 1563 3564 1620 Fuisniacensis

2798 1649 2949 1688 caeno
2987 1651 3049 1688 zz.

2798 1649 3049 1688 ουτηοοῑι.

2015 1693 2050 1746 Β
2150 1727 2272 1782 Non
2304 1728 2489 1784 solum
2539 1744 2676 1786 vero
2719 1731 2928 1788 domno
2975 1733 3274 1800 Norberto,
3322 1742 3375 1790 et
3431 1733 3798 1804 sequacibus

2078 1814 2219 1883 ejus,
2270 1817 2371 1885 qui
2421 1817 2529 1872 sub
2569 1819 2768 1875 ordine
2820 1821 3069 1876 clericali
3120 1823 3234 1876 Deo
3293 1823 3573 1888 serviunt,
3636 1821 3796 1876 idem

2077 1903 2375 1972 episcopus
2431 1919 2551 1960 sese
2615 1907 2935 1977 adjutorem
3007 1911 3273 1980 praebuit,
3335 1910 3430 1965 sed
3495 1911 3664 1965 etiam
3724 1912 3801 1965 de

2080 1992 2602 2050 Clarevalleusibus
2651 1998 2944 2052 monachis
3001 1998 3348 2053 monasteria
3394 2000 3449 2052 in
3482 2013 3588 2053 sua
3645 1999 3795 2053 diu)-

2079 2080 2189 2136 cesi
2222 2081 2456 2136 studens
2489 2083 2717 2150 habere,
2751 2085 2936 2140 locum
2965 2087 3066 2156 qui
3102 2086 3470 2142 Fuisniascus
3520 2094 3793 2152 vocatur,

2080 2170 2136 2224 in
2195 2170 2470 2225 Terascea
2527 2172 2669 2227 silva
2715 2174 2796 2229 eis
2840 2175 3012 2241 dedit,
3063 2191 3258 2245 quem,
3299 2184 3363 2231 ut
3416 2189 3592 2245 supra
3637 2176 3796 2230 scri-

2079 2264 2242 2327 ptum
2267 2267 2368 2325 est,
2403 2260 2475 2314 ab
2508 2261 2705 2316 eodem
2746 2263 3007 2332 episcopo
3039 2264 3147 2319 sibi
3197 2273 3489 2320 ostensum
3535 2264 3796 2319 domnus

2078 2346 2390 2402 Norbertus
2419 2348 2661 2416 dixerat,
2723 2351 2984 2421 religioni
3034 2353 3266 2422 quidem
3306 2367 3654 2422 congruum,
3687 2351 3795 2407 sed

2079 2449 2193 2490 non
2221 2435 2324 2490 sibi
2351 2449 2383 2490 a
2414 2435 2527 2491 Deo
2564 2437 2932 2494 destinatum.
2969 2440 3244 2496 Dominus
3272 2455 3410 2511 ergo
3447 2442 3549 2510 qui
3584 2454 3795 2496 servos

2077 2538 2214 2580 suos
2244 2524 2512 2594 disponit,
2553 2533 2608 2581 et
2657 2527 2884 2583 ordinat
2917 2529 3018 2584 ubi
3053 2529 3196 2596 vult,
3227 2537 3282 2584 et
3314 2529 3600 2598 quomodo
3661 2529 3798 2584 vult

2078 2611 2358 2668 Norberto
2393 2613 2626 2682 quidem
2668 2614 3199 2681 Praemonstratum,
3249 2616 3801 2672 Claraevallensibus

2081 2709 2274 2756 autem
2324 2700 2629 2756 destinavit
2697 2703 3089 2759 Fuisniacum.
3142 2705 3247 2760 Ubi
3285 2706 3600 2774 episcopus,
3653 2719 3796 2760 cum

2083 2789 2378 2844 monachis
2438 2789 2753 2859 aliquando
2817 2806 2915 2862 per
2991 2793 3406 2848 hebdomadam
3479 2795 3795 2863 integram,

2080 2877 2394 2948 aliquando
2470 2892 2605 2933 vero
2684 2880 3015 2949 quindecim
3081 2882 3282 2937 diebus
3355 2883 3793 2946 commorando,

273 2981 487 3040 matus,
561 2972 788 3028 assidue
854 2971 1075 3027 studuit
1142 2971 1368 3026 vineam
1454 2985 1630 3040 quam
1725 2969 1974 3024 domnus
2011 2980 2396 3044 Ceorumque
2467 2966 2717 3023 laborem
2781 2977 2836 3024 et
2911 2979 3306 3040 paupertatem
3373 2971 3791 3040 benignissime

271 3063 590 3119 Norbertus
621 3075 814 3116 secum
847 3059 1224 3130 plantaverat,
1255 3059 1612 3114 exhortando
1641 3057 1976 3123 et,collabo-

274 3151 456 3207 rando
503 3150 712 3219 rigare,
772 3150 883 3204 Deo
926 3161 1024 3218 per
1071 3147 1265 3203 omnia
1311 3147 1753 3203 misericorditer
1783 3147 1974 3202 incre—

273 3246 532 3295 mentum
587 3236 637 3292 ei
684 3237 874 3292 dante.
932 3235 1144 3290 Videns
1197 3233 1783 3304 autemecclesiolam
1818 3233 1972 3289 illam

275 3340 514 3398 parvam
543 3326 664 3396 jam
713 3340 827 3380 non
883 3338 1043 3393 posse
1085 3323 1348 3379 sufficere
1398 3331 1568 3379 tantas
1617 3322 1974 3378 multitudini

274 3417 518 3472 fratrum
580 3428 713 3485 quae
759 3420 1124 3480 convenerat,
1156 3421 1211 3468 et
1257 3412 1513 3482 quotidie
1561 3426 1659 3482 per
1702 3411 1799 3467 Dei
1841 3425 1976 3482 gra—

274 3505 413 3560 tiam
438 3501 946 3574 augmentabatur,
975 3501 1160 3556 sciens
1201 3502 1372 3556 etiam
1420 3500 1696 3556 domuum
1729 3500 1972 3556 Norber-

275 3602 419 3660 tum,
458 3600 522 3648 ut
565 3591 830 3660 superius
867 3590 1082 3646 dictum
1112 3597 1215 3657 est,
1267 3590 1326 3644 in
1385 3589 1592 3658 spiritu
1646 3589 1976 3659 praevidisse

275 3681 430 3752 quod
478 3694 550 3736 ex
600 3679 780 3734 altera
829 3677 1038 3733 montis
1083 3686 1242 3747 parte
1307 3678 1490 3747 major
1537 3677 1774 3732 ecclesia
1838 3678 1976 3732 foret

274 3768 631 3835 aedificanda,
669 3766 805 3822 inito
846 3781 976 3821 cum
1028 3766 1302 3821 fratribus
1331 3769 1450 3821 suis
1496 3765 1753 3830 consilio,
1810 3765 1975 3820 dom-

275 3873 417 3914 num
447 3856 925 3912 Bartholomteum
971 3854 1323 3924 episcopum,
1368 3861 1434 3909 ut
1483 3862 1609 3923 pote
1640 3853 1743 3908 loci
1770 3853 1974 3909 funda-

273 3955 475 4013 torem,
510 3952 564 4001 et
606 3952 845 4013 patrem,
895 3942 1165 3998 advenire
1223 3941 1464 4013 rogavit,
1527 3949 1815 4011 quatenus
1861 3941 1974 3996 dis-

275 4034 475 4106 positis
521 4032 790 4088 omnibus
839 4030 1098 4096 officinis,
1161 4030 1277 4100 ipse
1329 4031 1579 4099 primum
1640 4029 1885 4100 lapidem
1919 4030 1976 4085 in

277 4122 529 4178 ecclesia)
557 4119 930 4176 fundamento
963 4127 1217 4189 poneret.

350 4207 615 4266 Venieuti
674 4222 811 4279 ergo
864 4207 1128 4278 episcopo
1183 4214 1336 4264 totus
1388 4206 1480 4262 ille
1541 4206 1637 4263 Dei
1689 4205 1978 4262 exercitus

2057 3048 2436 3123 'sustinendo,
2505 3063 2560 3110 et
2637 3056 2881 3112 dulciter
2944 3073 3039 3113 eos
3115 3059 3342 3114 assidue
3413 3058 3789 3124 consolando,

2081 3143 2358 3212 templum
2443 3151 2497 3200 et
2583 3145 2932 3200 necessarias
3011 3145 3288 3214 officinas,
3368 3162 3501 3203 cum
3565 3147 3792 3202 molen—

2082 3232 2252 3298 dinis,
2325 3239 2381 3288 et
2437 3231 2810 3303 agriculturis
2861 3241 3194 3290 construere
3241 3242 3297 3290 et
3344 3236 3610 3304 perficere
3654 3243 3788 3291 stu-

2082 3320 2273 3376 debat.

2193 3408 2333 3463 CAP.
2367 3409 2491 3464 XII.
2533 3440 2600 3448 —
2630 3412 2704 3464 De
2729 3410 3148 3466 constructione
3184 3410 3562 3480 Spinetensis.

2153 3496 2266 3552 Nec
2305 3497 2468 3566 prius
2523 3498 2760 3564 abstitit,
2803 3498 2983 3554 donec
3020 3499 3230 3554 domno
3277 3498 3522 3554 Gosvino
3579 3498 3792 3554 abbate

2086 3584 2293 3640 ibidem
2326 3584 2609 3652 ordinato,
2646 3599 2975 3657 magnaque
3027 3585 3270 3642 fratrum
3321 3587 3493 3642 turba
3549 3601 3793 3657 congre-

2085 3680 2236 3744 gata,
2270 3674 2444 3728 etiam
2492 3673 2649 3728 aliud
2707 3675 3031 3730 coenobium
3091 3689 3162 3730 ex
3188 3689 3254 3730 eo
3297 3675 3596 3745 procedere
3629 3676 3798 3730 vide-

2088 3769 2208 3817 ret:
2244 3761 2301 3816 in
2334 3761 2558 3818 ditecesi
2611 3776 2718 3818 sua
2766 3777 2940 3833 prope
2990 3763 3246 3819 Guisiam
3280 3765 3435 3834 quod
3487 3765 3796 3833 Spiuetum

2084 3858 2342 3906 vocatur.
2369 3851 2431 3905 In
2462 3864 2578 3920 quo
2617 3851 2884 3907 abbatem
2913 3852 3203 3908 ordinavit
3233 3855 3464 3909 nomine
3509 3853 3795 3908 Odonem.

2084 3939 2189 4006 Qui
2231 3939 2304 3995 ab
2354 3939 2735 3995 adolescentia
2783 3954 2857 3996 ex
2917 3941 3060 3998 urbe
3107 3943 3478 3998 Lauduueusi
3533 3941 3793 4012 fugiens,

2086 4027 2146 4083 in
2190 4028 2534 4084 monasterio
2587 4028 2976 4085 Fuisniacensi
3015 4030 3335 4085 monachus
3364 4030 3544 4086 factus
3573 4030 3791 4088 fuerat.

2191 4118 2324 4172 CAP.
2366 4117 2520 4171 XIII.
2548 4147 2617 4156 —-
2643 4117 2729 4170 De
2755 4116 3170 4172 constructione
3206 4117 3608 4174 Vatclaremsis.

2157 4205 2409 4261 Tertium
2462 4219 2696 4275 quoque
2720 4205 2788 4262 de
2816 4207 3012 4262 eodem
3043 4207 3243 4263 ordine
3271 4207 3794 4264 Clarevalleusium

277 4312 411 4354 cum
480 4310 694 4367 magna
760 4295 1114 4365 processione
1164 4295 1328 4351 lzetus
1400 4295 1672 4365 occurrit,
1728 4295 1976 4350 laudans
2014 4288 2057 4341 D
2087 4294 2501 4349 monachorum
2545 4293 2817 4364 praefatus
2861 4295 3163 4365 episcopus
3206 4297 3529 4352 construxit
3583 4310 3794 4352 cumo-

276 4388 460 4443 Deum
513 4385 572 4440 in
624 4399 760 4440 voce
802 4383 1196 4440 exsultatiouis
1241 4391 1295 4440 et
1347 4383 1728 4439 confessionis.
1774 4383 1974 4438 Statim

276 4489 414 4532 vero
438 4473 739 4544 episcopus
768 4471 1098 4528 recordatus
1141 4471 1397 4537 visionis,
1431 4483 1609 4541 quam
1658 4469 1976 4526 Norbertus

278 4565 465 4634 prima
514 4569 676 4618 nocte
717 4561 1000 4616 adventus
1029 4559 1116 4616 sui
1153 4561 1209 4614 iu
1242 4560 1436 4616 eodem
1482 4559 1602 4614 loco
1661 4572 1720 4614 se
1768 4557 1976 4614 vidisse

281 4658 434 4706 550
491 4650 801 4717 retulerat,
863 4648 1296 4705 multitudinem
1379 4647 1591 4702 scilicet
1649 4646 1974 4702 albatorum

278 4739 564 4804 virorum,
590 4752 791 4794 cruces
817 4743 1118 4806 argenteas
1176 4749 1310 4790 cum
1362 4734 1722 4790 candelabris
1752 4741 1806 4789 et
1837 4734 1975 4790 thu-

280 4825 486 4882 ribulis
535 4823 839 4880 ferentium
915 4825 1218 4892 ipsumque
1281 4822 1469 4877 locum
1531 4821 1816 4877 cantando
1867 4821 1978 4876 cir-

281 4912 704 4978 cumeuntium,
773 4911 1018 4966 multum
1067 4909 1398 4978 exsultavit,
1470 4911 1697 4980 Deoque
1764 4910 1980 4981 gratias

280 5002 416 5074 egit,
447 5003 588 5072 quia
628 5001 783 5071 quod
815 5000 1130 5056 Norbertus
1161 4999 1218 5054 in
1246 4999 1377 5054 visu
1409 4999 1648 5065 viderat,
1694 4999 1799 5054 hoc
1829 4999 1978 5054 idem

281 5092 584 5161 episcopus
665 5103 866 5145 revera
947 5087 1320 5158 corporaliter
1402 5102 1559 5144 nunc
1650 5087 1769 5143 fieri
1852 5101 1981 5143 cer-

284 5181 473 5236 nebat.

355 5267 691 5338 Cujusmodi
745 5280 882 5338 ergo
929 5265 1190 5335 ecclesia,
1246 5264 1666 5332 dormitorium,
1721 5263 1982 5331 {refecto-

285 5356 442 5412 rium
487 5364 820 5426 caateraeque
861 5354 938 5410 ibi
974 5354 1236 5421 officinas,
1287 5353 1592 5424 qualisque
1631 5367 1837 5409 murus
1884 5366 1984 5422 per

287 5443 593 5500 circuitum
629 5443 958 5500 monasterii
989 5457 1088 5514 per
1118 5442 1421 5514 praefatum
1461 5444 1760 5513 nugonem
1800 5441 1985 5498 factus

289 5531 482 5600 fuerit,
536 5532 726 5602 palam
785 5531 1062 5602 inspicere
1120 5530 1249 5588 licet
1313 5530 1470 5587 omni
1535 5529 1979 5602 supervenienti,

2082 4381 2262 4448 bium,
2293 4381 2351 4437 in
2391 4381 2512 4438 loco
2547 4382 2650 4453 qui
2681 4383 2918 4440 abusive
2946 4383 3020 4438 ab
3041 4383 3242 4440 incolis
3286 4385 3607 4455 appellatur
3635 4385 3790 4442 Val-

2083 4469 2294 4526 clarus.

2189 4568 2323 4624 CAP.
2355 4567 2492 4624 XIV.
2524 4598 2593 4608 —
2624 4571 2699 4625 De
2721 4569 3138 4625 constructione
3193 4570 3544 4627 Teloniensis

2795 4641 3070 4697 ecclesiae.

2159 4735 2332 4792 Porro
2383 4734 2572 4792 locum
2623 4736 2724 4808 qui
2771 4737 3040 4794 Telonias
3090 4748 3348 4807 vocatur,
3399 4755 3569 4810 quem
3631 4740 3794 4798 dom-

2088 4838 2219 4880 mus
2263 4824 2580 4880 Norbertus
2636 4825 2862 4881 dixerat
2909 4827 3125 4897 regioni
3175 4828 3410 4897 quidem
3458 4843 3791 4900 congruum

2087 4913 2185 4969 sed
2217 4927 2330 4968 non
2363 4912 2468 4968 sibi
2503 4926 2537 4967 a
2566 4913 2679 4969 Deo
2725 4913 3094 4982 destinatum,
3137 4915 3336 4972 nolens
3373 4917 3672 4987 episcopus
3700 4920 3794 4974 di—

2089 5001 2311 5057 mittere
2342 5015 2616 5070 vacuum,
2662 5002 2851 5072 posuit
2882 5003 2960 5058 ibi
2991 5003 3216 5074 aliquos
3241 5019 3314 5061 ex
3364 5006 3584 5062 clericis
3640 5021 3792 5076 prae-

2089 5089 2218 5146 fata:
2249 5089 2496 5145 ecclesiae
2543 5089 2731 5146 Sancti
2765 5091 2995 5147 Martini
3030 5092 3446 5160 Lauduueusis,
3485 5095 3793 5152 abbatem-

2090 5192 2206 5248 que
2229 5177 2310 5233 eis
2354 5179 2641 5234 ordinavit
2677 5179 2954 5236 domuum
3000 5181 3366 5250 Walfridum,
3418 5185 3610 5240 virum
3651 5187 3793 5242 reli—

2091 5265 2334 5336 giosum.
2373 5266 2494 5335 Ipse
2523 5281 2756 5337 quoque
2784 5268 3104 5339 episcopus,
3143 5270 3292 5326 sicut
3325 5271 3481 5341 apud
3517 5272 3795 5330 Fuisnia-

2091 5369 2223 5410 cum
2268 5355 2494 5423 fecerat,
2539 5369 2638 5426 per
2690 5364 2816 5412 octo
2861 5357 2950 5413 vel
2995 5359 3326 5428 quindecim
3366 5361 3485 5416 dies
3535 5376 3668 5417 cum
3707 5364 3794 5418 eis

2090 5441 2301 5499 ibidem
2362 5445 2726 5514 remorando,
2785 5445 3181 5518 templumque
3231 5447 3525 5520 lapideum
3553 5458 3610 5507 et
3652 5451 3799 5508 alias

2095 5529 2354 5587 officinas
2381 5532 2665 5590 mdificare
2693 5534 2880 5604 erepit.
