3922 6080
163 310 284 362 1001

275 464 407 517 CAP.
444 462 565 519 XV.
594 491 663 503 -
687 465 766 517 De
788 462 1204 517 constructione
1233 462 1722 532 Claracfontens-is.

225 550 395 607 Aliud
444 564 516 606 ex
576 551 810 620 praefato
859 551 1058 605 ordine
1120 553 1650 607 Praemonstratensi
1703 568 1847 609 con-

149 638 365 693 struxit
426 637 840 693 monasterium
904 636 961 690 in
1030 636 1150 691 loco
1210 638 1311 707 qui
1360 648 1604 694 vocatur
1658 640 1848 696 Clara-

150 725 407 789 fontana,
444 725 706 779 abbatem
736 724 942 780 ibidem
974 725 1264 782 ordinavit
1294 728 1485 783 virum
1514 728 1845 800 religiosum

150 814 430 868 domuum
461 812 801 867 Gerardum.

279 901 412 957 CAP.
448 900 598 956 XVI.
623 930 691 939 ——
718 903 798 955 De
826 900 1246 956 constructione
1272 901 1712 960 Cuissiacensis.

220 989 324 1045 Sed
374 997 428 1045 et
472 988 629 1045 aliud
680 990 1003 1045 construxit
1052 991 1463 1047 monasterium
1507 993 1845 1049 clericorum

149 1078 209 1134 in
240 1079 361 1134 loco
392 1079 495 1148 qui
526 1086 769 1134 vocatur
797 1079 1143 1146 Cuissiacus,
1180 1080 1562 1151 abbatemque
1593 1081 1669 1138 ibi
1700 1083 1850 1138 ordi-

149 1167 310 1223 navit
357 1166 632 1221 domnum
670 1166 899 1229 Lucam,
939 1167 1132 1222 virum
1173 1167 1525 1238 religiosum.
1577 1169 1720 1225 Cum
1750 1184 1848 1226 au-

148 1264 259 1311 tem
294 1255 528 1311 vidisset
574 1255 885 1311 monachos
917 1255 1331 1323 Valclarenses,
1365 1259 1467 1327 qui
1511 1273 1684 1328 prope
1718 1273 1845 1314 ma-

148 1343 383 1409 nebant,
437 1343 780 1398 contendere
832 1350 1035 1398 contra
1091 1343 1311 1398 vicinos
1360 1357 1493 1399 suos
1543 1345 1845 1401 canonicos

72 1418 77 1425 ’
146 1432 586 1493 Cuissiacenses,
637 1445 737 1501 pro
783 1432 1035 1501 quadam
1070 1432 1343 1501 contigua
1390 1432 1555 1500 silva,
1605 1434 1842 1489 dicenti-

147 1522 259 1577 bus
311 1521 604 1578 alterutris
647 1521 750 1576 sibi
786 1536 910 1577 eam
963 1536 996 1576 a
1027 1520 1205 1589 laicis,
1259 1522 1360 1592 qui
1408 1536 1531 1577 eam
1578 1524 1844 1592 possede-

147 1618 301 1674 rant,
348 1616 496 1664 55'
552 1610 713 1679 prius
762 1609 955 1665 datam
990 1608 1184 1676 fuisse,
1215 1610 1429 1680 jusque
1459 1623 1628 1664 suum
1679 1608 1845 1664 alter-

147 1706 346 1754 utrum
389 1698 843 1764 defendentibus,
901 1699 977 1753 ita
1018 1706 1079 1753 ut
1123 1699 1292 1753 etiam
1326 1698 1575 1753 domnus
1624 1696 1842 1752 Sanson

146 1786 456 1840 Remorum
548 1784 1052 1854 archiepiscopus,
1132 1784 1499 1855 domnusque
1580 1784 1845 1840 Joslenus

145 1878 486 1935 Suessorum
519 1878 840 1947 episcopus,
882 1892 1013 1933 cum
1050 1878 1283 1947 przefato
1330 1878 1597 1948 episcopo
1632 1878 1843 1933 domno

147 1966 581 2034 Bartholomaeo,
631 1966 952 2037 vicinisque
995 1967 1300 2023 abbatibus
1350 1967 1680 2036 frequenter
1709 1970 1843 2021 con-

143 2055 439 2111 venientes
488 2069 600 2110 non
655 2065 883 2125 possent
928 2056 1078 2111 hanc
1119 2056 1272 2111 litem
1320 2055 1471 2110 inter
1498 2070 1597 2111 eos
1644 2055 1844 2110 termi-

144 2157 286 2199 nare
331 2159 343 2198 :
388 2143 585 2199 dolens
632 2153 685 2198 et
752 2143 1007 2213 graviter
1064 2144 1251 2199 ferens
1304 2143 1451 2199 idem
1518 2144 1840 2213 episcopus,

144 2231 296 2287 inter
342 2231 633 2303 religiosos
677 2232 936 2287 diiecesis
987 2247 1106 2287 suae
1146 2231 1301 2286 viros
1352 2240 1571 2286 tantam
1622 2232 1844 2286 discor-

143 2320 296 2375 diam
328 2321 565 2386 versari,
617 2320 953 2390 malumque
983 2320 1312 2390 exemplum
1346 2319 1554 2375 exinde
1600 2319 1845 2388 raptori-

145 2409 274 2475 bus,
307 2416 359 2463 et
400 2408 528 2464 aliis
558 2410 939 2466 srecularibus
970 2409 1109 2465 viris
1144 2409 1429 2480 generari,
1481 2408 1753 2479 cogitavit
1785 2408 1841 2463 in

146 2497 391 2566 pecunia
443 2511 550 2553 sua
607 2498 939 2569 hujusmodi
990 2497 1179 2553 rixam
1232 2504 1593 2567 temperaret,
1644 2496 1842 2567 sicque

142 2584 290 2639 dans
322 2585 650 2655 quindecim
689 2586 866 2642 libras
894 2600 1267 2642 nummorum
1302 2585 1653 2655 quibusdam
1692 2585 1841 2640 mili-

143 2672 317 2740 tibus,
351 2672 521 2728 aliam
566 2674 639 2729 ab
663 2674 745 2729 eis
774 2674 979 2730 silvam
1026 2674 1182 2741 emit,
1215 2687 1393 2744 quam
1432 2672 1654 2728 clericis
1685 2673 1842 2728 (luis-

143 2760 502 2817 siaccnsibus
563 2776 666 2831 pro
726 2776 793 2818 ea
850 2776 1026 2833 quam
1084 2762 1452 2832 repetebant,
1505 2761 1838 2828 conferens,

143 2848 428 2905 diutinam
478 2850 805 2905 seditionem
840 2850 946 2905 hac
975 2850 1281 2906 donatione
1328 2850 1553 2905 tandem
1580 2850 1837 2919 sedavit;

142 2944 199 2993 et
231 2937 379 2993 sicut
426 2937 714 2994 credimus
744 2938 803 2994 in
846 2953 1044 2995 eorum
1079 2953 1322 2994 numero
1356 2937 1565 2993 meruit
1609 2938 1835 3006 ascribi,

972 308 1332 365 ΗΕΒΜΑΝΝΙ
1375 310 1465 364 DE
1504 310 1757 367 ΜΙΒΑΟ.Δ
1784 312 1840 368 8.

2030 312 2122 368 ΙἉΕ
2153 315 2449 372 LAUDUN.
2473 348 2541 357 —
2567 317 2697 373 LIB.
2741 319 2833 374 IIl.

3511 326 3651 381 1002

1884 452 1931 502 Α
1961 449 2268 506 femineum
2313 467 2459 522 opus
2490 468 2608 510 esse
2654 463 2893 522 constat,
2946 456 3040 511 sed
3074 457 3245 513 etiam
3278 458 3334 513 in
3364 460 3521 530 agris
3563 462 3649 515 fo-

1958 538 2183 607 diendo,
2215 547 2269 595 et
2297 556 2429 597 cum
2472 542 2655 597 securi
2690 552 2744 598 et
2771 543 2958 614 ligone
2990 545 3192 601 silvam
3227 552 3508 604 succisam
3542 564 3650 605 ex-

1957 624 2273 694 stirpando,
2304 628 2496 695 spinas
2530 637 2584 684 et
2618 644 2818 699 vepres
2848 632 3162 701 evellendo,
3214 635 3483 691 manibus
3514 651 3652 706 pro-

1959 714 2098 782 priis
2142 714 2366 771 assidue
2416 716 2761 784 laborantes,
2815 735 2949 775 cum
2998 721 3222 778 silentio
3273 724 3489 779 victum
3542 725 3648 781 sibi

1957 811 2257 871 quierunt;
2312 804 2607 875 vitamque
2668 807 3173 866 Clarevallensium
3239 813 3649 869 monachorum

1958 905 2057 960 per
2087 893 2280 947 omnia
2327 894 2611 950 imitantes
2660 895 2717 950 in
2745 898 3064 967 semetipsis
3106 901 3415 956 ostendunt
3446 917 3649 958 verum

1955 996 2075 1037 esse
2110 982 2266 1038 illum
2292 984 2519 1039 Domini
2548 1000 2866 1041 sermonem
2902 1002 2913 1042 :
2945 990 3084 1058 quia
3113 990 3306 1045 omnia
3362 992 3653 1061 possibilia

1954 1077 2091 1125 sunt
2121 1071 2391 1127 credenti.

2026 1160 2139 1215 Hoc
2193 1160 2397 1230 itaque
2451 1176 2669 1218 nonum
2737 1165 3149 1222 monasterium
3207 1168 3552 1226 feminarum
3619 1184 3653 1225 a

1956 1248 2190 1316 praefato
2229 1249 2494 1319 episcopo
2526 1258 2944 1319 constructum,
2996 1268 3112 1309 non
3160 1255 3442 1312 immerito
3475 1273 3652 1328 supe-

1954 1336 2077 1391 rius
2122 1337 2366 1394 dixerim
2398 1339 2467 1393 ad
2512 1338 2947 1396 similitudinem
2997 1344 3129 1397 noni
3162 1345 3379 1400 ordinis
3423 1346 3653 1417 angelo-

1955 1439 2085 1481 rum
2114 1425 2348 1491 factum,
2382 1426 2484 1497 qui
2527 1427 2824 1496 Seraphini
2860 1438 3159 1496 vocantur,
3197 1432 3249 1486 id
3281 1441 3363 1488 est
3389 1433 3652 1491 ardentes

1953 1513 2041 1569 vel
2087 1513 2454 1570 incendentes
2485 1531 2496 1569 :
2527 1516 2801 1585 quoniam
2854 1531 3053 1572 revera
3099 1518 3217 1573 ista:
3262 1520 3505 1583 feminae,
3540 1522 3649 1577 nisi

1953 1602 2200 1658 mirabili
2260 1603 2440 1658 divini
2486 1606 2698 1659 amoris
2756 1604 2889 1673 igne
2954 1606 3222 1673 calerent,
3278 1622 3650 1679 nequaquam

1954 1691 2201 1761 profecto
2253 1699 2332 1747 tot
2368 1700 2672 1762 tantosque
2725 1693 2949 1749 labores
2997 1703 3165 1750 antea
3216 1695 3441 1751 feminis
3472 1697 3653 1753 inten-

1955 1787 2117 1844 tatos,
2167 1788 2222 1834 et
2255 1780 2581 1849 inexpertos
2610 1780 2892 1836 sustinere
2924 1782 3196 1837 valerent.
3234 1784 3339 1839 Sed
3371 1785 3508 1840 dum
3560 1786 3653 1841 in-

1954 1875 2048 1922 tus
2077 1867 2295 1923 fortiter
2328 1869 2551 1935 ardent,
2579 1878 2634 1924 et
2679 1869 2815 1938 ipsa:
2848 1873 2995 1925 mira
3028 1871 3266 1938 faciunt,
3297 1883 3349 1927 et
3380 1874 3519 1929 alios
3547 1889 3652 1931 suo

1952 1956 2211 2025 exemplo
2265 1957 2335 2011 ad
2397 1957 2701 2013 mundum.
2740 1958 3222 2015 contemnendum
3281 1962 3647 2018 accendunt:

1952 2045 2164 2099 similes
2208 2045 2557 2101 carbonibus
2589 2047 2757 2106 vivis.
2807 2048 2908 2116 qui
2960 2048 3199 2103 mortuis
3249 2049 3477 2105 admisti
3519 2065 3648 2119 pro-

1953 2133 2109 2189 tinus
2137 2147 2232 2188 eos
2278 2134 2624 2199 accendunt,
2676 2134 3056 2205 ardentesque
3099 2136 3367 2193 reddunt.
3408 2139 3477 2193 Et
3526 2139 3648 2195 haec

1952 2223 2184 2291 quidem
2252 2236 2457 2277 novem
2516 2222 2777 2277 cienobia
2842 2223 3150 2293 praedictus
3196 2225 3495 2296 episcopus
3543 2241 3647 2283 suo

1952 2318 2201 2380 tempore
2233 2311 2576 2377 construxit,
2608 2326 2710 2365 nec
2760 2320 2947 2367 tamen
2978 2312 3327 2383 antiquiora,
3370 2330 3500 2385 qua!
3525 2318 3645 2386 jam

1951 2405 2281 2453 constructa
2304 2397 2541 2464 invenit,
2575 2399 2863 2469 corrigere
2893 2400 3121 2457 destitit.

1951 2502 2085 2558 CAP.
2130 2502 2326 2559 XVIII.
2381 2533 2447 2540 —-
2512 2504 2599 2557 De
2647 2504 2853 2559 domno
2902 2505 3134 2561 Simone
3193 2507 3394 2562 abbate
3450 2509 3649 2564 Sancti

2677 2576 2917 2631 Nicolai.

2021 2662 2083 2716 In
2130 2661 2386 2717 co‘enobio
2421 2677 2672 2733 namque
2716 2666 2907 2721 Sancti
2939 2666 3174 2733 Nicolai,
3209 2668 3363 2737 quod
3414 2668 3471 2722 in
3501 2668 3649 2723 silva

1952 2750 2176 2821 Vosago
2216 2750 2387 2805 situm
2431 2751 2661 2807 videbat
2690 2752 3118 2823 aliquantulum
3152 2756 3210 2809 in
3257 2755 3529 2826 religione
3563 2766 3647 2813 te-

1953 2837 2141 2908 puisse
2174 2855 2185 2891 :
2222 2840 2529 2908 quemdam
2558 2842 3021 2897 strenuissimum
3068 2843 3416 2899 monachum
3456 2844 3646 2900 Sancti

1949 2926 2158 2983 Nicasii
2200 2927 2513 2994 Bernensis,
2548 2929 2778 2985 nomine
2818 2930 3120 2994 Simonem,
3157 2931 3285 2987 fecit
3329 2932 3598 2989 abbatem
3638 2949 3650 2989 :

142 3027 214 3083 de
247 3026 461 3097 quibus
500 3027 778 3084 Dominus
806 3027 943 3083 dicit
980 3042 992 3081 :
1025 3046 1052 3077 ‹‹
1087 3027 1240 3083 Beati
1286 3026 1525 3097 pacifici,
1561 3028 1836 3096 quoniam
1877 3022 1919 3080 C
1951 3030 2051 3085 per
2092 3030 2288 3085 quem.
2321 3018 2435 3072 D80
2465 3017 2732 3084 ἀοηῖιηῐθν
2776 3018 2928 3074 intra
2959 3021 3129 3076 breve
3160 3028 3384 3092 tempus
3414 3023 3495 3078 Sic
3526 3038 3648 3080 ῐηθ-

144 3114 245 3170 filii
282 3115 381 3170 Dei
414 3116 778 3172 vocabuntur
803 3116 1041 3184 (Matth.
1072 3131 1123 3183 v,
1156 3116 1229 3185 9).
1272 3138 1291 3163 ι

141 3210 279 3268 CAP.
310 3211 490 3268 XVII.
523 3242 591 3251 -—
630 3215 709 3266 De
736 3211 1153 3266 constructione
1197 3210 1439 3266 εαξηοὸἰί
1448 3213 1838 3282 feminarum,

545 3283 695 3354 quod
722 3282 935 3338 dicitur
967 3282 1431 3338 Monsteriotum.

215 3371 347 3427 Haec
373 3371 567 3442 itaque
595 3380 720 3427 octo
771 3373 1134 3437 monasteria,
1185 3372 1295 3427 tria
1325 3371 1562 3441 quidem
1610 3385 1683 3427 ex
1712 3371 1840 3427 Cla-

139 3455 550 3511 revallensium
596 3456 798 3512 ordine
830 3456 1267 3520 monachorum,
1301 3455 1565 3525 quinque
1602 3470 1739 3510 vero
1766 3470 1840 3511 ex

140 3545 777 3601 Praemonstratensium
822 3544 1182 3610 clericorum,
1219 3543 1399 3599 instar
1429 3551 1556 3599 octo
1584 3543 1840 3599 beatitu-

139 3635 345 3691 dinum
391 3634 859 3705 evangelicarum
905 3634 964 3689 in
992 3632 1219 3689 dimcesi
1268 3646 1374 3688 sua
1403 3632 1650 3688 domnus
1695 3632 1840 3687 Bar-

142 3721 483 3777 tholomzeus
507 3730 868 3787 construens,
899 3729 953 3777 et
972 3720 1217 3791 singulis
1249 3719 1543 3789 proprium
1576 3719 1839 3775 abbatem

139 3812 439 3880 ordinans,
473 3812 543 3867 ad
595 3812 862 3868 ultimum
905 3820 968 3868 ut
999 3811 1384 3880 compleretur
1424 3823 1708 3865 numerus
1736 3822 1841 3863 no—

140 3913 273 3956 vem
304 3900 573 3955 ordinum
618 3899 1011 3970 angelicarum
1044 3899 1350 3965 virtutum,
1400 3896 1571 3953 etiam
1621 3911 1841 3952 nonum

141 3988 556 4042 monasterium
609 4000 785 4042 sexus
826 3986 1049 4041 feminei
1084 3986 1143 4041 in
1192 3985 1315 4041 loco
1366 3984 1468 4056 qui
1503 3984 1841 4040 Monsterio-

140 4074 267 4129 lum
312 4075 546 4140 dicitur,
579 4088 753 4144 prope
785 4074 1246 4129 Clarafontanam
1289 4072 1706 4142 superaddidit,
1738 4071 1841 4128 ab-

142 4162 536 4233 batissamque
596 4163 671 4218 ibi
730 4162 1216 4233 religiosissimam
1275 4160 1565 4231 puellam,
1612 4161 1842 4216 nomine

142 4251 523 4323 Guiburgem,
582 4252 901 4321 ordinavit;
965 4264 1081 4321 quo
1146 4265 1262 4306 uno
1320 4248 1664 4305 monasterio
1725 4263 1839 4304 non

144 4341 431 4396 immerito
478 4339 722 4395 dixerim
756 4340 1194 4396 Laudunensem
1226 4338 1526 4395 ecclesiam
1570 4336 1842 4393 omnibus

142 4427 272 4483 aliis
300 4428 503 4483 debere
548 4428 821 4498 praeferri.
856 4430 919 4482 In
950 4428 1111 4484 nulla
1153 4427 1307 4483 enim
1339 4427 1497 4483 orbis
1528 4434 1687 4495 parte
1732 4440 1837 4482 an-

141 4524 235 4573 tea
268 4516 355 4572 vel
387 4517 596 4572 lectum
631 4516 689 4572 in
732 4516 1045 4584 codicibus,
1096 4516 1185 4572 vel
1216 4515 1481 4572 auditum
1534 4514 1641 4571 fuit
1677 4514 1840 4571 auri-

141 4605 271 4666 bus,
338 4604 737 4674 hujuscemodi
794 4603 1092 4674 religionis
1147 4603 1438 4659 abbatiam
1491 4601 1840 4658 feminarum

138 4692 444 4749 exstitisse.
490 4692 588 4747 Hze
630 4692 917 4763 siquidem
958 4691 1127 4762 quasi
1179 4691 1335 4747 illius
1376 4690 1656 4746 Dominici
1707 4690 1844 4745 dicti

140 4782 528 4837 exsecutrices
576 4796 587 4835 :
634 4801 662 4831 α
705 4782 969 4852 Regnum
1021 4780 1295 4836 caalorum
1341 4779 1456 4835 vim
1499 4779 1738 4849 patitur,
1790 4782 1846 4835 et

142 4869 379 4926 violenti
430 4868 666 4940 rapiunt
712 4870 855 4925 illud
906 4868 1139 4940 (Matth.
1193 4883 1270 4934 χι,
1330 4868 1461 4938 l2):
1505 4888 1526 4915 ι
1573 4867 1644 4923 ad
1694 4867 1843 4923 idem

141 4972 389 5030 regnum
457 4966 571 5014 toto
637 4967 848 5014 conatu
919 4958 1225 5013 ascendere
1286 4957 1549 5024 nitentes,
1618 4963 1846 5011 terrena

142 5047 411 5104 funditus
472 5047 834 5118 despiciunt;
880 5055 955 5117 et_
981 5061 1096 5103 non
1146 5046 1331 5102 solum
1397 5044 1693 5111 saeculum,
1747 5044 1844 5100 sed

142 5136 334 5205 ipsum
388 5150 624 5206 quoque
668 5150 875 5191 sexum
921 5136 1153 5191 vincere
1201 5132 1524 5205 gestientes.
1582 5132 1844 5188 ordinem

144 5223 556 5290 Cistellensem,
605 5238 779 5295 quem
839 5223 1003 5279 multi
1054 5224 1315 5278 virorum
1361 5228 1417 5278 et
1472 5220 1845 5277 robustorum

139 5313 428 5384 juvenum
464 5313 701 5384 aggredi
756 5318 1044 5373 metuunt,
1093 5310 1392 5377 violenter,
1439 5308 1552 5365 imo
1581 5308 1842 5376 libenter,

146 5410 459 5471 spontanee
542 5407 1021 5471 assumpserunt;
1111 5399 1497 5469 depositisque
1577 5396 1848 5453 omnibus

146 5489 316 5545 lineis
348 5488 719 5557 indumentis,
753 5497 929 5559 atque
972 5486 1232 5558 pelliciis,
1265 5486 1400 5542 solis
1433 5485 1641 5541 tunicis
1668 5484 1848 5541 laneis

147 5584 421 5645 utuntur,
473 5583 530 5633 et
571 5591 686 5632 non
730 5576 917 5633 solum
964 5575 1174 5644 uendo,
1222 5573 1312 5632 vel
1357 5572 1640 5640 texendo,
1691 5571 1844 5643 quod

507 5675 782 5740 PATROL.
837 5674 1040 5740 CLVI.

1953 3105 2157 3159 liorata
2184 3110 2267 3158 est
2286 3104 2483 3159 eadem
2515 3105 2784 3171 Ecclesia,
2818 3114 2881 3161 ut
2911 3114 2966 3162 et
2998 3106 3241 3163 interius
3263 3108 3320 3163 in
3352 3108 3643 3180 religione,

1950 3199 2004 3246 et
2034 3191 2290 3245 exterius
2334 3191 2390 3245 in
2425 3191 2766 3247 multimoda
2797 3192 3024 3248 floreret
3065 3195 3434 3264 possessione.
3488 3198 3648 3253 Unde

1951 3293 2138 3335 comes
2186 3277 2513 3349 Campanize
2564 3280 2926 3336 Theobaldus
2972 3282 3208 3338 consilio
3250 3283 3445 3340 domni
3502 3285 3646 3341 Nor-

1953 3367 2114 3433 berti,
2149 3368 2458 3436 quemdam
2484 3368 2739 3437 ejusdem
2769 3368 3012 3424 cmnobii
3040 3370 3389 3427 monachum
3417 3373 3647 3429 nomine

1953 3456 2325 3527 Badulphum
2376 3470 2409 3510 a
2452 3456 2685 3524 praefato
2728 3456 2933 3512 abbate
2980 3467 3336 3527 susceptum,
3388 3460 3641 3516 Latinia-

1949 3542 2102 3598 censi
2151 3542 2427 3598 ditissimo
2478 3544 2818 3599 monasterio
2850 3544 3099 3613 praefecit
3143 3546 3426 3603 abbatem.
3472 3550 3645 3603 Dom-

1950 3646 2061 3686 nus
2125 3645 2357 3701 quoque
2424 3632 2620 3686 Simon
2700 3631 3096 3687 Noviomensis
3160 3636 3484 3704 episcopus,
3557 3636 3648 3692 vir

1950 3720 2343 3775 nobilissimus
2395 3720 2683 3790 Radulphi
2747 3720 3190 3777 Vermandensis
3237 3725 3460 3779 comitis
3507 3739 3642 3795 ger-

1951 3822 2176 3869 manus,
2224 3822 2256 3863 a
2290 3808 2524 3877 praefato
2564 3808 2830 3877 pontifice
2861 3809 3275 3867 Bartbolomzeo
3317 3812 3473 3881 petiit
3503 3813 3647 3870 duos

1950 3896 2058 3952 sibi
2088 3910 2160 3951 ex
2214 3896 2411 3952 eodem
2463 3897 2723 3953 coenobio
2762 3897 2956 3953 Sancti
3002 3897 3214 3953 Nicolai
3268 3899 3393 3955 dari
3441 3914 3648 3957 mona-

1950 3986 2086 4041 chos
2130 4006 2146 4039 :
2192 4000 2442 4057 quorum
2511 4000 2695 4043 unum
2755 3987 2985 4043 nomine
3040 3988 3453 4046 Theodoricum
3517 3990 3649 4048 fecit

1950 4074 2215 4130 abbatem
2246 4074 2486 4130 cienobii
2519 4074 2707 4130 Sancti
2742 4075 2911 4146 Eligii
2941 4075 3369 4146 Noviomensis;
3402 4078 3644 4136 alterum

1950 4177 2107 4225 vero,
2169 4162 2269 4232 qui
2322 4163 2645 4219 vocabatur
2690 4163 2939 4220 Absalon
2991 4164 3245 4234 praefecit
3305 4169 3649 4224 monasterio

1956 4251 2144 4308 Sancti
2178 4251 2425 4307 Amandi
2458 4252 2851 4320 Helnonensis,
2885 4252 2940 4308 in
2969 4254 3307 4324 episcopatu
3337 4256 3651 4312 Tornacen-

1954 4341 2021 4397 si.
2073 4336 2179 4407 Qui
2213 4354 2330 4410 quo
2379 4340 2545 4395 modo
2577 4340 2683 4397 sibi
2714 4342 3048 4397 commissas
3078 4342 3360 4399 Ecclesias
3398 4351 3514 4400 tam
3557 4344 3646 4400 in-

1949 4429 2160 4495 terius,
2227 4442 2403 4499 quam
2472 4428 2729 4485 exterius
2809 4430 3195 4497 correxerint,
3264 4439 3320 4486 et
3384 4432 3650 4488 nobilita-

1948 4517 2175 4583 verint,
2241 4516 2372 4573 visu
2432 4516 2623 4585 potius
2685 4531 2863 4588 quam
2934 4517 3178 4585 auditu,
3237 4526 3418 4588 potest
3483 4519 3650 4576 hodie

1950 4606 2329 4675 comprobari.

1950 4708 2087 4765 CAP.
2112 4708 2265 4764 XIX.
2289 4740 2357 4748 —
2379 4714 2526 4763 552
2548 4712 2629 4765 De
2640 4708 2859 4834 3110.an
2871 4708 3203 4833 [Gisleberto
3222 4709 3429 4765 abbate
3444 4710 3648 4766 Sancti

2708 4796 2757 4833 ιο
2798 4797 2868 4833 ae
2893 4797 2964 4833 τε.

2708 4796 2964 4833 zcnaeus.

2022 4868 2310 4924 Domuum
2367 4882 2603 4939 quoque
2654 4867 3038 4924 Gislebertum
3094 4869 3350 4940 ejusdem
3409 4868 3649 4926 cmnobii

1952 4957 2142 5013 Sancti
2194 4956 2407 5012 Nicolai
2453 4955 2700 5026 priorem
2750 4956 3040 5025 (quiante
3087 4958 3512 5014 conversionem
3550 4972 3651 5028 pro

1953 5045 2164 5102 artium
2217 5045 2472 5108 scientia,
2505 5059 2623 5115 qua
2655 5044 2923 5115 pollebat,
2952 5047 3109 5102 Plato
3140 5046 3474 5115 vocabatur)
3504 5059 3650 5116 praa-

1954 5135 2108 5190 fatus
2156 5134 2458 5203 episcopus
2487 5133 2940 5189 Bartbolomazus
2986 5136 3245 5192 abbatem
3289 5133 3420 5191 fecit
3449 5134 3506 5190 in
3540 5150 3655 5191 mo-

1954 5222 2205 5279 nasterio
2263 5221 2457 5277 Sancti
2517 5220 2811 5277 Michaelis
2872 5221 3273 5286 Terraciensis,
3338 5222 3491 5293 quod
3558 5223 3653 5281 ille

1955 5309 2117 5366 brevi
2167 5317 2438 5378 tempore,
2492 5308 2606 5363 Deo
2656 5306 2925 5374 donante,
2982 5315 3038 5363 ct
3070 5308 3125 5363 in
3177 5309 3452 5381 religione
3498 5318 3552 5365 et
3593 5310 3653 5366 in

1954 5397 2249 5468 opulentia
2279 5396 2460 5453 multo
2504 5396 2754 5466 amplius
2784 5411 2961 5467 quam
3008 5396 3170 5465 prius
3200 5397 3407 5465 fuerat,
3448 5405 3504 5453 et
3538 5399 3656 5469 ipse

1958 5483 2273 5548 invenerat,
2318 5482 2586 5539 floridum
2637 5483 2902 5541 reddidit.
2938 5483 3043 5539 Sed
3093 5500 3227 5541 cum
3261 5494 3385 5556 post
3434 5486 3653 5556 aliquot

1959 5584 2142 5626 annos
2188 5570 2496 5639 przedictus
2543 5571 2722 5635 abbas
2767 5570 2960 5628 Sancti
3006 5571 3219 5629 Nicolai
3272 5572 3466 5630 Simon
3504 5574 3655 5628 obis-

3218 5678 3300 5736 3'2
