  <div class='ocr_page' id='page_1' title='image "/cluster/home/n/w/nwhite01/storage/ocr_20150623/156/hvd.32044054760145/507.png"; bbox 0 0 3922 6080; ppageno 0'>
   <div class='ocr_carea' id='block_1_1' title="bbox 261 287 397 344">
    <p class='ocr_par' dir='ltr' id='par_1_1' title="bbox 261 287 397 344">
     <span class='ocr_line' id='line_1_1' title="bbox 261 287 397 344; baseline 0 0"><span class='ocrx_word' id='word_1_1' title='bbox 261 293 278 344; x_wconf 79' lang='lat' dir='ltr'>i</span> <span class='ocrx_word' id='word_1_2' title='bbox 294 287 397 344; x_wconf 89' lang='lat'>003</span> 
     </span>
    </p>
   </div>
   <div class='ocr_carea' id='block_1_2' title="bbox 1201 286 2806 347">
    <p class='ocr_par' dir='ltr' id='par_1_2' title="bbox 1201 286 2806 347">
     <span class='ocr_line' id='line_1_2' title="bbox 1201 286 2806 347; baseline 0.001 -6"><span class='ocrx_word' id='word_1_3' title='bbox 1201 287 1494 344; x_wconf 79' lang='lat' dir='ltr'>APPEND.</span> <span class='ocrx_word' id='word_1_4' title='bbox 1539 286 1630 344; x_wconf 81' lang='lat' dir='ltr'><strong>AD</strong></span> <span class='ocrx_word' id='word_1_5' title='bbox 1671 287 1799 344; x_wconf 82' lang='lat' dir='ltr'>LIB.</span> <span class='ocrx_word' id='word_1_6' title='bbox 1842 287 1916 343; x_wconf 85' lang='lat' dir='ltr'>HI</span> <span class='ocrx_word' id='word_1_7' title='bbox 1958 287 2283 345; x_wconf 83' lang='lat' dir='ltr'>GUIBERTI</span> <span class='ocrx_word' id='word_1_8' title='bbox 2323 288 2412 344; x_wconf 86' lang='lat' dir='ltr'>DE</span> <span class='ocrx_word' id='word_1_9' title='bbox 2454 291 2606 346; x_wconf 83' lang='lat' dir='ltr'>VITA</span> <span class='ocrx_word' id='word_1_10' title='bbox 2649 290 2806 347; x_wconf 81' lang='lat' dir='ltr'>SUA.</span> 
     </span>
    </p>
   </div>
   <div class='ocr_carea' id='block_1_3' title="bbox 3615 288 3754 344">
    <p class='ocr_par' dir='ltr' id='par_1_3' title="bbox 3615 288 3754 344">
     <span class='ocr_line' id='line_1_3' title="bbox 3615 288 3754 344; baseline -0.014 0"><span class='ocrx_word' id='word_1_11' title='bbox 3615 288 3754 344; x_wconf 78' lang='grc'>1004</span> 
     </span>
    </p>
   </div>
   <div class='ocr_carea' id='block_1_4' title="bbox 256 424 1805 510">
    <p class='ocr_par' dir='ltr' id='par_1_4' title="bbox 256 440 1801 510">
     <span class='ocr_line' id='line_1_4' title="bbox 256 440 1801 510; baseline -0.002 -12"><span class='ocrx_word' id='word_1_12' title='bbox 256 451 356 508; x_wconf 88' lang='lat' dir='ltr'>set,</span> <span class='ocrx_word' id='word_1_13' title='bbox 389 443 636 498; x_wconf 90' lang='lat' dir='ltr'>domnus</span> <span class='ocrx_word' id='word_1_14' title='bbox 665 440 1114 496; x_wconf 88' lang='lat' dir='ltr'>Bartholomaus</span> <span class='ocrx_word' id='word_1_15' title='bbox 1149 440 1468 510; x_wconf 91' lang='lat' dir='ltr'>episcopus,</span> <span class='ocrx_word' id='word_1_16' title='bbox 1502 441 1738 495; x_wconf 91' lang='lat' dir='ltr'>consilio</span> <span class='ocrx_word' id='word_1_17' title='bbox 1769 455 1801 495; x_wconf 92' lang='lat' dir='ltr'>a</span> 
     </span>
    </p>
   </div>
   <div class='ocr_carea' id='block_1_5' title="bbox 2201 424 3750 510">
    <p class='ocr_par' dir='ltr' id='par_1_5' title="bbox 2204 425 3750 497">
     <span class='ocr_line' id='line_1_5' title="bbox 2204 425 3750 497; baseline 0 -16"><span class='ocrx_word' id='word_1_18' title='bbox 2204 440 2292 490; x_wconf 93' lang='lat' dir='ltr'>ur,</span> <span class='ocrx_word' id='word_1_19' title='bbox 2348 427 2690 495; x_wconf 73' lang='lat' dir='ltr'>construxit,</span> <span class='ocrx_word' id='word_1_20' title='bbox 2745 436 2799 483; x_wconf 88' lang='lat' dir='ltr'>et</span> <span class='ocrx_word' id='word_1_21' title='bbox 2849 425 3310 482; x_wconf 90' lang='lat' dir='ltr'>sanctimoniales</span> <span class='ocrx_word' id='word_1_22' title='bbox 3361 426 3437 482; x_wconf 88' lang='lat' dir='ltr'>ibi</span> <span class='ocrx_word' id='word_1_23' title='bbox 3494 441 3750 497; x_wconf 87' lang='lat' dir='ltr'>ponens,</span> 
     </span>
    </p>
   </div>
   <div class='ocr_carea' id='block_1_6' title="bbox 259 527 1946 599">
    <p class='ocr_par' dir='ltr' id='par_1_6' title="bbox 259 527 1946 599">
     <span class='ocr_line' id='line_1_6' title="bbox 259 527 1946 599; baseline -0.003 -13"><span class='ocrx_word' id='word_1_24' title='bbox 259 540 380 587; x_wconf 91' lang='lat' dir='ltr'>tum</span> <span class='ocrx_word' id='word_1_25' title='bbox 413 538 465 586; x_wconf 87' lang='lat' dir='ltr'>et</span> <span class='ocrx_word' id='word_1_26' title='bbox 514 530 908 599; x_wconf 85' lang='lat' dir='ltr'>religiosorum</span> <span class='ocrx_word' id='word_1_27' title='bbox 942 529 1221 593; x_wconf 86' lang='lat' dir='ltr'>virorum,</span> <span class='ocrx_word' id='word_1_28' title='bbox 1253 529 1518 583; x_wconf 90' lang='lat' dir='ltr'>eumdem</span> <span class='ocrx_word' id='word_1_29' title='bbox 1567 527 1946 583; x_wconf 89' lang='lat' dir='ltr'>Gislebertum</span> 
     </span>
    </p>
   </div>
   <div class='ocr_carea' id='block_1_7' title="bbox 257 615 1948 686">
    <p class='ocr_par' dir='ltr' id='par_1_7' title="bbox 257 615 1948 686">
     <span class='ocr_line' id='line_1_7' title="bbox 257 615 1948 686; baseline -0.001 -14"><span class='ocrx_word' id='word_1_30' title='bbox 257 632 356 686; x_wconf 92' lang='lat' dir='ltr'>pro</span> <span class='ocrx_word' id='word_1_31' title='bbox 399 616 552 671; x_wconf 91' lang='lat' dir='ltr'>fama</span> <span class='ocrx_word' id='word_1_32' title='bbox 607 615 902 686; x_wconf 76' lang='lat' dir='ltr'>probitatis</span> <span class='ocrx_word' id='word_1_33' title='bbox 936 629 1078 683; x_wconf 88' lang='lat' dir='ltr'>sua,</span> <span class='ocrx_word' id='word_1_34' title='bbox 1125 615 1192 670; x_wconf 91' lang='lat' dir='ltr'>de</span> <span class='ocrx_word' id='word_1_35' title='bbox 1251 616 1440 672; x_wconf 80' lang='lat' dir='ltr'>Sancti</span> <span class='ocrx_word' id='word_1_36' title='bbox 1489 617 1779 671; x_wconf 81' lang='lat' dir='ltr'>Michaelis</span> <span class='ocrx_word' id='word_1_37' title='bbox 1831 631 1948 670; x_wconf 77' lang='lat' dir='ltr'>ca-</span> 
     </span>
    </p>
   </div>
   <div class='ocr_carea' id='block_1_8' title="bbox 256 702 1951 774">
    <p class='ocr_par' dir='ltr' id='par_1_8' title="bbox 256 702 1951 774">
     <span class='ocr_line' id='line_1_8' title="bbox 256 702 1951 774; baseline 0 -16"><span class='ocrx_word' id='word_1_38' title='bbox 256 704 428 758; x_wconf 91' lang='lat' dir='ltr'>nobio</span> <span class='ocrx_word' id='word_1_39' title='bbox 482 702 794 767; x_wconf 75' lang='lat' dir='ltr'>transtulit,</span> <span class='ocrx_word' id='word_1_40' title='bbox 852 709 907 757; x_wconf 91' lang='lat' dir='ltr'>et</span> <span class='ocrx_word' id='word_1_41' title='bbox 964 703 1212 758; x_wconf 91' lang='lat' dir='ltr'>ecclesia</span> <span class='ocrx_word' id='word_1_42' title='bbox 1269 703 1458 759; x_wconf 84' lang='lat' dir='ltr'>Sancti</span> <span class='ocrx_word' id='word_1_43' title='bbox 1516 705 1732 760; x_wconf 88' lang='lat' dir='ltr'>Nicolai</span> <span class='ocrx_word' id='word_1_44' title='bbox 1781 705 1951 774; x_wconf 88' lang='lat' dir='ltr'>cujus</span> 
     </span>
    </p>
   </div>
   <div class='ocr_carea' id='block_1_9' title="bbox 255 791 1946 862">
    <p class='ocr_par' dir='ltr' id='par_1_9' title="bbox 255 791 1946 862">
     <span class='ocr_line' id='line_1_9' title="bbox 255 791 1946 862; baseline 0.001 -16"><span class='ocrx_word' id='word_1_45' title='bbox 255 792 573 847; x_wconf 86' lang='lat' dir='ltr'>monachus</span> <span class='ocrx_word' id='word_1_46' title='bbox 629 794 683 846; x_wconf 87' lang='lat' dir='ltr'>et</span> <span class='ocrx_word' id='word_1_47' title='bbox 739 791 891 860; x_wconf 90' lang='lat' dir='ltr'>prior</span> <span class='ocrx_word' id='word_1_48' title='bbox 961 792 1145 846; x_wconf 83' lang='lat' dir='ltr'>fuerat</span> <span class='ocrx_word' id='word_1_49' title='bbox 1200 792 1464 848; x_wconf 84' lang='lat' dir='ltr'>abbatem</span> <span class='ocrx_word' id='word_1_50' title='bbox 1518 793 1790 862; x_wconf 87' lang='lat' dir='ltr'>prafecit,</span> <span class='ocrx_word' id='word_1_51' title='bbox 1849 793 1946 848; x_wconf 92' lang='lat' dir='ltr'>ubi</span> 
     </span>
    </p>
   </div>
   <div class='ocr_carea' id='block_1_10' title="bbox 257 879 1950 950">
    <p class='ocr_par' dir='ltr' id='par_1_10' title="bbox 257 879 1950 950">
     <span class='ocr_line' id='line_1_10' title="bbox 257 879 1950 950; baseline 0 -15"><span class='ocrx_word' id='word_1_52' title='bbox 257 894 441 950; x_wconf 90' lang='lat' dir='ltr'>usque</span> <span class='ocrx_word' id='word_1_53' title='bbox 472 879 636 934; x_wconf 90' lang='lat' dir='ltr'>hodie</span> <span class='ocrx_word' id='word_1_54' title='bbox 684 879 894 934; x_wconf 92' lang='lat' dir='ltr'>multos</span> <span class='ocrx_word' id='word_1_55' title='bbox 937 879 1160 934; x_wconf 88' lang='lat' dir='ltr'>labores</span> <span class='ocrx_word' id='word_1_56' title='bbox 1194 881 1445 948; x_wconf 86' lang='lat' dir='ltr'>pertulit,</span> <span class='ocrx_word' id='word_1_57' title='bbox 1493 895 1628 935; x_wconf 88' lang='lat' dir='ltr'>nam</span> <span class='ocrx_word' id='word_1_58' title='bbox 1665 881 1950 936; x_wconf 90' lang='lat' dir='ltr'>multoties</span> 
     </span>
    </p>
   </div>
   <div class='ocr_carea' id='block_1_11' title="bbox 257 967 1592 1038">
    <p class='ocr_par' dir='ltr' id='par_1_11' title="bbox 257 967 1592 1038">
     <span class='ocr_line' id='line_1_11' title="bbox 257 967 1592 1038; baseline -0.001 -15"><span class='ocrx_word' id='word_1_59' title='bbox 257 970 494 1024; x_wconf 82' lang='lat' dir='ltr'>Romam</span> <span class='ocrx_word' id='word_1_60' title='bbox 518 982 618 1037; x_wconf 89' lang='lat' dir='ltr'>pro</span> <span class='ocrx_word' id='word_1_61' title='bbox 651 967 828 1036; x_wconf 87' lang='lat' dir='ltr'>ipsius</span> <span class='ocrx_word' id='word_1_62' title='bbox 857 967 1120 1022; x_wconf 82' lang='lat' dir='ltr'>Ecclesia</span> <span class='ocrx_word' id='word_1_63' title='bbox 1149 967 1390 1023; x_wconf 86' lang='lat' dir='ltr'>utilitate</span> <span class='ocrx_word' id='word_1_64' title='bbox 1415 969 1592 1038; x_wconf 87' lang='lat' dir='ltr'>petiit.</span> 
     </span>
    </p>
   </div>
   <div class='ocr_carea' id='block_1_12' title="bbox 256 1068 1955 1133">
    <p class='ocr_par' dir='ltr' id='par_1_12' title="bbox 256 1068 1955 1133">
     <span class='ocr_line' id='line_1_12' title="bbox 256 1068 1955 1133; baseline -0.004 -7"><span class='ocrx_word' id='word_1_65' title='bbox 256 1070 396 1126; x_wconf 78' lang='lat' dir='ltr'>CAP.</span> <span class='ocrx_word' id='word_1_66' title='bbox 457 1070 583 1125; x_wconf 90' lang='lat' dir='ltr'>XX.</span> <span class='ocrx_word' id='word_1_67' title='bbox 627 1100 695 1108; x_wconf 84' lang='lat'>-——</span> <span class='ocrx_word' id='word_1_68' title='bbox 751 1072 830 1123; x_wconf 90' lang='lat' dir='ltr'>De</span> <span class='ocrx_word' id='word_1_69' title='bbox 875 1069 1080 1123; x_wconf 88' lang='lat' dir='ltr'>domno</span> <span class='ocrx_word' id='word_1_70' title='bbox 1143 1068 1458 1133; x_wconf 71' lang='lat' dir='ltr'>Anselmo,</span> <span class='ocrx_word' id='word_1_71' title='bbox 1512 1068 1716 1123; x_wconf 78' lang='lat' dir='ltr'>abbate</span> <span class='ocrx_word' id='word_1_72' title='bbox 1754 1068 1955 1124; x_wconf 87' lang='lat' dir='ltr'>Sancti</span> 
     </span>
    </p>
   </div>
   <div class='ocr_carea' id='block_1_13' title="bbox 955 1139 1266 1195">
    <p class='ocr_par' dir='ltr' id='par_1_13' title="bbox 955 1139 1266 1195">
     <span class='ocr_line' id='line_1_13' title="bbox 955 1139 1266 1195; baseline -0.013 0"><span class='ocrx_word' id='word_1_73' title='bbox 955 1139 1266 1195; x_wconf 86' lang='lat' dir='ltr'>Vincentii.</span> 
     </span>
    </p>
   </div>
   <div class='ocr_carea' id='block_1_14' title="bbox 329 1234 1951 1306">
    <p class='ocr_par' dir='ltr' id='par_1_14' title="bbox 329 1234 1951 1306">
     <span class='ocr_line' id='line_1_14' title="bbox 329 1234 1951 1306; baseline 0 -16"><span class='ocrx_word' id='word_1_74' title='bbox 329 1239 392 1291; x_wconf 89' lang='lat' dir='ltr'>In</span> <span class='ocrx_word' id='word_1_75' title='bbox 455 1237 709 1292; x_wconf 83' lang='lat' dir='ltr'>canobio</span> <span class='ocrx_word' id='word_1_76' title='bbox 760 1250 994 1306; x_wconf 88' lang='lat' dir='ltr'>quoque</span> <span class='ocrx_word' id='word_1_77' title='bbox 1049 1234 1241 1291; x_wconf 88' lang='lat' dir='ltr'>Sancti</span> <span class='ocrx_word' id='word_1_78' title='bbox 1303 1235 1604 1301; x_wconf 88' lang='lat' dir='ltr'>Vincentii,</span> <span class='ocrx_word' id='word_1_79' title='bbox 1665 1235 1818 1305; x_wconf 87' lang='lat' dir='ltr'>quod</span> <span class='ocrx_word' id='word_1_80' title='bbox 1868 1241 1951 1290; x_wconf 91' lang='lat' dir='ltr'>est</span> 
     </span>
    </p>
   </div>
   <div class='ocr_carea' id='block_1_15' title="bbox 256 1323 1952 1389">
    <p class='ocr_par' dir='ltr' id='par_1_15' title="bbox 256 1323 1952 1389">
     <span class='ocr_line' id='line_1_15' title="bbox 256 1323 1952 1389; baseline -0.002 -10"><span class='ocrx_word' id='word_1_81' title='bbox 256 1325 430 1380; x_wconf 89' lang='lat' dir='ltr'>situm</span> <span class='ocrx_word' id='word_1_82' title='bbox 486 1332 651 1380; x_wconf 89' lang='lat' dir='ltr'>extra</span> <span class='ocrx_word' id='word_1_83' title='bbox 708 1337 905 1379; x_wconf 89' lang='lat' dir='ltr'>muros</span> <span class='ocrx_word' id='word_1_84' title='bbox 954 1323 1116 1378; x_wconf 90' lang='lat' dir='ltr'>urbis</span> <span class='ocrx_word' id='word_1_85' title='bbox 1175 1323 1596 1389; x_wconf 89' lang='lat' dir='ltr'>Laudunensis,</span> <span class='ocrx_word' id='word_1_86' title='bbox 1646 1331 1700 1378; x_wconf 92' lang='lat' dir='ltr'>et</span> <span class='ocrx_word' id='word_1_87' title='bbox 1739 1323 1952 1377; x_wconf 92' lang='lat' dir='ltr'>dicitur</span> 
     </span>
    </p>
   </div>
   <div class='ocr_carea' id='block_1_16' title="bbox 255 1411 1948 1481">
    <p class='ocr_par' dir='ltr' id='par_1_16' title="bbox 255 1411 1948 1481">
     <span class='ocr_line' id='line_1_16' title="bbox 255 1411 1948 1481; baseline -0.001 -13"><span class='ocrx_word' id='word_1_88' title='bbox 255 1428 378 1468; x_wconf 88' lang='lat' dir='ltr'>esse</span> <span class='ocrx_word' id='word_1_89' title='bbox 408 1413 660 1468; x_wconf 88' lang='lat' dir='ltr'>secunda</span> <span class='ocrx_word' id='word_1_90' title='bbox 693 1413 851 1467; x_wconf 89' lang='lat' dir='ltr'>sedes</span> <span class='ocrx_word' id='word_1_91' title='bbox 896 1411 1250 1481; x_wconf 88' lang='lat' dir='ltr'>episcopalis,</span> <span class='ocrx_word' id='word_1_92' title='bbox 1300 1412 1576 1466; x_wconf 86' lang='lat' dir='ltr'>domuum</span> <span class='ocrx_word' id='word_1_93' title='bbox 1616 1411 1948 1467; x_wconf 81' lang='lat' dir='ltr'>Anselmum</span> 
     </span>
    </p>
   </div>
   <div class='ocr_carea' id='block_1_17' title="bbox 255 1499 1947 1566">
    <p class='ocr_par' dir='ltr' id='par_1_17' title="bbox 255 1499 1947 1566">
     <span class='ocr_line' id='line_1_17' title="bbox 255 1499 1947 1566; baseline -0.002 -9"><span class='ocrx_word' id='word_1_94' title='bbox 255 1502 324 1557; x_wconf 91' lang='lat' dir='ltr'>de</span> <span class='ocrx_word' id='word_1_95' title='bbox 371 1501 628 1557; x_wconf 80' lang='lat' dir='ltr'>canobio</span> <span class='ocrx_word' id='word_1_96' title='bbox 677 1501 864 1556; x_wconf 91' lang='lat' dir='ltr'>Sancti</span> <span class='ocrx_word' id='word_1_97' title='bbox 907 1500 1159 1556; x_wconf 87' lang='lat' dir='ltr'>Medardi</span> <span class='ocrx_word' id='word_1_98' title='bbox 1219 1499 1640 1556; x_wconf 89' lang='lat' dir='ltr'>Suessionensis</span> <span class='ocrx_word' id='word_1_99' title='bbox 1683 1501 1947 1566; x_wconf 86' lang='lat' dir='ltr'>ascitum,</span> 
     </span>
    </p>
   </div>
   <div class='ocr_carea' id='block_1_18' title="bbox 255 1588 1950 1658">
    <p class='ocr_par' dir='ltr' id='par_1_18' title="bbox 255 1588 1950 1658">
     <span class='ocr_line' id='line_1_18' title="bbox 255 1588 1950 1658; baseline -0.001 -13"><span class='ocrx_word' id='word_1_100' title='bbox 255 1591 521 1646; x_wconf 81' lang='lat' dir='ltr'>abbatem</span> <span class='ocrx_word' id='word_1_101' title='bbox 568 1590 860 1645; x_wconf 87' lang='lat' dir='ltr'>ordinavit</span> <span class='ocrx_word' id='word_1_102' title='bbox 908 1588 1182 1658; x_wconf 90' lang='lat' dir='ltr'>prafatus</span> <span class='ocrx_word' id='word_1_103' title='bbox 1229 1589 1684 1644; x_wconf 87' lang='lat' dir='ltr'>Bartholomaus</span> <span class='ocrx_word' id='word_1_104' title='bbox 1728 1588 1950 1657; x_wconf 88' lang='lat' dir='ltr'>episco-</span> 
     </span>
    </p>
   </div>
   <div class='ocr_carea' id='block_1_19' title="bbox 2057 516 3756 586">
    <p class='ocr_par' dir='ltr' id='par_1_19' title="bbox 2057 516 3756 586">
     <span class='ocr_line' id='line_1_19' title="bbox 2057 516 3756 586; baseline 0.001 -17"><span class='ocrx_word' id='word_1_105' title='bbox 2057 530 2258 570; x_wconf 88' lang='lat' dir='ltr'>earum</span> <span class='ocrx_word' id='word_1_106' title='bbox 2295 517 2418 586; x_wconf 92' lang='lat' dir='ltr'>ipsa</span> <span class='ocrx_word' id='word_1_107' title='bbox 2450 517 2635 586; x_wconf 88' lang='lat' dir='ltr'>prima</span> <span class='ocrx_word' id='word_1_108' title='bbox 2686 517 2793 572; x_wconf 89' lang='lat' dir='ltr'>fuit</span> <span class='ocrx_word' id='word_1_109' title='bbox 2817 517 3121 572; x_wconf 82' lang='lat' dir='ltr'>abbatissa.</span> <span class='ocrx_word' id='word_1_110' title='bbox 3175 516 3356 571; x_wconf 88' lang='lat' dir='ltr'>Tanta</span> <span class='ocrx_word' id='word_1_111' title='bbox 3387 531 3521 572; x_wconf 89' lang='lat' dir='ltr'>vero</span> <span class='ocrx_word' id='word_1_112' title='bbox 3565 525 3756 572; x_wconf 88' lang='lat' dir='ltr'>aucto-</span> 
     </span>
    </p>
   </div>
   <div class='ocr_carea' id='block_1_20' title="bbox 2059 604 3759 675">
    <p class='ocr_par' dir='ltr' id='par_1_20' title="bbox 2059 604 3759 675">
     <span class='ocr_line' id='line_1_20' title="bbox 2059 604 3759 675; baseline -0.001 -17"><span class='ocrx_word' id='word_1_113' title='bbox 2059 605 2226 660; x_wconf 83' lang='lat' dir='ltr'>ritate</span> <span class='ocrx_word' id='word_1_114' title='bbox 2277 606 2500 661; x_wconf 88' lang='lat' dir='ltr'>studuit</span> <span class='ocrx_word' id='word_1_115' title='bbox 2530 620 2654 660; x_wconf 90' lang='lat' dir='ltr'>eam</span> <span class='ocrx_word' id='word_1_116' title='bbox 2715 607 3050 670; x_wconf 89' lang='lat' dir='ltr'>sublimare,</span> <span class='ocrx_word' id='word_1_117' title='bbox 3101 606 3248 660; x_wconf 86' lang='lat' dir='ltr'>sicut</span> <span class='ocrx_word' id='word_1_118' title='bbox 3279 604 3449 660; x_wconf 88' lang='lat' dir='ltr'>refert</span> <span class='ocrx_word' id='word_1_119' title='bbox 3505 605 3759 675; x_wconf 91' lang='lat' dir='ltr'>antiqui-</span> 
     </span>
    </p>
   </div>
   <div class='ocr_carea' id='block_1_21' title="bbox 2058 693 3754 765">
    <p class='ocr_par' dir='ltr' id='par_1_21' title="bbox 2058 693 3754 765">
     <span class='ocr_line' id='line_1_21' title="bbox 2058 693 3754 765; baseline 0 -18"><span class='ocrx_word' id='word_1_120' title='bbox 2058 700 2164 759; x_wconf 86' lang='lat' dir='ltr'>tas,</span> <span class='ocrx_word' id='word_1_121' title='bbox 2199 700 2263 748; x_wconf 93' lang='lat' dir='ltr'>ut</span> <span class='ocrx_word' id='word_1_122' title='bbox 2293 694 2780 762; x_wconf 89' lang='lat' dir='ltr'>quemadmodum</span> <span class='ocrx_word' id='word_1_123' title='bbox 2807 694 2860 748; x_wconf 93' lang='lat' dir='ltr'>in</span> <span class='ocrx_word' id='word_1_124' title='bbox 2893 693 3231 763; x_wconf 81' lang='lat' dir='ltr'>Apocalypsi</span> <span class='ocrx_word' id='word_1_125' title='bbox 3252 693 3487 748; x_wconf 84' lang='lat' dir='ltr'>Joannis</span> <span class='ocrx_word' id='word_1_126' title='bbox 3509 694 3754 765; x_wconf 84' lang='lat' dir='ltr'>legitur:</span> 
     </span>
    </p>
   </div>
   <div class='ocr_carea' id='block_1_22' title="bbox 2061 780 3753 855">
    <p class='ocr_par' dir='ltr' id='par_1_22' title="bbox 2061 780 3753 855">
     <span class='ocr_line' id='line_1_22' title="bbox 2061 780 3753 855; baseline 0.004 -25"><span class='ocrx_word' id='word_1_127' title='bbox 2061 801 2087 830; x_wconf 79' lang='grc' dir='ltr'>(ι</span> <span class='ocrx_word' id='word_1_128' title='bbox 2117 780 2310 837; x_wconf 88' lang='lat' dir='ltr'>Scribe</span> <span class='ocrx_word' id='word_1_129' title='bbox 2337 790 2550 850; x_wconf 85' lang='lat' dir='ltr'>septem</span> <span class='ocrx_word' id='word_1_130' title='bbox 2599 783 2880 849; x_wconf 87' lang='lat' dir='ltr'>Ecclesiis,</span> <span class='ocrx_word' id='word_1_131' title='bbox 2934 797 3064 852; x_wconf 82' lang='lat' dir='ltr'>qua</span> <span class='ocrx_word' id='word_1_132' title='bbox 3095 787 3230 839; x_wconf 88' lang='lat' dir='ltr'>sunt</span> <span class='ocrx_word' id='word_1_133' title='bbox 3276 783 3332 837; x_wconf 92' lang='lat' dir='ltr'>in</span> <span class='ocrx_word' id='word_1_134' title='bbox 3363 784 3497 838; x_wconf 81' lang='lat' dir='ltr'>Asia</span> <span class='ocrx_word' id='word_1_135' title='bbox 3544 784 3753 855; x_wconf 79' lang='lat' dir='ltr'>(Apoc.</span> 
     </span>
    </p>
   </div>
   <div class='ocr_carea' id='block_1_23' title="bbox 2059 871 3759 942">
    <p class='ocr_par' dir='ltr' id='par_1_23' title="bbox 2059 871 3759 942">
     <span class='ocr_line' id='line_1_23' title="bbox 2059 871 3759 942; baseline 0.001 -17"><span class='ocrx_word' id='word_1_136' title='bbox 2059 886 2096 936; x_wconf 83' lang='grc' dir='ltr'>ι,</span> <span class='ocrx_word' id='word_1_137' title='bbox 2135 873 2259 939; x_wconf 87' lang='lat' dir='ltr'>H);</span> <span class='ocrx_word' id='word_1_138' title='bbox 2295 893 2315 918; x_wconf 77' lang='grc' dir='ltr'>ι</span> <span class='ocrx_word' id='word_1_139' title='bbox 2354 871 2430 926; x_wconf 92' lang='lat' dir='ltr'>ita</span> <span class='ocrx_word' id='word_1_140' title='bbox 2460 873 2632 927; x_wconf 89' lang='lat' dir='ltr'>etiam</span> <span class='ocrx_word' id='word_1_141' title='bbox 2675 873 2823 927; x_wconf 92' lang='lat' dir='ltr'>hanc</span> <span class='ocrx_word' id='word_1_142' title='bbox 2852 872 3140 927; x_wconf 87' lang='lat' dir='ltr'>abbatiam</span> <span class='ocrx_word' id='word_1_143' title='bbox 3174 873 3412 942; x_wconf 90' lang='lat' dir='ltr'>cupiens</span> <span class='ocrx_word' id='word_1_144' title='bbox 3448 887 3567 928; x_wconf 86' lang='lat' dir='ltr'>esse</span> <span class='ocrx_word' id='word_1_145' title='bbox 3599 873 3759 928; x_wconf 87' lang='lat' dir='ltr'>velut</span> 
     </span>
    </p>
   </div>
   <div class='ocr_carea' id='block_1_24' title="bbox 2058 961 3754 1031">
    <p class='ocr_par' dir='ltr' id='par_1_24' title="bbox 2058 961 3754 1031">
     <span class='ocr_line' id='line_1_24' title="bbox 2058 961 3754 1031; baseline 0.001 -17"><span class='ocrx_word' id='word_1_146' title='bbox 2058 961 2295 1016; x_wconf 88' lang='lat' dir='ltr'>alteram</span> <span class='ocrx_word' id='word_1_147' title='bbox 2344 961 2555 1028; x_wconf 80' lang='lat' dir='ltr'>Asiam,</span> <span class='ocrx_word' id='word_1_148' title='bbox 2587 970 2799 1031; x_wconf 88' lang='lat' dir='ltr'>septem</span> <span class='ocrx_word' id='word_1_149' title='bbox 2847 963 3112 1017; x_wconf 88' lang='lat' dir='ltr'>ecclesias</span> <span class='ocrx_word' id='word_1_150' title='bbox 3159 962 3217 1016; x_wconf 91' lang='lat' dir='ltr'>in</span> <span class='ocrx_word' id='word_1_151' title='bbox 3247 977 3314 1016; x_wconf 84' lang='lat' dir='ltr'>ea</span> <span class='ocrx_word' id='word_1_152' title='bbox 3359 962 3754 1018; x_wconf 84' lang='lat' dir='ltr'>adiﬁcaverit.</span> 
     </span>
    </p>
   </div>
   <div class='ocr_carea' id='block_1_25' title="bbox 2060 1050 3757 1120">
    <p class='ocr_par' dir='ltr' id='par_1_25' title="bbox 2060 1050 3757 1120">
     <span class='ocr_line' id='line_1_25' title="bbox 2060 1050 3757 1120; baseline 0.002 -17"><span class='ocrx_word' id='word_1_153' title='bbox 2060 1050 2274 1104; x_wconf 85' lang='lat' dir='ltr'>Harum</span> <span class='ocrx_word' id='word_1_154' title='bbox 2327 1051 2594 1118; x_wconf 89' lang='lat' dir='ltr'>primam,</span> <span class='ocrx_word' id='word_1_155' title='bbox 2639 1065 2769 1120; x_wconf 87' lang='lat' dir='ltr'>qua</span> <span class='ocrx_word' id='word_1_156' title='bbox 2804 1051 3172 1120; x_wconf 89' lang='lat' dir='ltr'>principalior</span> <span class='ocrx_word' id='word_1_157' title='bbox 3216 1065 3335 1106; x_wconf 88' lang='lat' dir='ltr'>esse</span> <span class='ocrx_word' id='word_1_158' title='bbox 3385 1052 3757 1116; x_wconf 89' lang='lat' dir='ltr'>noscebatur,</span> 
     </span>
    </p>
   </div>
   <div class='ocr_carea' id='block_1_26' title="bbox 2061 1137 3758 1208">
    <p class='ocr_par' dir='ltr' id='par_1_26' title="bbox 2061 1137 3758 1208">
     <span class='ocr_line' id='line_1_26' title="bbox 2061 1137 3758 1208; baseline 0.001 -18"><span class='ocrx_word' id='word_1_159' title='bbox 2061 1137 2119 1190; x_wconf 92' lang='lat' dir='ltr'>in</span> <span class='ocrx_word' id='word_1_160' title='bbox 2177 1137 2448 1192; x_wconf 90' lang='lat' dir='ltr'>honorem</span> <span class='ocrx_word' id='word_1_161' title='bbox 2497 1145 2706 1193; x_wconf 87' lang='lat' dir='ltr'>sancta</span> <span class='ocrx_word' id='word_1_162' title='bbox 2757 1137 3060 1193; x_wconf 91' lang='lat' dir='ltr'>Genitricis</span> <span class='ocrx_word' id='word_1_163' title='bbox 3105 1137 3416 1204; x_wconf 89' lang='lat' dir='ltr'>conditam,</span> <span class='ocrx_word' id='word_1_164' title='bbox 3481 1138 3758 1208; x_wconf 85' lang='lat' dir='ltr'>appellari</span> 
     </span>
    </p>
   </div>
   <div class='ocr_carea' id='block_1_27' title="bbox 2059 1224 3760 1287">
    <p class='ocr_par' dir='ltr' id='par_1_27' title="bbox 2059 1224 3760 1287">
     <span class='ocr_line' id='line_1_27' title="bbox 2059 1224 3760 1287; baseline 0.001 -8"><span class='ocrx_word' id='word_1_165' title='bbox 2059 1225 2242 1280; x_wconf 87' lang='lat' dir='ltr'>voluit</span> <span class='ocrx_word' id='word_1_166' title='bbox 2295 1225 2514 1280; x_wconf 87' lang='lat' dir='ltr'>Sancta</span> <span class='ocrx_word' id='word_1_167' title='bbox 2575 1226 2767 1280; x_wconf 86' lang='lat' dir='ltr'>Maria</span> <span class='ocrx_word' id='word_1_168' title='bbox 2819 1224 3162 1287; x_wconf 88' lang='lat' dir='ltr'>Profunda,</span> <span class='ocrx_word' id='word_1_169' title='bbox 3219 1225 3291 1280; x_wconf 91' lang='lat' dir='ltr'>ad</span> <span class='ocrx_word' id='word_1_170' title='bbox 3371 1225 3760 1282; x_wconf 79' lang='lat' dir='ltr'>differentiam</span> 
     </span>
    </p>
   </div>
   <div class='ocr_carea' id='block_1_28' title="bbox 2061 1312 3761 1384">
    <p class='ocr_par' dir='ltr' id='par_1_28' title="bbox 2061 1312 3761 1384">
     <span class='ocr_line' id='line_1_28' title="bbox 2061 1312 3761 1384; baseline 0.001 -16"><span class='ocrx_word' id='word_1_171' title='bbox 2061 1314 2298 1368; x_wconf 91' lang='lat' dir='ltr'>forsitan</span> <span class='ocrx_word' id='word_1_172' title='bbox 2334 1313 2569 1382; x_wconf 89' lang='lat' dir='ltr'>majoris</span> <span class='ocrx_word' id='word_1_173' title='bbox 2597 1314 2848 1368; x_wconf 90' lang='lat' dir='ltr'>ecclesia</span> <span class='ocrx_word' id='word_1_174' title='bbox 2885 1312 3104 1368; x_wconf 87' lang='lat' dir='ltr'>Sancta</span> <span class='ocrx_word' id='word_1_175' title='bbox 3137 1313 3348 1378; x_wconf 89' lang='lat' dir='ltr'>Maria,</span> <span class='ocrx_word' id='word_1_176' title='bbox 3399 1314 3456 1368; x_wconf 93' lang='lat' dir='ltr'>in</span> <span class='ocrx_word' id='word_1_177' title='bbox 3486 1328 3604 1384; x_wconf 90' lang='lat' dir='ltr'>qua</span> <span class='ocrx_word' id='word_1_178' title='bbox 3629 1316 3761 1384; x_wconf 90' lang='lat' dir='ltr'>epi-</span> 
     </span>
    </p>
   </div>
   <div class='ocr_carea' id='block_1_29' title="bbox 2060 1401 3759 1470">
    <p class='ocr_par' dir='ltr' id='par_1_29' title="bbox 2060 1401 3759 1470">
     <span class='ocr_line' id='line_1_29' title="bbox 2060 1401 3759 1470; baseline 0.002 -14"><span class='ocrx_word' id='word_1_179' title='bbox 2060 1402 2303 1470; x_wconf 89' lang='lat' dir='ltr'>scopalis</span> <span class='ocrx_word' id='word_1_180' title='bbox 2332 1401 2492 1456; x_wconf 88' lang='lat' dir='ltr'>sedes</span> <span class='ocrx_word' id='word_1_181' title='bbox 2536 1401 2829 1467; x_wconf 81' lang='lat' dir='ltr'>consistit;</span> <span class='ocrx_word' id='word_1_182' title='bbox 2864 1402 3174 1456; x_wconf 86' lang='lat' dir='ltr'>secundam</span> <span class='ocrx_word' id='word_1_183' title='bbox 3209 1401 3400 1457; x_wconf 88' lang='lat' dir='ltr'>Sancti</span> <span class='ocrx_word' id='word_1_184' title='bbox 3438 1403 3759 1469; x_wconf 81' lang='lat' dir='ltr'>Michaelis,</span> 
     </span>
    </p>
   </div>
   <div class='ocr_carea' id='block_1_30' title="bbox 2058 1489 3757 1560">
    <p class='ocr_par' dir='ltr' id='par_1_30' title="bbox 2058 1489 3757 1560">
     <span class='ocr_line' id='line_1_30' title="bbox 2058 1489 3757 1560; baseline 0.002 -16"><span class='ocrx_word' id='word_1_185' title='bbox 2058 1497 2112 1544; x_wconf 91' lang='lat' dir='ltr'>et</span> <span class='ocrx_word' id='word_1_186' title='bbox 2141 1490 2411 1546; x_wconf 87' lang='lat' dir='ltr'>Omnium</span> <span class='ocrx_word' id='word_1_187' title='bbox 2444 1491 2798 1560; x_wconf 85' lang='lat' dir='ltr'>Angelorum</span> <span class='ocrx_word' id='word_1_188' title='bbox 2822 1505 2838 1558; x_wconf 83' lang='lat'><strong>;</strong></span> <span class='ocrx_word' id='word_1_189' title='bbox 2866 1490 3087 1545; x_wconf 89' lang='lat' dir='ltr'>tertiam</span> <span class='ocrx_word' id='word_1_190' title='bbox 3116 1489 3169 1545; x_wconf 94' lang='lat' dir='ltr'>S.</span> <span class='ocrx_word' id='word_1_191' title='bbox 3201 1491 3436 1545; x_wconf 82' lang='lat' dir='ltr'>Joannis</span> <span class='ocrx_word' id='word_1_192' title='bbox 3466 1491 3757 1560; x_wconf 82' lang='lat' dir='ltr'>Baptista,</span> 
     </span>
    </p>
   </div>
   <div class='ocr_carea' id='block_1_31' title="bbox 2059 1579 3758 1648">
    <p class='ocr_par' dir='ltr' id='par_1_31' title="bbox 2059 1579 3758 1648">
     <span class='ocr_line' id='line_1_31' title="bbox 2059 1579 3758 1648; baseline 0.002 -16"><span class='ocrx_word' id='word_1_193' title='bbox 2059 1586 2114 1633; x_wconf 92' lang='lat' dir='ltr'>et</span> <span class='ocrx_word' id='word_1_194' title='bbox 2142 1579 2411 1634; x_wconf 89' lang='lat' dir='ltr'>Omnium</span> <span class='ocrx_word' id='word_1_195' title='bbox 2439 1585 2588 1633; x_wconf 71' lang='lat'><strong>553</strong></span> <span class='ocrx_word' id='word_1_196' title='bbox 2615 1579 3080 1635; x_wconf 88' lang='lat' dir='ltr'>Patriarcharum</span> <span class='ocrx_word' id='word_1_197' title='bbox 3103 1587 3278 1648; x_wconf 88' lang='lat' dir='ltr'>atque</span> <span class='ocrx_word' id='word_1_198' title='bbox 3300 1579 3758 1648; x_wconf 83' lang='lat' dir='ltr'>Prophetarum;</span> 
     </span>
    </p>
   </div>
   <div class='ocr_carea' id='block_1_32' title="bbox 258 1668 3766 1772">
    <p class='ocr_par' dir='ltr' id='par_1_32' title="bbox 258 1668 3766 1772">
     <span class='ocr_line' id='line_1_32' title="bbox 258 1668 3766 1772; baseline -0.003 -37"><span class='ocrx_word' id='word_1_199' title='bbox 258 1695 384 1749; x_wconf 90' lang='lat' dir='ltr'>pus.</span> <span class='ocrx_word' id='word_1_200' title='bbox 419 1679 599 1748; x_wconf 90' lang='lat' dir='ltr'>Cujus</span> <span class='ocrx_word' id='word_1_201' title='bbox 629 1678 881 1733; x_wconf 88' lang='lat' dir='ltr'>Anselmi</span> <span class='ocrx_word' id='word_1_202' title='bbox 929 1677 1178 1747; x_wconf 90' lang='lat' dir='ltr'>probitas</span> <span class='ocrx_word' id='word_1_203' title='bbox 1210 1677 1266 1732; x_wconf 91' lang='lat' dir='ltr'>in</span> <span class='ocrx_word' id='word_1_204' title='bbox 1319 1679 1424 1732; x_wconf 89' lang='lat' dir='ltr'>hoc</span> <span class='ocrx_word' id='word_1_205' title='bbox 1459 1692 1574 1732; x_wconf 92' lang='lat' dir='ltr'>uno</span> <span class='ocrx_word' id='word_1_206' title='bbox 1604 1685 1780 1746; x_wconf 89' lang='lat' dir='ltr'>potest</span> <span class='ocrx_word' id='word_1_207' title='bbox 1828 1677 1946 1732; x_wconf 92' lang='lat' dir='ltr'>evi-</span> <span class='ocrx_word' id='word_1_208' title='bbox 1990 1718 2032 1772; x_wconf 78' lang='grc' dir='ltr'><strong>Β</strong></span> <span class='ocrx_word' id='word_1_209' title='bbox 2064 1676 2331 1738; x_wconf 75' lang='lat' dir='ltr'>quartam</span> <span class='ocrx_word' id='word_1_210' title='bbox 2386 1669 2536 1772; x_wconf 50' lang='lat' dir='ltr'>Belati</span> <span class='ocrx_word' id='word_1_211' title='bbox 2569 1669 2715 1724; x_wconf 82' lang='lat' dir='ltr'>Petri</span> <span class='ocrx_word' id='word_1_212' title='bbox 2749 1668 3008 1772; x_wconf 58' lang='lat' dir='ltr'>apostoli,</span> <span class='ocrx_word' id='word_1_213' title='bbox 3049 1668 3440 1772; x_wconf 71' lang='lat' dir='ltr'>Omniumque</span> <span class='ocrx_word' id='word_1_214' title='bbox 3469 1670 3766 1766; x_wconf 81' lang='lat' dir='ltr'>Apostolo-</span> 
     </span>
    </p>
   </div>
   <div class='ocr_carea' id='block_1_33' title="bbox 255 1766 1953 1837">
    <p class='ocr_par' dir='ltr' id='par_1_33' title="bbox 255 1766 1953 1837">
     <span class='ocr_line' id='line_1_33' title="bbox 255 1766 1953 1837; baseline -0.001 -15"><span class='ocrx_word' id='word_1_215' title='bbox 255 1769 456 1823; x_wconf 88' lang='lat' dir='ltr'>denter</span> <span class='ocrx_word' id='word_1_216' title='bbox 499 1768 742 1832; x_wconf 88' lang='lat' dir='ltr'>adverti,</span> <span class='ocrx_word' id='word_1_217' title='bbox 794 1767 948 1837; x_wconf 91' lang='lat' dir='ltr'>quod</span> <span class='ocrx_word' id='word_1_218' title='bbox 1000 1767 1056 1821; x_wconf 92' lang='lat' dir='ltr'>in</span> <span class='ocrx_word' id='word_1_219' title='bbox 1101 1766 1341 1822; x_wconf 89' lang='lat' dir='ltr'>diversis</span> <span class='ocrx_word' id='word_1_220' title='bbox 1397 1766 1662 1822; x_wconf 90' lang='lat' dir='ltr'>Ecclesiis</span> <span class='ocrx_word' id='word_1_221' title='bbox 1707 1781 1779 1822; x_wconf 85' lang='lat' dir='ltr'>ex</span> <span class='ocrx_word' id='word_1_222' title='bbox 1827 1767 1953 1836; x_wconf 83' lang='lat' dir='ltr'>ejus</span> 
     </span>
    </p>
   </div>
   <div class='ocr_carea' id='block_1_34' title="bbox 256 1854 1955 1920">
    <p class='ocr_par' dir='ltr' id='par_1_34' title="bbox 256 1854 1955 1920">
     <span class='ocr_line' id='line_1_34' title="bbox 256 1854 1955 1920; baseline -0.001 -9"><span class='ocrx_word' id='word_1_223' title='bbox 256 1857 556 1912; x_wconf 90' lang='lat' dir='ltr'>monachis</span> <span class='ocrx_word' id='word_1_224' title='bbox 617 1856 860 1920; x_wconf 90' lang='lat' dir='ltr'>electos,</span> <span class='ocrx_word' id='word_1_225' title='bbox 917 1869 1120 1910; x_wconf 92' lang='lat' dir='ltr'>novem</span> <span class='ocrx_word' id='word_1_226' title='bbox 1181 1855 1345 1910; x_wconf 88' lang='lat' dir='ltr'>hodie</span> <span class='ocrx_word' id='word_1_227' title='bbox 1405 1855 1668 1910; x_wconf 89' lang='lat' dir='ltr'>videmus</span> <span class='ocrx_word' id='word_1_228' title='bbox 1719 1854 1955 1910; x_wconf 84' lang='lat' dir='ltr'>abbates</span> 
     </span>
    </p>
   </div>
   <div class='ocr_carea' id='block_1_35' title="bbox 255 1943 1956 2012">
    <p class='ocr_par' dir='ltr' id='par_1_35' title="bbox 255 1943 1956 2012">
     <span class='ocr_line' id='line_1_35' title="bbox 255 1943 1956 2012; baseline -0.001 -13"><span class='ocrx_word' id='word_1_229' title='bbox 255 1945 458 2000; x_wconf 86' lang='lat' dir='ltr'>florere</span> <span class='ocrx_word' id='word_1_230' title='bbox 531 1945 686 1999; x_wconf 89' lang='lat' dir='ltr'>viros</span> <span class='ocrx_word' id='word_1_231' title='bbox 742 1943 1189 2012; x_wconf 89' lang='lat' dir='ltr'>probatissimos.</span> <span class='ocrx_word' id='word_1_232' title='bbox 1255 1945 1318 1997; x_wconf 91' lang='lat' dir='ltr'>ln</span> <span class='ocrx_word' id='word_1_233' title='bbox 1384 1943 1640 1998; x_wconf 73' lang='lat' dir='ltr'>coenobio</span> <span class='ocrx_word' id='word_1_234' title='bbox 1703 1956 1956 2012; x_wconf 88' lang='lat' dir='ltr'>namque</span> 
     </span>
    </p>
   </div>
   <div class='ocr_carea' id='block_1_36' title="bbox 252 2028 1952 2097">
    <p class='ocr_par' dir='ltr' id='par_1_36' title="bbox 252 2028 1952 2097">
     <span class='ocr_line' id='line_1_36' title="bbox 252 2028 1952 2097; baseline -0.002 -11"><span class='ocrx_word' id='word_1_235' title='bbox 252 2030 584 2086; x_wconf 91' lang='lat' dir='ltr'>Orbaciensi</span> <span class='ocrx_word' id='word_1_236' title='bbox 659 2031 907 2084; x_wconf 90' lang='lat' dir='ltr'>domnus</span> <span class='ocrx_word' id='word_1_237' title='bbox 969 2029 1326 2097; x_wconf 87' lang='lat' dir='ltr'>Balduinus;</span> <span class='ocrx_word' id='word_1_238' title='bbox 1405 2028 1462 2082; x_wconf 90' lang='lat' dir='ltr'>in</span> <span class='ocrx_word' id='word_1_239' title='bbox 1522 2028 1952 2084; x_wconf 87' lang='lat' dir='ltr'>Morimontensi</span> 
     </span>
    </p>
   </div>
   <div class='ocr_carea' id='block_1_37' title="bbox 253 2116 1952 2186">
    <p class='ocr_par' dir='ltr' id='par_1_37' title="bbox 253 2116 1952 2186">
     <span class='ocr_line' id='line_1_37' title="bbox 253 2116 1952 2186; baseline -0.001 -11"><span class='ocrx_word' id='word_1_240' title='bbox 253 2119 628 2184; x_wconf 90' lang='lat' dir='ltr'>Guillelmus;</span> <span class='ocrx_word' id='word_1_241' title='bbox 667 2119 722 2172; x_wconf 92' lang='lat' dir='ltr'>in</span> <span class='ocrx_word' id='word_1_242' title='bbox 757 2117 945 2173; x_wconf 91' lang='lat' dir='ltr'>Sancti</span> <span class='ocrx_word' id='word_1_243' title='bbox 996 2116 1253 2186; x_wconf 88' lang='lat' dir='ltr'>Sepulcri</span> <span class='ocrx_word' id='word_1_244' title='bbox 1294 2118 1719 2174; x_wconf 87' lang='lat' dir='ltr'>Cameracensis</span> <span class='ocrx_word' id='word_1_245' title='bbox 1751 2119 1952 2173; x_wconf 87' lang='lat' dir='ltr'>Parvi-</span> 
     </span>
    </p>
   </div>
   <div class='ocr_carea' id='block_1_38' title="bbox 253 2205 1952 2276">
    <p class='ocr_par' dir='ltr' id='par_1_38' title="bbox 253 2205 1952 2276">
     <span class='ocr_line' id='line_1_38' title="bbox 253 2205 1952 2276; baseline -0.002 -13"><span class='ocrx_word' id='word_1_246' title='bbox 253 2222 404 2276; x_wconf 86' lang='lat' dir='ltr'>nus;</span> <span class='ocrx_word' id='word_1_247' title='bbox 469 2205 660 2262; x_wconf 87' lang='lat' dir='ltr'>Sancti</span> <span class='ocrx_word' id='word_1_248' title='bbox 709 2205 950 2260; x_wconf 86' lang='lat' dir='ltr'>Andrea</span> <span class='ocrx_word' id='word_1_249' title='bbox 1008 2205 1076 2260; x_wconf 90' lang='lat' dir='ltr'>de</span> <span class='ocrx_word' id='word_1_250' title='bbox 1131 2219 1278 2259; x_wconf 89' lang='lat' dir='ltr'>novo</span> <span class='ocrx_word' id='word_1_251' title='bbox 1331 2206 1558 2259; x_wconf 89' lang='lat' dir='ltr'>castello</span> <span class='ocrx_word' id='word_1_252' title='bbox 1611 2206 1832 2270; x_wconf 85' lang='lat' dir='ltr'>Adam;</span> <span class='ocrx_word' id='word_1_253' title='bbox 1893 2206 1952 2260; x_wconf 90' lang='lat' dir='ltr'>in</span> 
     </span>
    </p>
   </div>
   <div class='ocr_carea' id='block_1_39' title="bbox 255 2292 1955 2362">
    <p class='ocr_par' dir='ltr' id='par_1_39' title="bbox 255 2292 1955 2362">
     <span class='ocr_line' id='line_1_39' title="bbox 255 2292 1955 2362; baseline -0.001 -12"><span class='ocrx_word' id='word_1_254' title='bbox 255 2293 604 2350; x_wconf 83' lang='lat' dir='ltr'>Hauoniensi</span> <span class='ocrx_word' id='word_1_255' title='bbox 655 2293 861 2362; x_wconf 88' lang='lat' dir='ltr'>Fulco;</span> <span class='ocrx_word' id='word_1_256' title='bbox 896 2293 954 2346; x_wconf 92' lang='lat' dir='ltr'>in</span> <span class='ocrx_word' id='word_1_257' title='bbox 1007 2293 1323 2347; x_wconf 84' lang='lat' dir='ltr'>Fidemensi</span> <span class='ocrx_word' id='word_1_258' title='bbox 1374 2292 1689 2361; x_wconf 84' lang='lat' dir='ltr'>Girardus;</span> <span class='ocrx_word' id='word_1_259' title='bbox 1725 2294 1780 2348; x_wconf 91' lang='lat' dir='ltr'>in</span> <span class='ocrx_word' id='word_1_260' title='bbox 1826 2294 1955 2348; x_wconf 86' lang='lat' dir='ltr'>Vir-</span> 
     </span>
    </p>
   </div>
   <div class='ocr_carea' id='block_1_40' title="bbox 254 2378 1951 2449">
    <p class='ocr_par' dir='ltr' id='par_1_40' title="bbox 254 2378 1951 2449">
     <span class='ocr_line' id='line_1_40' title="bbox 254 2378 1951 2449; baseline 0 -13"><span class='ocrx_word' id='word_1_261' title='bbox 254 2380 465 2436; x_wconf 90' lang='lat' dir='ltr'>tutensi</span> <span class='ocrx_word' id='word_1_262' title='bbox 508 2381 829 2449; x_wconf 88' lang='lat' dir='ltr'>Robertus;</span> <span class='ocrx_word' id='word_1_263' title='bbox 864 2378 922 2433; x_wconf 93' lang='lat' dir='ltr'>in</span> <span class='ocrx_word' id='word_1_264' title='bbox 956 2379 1146 2434; x_wconf 88' lang='lat' dir='ltr'>Sancti</span> <span class='ocrx_word' id='word_1_265' title='bbox 1178 2379 1395 2434; x_wconf 89' lang='lat' dir='ltr'>Nicolai</span> <span class='ocrx_word' id='word_1_266' title='bbox 1433 2393 1606 2448; x_wconf 89' lang='lat' dir='ltr'>prope</span> <span class='ocrx_word' id='word_1_267' title='bbox 1637 2380 1951 2436; x_wconf 89' lang='lat' dir='ltr'>Ribemon-</span> 
     </span>
    </p>
   </div>
   <div class='ocr_carea' id='block_1_41' title="bbox 257 2464 1946 2536">
    <p class='ocr_par' dir='ltr' id='par_1_41' title="bbox 257 2464 1946 2536">
     <span class='ocr_line' id='line_1_41' title="bbox 257 2464 1946 2536; baseline 0.001 -14"><span class='ocrx_word' id='word_1_268' title='bbox 257 2476 366 2522; x_wconf 90' lang='lat' dir='ltr'>tem</span> <span class='ocrx_word' id='word_1_269' title='bbox 397 2466 765 2534; x_wconf 88' lang='lat' dir='ltr'>Guillelmus;</span> <span class='ocrx_word' id='word_1_270' title='bbox 793 2465 848 2519; x_wconf 90' lang='lat' dir='ltr'>in</span> <span class='ocrx_word' id='word_1_271' title='bbox 881 2467 934 2519; x_wconf 91' lang='lat' dir='ltr'>S.</span> <span class='ocrx_word' id='word_1_272' title='bbox 961 2464 1252 2520; x_wconf 86' lang='lat' dir='ltr'>Michaelis</span> <span class='ocrx_word' id='word_1_273' title='bbox 1276 2466 1661 2522; x_wconf 87' lang='lat' dir='ltr'>Terraciensis</span> <span class='ocrx_word' id='word_1_274' title='bbox 1682 2467 1946 2536; x_wconf 89' lang='lat' dir='ltr'>Joannes,</span> 
     </span>
    </p>
   </div>
   <div class='ocr_carea' id='block_1_42' title="bbox 254 2553 1952 2624">
    <p class='ocr_par' dir='ltr' id='par_1_42' title="bbox 254 2553 1952 2624">
     <span class='ocr_line' id='line_1_42' title="bbox 254 2553 1952 2624; baseline 0.001 -15"><span class='ocrx_word' id='word_1_275' title='bbox 254 2556 608 2610; x_wconf 84' lang='lat' dir='ltr'>venerabiles</span> <span class='ocrx_word' id='word_1_276' title='bbox 683 2553 849 2608; x_wconf 91' lang='lat' dir='ltr'>hodie</span> <span class='ocrx_word' id='word_1_277' title='bbox 904 2553 1228 2608; x_wconf 87' lang='lat' dir='ltr'>consistunt</span> <span class='ocrx_word' id='word_1_278' title='bbox 1285 2553 1536 2621; x_wconf 88' lang='lat' dir='ltr'>abbates,</span> <span class='ocrx_word' id='word_1_279' title='bbox 1594 2555 1694 2624; x_wconf 90' lang='lat' dir='ltr'>qui</span> <span class='ocrx_word' id='word_1_280' title='bbox 1755 2571 1952 2610; x_wconf 90' lang='lat' dir='ltr'>omnes</span> 
     </span>
    </p>
   </div>
   <div class='ocr_carea' id='block_1_43' title="bbox 255 2641 1948 2708">
    <p class='ocr_par' dir='ltr' id='par_1_43' title="bbox 255 2641 1948 2708">
     <span class='ocr_line' id='line_1_43' title="bbox 255 2641 1948 2708; baseline 0.001 -10"><span class='ocrx_word' id='word_1_281' title='bbox 255 2644 692 2698; x_wconf 89' lang='lat' dir='ltr'>Laudunensem</span> <span class='ocrx_word' id='word_1_282' title='bbox 753 2641 1065 2697; x_wconf 89' lang='lat' dir='ltr'>Ecclesiam</span> <span class='ocrx_word' id='word_1_283' title='bbox 1122 2655 1287 2696; x_wconf 90' lang='lat' dir='ltr'>suam</span> <span class='ocrx_word' id='word_1_284' title='bbox 1341 2650 1600 2708; x_wconf 88' lang='lat' dir='ltr'>matrem,</span> <span class='ocrx_word' id='word_1_285' title='bbox 1664 2644 1948 2700; x_wconf 86' lang='lat' dir='ltr'>Bartholo—</span> 
     </span>
    </p>
   </div>
   <div class='ocr_carea' id='block_1_44' title="bbox 253 2729 1947 2802">
    <p class='ocr_par' dir='ltr' id='par_1_44' title="bbox 253 2729 1947 2802">
     <span class='ocr_line' id='line_1_44' title="bbox 253 2729 1947 2802; baseline 0.003 -19"><span class='ocrx_word' id='word_1_286' title='bbox 253 2744 461 2784; x_wconf 83' lang='lat' dir='ltr'>maum</span> <span class='ocrx_word' id='word_1_287' title='bbox 491 2743 627 2784; x_wconf 91' lang='lat' dir='ltr'>vero</span> <span class='ocrx_word' id='word_1_288' title='bbox 655 2729 981 2798; x_wconf 90' lang='lat' dir='ltr'>episcopum</span> <span class='ocrx_word' id='word_1_289' title='bbox 1007 2729 1298 2798; x_wconf 90' lang='lat' dir='ltr'>appellant</span> <span class='ocrx_word' id='word_1_290' title='bbox 1320 2731 1541 2786; x_wconf 88' lang='lat' dir='ltr'>Patrem</span> <span class='ocrx_word' id='word_1_291' title='bbox 1570 2745 1741 2788; x_wconf 91' lang='lat' dir='ltr'>suum</span> <span class='ocrx_word' id='word_1_292' title='bbox 1774 2740 1947 2802; x_wconf 86' lang='lat' dir='ltr'>atque</span> 
     </span>
    </p>
   </div>
   <div class='ocr_carea' id='block_1_45' title="bbox 251 2826 556 2885">
    <p class='ocr_par' dir='ltr' id='par_1_45' title="bbox 251 2826 556 2885">
     <span class='ocr_line' id='line_1_45' title="bbox 251 2826 556 2885; baseline 0 -15"><span class='ocrx_word' id='word_1_293' title='bbox 251 2826 556 2885; x_wconf 89' lang='lat' dir='ltr'>pastorem.</span> 
     </span>
    </p>
   </div>
   <div class='ocr_carea' id='block_1_46' title="bbox 247 2919 1945 2985">
    <p class='ocr_par' dir='ltr' id='par_1_46' title="bbox 247 2919 1945 2985">
     <span class='ocr_line' id='line_1_46' title="bbox 247 2919 1945 2985; baseline 0.002 -8"><span class='ocrx_word' id='word_1_294' title='bbox 247 2920 382 2977; x_wconf 82' lang='lat' dir='ltr'>CAP.</span> <span class='ocrx_word' id='word_1_295' title='bbox 417 2921 570 2975; x_wconf 90' lang='lat' dir='ltr'>XXl.</span> <span class='ocrx_word' id='word_1_296' title='bbox 617 2950 686 2960; x_wconf 92' lang='lat'><em>—</em></span> <span class='ocrx_word' id='word_1_297' title='bbox 735 2919 1026 2985; x_wconf 85' lang='lat' dir='ltr'>Quomodo</span> <span class='ocrx_word' id='word_1_298' title='bbox 1079 2919 1231 2974; x_wconf 87' lang='lat' dir='ltr'>idem</span> <span class='ocrx_word' id='word_1_299' title='bbox 1279 2922 1584 2978; x_wconf 76' lang='lat' dir='ltr'>Amet-mus</span> <span class='ocrx_word' id='word_1_300' title='bbox 1646 2926 1831 2980; x_wconf 75' lang='lat' dir='ltr'>Romae</span> <span class='ocrx_word' id='word_1_301' title='bbox 1884 2927 1945 2981; x_wconf 85' lang='lat' dir='ltr'>in</span> 
     </span>
    </p>
   </div>
   <div class='ocr_carea' id='block_1_47' title="bbox 530 2989 1655 3061">
    <p class='ocr_par' dir='ltr' id='par_1_47' title="bbox 530 2989 1655 3061">
     <span class='ocr_line' id='line_1_47' title="bbox 530 2989 1655 3061; baseline 0.004 -17"><span class='ocrx_word' id='word_1_302' title='bbox 530 2989 858 3061; x_wconf 79' lang='lat' dir='ltr'>episCOpum</span> <span class='ocrx_word' id='word_1_303' title='bbox 885 2991 1301 3046; x_wconf 83' lang='lat' dir='ltr'>Tornacensem</span> <span class='ocrx_word' id='word_1_304' title='bbox 1320 2994 1534 3047; x_wconf 83' lang='lat' dir='ltr'>electus</span> <span class='ocrx_word' id='word_1_305' title='bbox 1558 2995 1655 3049; x_wconf 85' lang='lat' dir='ltr'>sit.</span> 
     </span>
    </p>
   </div>
   <div class='ocr_carea' id='block_1_48' title="bbox 325 3089 1947 3151">
    <p class='ocr_par' dir='ltr' id='par_1_48' title="bbox 325 3089 1947 3151">
     <span class='ocr_line' id='line_1_48' title="bbox 325 3089 1947 3151; baseline 0.004 -8"><span class='ocrx_word' id='word_1_306' title='bbox 325 3089 476 3144; x_wconf 88' lang='lat' dir='ltr'>Idem</span> <span class='ocrx_word' id='word_1_307' title='bbox 526 3103 661 3145; x_wconf 89' lang='lat' dir='ltr'>vero</span> <span class='ocrx_word' id='word_1_308' title='bbox 713 3089 1021 3145; x_wconf 86' lang='lat' dir='ltr'>Anselmus</span> <span class='ocrx_word' id='word_1_309' title='bbox 1071 3105 1202 3146; x_wconf 90' lang='lat' dir='ltr'>cum</span> <span class='ocrx_word' id='word_1_310' title='bbox 1256 3092 1511 3147; x_wconf 87' lang='lat' dir='ltr'>canobio</span> <span class='ocrx_word' id='word_1_311' title='bbox 1566 3093 1755 3150; x_wconf 88' lang='lat' dir='ltr'>Sancti</span> <span class='ocrx_word' id='word_1_312' title='bbox 1808 3097 1947 3151; x_wconf 90' lang='lat' dir='ltr'>Vin-</span> 
     </span>
    </p>
   </div>
   <div class='ocr_carea' id='block_1_49' title="bbox 249 3177 1947 3252">
    <p class='ocr_par' dir='ltr' id='par_1_49' title="bbox 249 3177 1947 3252">
     <span class='ocr_line' id='line_1_49' title="bbox 249 3177 1947 3252; baseline 0.002 -18"><span class='ocrx_word' id='word_1_313' title='bbox 249 3178 418 3234; x_wconf 89' lang='lat' dir='ltr'>centii</span> <span class='ocrx_word' id='word_1_314' title='bbox 480 3177 592 3233; x_wconf 89' lang='lat' dir='ltr'>fere</span> <span class='ocrx_word' id='word_1_315' title='bbox 646 3179 1045 3247; x_wconf 89' lang='lat' dir='ltr'>septemdecim</span> <span class='ocrx_word' id='word_1_316' title='bbox 1111 3180 1279 3234; x_wconf 90' lang='lat' dir='ltr'>annis</span> <span class='ocrx_word' id='word_1_317' title='bbox 1337 3181 1672 3249; x_wconf 89' lang='lat' dir='ltr'>prafuisset,</span> <span class='ocrx_word' id='word_1_318' title='bbox 1730 3191 1783 3237; x_wconf 93' lang='lat' dir='ltr'>et</span> <span class='ocrx_word' id='word_1_319' title='bbox 1845 3198 1947 3252; x_wconf 93' lang='lat' dir='ltr'>pro</span> 
     </span>
    </p>
   </div>
   <div class='ocr_carea' id='block_1_50' title="bbox 252 3263 1948 3335">
    <p class='ocr_par' dir='ltr' id='par_1_50' title="bbox 252 3263 1948 3335">
     <span class='ocr_line' id='line_1_50' title="bbox 252 3263 1948 3335; baseline 0.001 -15"><span class='ocrx_word' id='word_1_320' title='bbox 252 3265 500 3320; x_wconf 88' lang='lat' dir='ltr'>utilitate</span> <span class='ocrx_word' id='word_1_321' title='bbox 549 3263 808 3335; x_wconf 89' lang='lat' dir='ltr'>ejusdem</span> <span class='ocrx_word' id='word_1_322' title='bbox 841 3266 1082 3321; x_wconf 80' lang='lat' dir='ltr'>canobii</span> <span class='ocrx_word' id='word_1_323' title='bbox 1115 3281 1246 3322; x_wconf 92' lang='lat' dir='ltr'>cum</span> <span class='ocrx_word' id='word_1_324' title='bbox 1280 3265 1562 3322; x_wconf 89' lang='lat' dir='ltr'>Germano</span> <span class='ocrx_word' id='word_1_325' title='bbox 1606 3282 1710 3322; x_wconf 93' lang='lat' dir='ltr'>suo</span> <span class='ocrx_word' id='word_1_326' title='bbox 1737 3269 1948 3323; x_wconf 90' lang='lat' dir='ltr'>domno</span> 
     </span>
    </p>
   </div>
   <div class='ocr_carea' id='block_1_51' title="bbox 245 3351 1946 3424">
    <p class='ocr_par' dir='ltr' id='par_1_51' title="bbox 245 3351 1946 3424">
     <span class='ocr_line' id='line_1_51' title="bbox 245 3351 1946 3424; baseline 0.002 -17"><span class='ocrx_word' id='word_1_327' title='bbox 245 3351 537 3417; x_wconf 90' lang='lat' dir='ltr'>Gualtero,</span> <span class='ocrx_word' id='word_1_328' title='bbox 595 3352 775 3420; x_wconf 90' lang='lat' dir='ltr'>ipsius</span> <span class='ocrx_word' id='word_1_329' title='bbox 827 3351 929 3406; x_wconf 93' lang='lat' dir='ltr'>loci</span> <span class='ocrx_word' id='word_1_330' title='bbox 994 3353 1297 3419; x_wconf 90' lang='lat' dir='ltr'>monacho,</span> <span class='ocrx_word' id='word_1_331' title='bbox 1361 3355 1594 3410; x_wconf 82' lang='lat' dir='ltr'>Romam</span> <span class='ocrx_word' id='word_1_332' title='bbox 1659 3355 1946 3424; x_wconf 90' lang='lat' dir='ltr'>profectus</span> 
     </span>
    </p>
   </div>
   <div class='ocr_carea' id='block_1_52' title="bbox 244 3437 1948 3512">
    <p class='ocr_par' dir='ltr' id='par_1_52' title="bbox 244 3437 1948 3512">
     <span class='ocr_line' id='line_1_52' title="bbox 244 3437 1948 3512; baseline 0.002 -18"><span class='ocrx_word' id='word_1_333' title='bbox 244 3437 464 3505; x_wconf 89' lang='lat' dir='ltr'>fuisset,</span> <span class='ocrx_word' id='word_1_334' title='bbox 514 3453 545 3492; x_wconf 88' lang='lat' dir='ltr'>a</span> <span class='ocrx_word' id='word_1_335' title='bbox 591 3438 809 3494; x_wconf 90' lang='lat' dir='ltr'>clericis</span> <span class='ocrx_word' id='word_1_336' title='bbox 860 3440 1343 3508; x_wconf 86' lang='lat' dir='ltr'>Tornacensibus,</span> <span class='ocrx_word' id='word_1_337' title='bbox 1393 3444 1490 3511; x_wconf 88' lang='lat' dir='ltr'>qui</span> <span class='ocrx_word' id='word_1_338' title='bbox 1519 3442 1636 3512; x_wconf 91' lang='lat' dir='ltr'>jam</span> <span class='ocrx_word' id='word_1_339' title='bbox 1673 3444 1948 3512; x_wconf 88' lang='lat' dir='ltr'>quadrin-</span> 
     </span>
    </p>
   </div>
   <div class='ocr_carea' id='block_1_53' title="bbox 243 3527 1948 3600">
    <p class='ocr_par' dir='ltr' id='par_1_53' title="bbox 243 3527 1948 3600">
     <span class='ocr_line' id='line_1_53' title="bbox 243 3527 1948 3600; baseline 0.004 -17"><span class='ocrx_word' id='word_1_340' title='bbox 243 3528 431 3599; x_wconf 86' lang='lat' dir='ltr'>gentis</span> <span class='ocrx_word' id='word_1_341' title='bbox 470 3527 638 3582; x_wconf 89' lang='lat' dir='ltr'>annis</span> <span class='ocrx_word' id='word_1_342' title='bbox 686 3527 914 3597; x_wconf 91' lang='lat' dir='ltr'>proprio</span> <span class='ocrx_word' id='word_1_343' title='bbox 944 3529 1209 3598; x_wconf 88' lang='lat' dir='ltr'>episcopo</span> <span class='ocrx_word' id='word_1_344' title='bbox 1261 3539 1569 3586; x_wconf 89' lang='lat' dir='ltr'>caruerant</span> <span class='ocrx_word' id='word_1_345' title='bbox 1601 3533 1732 3600; x_wconf 84' lang='lat'>(58),</span> <span class='ocrx_word' id='word_1_346' title='bbox 1782 3534 1948 3589; x_wconf 89' lang='lat' dir='ltr'>mira.</span> 
     </span>
    </p>
   </div>
   <div class='ocr_carea' id='block_1_54' title="bbox 241 3615 1943 3689">
    <p class='ocr_par' dir='ltr' id='par_1_54' title="bbox 241 3615 1943 3689">
     <span class='ocr_line' id='line_1_54' title="bbox 241 3615 1943 3689; baseline 0.001 -16"><span class='ocrx_word' id='word_1_347' title='bbox 241 3616 341 3673; x_wconf 89' lang='lat' dir='ltr'>bili</span> <span class='ocrx_word' id='word_1_348' title='bbox 374 3623 606 3682; x_wconf 90' lang='lat' dir='ltr'>eventu,</span> <span class='ocrx_word' id='word_1_349' title='bbox 653 3615 766 3670; x_wconf 89' lang='lat' dir='ltr'>Deo</span> <span class='ocrx_word' id='word_1_350' title='bbox 799 3616 1124 3684; x_wconf 90' lang='lat' dir='ltr'>ordinante,</span> <span class='ocrx_word' id='word_1_351' title='bbox 1177 3617 1253 3672; x_wconf 90' lang='lat' dir='ltr'>ibi</span> <span class='ocrx_word' id='word_1_352' title='bbox 1287 3626 1565 3686; x_wconf 87' lang='lat' dir='ltr'>repertus,</span> <span class='ocrx_word' id='word_1_353' title='bbox 1613 3619 1671 3674; x_wconf 91' lang='lat' dir='ltr'>in</span> <span class='ocrx_word' id='word_1_354' title='bbox 1720 3620 1943 3689; x_wconf 91' lang='lat' dir='ltr'>episco—</span> 
     </span>
    </p>
   </div>
   <div class='ocr_carea' id='block_1_55' title="bbox 245 3703 1942 3775">
    <p class='ocr_par' dir='ltr' id='par_1_55' title="bbox 245 3703 1942 3775">
     <span class='ocr_line' id='line_1_55' title="bbox 245 3703 1942 3775; baseline 0.003 -16"><span class='ocrx_word' id='word_1_355' title='bbox 245 3718 382 3773; x_wconf 91' lang='lat' dir='ltr'>pum</span> <span class='ocrx_word' id='word_1_356' title='bbox 429 3703 684 3773; x_wconf 90' lang='lat' dir='ltr'>eligitur,</span> <span class='ocrx_word' id='word_1_357' title='bbox 729 3711 844 3758; x_wconf 89' lang='lat' dir='ltr'>eta</span> <span class='ocrx_word' id='word_1_358' title='bbox 878 3703 1088 3758; x_wconf 91' lang='lat' dir='ltr'>domno</span> <span class='ocrx_word' id='word_1_359' title='bbox 1141 3717 1290 3774; x_wconf 89' lang='lat' dir='ltr'>papa</span> <span class='ocrx_word' id='word_1_360' title='bbox 1338 3705 1595 3775; x_wconf 82' lang='lat' dir='ltr'>Eugenio</span> <span class='ocrx_word' id='word_1_361' title='bbox 1645 3707 1861 3763; x_wconf 92' lang='lat' dir='ltr'>invitus</span> <span class='ocrx_word' id='word_1_362' title='bbox 1888 3715 1942 3763; x_wconf 92' lang='lat' dir='ltr'>et</span> 
     </span>
    </p>
   </div>
   <div class='ocr_carea' id='block_1_56' title="bbox 243 3790 1937 3864">
    <p class='ocr_par' dir='ltr' id='par_1_56' title="bbox 243 3790 1937 3864">
     <span class='ocr_line' id='line_1_56' title="bbox 243 3790 1937 3864; baseline 0.003 -18"><span class='ocrx_word' id='word_1_363' title='bbox 243 3791 553 3858; x_wconf 87' lang='lat' dir='ltr'>reluctans,</span> <span class='ocrx_word' id='word_1_364' title='bbox 606 3790 945 3846; x_wconf 90' lang='lat' dir='ltr'>obedientia</span> <span class='ocrx_word' id='word_1_365' title='bbox 989 3791 1224 3847; x_wconf 89' lang='lat' dir='ltr'>vinculo</span> <span class='ocrx_word' id='word_1_366' title='bbox 1271 3794 1636 3861; x_wconf 89' lang='lat' dir='ltr'>constrictus,</span> <span class='ocrx_word' id='word_1_367' title='bbox 1686 3796 1937 3864; x_wconf 84' lang='lat' dir='ltr'>pontifex</span> 
     </span>
    </p>
   </div>
   <div class='ocr_carea' id='block_1_57' title="bbox 243 3879 1939 3949">
    <p class='ocr_par' dir='ltr' id='par_1_57' title="bbox 243 3879 1939 3949">
     <span class='ocr_line' id='line_1_57' title="bbox 243 3879 1939 3949; baseline 0.003 -16"><span class='ocrx_word' id='word_1_368' title='bbox 243 3887 649 3945; x_wconf 88' lang='lat' dir='ltr'>consecratur;</span> <span class='ocrx_word' id='word_1_369' title='bbox 703 3879 900 3949; x_wconf 90' lang='lat' dir='ltr'>sicque</span> <span class='ocrx_word' id='word_1_370' title='bbox 950 3893 1051 3949; x_wconf 91' lang='lat' dir='ltr'>per</span> <span class='ocrx_word' id='word_1_371' title='bbox 1091 3895 1223 3935; x_wconf 90' lang='lat' dir='ltr'>eum</span> <span class='ocrx_word' id='word_1_372' title='bbox 1271 3881 1615 3936; x_wconf 90' lang='lat' dir='ltr'>Tornacensi</span> <span class='ocrx_word' id='word_1_373' title='bbox 1674 3883 1939 3938; x_wconf 63' lang='lat' dir='ltr'>Ecclesia</span> 
     </span>
    </p>
   </div>
   <div class='ocr_carea' id='block_1_58' title="bbox 241 3967 1939 4036">
    <p class='ocr_par' dir='ltr' id='par_1_58' title="bbox 241 3967 1939 4036">
     <span class='ocr_line' id='line_1_58' title="bbox 241 3967 1939 4036; baseline 0.003 -16"><span class='ocrx_word' id='word_1_374' title='bbox 241 3968 483 4036; x_wconf 88' lang='lat' dir='ltr'>antiqua</span> <span class='ocrx_word' id='word_1_375' title='bbox 532 3967 781 4035; x_wconf 85' lang='lat' dir='ltr'>dignitas</span> <span class='ocrx_word' id='word_1_376' title='bbox 835 3967 1180 4032; x_wconf 88' lang='lat' dir='ltr'>restituitur,</span> <span class='ocrx_word' id='word_1_377' title='bbox 1231 3982 1382 4022; x_wconf 91' lang='lat' dir='ltr'>anno</span> <span class='ocrx_word' id='word_1_378' title='bbox 1423 3968 1493 4023; x_wconf 90' lang='lat' dir='ltr'>ab</span> <span class='ocrx_word' id='word_1_379' title='bbox 1541 3969 1939 4026; x_wconf 87' lang='lat' dir='ltr'>Incarnatione</span> 
     </span>
    </p>
   </div>
   <div class='ocr_carea' id='block_1_59' title="bbox 240 4053 1938 4119">
    <p class='ocr_par' dir='ltr' id='par_1_59' title="bbox 240 4053 1938 4119">
     <span class='ocr_line' id='line_1_59' title="bbox 240 4053 1938 4119; baseline 0.003 -11"><span class='ocrx_word' id='word_1_380' title='bbox 240 4053 470 4108; x_wconf 92' lang='lat' dir='ltr'>Domini</span> <span class='ocrx_word' id='word_1_381' title='bbox 520 4054 673 4119; x_wconf 76' lang='grc'>1145,</span> <span class='ocrx_word' id='word_1_382' title='bbox 711 4053 1009 4108; x_wconf 91' lang='lat' dir='ltr'>Dominica</span> <span class='ocrx_word' id='word_1_383' title='bbox 1050 4055 1268 4108; x_wconf 84' lang='lat' dir='ltr'>Latare</span> <span class='ocrx_word' id='word_1_384' title='bbox 1309 4057 1658 4110; x_wconf 70' lang='lat' dir='ltr'>Jerusalem.</span> <span class='ocrx_word' id='word_1_385' title='bbox 1698 4057 1938 4113; x_wconf 82' lang='lat' dir='ltr'>Rediens</span> 
     </span>
    </p>
   </div>
   <div class='ocr_carea' id='block_1_60' title="bbox 239 4141 1934 4212">
    <p class='ocr_par' dir='ltr' id='par_1_60' title="bbox 239 4141 1934 4212">
     <span class='ocr_line' id='line_1_60' title="bbox 239 4141 1934 4212; baseline 0.004 -18"><span class='ocrx_word' id='word_1_386' title='bbox 239 4154 377 4210; x_wconf 87' lang='lat' dir='ltr'>ergo</span> <span class='ocrx_word' id='word_1_387' title='bbox 421 4155 454 4194; x_wconf 90' lang='lat' dir='ltr'>a</span> <span class='ocrx_word' id='word_1_388' title='bbox 495 4141 675 4196; x_wconf 88' lang='lat' dir='ltr'>Roma</span> <span class='ocrx_word' id='word_1_389' title='bbox 730 4149 784 4196; x_wconf 91' lang='lat' dir='ltr'>et</span> <span class='ocrx_word' id='word_1_390' title='bbox 828 4156 960 4196; x_wconf 89' lang='lat' dir='ltr'>cum</span> <span class='ocrx_word' id='word_1_391' title='bbox 1001 4157 1212 4212; x_wconf 90' lang='lat' dir='ltr'>magna</span> <span class='ocrx_word' id='word_1_392' title='bbox 1270 4145 1625 4212; x_wconf 90' lang='lat' dir='ltr'>processione</span> <span class='ocrx_word' id='word_1_393' title='bbox 1675 4146 1934 4200; x_wconf 90' lang='lat' dir='ltr'>Lauduni</span> 
     </span>
    </p>
   </div>
   <div class='ocr_carea' id='block_1_61' title="bbox 240 4228 1933 4298">
    <p class='ocr_par' dir='ltr' id='par_1_61' title="bbox 240 4228 1933 4298">
     <span class='ocr_line' id='line_1_61' title="bbox 240 4228 1933 4298; baseline 0.002 -16"><span class='ocrx_word' id='word_1_394' title='bbox 240 4235 580 4296; x_wconf 90' lang='lat' dir='ltr'>susceptus,</span> <span class='ocrx_word' id='word_1_395' title='bbox 650 4228 850 4283; x_wconf 89' lang='lat' dir='ltr'>nolens</span> <span class='ocrx_word' id='word_1_396' title='bbox 912 4229 1128 4298; x_wconf 89' lang='lat' dir='ltr'>priores</span> <span class='ocrx_word' id='word_1_397' title='bbox 1191 4231 1334 4286; x_wconf 91' lang='lat' dir='ltr'>ﬁlios</span> <span class='ocrx_word' id='word_1_398' title='bbox 1389 4233 1579 4286; x_wconf 88' lang='lat' dir='ltr'>Sancti</span> <span class='ocrx_word' id='word_1_399' title='bbox 1649 4232 1933 4287; x_wconf 86' lang='lat' dir='ltr'>Vincentii</span> 
     </span>
    </p>
   </div>
   <div class='ocr_carea' id='block_1_62' title="bbox 239 4315 1936 4386">
    <p class='ocr_par' dir='ltr' id='par_1_62' title="bbox 239 4315 1936 4386">
     <span class='ocr_line' id='line_1_62' title="bbox 239 4315 1936 4386; baseline 0.004 -18"><span class='ocrx_word' id='word_1_400' title='bbox 239 4315 550 4370; x_wconf 89' lang='lat' dir='ltr'>monachos</span> <span class='ocrx_word' id='word_1_401' title='bbox 596 4315 922 4386; x_wconf 89' lang='lat' dir='ltr'>relinquere</span> <span class='ocrx_word' id='word_1_402' title='bbox 971 4317 1279 4386; x_wconf 90' lang='lat' dir='ltr'>orphanos.</span> <span class='ocrx_word' id='word_1_403' title='bbox 1316 4332 1497 4373; x_wconf 92' lang='lat' dir='ltr'>unum</span> <span class='ocrx_word' id='word_1_404' title='bbox 1540 4332 1612 4373; x_wconf 86' lang='lat' dir='ltr'>ex</span> <span class='ocrx_word' id='word_1_405' title='bbox 1663 4320 1744 4374; x_wconf 89' lang='lat' dir='ltr'>eis</span> <span class='ocrx_word' id='word_1_406' title='bbox 1783 4318 1936 4374; x_wconf 90' lang='lat' dir='ltr'>dom-</span> 
     </span>
    </p>
   </div>
   <div class='ocr_carea' id='block_1_63' title="bbox 239 4406 1932 4480">
    <p class='ocr_par' dir='ltr' id='par_1_63' title="bbox 239 4406 1932 4480">
     <span class='ocr_line' id='line_1_63' title="bbox 239 4406 1932 4480; baseline 0.003 -19"><span class='ocrx_word' id='word_1_407' title='bbox 239 4421 381 4462; x_wconf 92' lang='lat' dir='ltr'>num</span> <span class='ocrx_word' id='word_1_408' title='bbox 429 4406 777 4462; x_wconf 92' lang='lat' dir='ltr'>Balduinum</span> <span class='ocrx_word' id='word_1_409' title='bbox 823 4415 988 4463; x_wconf 82' lang='lat' dir='ltr'>atate</span> <span class='ocrx_word' id='word_1_410' title='bbox 1026 4408 1321 4478; x_wconf 76' lang='lat' dir='ltr'>juvenem,</span> <span class='ocrx_word' id='word_1_411' title='bbox 1375 4409 1471 4464; x_wconf 85' lang='lat' dir='ltr'>sed</span> <span class='ocrx_word' id='word_1_412' title='bbox 1510 4410 1770 4465; x_wconf 90' lang='lat' dir='ltr'>moribus</span> <span class='ocrx_word' id='word_1_413' title='bbox 1799 4425 1932 4480; x_wconf 89' lang='lat' dir='ltr'>gra-</span> 
     </span>
    </p>
   </div>
   <div class='ocr_carea' id='block_1_64' title="bbox 238 4496 1932 4565">
    <p class='ocr_par' dir='ltr' id='par_1_64' title="bbox 238 4496 1932 4565">
     <span class='ocr_line' id='line_1_64' title="bbox 238 4496 1932 4565; baseline 0.004 -16"><span class='ocrx_word' id='word_1_414' title='bbox 238 4509 389 4562; x_wconf 88' lang='lat' dir='ltr'>vem,</span> <span class='ocrx_word' id='word_1_415' title='bbox 455 4496 575 4550; x_wconf 90' lang='lat' dir='ltr'>loco</span> <span class='ocrx_word' id='word_1_416' title='bbox 605 4511 708 4550; x_wconf 92' lang='lat' dir='ltr'>suo</span> <span class='ocrx_word' id='word_1_417' title='bbox 762 4496 1029 4552; x_wconf 89' lang='lat' dir='ltr'>abbatem</span> <span class='ocrx_word' id='word_1_418' title='bbox 1062 4497 1142 4552; x_wconf 90' lang='lat' dir='ltr'>eis</span> <span class='ocrx_word' id='word_1_419' title='bbox 1190 4499 1506 4565; x_wconf 92' lang='lat' dir='ltr'>constituit,</span> <span class='ocrx_word' id='word_1_420' title='bbox 1559 4508 1612 4555; x_wconf 91' lang='lat' dir='ltr'>et</span> <span class='ocrx_word' id='word_1_421' title='bbox 1641 4514 1674 4554; x_wconf 90' lang='lat' dir='ltr'>a</span> <span class='ocrx_word' id='word_1_422' title='bbox 1724 4501 1932 4556; x_wconf 87' lang='lat' dir='ltr'>domno</span> 
     </span>
    </p>
   </div>
   <div class='ocr_carea' id='block_1_65' title="bbox 235 4584 1931 4659">
    <p class='ocr_par' dir='ltr' id='par_1_65' title="bbox 235 4584 1931 4659">
     <span class='ocr_line' id='line_1_65' title="bbox 235 4584 1931 4659; baseline 0.003 -19"><span class='ocrx_word' id='word_1_423' title='bbox 235 4584 648 4640; x_wconf 88' lang='lat' dir='ltr'>Bartholomao</span> <span class='ocrx_word' id='word_1_424' title='bbox 703 4586 966 4655; x_wconf 89' lang='lat' dir='ltr'>episcopo</span> <span class='ocrx_word' id='word_1_425' title='bbox 1015 4584 1147 4641; x_wconf 90' lang='lat' dir='ltr'>fecit</span> <span class='ocrx_word' id='word_1_426' title='bbox 1206 4587 1485 4656; x_wconf 90' lang='lat' dir='ltr'>ordinari,</span> <span class='ocrx_word' id='word_1_427' title='bbox 1547 4589 1746 4659; x_wconf 88' lang='lat' dir='ltr'>sicque</span> <span class='ocrx_word' id='word_1_428' title='bbox 1801 4591 1931 4645; x_wconf 91' lang='lat' dir='ltr'>Tor-</span> 
     </span>
    </p>
   </div>
   <div class='ocr_carea' id='block_1_66' title="bbox 234 4672 1932 4743">
    <p class='ocr_par' dir='ltr' id='par_1_66' title="bbox 234 4672 1932 4743">
     <span class='ocr_line' id='line_1_66' title="bbox 234 4672 1932 4743; baseline 0.004 -17"><span class='ocrx_word' id='word_1_429' title='bbox 234 4686 447 4728; x_wconf 90' lang='lat' dir='ltr'>nacum</span> <span class='ocrx_word' id='word_1_430' title='bbox 509 4672 581 4728; x_wconf 88' lang='lat' dir='ltr'>ad</span> <span class='ocrx_word' id='word_1_431' title='bbox 654 4672 970 4743; x_wconf 90' lang='lat' dir='ltr'>regendum</span> <span class='ocrx_word' id='word_1_432' title='bbox 1030 4673 1178 4728; x_wconf 88' lang='lat' dir='ltr'>ovile</span> <span class='ocrx_word' id='word_1_433' title='bbox 1244 4674 1352 4729; x_wconf 92' lang='lat' dir='ltr'>sibi</span> <span class='ocrx_word' id='word_1_434' title='bbox 1417 4677 1788 4733; x_wconf 90' lang='lat' dir='ltr'>commissum</span> <span class='ocrx_word' id='word_1_435' title='bbox 1857 4685 1932 4733; x_wconf 91' lang='lat' dir='ltr'>te-</span> 
     </span>
    </p>
   </div>
   <div class='ocr_carea' id='block_1_67' title="bbox 235 4759 434 4814">
    <p class='ocr_par' dir='ltr' id='par_1_67' title="bbox 235 4759 434 4814">
     <span class='ocr_line' id='line_1_67' title="bbox 235 4759 434 4814; baseline -0.005 -1"><span class='ocrx_word' id='word_1_436' title='bbox 235 4759 434 4814; x_wconf 90' lang='lat' dir='ltr'>tendit.</span> 
     </span>
    </p>
   </div>
   <div class='ocr_carea' id='block_1_68' title="bbox 232 4860 1926 4931">
    <p class='ocr_par' dir='ltr' id='par_1_68' title="bbox 232 4860 1926 4931">
     <span class='ocr_line' id='line_1_68' title="bbox 232 4860 1926 4931; baseline 0.002 -14"><span class='ocrx_word' id='word_1_437' title='bbox 232 4862 367 4918; x_wconf 80' lang='lat' dir='ltr'>CAP.</span> <span class='ocrx_word' id='word_1_438' title='bbox 392 4862 578 4917; x_wconf 88' lang='lat' dir='ltr'>XXII.</span> <span class='ocrx_word' id='word_1_439' title='bbox 601 4893 668 4902; x_wconf 89' lang='lat'><strong><em>—</em></strong></span> <span class='ocrx_word' id='word_1_440' title='bbox 687 4865 767 4916; x_wconf 85' lang='lat' dir='ltr'>De</span> <span class='ocrx_word' id='word_1_441' title='bbox 785 4860 1138 4917; x_wconf 79' lang='lat' dir='ltr'>correctione</span> <span class='ocrx_word' id='word_1_442' title='bbox 1157 4863 1396 4919; x_wconf 78' lang='lat' dir='ltr'>abbatia</span> <span class='ocrx_word' id='word_1_443' title='bbox 1417 4866 1623 4922; x_wconf 84' lang='lat' dir='ltr'>Sancti</span> <span class='ocrx_word' id='word_1_444' title='bbox 1643 4866 1926 4931; x_wconf 76' lang='lat' dir='ltr'>Joannis;</span> 
     </span>
    </p>
   </div>
   <div class='ocr_carea' id='block_1_69' title="bbox 567 4933 1585 5004">
    <p class='ocr_par' dir='ltr' id='par_1_69' title="bbox 567 4933 1585 5004">
     <span class='ocr_line' id='line_1_69' title="bbox 567 4933 1585 5004; baseline 0.004 -18"><span class='ocrx_word' id='word_1_445' title='bbox 567 4936 623 4987; x_wconf 88' lang='lat' dir='ltr'>et</span> <span class='ocrx_word' id='word_1_446' title='bbox 647 4933 927 5004; x_wconf 83' lang='lat' dir='ltr'>Drogonis</span> <span class='ocrx_word' id='word_1_447' title='bbox 955 4933 1181 4988; x_wconf 83' lang='lat' dir='ltr'>abbatis</span> <span class='ocrx_word' id='word_1_448' title='bbox 1206 4934 1585 4992; x_wconf 77' lang='lat' dir='ltr'>institutione.</span> 
     </span>
    </p>
   </div>
   <div class='ocr_carea' id='block_1_70' title="bbox 300 5028 1924 5103">
    <p class='ocr_par' dir='ltr' id='par_1_70' title="bbox 300 5028 1924 5103">
     <span class='ocr_line' id='line_1_70' title="bbox 300 5028 1924 5103; baseline 0.003 -19"><span class='ocrx_word' id='word_1_449' title='bbox 300 5030 426 5084; x_wconf 93' lang='lat' dir='ltr'>Post</span> <span class='ocrx_word' id='word_1_450' title='bbox 475 5029 595 5083; x_wconf 83' lang='lat' dir='ltr'>hac</span> <span class='ocrx_word' id='word_1_451' title='bbox 622 5030 791 5084; x_wconf 88' lang='lat' dir='ltr'>etiam</span> <span class='ocrx_word' id='word_1_452' title='bbox 825 5028 1012 5085; x_wconf 90' lang='lat' dir='ltr'>Sancti</span> <span class='ocrx_word' id='word_1_453' title='bbox 1059 5030 1297 5087; x_wconf 85' lang='lat' dir='ltr'>Joannis</span> <span class='ocrx_word' id='word_1_454' title='bbox 1340 5033 1606 5103; x_wconf 86' lang='lat' dir='ltr'>Baptista</span> <span class='ocrx_word' id='word_1_455' title='bbox 1639 5034 1924 5103; x_wconf 81' lang='lat' dir='ltr'>corrigere</span> 
     </span>
    </p>
   </div>
   <div class='ocr_carea' id='block_1_71' title="bbox 227 5115 1926 5190">
    <p class='ocr_par' dir='ltr' id='par_1_71' title="bbox 227 5115 1926 5190">
     <span class='ocr_line' id='line_1_71' title="bbox 227 5115 1926 5190; baseline 0.004 -18"><span class='ocrx_word' id='word_1_456' title='bbox 227 5115 448 5172; x_wconf 91' lang='lat' dir='ltr'>studuit</span> <span class='ocrx_word' id='word_1_457' title='bbox 498 5115 772 5183; x_wconf 87' lang='lat' dir='ltr'>prafatus</span> <span class='ocrx_word' id='word_1_458' title='bbox 816 5115 1120 5185; x_wconf 91' lang='lat' dir='ltr'>episcopus</span> <span class='ocrx_word' id='word_1_459' title='bbox 1169 5117 1481 5187; x_wconf 87' lang='lat' dir='ltr'>abbatiam,</span> <span class='ocrx_word' id='word_1_460' title='bbox 1534 5136 1664 5190; x_wconf 90' lang='lat' dir='ltr'>qua</span> <span class='ocrx_word' id='word_1_461' title='bbox 1703 5124 1926 5179; x_wconf 90' lang='lat' dir='ltr'>cunctis</span> 
     </span>
    </p>
   </div>
   <div class='ocr_carea' id='block_1_72' title="bbox 228 5204 1923 5272">
    <p class='ocr_par' dir='ltr' id='par_1_72' title="bbox 228 5204 1923 5272">
     <span class='ocr_line' id='line_1_72' title="bbox 228 5204 1923 5272; baseline 0.005 -14"><span class='ocrx_word' id='word_1_462' title='bbox 228 5204 355 5258; x_wconf 89' lang='lat' dir='ltr'>aliis</span> <span class='ocrx_word' id='word_1_463' title='bbox 386 5217 560 5272; x_wconf 91' lang='lat' dir='ltr'>supra</span> <span class='ocrx_word' id='word_1_464' title='bbox 604 5205 935 5260; x_wconf 89' lang='lat' dir='ltr'>memoratis</span> <span class='ocrx_word' id='word_1_465' title='bbox 982 5205 1386 5262; x_wconf 88' lang='lat' dir='ltr'>Laudunensis</span> <span class='ocrx_word' id='word_1_466' title='bbox 1437 5209 1693 5264; x_wconf 80' lang='lat' dir='ltr'>diacesis</span> <span class='ocrx_word' id='word_1_467' title='bbox 1736 5225 1923 5267; x_wconf 80' lang='lat' dir='ltr'>cano-</span> 
     </span>
    </p>
   </div>
   <div class='ocr_carea' id='block_1_73' title="bbox 227 5290 1917 5364">
    <p class='ocr_par' dir='ltr' id='par_1_73' title="bbox 227 5290 1917 5364">
     <span class='ocr_line' id='line_1_73' title="bbox 227 5290 1917 5364; baseline 0.007 -21"><span class='ocrx_word' id='word_1_468' title='bbox 227 5290 336 5344; x_wconf 90' lang='lat' dir='ltr'>biis</span> <span class='ocrx_word' id='word_1_469' title='bbox 366 5291 544 5346; x_wconf 91' lang='lat' dir='ltr'>fertur</span> <span class='ocrx_word' id='word_1_470' title='bbox 585 5292 898 5361; x_wconf 86' lang='lat' dir='ltr'>antiquior,</span> <span class='ocrx_word' id='word_1_471' title='bbox 929 5300 982 5348; x_wconf 90' lang='lat' dir='ltr'>et</span> <span class='ocrx_word' id='word_1_472' title='bbox 1009 5292 1201 5362; x_wconf 89' lang='lat' dir='ltr'>ditior,</span> <span class='ocrx_word' id='word_1_473' title='bbox 1233 5302 1410 5364; x_wconf 89' lang='lat' dir='ltr'>atque</span> <span class='ocrx_word' id='word_1_474' title='bbox 1457 5296 1702 5352; x_wconf 92' lang='lat' dir='ltr'>nobilior</span> <span class='ocrx_word' id='word_1_475' title='bbox 1729 5298 1917 5354; x_wconf 88' lang='lat' dir='ltr'>fuisse.</span> 
     </span>
    </p>
   </div>
   <div class='ocr_carea' id='block_1_74' title="bbox 227 5376 1921 5454">
    <p class='ocr_par' dir='ltr' id='par_1_74' title="bbox 227 5376 1921 5454">
     <span class='ocr_line' id='line_1_74' title="bbox 227 5376 1921 5454; baseline 0.007 -24"><span class='ocrx_word' id='word_1_476' title='bbox 227 5376 388 5431; x_wconf 88' lang='lat' dir='ltr'>Hanc</span> <span class='ocrx_word' id='word_1_477' title='bbox 426 5378 708 5447; x_wconf 90' lang='lat' dir='ltr'>siquidem</span> <span class='ocrx_word' id='word_1_478' title='bbox 753 5379 919 5436; x_wconf 89' lang='lat' dir='ltr'>beata</span> <span class='ocrx_word' id='word_1_479' title='bbox 950 5380 1308 5452; x_wconf 84' lang='lat' dir='ltr'>Sallaberga,</span> <span class='ocrx_word' id='word_1_480' title='bbox 1360 5383 1508 5439; x_wconf 92' lang='lat' dir='ltr'>sicut</span> <span class='ocrx_word' id='word_1_481' title='bbox 1546 5384 1605 5439; x_wconf 90' lang='lat' dir='ltr'>in</span> <span class='ocrx_word' id='word_1_482' title='bbox 1635 5384 1758 5454; x_wconf 90' lang='lat' dir='ltr'>ejus</span> <span class='ocrx_word' id='word_1_483' title='bbox 1790 5387 1921 5443; x_wconf 87' lang='lat' dir='ltr'>Vita</span> 
     </span>
    </p>
   </div>
   <div class='ocr_carea' id='block_1_75' title="bbox 2064 1756 3763 1827">
    <p class='ocr_par' dir='ltr' id='par_1_75' title="bbox 2064 1756 3763 1827">
     <span class='ocr_line' id='line_1_75' title="bbox 2064 1756 3763 1827; baseline 0.001 -16"><span class='ocrx_word' id='word_1_484' title='bbox 2064 1771 2192 1812; x_wconf 93' lang='lat' dir='ltr'>rum</span> <span class='ocrx_word' id='word_1_485' title='bbox 2227 1771 2240 1810; x_wconf 86' lang='lat'>:</span> <span class='ocrx_word' id='word_1_486' title='bbox 2275 1765 2397 1826; x_wconf 93' lang='lat' dir='ltr'>post</span> <span class='ocrx_word' id='word_1_487' title='bbox 2445 1757 2548 1812; x_wconf 90' lang='lat' dir='ltr'>has</span> <span class='ocrx_word' id='word_1_488' title='bbox 2578 1766 2830 1827; x_wconf 89' lang='lat' dir='ltr'>quatuor</span> <span class='ocrx_word' id='word_1_489' title='bbox 2879 1757 2948 1811; x_wconf 92' lang='lat' dir='ltr'>ad</span> <span class='ocrx_word' id='word_1_490' title='bbox 2988 1756 3283 1812; x_wconf 92' lang='lat' dir='ltr'>introitum</span> <span class='ocrx_word' id='word_1_491' title='bbox 3330 1757 3574 1812; x_wconf 89' lang='lat' dir='ltr'>abbatia</span> <span class='ocrx_word' id='word_1_492' title='bbox 3609 1771 3763 1812; x_wconf 89' lang='lat' dir='ltr'>con-</span> 
     </span>
    </p>
   </div>
   <div class='ocr_carea' id='block_1_76' title="bbox 2061 1846 3767 1916">
    <p class='ocr_par' dir='ltr' id='par_1_76' title="bbox 2061 1846 3767 1916">
     <span class='ocr_line' id='line_1_76' title="bbox 2061 1846 3767 1916; baseline 0.001 -16"><span class='ocrx_word' id='word_1_493' title='bbox 2061 1848 2274 1901; x_wconf 79' lang='lat' dir='ltr'>struxit</span> <span class='ocrx_word' id='word_1_494' title='bbox 2332 1847 2597 1916; x_wconf 87' lang='lat' dir='ltr'>quintam</span> <span class='ocrx_word' id='word_1_495' title='bbox 2662 1846 2715 1900; x_wconf 87' lang='lat' dir='ltr'>iti</span> <span class='ocrx_word' id='word_1_496' title='bbox 2775 1847 2990 1901; x_wconf 90' lang='lat' dir='ltr'>honore</span> <span class='ocrx_word' id='word_1_497' title='bbox 3056 1846 3109 1900; x_wconf 94' lang='lat' dir='ltr'>S.</span> <span class='ocrx_word' id='word_1_498' title='bbox 3166 1846 3400 1912; x_wconf 89' lang='lat' dir='ltr'>Crucis,</span> <span class='ocrx_word' id='word_1_499' title='bbox 3464 1855 3767 1916; x_wconf 88' lang='lat' dir='ltr'>quatenus</span> 
     </span>
    </p>
   </div>
   <div class='ocr_carea' id='block_1_77' title="bbox 2062 1933 3765 2004">
    <p class='ocr_par' dir='ltr' id='par_1_77' title="bbox 2062 1933 3765 2004">
     <span class='ocr_line' id='line_1_77' title="bbox 2062 1933 3765 2004; baseline 0.001 -16"><span class='ocrx_word' id='word_1_500' title='bbox 2062 1935 2272 1989; x_wconf 88' lang='lat' dir='ltr'>scilicet</span> <span class='ocrx_word' id='word_1_501' title='bbox 2319 1949 2420 2004; x_wconf 89' lang='lat' dir='ltr'>per</span> <span class='ocrx_word' id='word_1_502' title='bbox 2451 1935 2722 1990; x_wconf 91' lang='lat' dir='ltr'>virtutem</span> <span class='ocrx_word' id='word_1_503' title='bbox 2751 1934 3006 2004; x_wconf 89' lang='lat' dir='ltr'>ejusdem</span> <span class='ocrx_word' id='word_1_504' title='bbox 3052 1935 3257 1999; x_wconf 88' lang='lat' dir='ltr'>crucis,</span> <span class='ocrx_word' id='word_1_505' title='bbox 3285 1933 3471 1988; x_wconf 90' lang='lat' dir='ltr'>omnis</span> <span class='ocrx_word' id='word_1_506' title='bbox 3502 1936 3765 1989; x_wconf 89' lang='lat' dir='ltr'>incursio</span> 
     </span>
    </p>
   </div>
   <div class='ocr_carea' id='block_1_78' title="bbox 2061 2021 3764 2091">
    <p class='ocr_par' dir='ltr' id='par_1_78' title="bbox 2061 2021 3764 2091">
     <span class='ocr_line' id='line_1_78' title="bbox 2061 2021 3764 2091; baseline 0.001 -15"><span class='ocrx_word' id='word_1_507' title='bbox 2061 2021 2356 2077; x_wconf 87' lang='lat' dir='ltr'>diabolica</span> <span class='ocrx_word' id='word_1_508' title='bbox 2390 2022 2610 2078; x_wconf 85' lang='lat' dir='ltr'>fraudis</span> <span class='ocrx_word' id='word_1_509' title='bbox 2651 2023 2726 2077; x_wconf 91' lang='lat' dir='ltr'>ab</span> <span class='ocrx_word' id='word_1_510' title='bbox 2760 2022 2876 2091; x_wconf 91' lang='lat' dir='ltr'>ipso</span> <span class='ocrx_word' id='word_1_511' title='bbox 2910 2022 3148 2076; x_wconf 89' lang='lat' dir='ltr'>introitu</span> <span class='ocrx_word' id='word_1_512' title='bbox 3179 2021 3584 2090; x_wconf 87' lang='lat' dir='ltr'>repelleretur;</span> <span class='ocrx_word' id='word_1_513' title='bbox 3617 2037 3764 2077; x_wconf 85' lang='lat' dir='ltr'>sex-</span> 
     </span>
    </p>
   </div>
   <div class='ocr_carea' id='block_1_79' title="bbox 2062 2110 3764 2180">
    <p class='ocr_par' dir='ltr' id='par_1_79' title="bbox 2062 2110 3764 2180">
     <span class='ocr_line' id='line_1_79' title="bbox 2062 2110 3764 2180; baseline 0.001 -14"><span class='ocrx_word' id='word_1_514' title='bbox 2062 2112 2271 2166; x_wconf 91' lang='lat' dir='ltr'>tamin</span> <span class='ocrx_word' id='word_1_515' title='bbox 2330 2112 2544 2166; x_wconf 91' lang='lat' dir='ltr'>honore</span> <span class='ocrx_word' id='word_1_516' title='bbox 2586 2110 2764 2166; x_wconf 90' lang='lat' dir='ltr'>sancti</span> <span class='ocrx_word' id='word_1_517' title='bbox 2821 2111 2940 2165; x_wconf 84' lang='lat' dir='ltr'>Afri</span> <span class='ocrx_word' id='word_1_518' title='bbox 2998 2114 3306 2180; x_wconf 82' lang='lat' dir='ltr'>martyris;</span> <span class='ocrx_word' id='word_1_519' title='bbox 3359 2112 3664 2179; x_wconf 89' lang='lat' dir='ltr'>septimam</span> <span class='ocrx_word' id='word_1_520' title='bbox 3701 2112 3764 2166; x_wconf 87' lang='lat' dir='ltr'>in</span> 
     </span>
    </p>
   </div>
   <div class='ocr_carea' id='block_1_80' title="bbox 2063 2197 3766 2274">
    <p class='ocr_par' dir='ltr' id='par_1_80' title="bbox 2063 2197 3766 2274">
     <span class='ocr_line' id='line_1_80' title="bbox 2063 2197 3766 2274; baseline -0.001 -20"><span class='ocrx_word' id='word_1_521' title='bbox 2063 2199 2278 2254; x_wconf 89' lang='lat' dir='ltr'>honore</span> <span class='ocrx_word' id='word_1_522' title='bbox 2336 2208 2547 2254; x_wconf 88' lang='lat' dir='ltr'>sancta</span> <span class='ocrx_word' id='word_1_523' title='bbox 2619 2199 2810 2254; x_wconf 86' lang='lat' dir='ltr'>Maria</span> <span class='ocrx_word' id='word_1_524' title='bbox 2883 2197 3252 2268; x_wconf 87' lang='lat' dir='ltr'>Magdalena.</span> <span class='ocrx_word' id='word_1_525' title='bbox 3336 2200 3552 2274; x_wconf 87' lang='lat' dir='ltr'>Harum</span> <span class='ocrx_word' id='word_1_526' title='bbox 3618 2213 3766 2269; x_wconf 83' lang='lat' dir='ltr'>ergo</span> 
     </span>
    </p>
   </div>
   <div class='ocr_carea' id='block_1_81' title="bbox 2060 2285 3765 2356">
    <p class='ocr_par' dir='ltr' id='par_1_81' title="bbox 2060 2285 3765 2356">
     <span class='ocr_line' id='line_1_81' title="bbox 2060 2285 3765 2356; baseline -0.001 -16"><span class='ocrx_word' id='word_1_527' title='bbox 2060 2295 2270 2356; x_wconf 91' lang='lat' dir='ltr'>septem</span> <span class='ocrx_word' id='word_1_528' title='bbox 2331 2286 2698 2341; x_wconf 90' lang='lat' dir='ltr'>ecclesiarum</span> <span class='ocrx_word' id='word_1_529' title='bbox 2757 2285 2951 2340; x_wconf 91' lang='lat' dir='ltr'>adhuc</span> <span class='ocrx_word' id='word_1_530' title='bbox 3003 2292 3215 2339; x_wconf 86' lang='lat' dir='ltr'>restant</span> <span class='ocrx_word' id='word_1_531' title='bbox 3273 2287 3534 2354; x_wconf 90' lang='lat' dir='ltr'>quinque</span> <span class='ocrx_word' id='word_1_532' title='bbox 3577 2300 3590 2338; x_wconf 90' lang='lat'><strong>:</strong></span> <span class='ocrx_word' id='word_1_533' title='bbox 3626 2285 3765 2340; x_wconf 86' lang='lat' dir='ltr'>dua</span> 
     </span>
    </p>
   </div>
   <div class='ocr_carea' id='block_1_82' title="bbox 2060 2373 3768 2442">
    <p class='ocr_par' dir='ltr' id='par_1_82' title="bbox 2060 2373 3768 2442">
     <span class='ocr_line' id='line_1_82' title="bbox 2060 2373 3768 2442; baseline 0 -14"><span class='ocrx_word' id='word_1_534' title='bbox 2060 2388 2215 2437; x_wconf 84' lang='lat' dir='ltr'>vero,</span> <span class='ocrx_word' id='word_1_535' title='bbox 2251 2373 2304 2428; x_wconf 90' lang='lat' dir='ltr'>id</span> <span class='ocrx_word' id='word_1_536' title='bbox 2351 2382 2434 2429; x_wconf 89' lang='lat' dir='ltr'>est</span> <span class='ocrx_word' id='word_1_537' title='bbox 2466 2373 2684 2429; x_wconf 84' lang='lat' dir='ltr'>Sancta</span> <span class='ocrx_word' id='word_1_538' title='bbox 2715 2373 2914 2429; x_wconf 86' lang='lat' dir='ltr'>Crucis</span> <span class='ocrx_word' id='word_1_539' title='bbox 2953 2373 3282 2442; x_wconf 91' lang='lat' dir='ltr'>Sanctique,</span> <span class='ocrx_word' id='word_1_540' title='bbox 3314 2373 3433 2428; x_wconf 82' lang='lat' dir='ltr'>Afri</span> <span class='ocrx_word' id='word_1_541' title='bbox 3484 2375 3768 2442; x_wconf 76' lang='lat' dir='ltr'>martyris</span> 
     </span>
    </p>
   </div>
   <div class='ocr_carea' id='block_1_83' title="bbox 2060 2463 3074 2534">
    <p class='ocr_par' dir='ltr' id='par_1_83' title="bbox 2060 2463 3074 2534">
     <span class='ocr_line' id='line_1_83' title="bbox 2060 2463 3074 2534; baseline -0.002 -16"><span class='ocrx_word' id='word_1_542' title='bbox 2060 2478 2177 2534; x_wconf 88' lang='lat' dir='ltr'>pra</span> <span class='ocrx_word' id='word_1_543' title='bbox 2210 2463 2386 2518; x_wconf 89' lang='lat' dir='ltr'>nimia</span> <span class='ocrx_word' id='word_1_544' title='bbox 2419 2472 2697 2519; x_wconf 85' lang='lat' dir='ltr'>vetustate</span> <span class='ocrx_word' id='word_1_545' title='bbox 2727 2463 3074 2518; x_wconf 85' lang='lat' dir='ltr'>defecerunt.</span> 
     </span>
    </p>
   </div>
   <div class='ocr_carea' id='block_1_84' title="bbox 2128 2552 3770 2622">
    <p class='ocr_par' dir='ltr' id='par_1_84' title="bbox 2128 2552 3770 2622">
     <span class='ocr_line' id='line_1_84' title="bbox 2128 2552 3770 2622; baseline 0 -15"><span class='ocrx_word' id='word_1_546' title='bbox 2128 2553 2322 2608; x_wconf 83' lang='lat' dir='ltr'>Tanta</span> <span class='ocrx_word' id='word_1_547' title='bbox 2376 2567 2508 2608; x_wconf 89' lang='lat' dir='ltr'>vero</span> <span class='ocrx_word' id='word_1_548' title='bbox 2572 2552 2867 2622; x_wconf 87' lang='lat' dir='ltr'>dignitatis</span> <span class='ocrx_word' id='word_1_549' title='bbox 2918 2560 3039 2606; x_wconf 89' lang='lat' dir='ltr'>erat</span> <span class='ocrx_word' id='word_1_550' title='bbox 3095 2552 3292 2606; x_wconf 88' lang='lat' dir='ltr'>eadem</span> <span class='ocrx_word' id='word_1_551' title='bbox 3363 2552 3631 2618; x_wconf 89' lang='lat' dir='ltr'>abbatia,</span> <span class='ocrx_word' id='word_1_552' title='bbox 3701 2561 3770 2608; x_wconf 91' lang='lat' dir='ltr'>ut</span> 
     </span>
    </p>
   </div>
   <div class='ocr_carea' id='block_1_85' title="bbox 2057 2639 3771 2709">
    <p class='ocr_par' dir='ltr' id='par_1_85' title="bbox 2057 2639 3771 2709">
     <span class='ocr_line' id='line_1_85' title="bbox 2057 2639 3771 2709; baseline 0.001 -17"><span class='ocrx_word' id='word_1_553' title='bbox 2057 2640 2528 2709; x_wconf 89' lang='lat' dir='ltr'>quandocunque</span> <span class='ocrx_word' id='word_1_554' title='bbox 2559 2653 2660 2694; x_wconf 87' lang='lat' dir='ltr'>rex</span> <span class='ocrx_word' id='word_1_555' title='bbox 2696 2640 3046 2695; x_wconf 86' lang='lat' dir='ltr'>Francorum</span> <span class='ocrx_word' id='word_1_556' title='bbox 3081 2641 3138 2694; x_wconf 92' lang='lat' dir='ltr'>in</span> <span class='ocrx_word' id='word_1_557' title='bbox 3174 2639 3376 2694; x_wconf 81' lang='lat' dir='ltr'>diebus</span> <span class='ocrx_word' id='word_1_558' title='bbox 3400 2640 3771 2695; x_wconf 85' lang='lat' dir='ltr'>solemnibus</span> 
     </span>
    </p>
   </div>
   <div class='ocr_carea' id='block_1_86' title="bbox 2057 2726 3770 2798">
    <p class='ocr_par' dir='ltr' id='par_1_86' title="bbox 2057 2726 3770 2798">
     <span class='ocr_line' id='line_1_86' title="bbox 2057 2726 3770 2798; baseline 0.001 -17"><span class='ocrx_word' id='word_1_559' title='bbox 2057 2726 2322 2782; x_wconf 88' lang='lat' dir='ltr'>Lauduni</span> <span class='ocrx_word' id='word_1_560' title='bbox 2352 2728 2717 2782; x_wconf 88' lang='lat' dir='ltr'>coronandus</span> <span class='ocrx_word' id='word_1_561' title='bbox 2746 2735 2909 2795; x_wconf 89' lang='lat' dir='ltr'>esset,</span> <span class='ocrx_word' id='word_1_562' title='bbox 2946 2729 3002 2783; x_wconf 93' lang='lat' dir='ltr'>in</span> <span class='ocrx_word' id='word_1_563' title='bbox 3021 2729 3140 2797; x_wconf 89' lang='lat' dir='ltr'>ipsa</span> <span class='ocrx_word' id='word_1_564' title='bbox 3172 2729 3454 2798; x_wconf 86' lang='lat' dir='ltr'>pracipue</span> <span class='ocrx_word' id='word_1_565' title='bbox 3481 2742 3770 2784; x_wconf 85' lang='lat' dir='ltr'>coronam</span> 
     </span>
    </p>
   </div>
   <div class='ocr_carea' id='block_1_87' title="bbox 2056 2823 3770 2894">
    <p class='ocr_par' dir='ltr' id='par_1_87' title="bbox 2056 2823 3770 2894">
     <span class='ocr_line' id='line_1_87' title="bbox 2056 2823 3770 2894; baseline 0 -16"><span class='ocrx_word' id='word_1_566' title='bbox 2056 2837 2295 2879; x_wconf 88' lang='lat' dir='ltr'>auream</span> <span class='ocrx_word' id='word_1_567' title='bbox 2341 2830 2610 2893; x_wconf 88' lang='lat' dir='ltr'>portaret.</span> <span class='ocrx_word' id='word_1_568' title='bbox 2655 2823 2892 2878; x_wconf 88' lang='lat' dir='ltr'>Nullum</span> <span class='ocrx_word' id='word_1_569' title='bbox 2943 2825 3114 2879; x_wconf 91' lang='lat' dir='ltr'>etiam</span> <span class='ocrx_word' id='word_1_570' title='bbox 3164 2824 3498 2894; x_wconf 87' lang='lat' dir='ltr'>quadrupes</span> <span class='ocrx_word' id='word_1_571' title='bbox 3536 2824 3770 2878; x_wconf 89' lang='lat' dir='ltr'>animal</span> 
     </span>
    </p>
   </div>
   <div class='ocr_carea' id='block_1_88' title="bbox 2056 2913 3768 2982">
    <p class='ocr_par' dir='ltr' id='par_1_88' title="bbox 2056 2913 3768 2982">
     <span class='ocr_line' id='line_1_88' title="bbox 2056 2913 3768 2982; baseline 0.001 -16"><span class='ocrx_word' id='word_1_572' title='bbox 2056 2914 2209 2968; x_wconf 90' lang='lat' dir='ltr'>intra</span> <span class='ocrx_word' id='word_1_573' title='bbox 2265 2927 2498 2968; x_wconf 91' lang='lat' dir='ltr'>murum</span> <span class='ocrx_word' id='word_1_574' title='bbox 2551 2928 2609 2967; x_wconf 90' lang='lat' dir='ltr'>se</span> <span class='ocrx_word' id='word_1_575' title='bbox 2664 2921 2884 2982; x_wconf 88' lang='lat' dir='ltr'>portam</span> <span class='ocrx_word' id='word_1_576' title='bbox 2944 2913 3187 2968; x_wconf 87' lang='lat' dir='ltr'>abbatia</span> <span class='ocrx_word' id='word_1_577' title='bbox 3237 2913 3452 2967; x_wconf 85' lang='lat' dir='ltr'>intrare</span> <span class='ocrx_word' id='word_1_578' title='bbox 3507 2920 3768 2981; x_wconf 89' lang='lat' dir='ltr'>poterat,</span> 
     </span>
    </p>
   </div>
   <div class='ocr_carea' id='block_1_89' title="bbox 1983 3001 3774 3072">
    <p class='ocr_par' dir='ltr' id='par_1_89' title="bbox 1983 3001 3774 3072">
     <span class='ocr_line' id='line_1_89' title="bbox 1983 3001 3774 3072; baseline 0 -16"><span class='ocrx_word' id='word_1_579' title='bbox 1983 3011 2025 3068; x_wconf 74' lang='grc' dir='ltr'><strong>ρ</strong></span> <span class='ocrx_word' id='word_1_580' title='bbox 2057 3001 2213 3072; x_wconf 91' lang='lat' dir='ltr'>quod</span> <span class='ocrx_word' id='word_1_581' title='bbox 2248 3016 2358 3056; x_wconf 86' lang='lat' dir='ltr'>non</span> <span class='ocrx_word' id='word_1_582' title='bbox 2408 3002 2598 3057; x_wconf 89' lang='lat' dir='ltr'>statim</span> <span class='ocrx_word' id='word_1_583' title='bbox 2642 3003 2699 3056; x_wconf 92' lang='lat' dir='ltr'>in</span> <span class='ocrx_word' id='word_1_584' title='bbox 2730 3001 2944 3057; x_wconf 90' lang='lat' dir='ltr'>rabiem</span> <span class='ocrx_word' id='word_1_585' title='bbox 2997 3011 3051 3056; x_wconf 91' lang='lat' dir='ltr'>et</span> <span class='ocrx_word' id='word_1_586' title='bbox 3080 3003 3135 3056; x_wconf 92' lang='lat' dir='ltr'>in</span> <span class='ocrx_word' id='word_1_587' title='bbox 3172 3001 3454 3056; x_wconf 90' lang='lat' dir='ltr'>insaniam</span> <span class='ocrx_word' id='word_1_588' title='bbox 3505 3009 3774 3056; x_wconf 80' lang='lat' dir='ltr'>vertere-</span> 
     </span>
    </p>
   </div>
   <div class='ocr_carea' id='block_1_90' title="bbox 2064 3089 3771 3159">
    <p class='ocr_par' dir='ltr' id='par_1_90' title="bbox 2064 3089 3771 3159">
     <span class='ocr_line' id='line_1_90' title="bbox 2064 3089 3771 3159; baseline 0.001 -14"><span class='ocrx_word' id='word_1_589' title='bbox 2064 3098 2174 3146; x_wconf 89' lang='lat' dir='ltr'>tur.</span> <span class='ocrx_word' id='word_1_590' title='bbox 2213 3090 2372 3146; x_wconf 90' lang='lat' dir='ltr'>Unde</span> <span class='ocrx_word' id='word_1_591' title='bbox 2419 3089 2590 3144; x_wconf 90' lang='lat' dir='ltr'>etiam</span> <span class='ocrx_word' id='word_1_592' title='bbox 2633 3089 2680 3143; x_wconf 93' lang='lat' dir='ltr'>si</span> <span class='ocrx_word' id='word_1_593' title='bbox 2710 3090 2943 3159; x_wconf 89' lang='lat' dir='ltr'>quando</span> <span class='ocrx_word' id='word_1_594' title='bbox 3000 3103 3122 3155; x_wconf 86' lang='lat' dir='ltr'>rex,</span> <span class='ocrx_word' id='word_1_595' title='bbox 3155 3089 3244 3143; x_wconf 91' lang='lat' dir='ltr'>vel</span> <span class='ocrx_word' id='word_1_596' title='bbox 3297 3089 3634 3158; x_wconf 60' lang='lat' dir='ltr'>episcopus,</span> <span class='ocrx_word' id='word_1_597' title='bbox 3657 3099 3771 3146; x_wconf 89' lang='lat' dir='ltr'>aut</span> 
     </span>
    </p>
   </div>
   <div class='ocr_carea' id='block_1_91' title="bbox 2059 3177 3770 3249">
    <p class='ocr_par' dir='ltr' id='par_1_91' title="bbox 2059 3177 3770 3249">
     <span class='ocr_line' id='line_1_91' title="bbox 2059 3177 3770 3249; baseline 0 -15"><span class='ocrx_word' id='word_1_598' title='bbox 2059 3181 2154 3234; x_wconf 88' lang='lat' dir='ltr'>alii</span> <span class='ocrx_word' id='word_1_599' title='bbox 2202 3179 2490 3249; x_wconf 87' lang='lat' dir='ltr'>principes</span> <span class='ocrx_word' id='word_1_600' title='bbox 2515 3179 2584 3234; x_wconf 91' lang='lat' dir='ltr'>ad</span> <span class='ocrx_word' id='word_1_601' title='bbox 2633 3177 2810 3248; x_wconf 88' lang='lat' dir='ltr'>ipsam</span> <span class='ocrx_word' id='word_1_602' title='bbox 2845 3178 3136 3233; x_wconf 86' lang='lat' dir='ltr'>abbatiam</span> <span class='ocrx_word' id='word_1_603' title='bbox 3188 3177 3514 3246; x_wconf 87' lang='lat' dir='ltr'>veniebant,</span> <span class='ocrx_word' id='word_1_604' title='bbox 3552 3193 3770 3234; x_wconf 86' lang='lat' dir='ltr'>omnes</span> 
     </span>
    </p>
   </div>
   <div class='ocr_carea' id='block_1_92' title="bbox 2057 3267 3766 3338">
    <p class='ocr_par' dir='ltr' id='par_1_92' title="bbox 2057 3267 3766 3338">
     <span class='ocr_line' id='line_1_92' title="bbox 2057 3267 3766 3338; baseline 0 -15"><span class='ocrx_word' id='word_1_605' title='bbox 2057 3283 2236 3338; x_wconf 92' lang='lat' dir='ltr'>equos</span> <span class='ocrx_word' id='word_1_606' title='bbox 2271 3282 2465 3322; x_wconf 88' lang='lat' dir='ltr'>eorum</span> <span class='ocrx_word' id='word_1_607' title='bbox 2499 3275 2664 3322; x_wconf 90' lang='lat' dir='ltr'>extra</span> <span class='ocrx_word' id='word_1_608' title='bbox 2707 3275 2928 3336; x_wconf 90' lang='lat' dir='ltr'>portam</span> <span class='ocrx_word' id='word_1_609' title='bbox 2955 3267 3252 3337; x_wconf 84' lang='lat' dir='ltr'>oportebat</span> <span class='ocrx_word' id='word_1_610' title='bbox 3284 3267 3510 3333; x_wconf 89' lang='lat' dir='ltr'>dimitti,</span> <span class='ocrx_word' id='word_1_611' title='bbox 3558 3277 3615 3322; x_wconf 88' lang='lat' dir='ltr'>et</span> <span class='ocrx_word' id='word_1_612' title='bbox 3650 3269 3766 3338; x_wconf 87' lang='lat' dir='ltr'>ipsi</span> 
     </span>
    </p>
   </div>
   <div class='ocr_carea' id='block_1_93' title="bbox 2059 3354 3766 3427">
    <p class='ocr_par' dir='ltr' id='par_1_93' title="bbox 2059 3354 3766 3427">
     <span class='ocr_line' id='line_1_93' title="bbox 2059 3354 3766 3427; baseline -0.001 -16"><span class='ocrx_word' id='word_1_613' title='bbox 2059 3358 2274 3427; x_wconf 89' lang='lat' dir='ltr'>pedites</span> <span class='ocrx_word' id='word_1_614' title='bbox 2316 3358 2385 3412; x_wconf 93' lang='lat' dir='ltr'>ad</span> <span class='ocrx_word' id='word_1_615' title='bbox 2417 3356 2711 3412; x_wconf 83' lang='lat' dir='ltr'>ecclesiam</span> <span class='ocrx_word' id='word_1_616' title='bbox 2745 3355 3142 3424; x_wconf 88' lang='lat' dir='ltr'>procedebant.</span> <span class='ocrx_word' id='word_1_617' title='bbox 3188 3356 3372 3410; x_wconf 87' lang='lat' dir='ltr'>Beata</span> <span class='ocrx_word' id='word_1_618' title='bbox 3405 3354 3766 3427; x_wconf 74' lang='lat' dir='ltr'>Sallaberga</span> 
     </span>
    </p>
   </div>
   <div class='ocr_carea' id='block_1_94' title="bbox 2057 3442 3764 3512">
    <p class='ocr_par' dir='ltr' id='par_1_94' title="bbox 2057 3442 3764 3512">
     <span class='ocr_line' id='line_1_94' title="bbox 2057 3442 3764 3512; baseline -0.001 -13"><span class='ocrx_word' id='word_1_619' title='bbox 2057 3445 2320 3500; x_wconf 89' lang='lat' dir='ltr'>morienti</span> <span class='ocrx_word' id='word_1_620' title='bbox 2368 3443 2638 3500; x_wconf 89' lang='lat' dir='ltr'>successit</span> <span class='ocrx_word' id='word_1_621' title='bbox 2685 3444 2974 3498; x_wconf 89' lang='lat' dir='ltr'>abbatissa</span> <span class='ocrx_word' id='word_1_622' title='bbox 3007 3442 3123 3497; x_wconf 88' lang='lat' dir='ltr'>ﬁlia</span> <span class='ocrx_word' id='word_1_623' title='bbox 3167 3442 3312 3512; x_wconf 77' lang='lat' dir='ltr'>ejus,</span> <span class='ocrx_word' id='word_1_624' title='bbox 3353 3451 3549 3498; x_wconf 89' lang='lat' dir='ltr'>sancta</span> <span class='ocrx_word' id='word_1_625' title='bbox 3583 3443 3764 3498; x_wconf 87' lang='lat' dir='ltr'>vide-</span> 
     </span>
    </p>
   </div>
   <div class='ocr_carea' id='block_1_95' title="bbox 2055 3532 3762 3603">
    <p class='ocr_par' dir='ltr' id='par_1_95' title="bbox 2055 3532 3762 3603">
     <span class='ocr_line' id='line_1_95' title="bbox 2055 3532 3762 3603; baseline -0.001 -14"><span class='ocrx_word' id='word_1_626' title='bbox 2055 3533 2185 3589; x_wconf 91' lang='lat' dir='ltr'>licet</span> <span class='ocrx_word' id='word_1_627' title='bbox 2232 3533 2578 3603; x_wconf 84' lang='lat' dir='ltr'>Austrudis;</span> <span class='ocrx_word' id='word_1_628' title='bbox 2612 3541 2665 3588; x_wconf 88' lang='lat' dir='ltr'>et</span> <span class='ocrx_word' id='word_1_629' title='bbox 2697 3534 2776 3588; x_wconf 90' lang='lat' dir='ltr'>ita</span> <span class='ocrx_word' id='word_1_630' title='bbox 2821 3546 2921 3602; x_wconf 91' lang='lat' dir='ltr'>per</span> <span class='ocrx_word' id='word_1_631' title='bbox 2954 3539 3231 3588; x_wconf 90' lang='lat' dir='ltr'>trecentos</span> <span class='ocrx_word' id='word_1_632' title='bbox 3272 3532 3386 3587; x_wconf 89' lang='lat' dir='ltr'>fere</span> <span class='ocrx_word' id='word_1_633' title='bbox 3419 3540 3470 3587; x_wconf 86' lang='lat' dir='ltr'>et</span> <span class='ocrx_word' id='word_1_634' title='bbox 3515 3546 3578 3587; x_wconf 90' lang='lat' dir='ltr'>eo</span> <span class='ocrx_word' id='word_1_635' title='bbox 3625 3547 3762 3588; x_wconf 56' lang='lat' dir='ltr'>am-</span> 
     </span>
    </p>
   </div>
   <div class='ocr_carea' id='block_1_96' title="bbox 2052 3619 3766 3691">
    <p class='ocr_par' dir='ltr' id='par_1_96' title="bbox 2052 3619 3766 3691">
     <span class='ocr_line' id='line_1_96' title="bbox 2052 3619 3766 3691; baseline 0 -15"><span class='ocrx_word' id='word_1_636' title='bbox 2052 3621 2205 3691; x_wconf 92' lang='lat' dir='ltr'>plius</span> <span class='ocrx_word' id='word_1_637' title='bbox 2234 3636 2416 3677; x_wconf 89' lang='lat' dir='ltr'>annos</span> <span class='ocrx_word' id='word_1_638' title='bbox 2465 3621 2924 3677; x_wconf 89' lang='lat' dir='ltr'>sanctimoniales</span> <span class='ocrx_word' id='word_1_639' title='bbox 2954 3619 3032 3674; x_wconf 92' lang='lat' dir='ltr'>ibi</span> <span class='ocrx_word' id='word_1_640' title='bbox 3063 3619 3316 3686; x_wconf 89' lang='lat' dir='ltr'>fuerunt,</span> <span class='ocrx_word' id='word_1_641' title='bbox 3352 3620 3766 3690; x_wconf 87' lang='lat' dir='ltr'>plurimasque</span> 
     </span>
    </p>
   </div>
   <div class='ocr_carea' id='block_1_97' title="bbox 2053 3707 3765 3779">
    <p class='ocr_par' dir='ltr' id='par_1_97' title="bbox 2053 3707 3765 3779">
     <span class='ocr_line' id='line_1_97' title="bbox 2053 3707 3765 3779; baseline 0.001 -16"><span class='ocrx_word' id='word_1_642' title='bbox 2053 3709 2432 3777; x_wconf 89' lang='lat' dir='ltr'>possessiones</span> <span class='ocrx_word' id='word_1_643' title='bbox 2463 3709 2532 3763; x_wconf 92' lang='lat' dir='ltr'>de</span> <span class='ocrx_word' id='word_1_644' title='bbox 2579 3707 2830 3763; x_wconf 89' lang='lat' dir='ltr'>donariis</span> <span class='ocrx_word' id='word_1_645' title='bbox 2870 3722 3068 3778; x_wconf 89' lang='lat' dir='ltr'>regum</span> <span class='ocrx_word' id='word_1_646' title='bbox 3103 3715 3159 3763; x_wconf 91' lang='lat' dir='ltr'>et</span> <span class='ocrx_word' id='word_1_647' title='bbox 3201 3708 3526 3777; x_wconf 89' lang='lat' dir='ltr'>principum</span> <span class='ocrx_word' id='word_1_648' title='bbox 3575 3707 3765 3779; x_wconf 85' lang='lat' dir='ltr'>longo</span> 
     </span>
    </p>
   </div>
   <div class='ocr_carea' id='block_1_98' title="bbox 2052 3797 2727 3866">
    <p class='ocr_par' dir='ltr' id='par_1_98' title="bbox 2052 3797 2727 3866">
     <span class='ocr_line' id='line_1_98' title="bbox 2052 3797 2727 3866; baseline -0.003 -14"><span class='ocrx_word' id='word_1_649' title='bbox 2052 3806 2160 3852; x_wconf 90' lang='lat' dir='ltr'>tem</span> <span class='ocrx_word' id='word_1_650' title='bbox 2173 3812 2304 3866; x_wconf 91' lang='lat' dir='ltr'>pore</span> <span class='ocrx_word' id='word_1_651' title='bbox 2336 3797 2727 3866; x_wconf 87' lang='lat' dir='ltr'>possederunt.</span> 
     </span>
    </p>
   </div>
   <div class='ocr_carea' id='block_1_99' title="bbox 2121 3884 3768 3957">
    <p class='ocr_par' dir='ltr' id='par_1_99' title="bbox 2121 3884 3768 3957">
     <span class='ocr_line' id='line_1_99' title="bbox 2121 3884 3768 3957; baseline 0.002 -18"><span class='ocrx_word' id='word_1_652' title='bbox 2121 3888 2181 3939; x_wconf 91' lang='lat' dir='ltr'>In</span> <span class='ocrx_word' id='word_1_653' title='bbox 2241 3887 2446 3941; x_wconf 89' lang='lat' dir='ltr'>diebus</span> <span class='ocrx_word' id='word_1_654' title='bbox 2503 3900 2636 3941; x_wconf 91' lang='lat' dir='ltr'>vero</span> <span class='ocrx_word' id='word_1_655' title='bbox 2691 3884 2911 3955; x_wconf 74' lang='lat' dir='ltr'>praefati</span> <span class='ocrx_word' id='word_1_656' title='bbox 2943 3885 3134 3940; x_wconf 90' lang='lat' dir='ltr'>domni</span> <span class='ocrx_word' id='word_1_657' title='bbox 3185 3885 3580 3940; x_wconf 89' lang='lat' dir='ltr'>Bartholomai</span> <span class='ocrx_word' id='word_1_658' title='bbox 3635 3889 3768 3957; x_wconf 57' lang='lat' dir='ltr'>epi.</span> 
     </span>
    </p>
   </div>
   <div class='ocr_carea' id='block_1_100' title="bbox 2049 3973 3766 4044">
    <p class='ocr_par' dir='ltr' id='par_1_100' title="bbox 2049 3973 3766 4044">
     <span class='ocr_line' id='line_1_100' title="bbox 2049 3973 3766 4044; baseline 0.001 -15"><span class='ocrx_word' id='word_1_659' title='bbox 2049 3975 2224 4044; x_wconf 89' lang='lat' dir='ltr'>scopi,</span> <span class='ocrx_word' id='word_1_660' title='bbox 2278 3975 2519 4044; x_wconf 88' lang='lat' dir='ltr'>antiqua</span> <span class='ocrx_word' id='word_1_661' title='bbox 2559 3973 2756 4043; x_wconf 88' lang='lat' dir='ltr'>religio</span> <span class='ocrx_word' id='word_1_662' title='bbox 2806 3988 2918 4028; x_wconf 90' lang='lat' dir='ltr'>non</span> <span class='ocrx_word' id='word_1_663' title='bbox 2952 3987 3155 4043; x_wconf 87' lang='lat' dir='ltr'>parum</span> <span class='ocrx_word' id='word_1_664' title='bbox 3207 3974 3263 4028; x_wconf 92' lang='lat' dir='ltr'>in</span> <span class='ocrx_word' id='word_1_665' title='bbox 3309 3975 3502 4029; x_wconf 90' lang='lat' dir='ltr'>eodem</span> <span class='ocrx_word' id='word_1_666' title='bbox 3537 3989 3766 4030; x_wconf 90' lang='lat' dir='ltr'>mona—</span> 
     </span>
    </p>
   </div>
   <div class='ocr_carea' id='block_1_101' title="bbox 2048 4063 3766 4133">
    <p class='ocr_par' dir='ltr' id='par_1_101' title="bbox 2048 4063 3766 4133">
     <span class='ocr_line' id='line_1_101' title="bbox 2048 4063 3766 4133; baseline 0.002 -14"><span class='ocrx_word' id='word_1_667' title='bbox 2048 4065 2218 4119; x_wconf 90' lang='lat' dir='ltr'>sterio</span> <span class='ocrx_word' id='word_1_668' title='bbox 2277 4063 2644 4133; x_wconf 88' lang='lat' dir='ltr'>refriguerat,</span> <span class='ocrx_word' id='word_1_669' title='bbox 2707 4063 3016 4118; x_wconf 88' lang='lat' dir='ltr'>exteriores</span> <span class='ocrx_word' id='word_1_670' title='bbox 3069 4076 3303 4132; x_wconf 90' lang='lat' dir='ltr'>quoque</span> <span class='ocrx_word' id='word_1_671' title='bbox 3361 4063 3766 4131; x_wconf 87' lang='lat' dir='ltr'>possessiones</span> 
     </span>
    </p>
   </div>
   <div class='ocr_carea' id='block_1_102' title="bbox 2051 4149 3763 4219">
    <p class='ocr_par' dir='ltr' id='par_1_102' title="bbox 2051 4149 3763 4219">
     <span class='ocr_line' id='line_1_102' title="bbox 2051 4149 3763 4219; baseline 0.002 -14"><span class='ocrx_word' id='word_1_672' title='bbox 2051 4151 2328 4219; x_wconf 88' lang='lat' dir='ltr'>paulatim</span> <span class='ocrx_word' id='word_1_673' title='bbox 2379 4151 2678 4206; x_wconf 87' lang='lat' dir='ltr'>diminuta</span> <span class='ocrx_word' id='word_1_674' title='bbox 2707 4157 2908 4217; x_wconf 89' lang='lat' dir='ltr'>erant;</span> <span class='ocrx_word' id='word_1_675' title='bbox 2943 4149 3038 4205; x_wconf 91' lang='lat' dir='ltr'>sed</span> <span class='ocrx_word' id='word_1_676' title='bbox 3082 4158 3138 4205; x_wconf 91' lang='lat' dir='ltr'>et</span> <span class='ocrx_word' id='word_1_677' title='bbox 3167 4149 3448 4205; x_wconf 91' lang='lat' dir='ltr'>nonnulla</span> <span class='ocrx_word' id='word_1_678' title='bbox 3491 4151 3763 4208; x_wconf 64' lang='lat' dir='ltr'>sinistrze</span> 
     </span>
    </p>
   </div>
   <div class='ocr_carea' id='block_1_103' title="bbox 2048 4237 3760 4309">
    <p class='ocr_par' dir='ltr' id='par_1_103' title="bbox 2048 4237 3760 4309">
     <span class='ocr_line' id='line_1_103' title="bbox 2048 4237 3760 4309; baseline -0.001 -15"><span class='ocrx_word' id='word_1_679' title='bbox 2048 4239 2215 4296; x_wconf 85' lang='lat' dir='ltr'>fama</span> <span class='ocrx_word' id='word_1_680' title='bbox 2244 4239 2313 4295; x_wconf 89' lang='lat' dir='ltr'>de</span> <span class='ocrx_word' id='word_1_681' title='bbox 2359 4239 2571 4294; x_wconf 91' lang='lat' dir='ltr'>eisdem</span> <span class='ocrx_word' id='word_1_682' title='bbox 2605 4238 2934 4309; x_wconf 91' lang='lat' dir='ltr'>virginibus</span> <span class='ocrx_word' id='word_1_683' title='bbox 2980 4237 3339 4292; x_wconf 90' lang='lat' dir='ltr'>dicebantur.</span> <span class='ocrx_word' id='word_1_684' title='bbox 3374 4237 3531 4293; x_wconf 90' lang='lat' dir='ltr'>Unde</span> <span class='ocrx_word' id='word_1_685' title='bbox 3579 4239 3760 4293; x_wconf 87' lang='lat' dir='ltr'>mul-</span> 
     </span>
    </p>
   </div>
   <div class='ocr_carea' id='block_1_104' title="bbox 2047 4325 3764 4396">
    <p class='ocr_par' dir='ltr' id='par_1_104' title="bbox 2047 4325 3764 4396">
     <span class='ocr_line' id='line_1_104' title="bbox 2047 4325 3764 4396; baseline 0 -12"><span class='ocrx_word' id='word_1_686' title='bbox 2047 4338 2170 4384; x_wconf 93' lang='lat' dir='ltr'>tum</span> <span class='ocrx_word' id='word_1_687' title='bbox 2222 4329 2591 4384; x_wconf 90' lang='lat' dir='ltr'>contristatus</span> <span class='ocrx_word' id='word_1_688' title='bbox 2644 4329 2790 4383; x_wconf 90' lang='lat' dir='ltr'>idem</span> <span class='ocrx_word' id='word_1_689' title='bbox 2838 4325 3116 4396; x_wconf 85' lang='lat' dir='ltr'>pontifex,</span> <span class='ocrx_word' id='word_1_690' title='bbox 3167 4325 3395 4381; x_wconf 90' lang='lat' dir='ltr'>videbat</span> <span class='ocrx_word' id='word_1_691' title='bbox 3447 4327 3600 4380; x_wconf 87' lang='lat' dir='ltr'>enim</span> <span class='ocrx_word' id='word_1_692' title='bbox 3649 4343 3764 4384; x_wconf 84' lang='lat' dir='ltr'>eas</span> 
     </span>
    </p>
   </div>
   <div class='ocr_carea' id='block_1_105' title="bbox 2043 4415 3760 4487">
    <p class='ocr_par' dir='ltr' id='par_1_105' title="bbox 2043 4415 3760 4487">
     <span class='ocr_line' id='line_1_105' title="bbox 2043 4415 3760 4487; baseline 0 -14"><span class='ocrx_word' id='word_1_693' title='bbox 2043 4418 2372 4487; x_wconf 89' lang='lat' dir='ltr'>frequenter</span> <span class='ocrx_word' id='word_1_694' title='bbox 2403 4431 2436 4472; x_wconf 90' lang='lat' dir='ltr'>a</span> <span class='ocrx_word' id='word_1_695' title='bbox 2468 4432 2527 4472; x_wconf 90' lang='lat' dir='ltr'>se</span> <span class='ocrx_word' id='word_1_696' title='bbox 2573 4417 2948 4472; x_wconf 88' lang='lat' dir='ltr'>commonitas</span> <span class='ocrx_word' id='word_1_697' title='bbox 2995 4415 3453 4470; x_wconf 88' lang='lat' dir='ltr'>emendationem</span> <span class='ocrx_word' id='word_1_698' title='bbox 3500 4417 3760 4485; x_wconf 86' lang='lat' dir='ltr'>quidem</span> 
     </span>
    </p>
   </div>
   <div class='ocr_carea' id='block_1_106' title="bbox 2040 4504 3760 4577">
    <p class='ocr_par' dir='ltr' id='par_1_106' title="bbox 2040 4504 3760 4577">
     <span class='ocr_line' id='line_1_106' title="bbox 2040 4504 3760 4577; baseline 0.001 -15"><span class='ocrx_word' id='word_1_699' title='bbox 2040 4507 2217 4562; x_wconf 86' lang='lat' dir='ltr'>verbo</span> <span class='ocrx_word' id='word_1_700' title='bbox 2265 4507 2614 4577; x_wconf 90' lang='lat' dir='ltr'>promittere,</span> <span class='ocrx_word' id='word_1_701' title='bbox 2665 4505 2761 4560; x_wconf 89' lang='lat' dir='ltr'>sed</span> <span class='ocrx_word' id='word_1_702' title='bbox 2815 4504 2963 4560; x_wconf 90' lang='lat' dir='ltr'>facto</span> <span class='ocrx_word' id='word_1_703' title='bbox 3011 4518 3126 4559; x_wconf 90' lang='lat' dir='ltr'>non</span> <span class='ocrx_word' id='word_1_704' title='bbox 3179 4504 3464 4574; x_wconf 88' lang='lat' dir='ltr'>implere:</span> <span class='ocrx_word' id='word_1_705' title='bbox 3501 4507 3760 4564; x_wconf 87' lang='lat' dir='ltr'>consilio</span> 
     </span>
    </p>
   </div>
   <div class='ocr_carea' id='block_1_107' title="bbox 2038 4591 3761 4662">
    <p class='ocr_par' dir='ltr' id='par_1_107' title="bbox 2038 4591 3761 4662">
     <span class='ocr_line' id='line_1_107' title="bbox 2038 4591 3761 4662; baseline 0.001 -14"><span class='ocrx_word' id='word_1_706' title='bbox 2038 4601 2093 4648; x_wconf 92' lang='lat' dir='ltr'>et</span> <span class='ocrx_word' id='word_1_707' title='bbox 2149 4594 2486 4649; x_wconf 88' lang='lat' dir='ltr'>auctoritate</span> <span class='ocrx_word' id='word_1_708' title='bbox 2537 4592 2754 4648; x_wconf 91' lang='lat' dir='ltr'>domini</span> <span class='ocrx_word' id='word_1_709' title='bbox 2804 4606 2965 4662; x_wconf 83' lang='lat' dir='ltr'>papa</span> <span class='ocrx_word' id='word_1_710' title='bbox 3014 4592 3350 4657; x_wconf 86' lang='lat' dir='ltr'>Innocentii,</span> <span class='ocrx_word' id='word_1_711' title='bbox 3401 4591 3761 4662; x_wconf 80' lang='lat' dir='ltr'>dominique</span> 
     </span>
    </p>
   </div>
   <div class='ocr_carea' id='block_1_108' title="bbox 2040 4676 3760 4748">
    <p class='ocr_par' dir='ltr' id='par_1_108' title="bbox 2040 4676 3760 4748">
     <span class='ocr_line' id='line_1_108' title="bbox 2040 4676 3760 4748; baseline 0 -13"><span class='ocrx_word' id='word_1_712' title='bbox 2040 4680 2303 4736; x_wconf 88' lang='lat' dir='ltr'>Rainaldi</span> <span class='ocrx_word' id='word_1_713' title='bbox 2352 4681 2657 4736; x_wconf 89' lang='lat' dir='ltr'>Remorum</span> <span class='ocrx_word' id='word_1_714' title='bbox 2707 4678 3140 4748; x_wconf 90' lang='lat' dir='ltr'>archiepiscopi,</span> <span class='ocrx_word' id='word_1_715' title='bbox 3190 4676 3456 4733; x_wconf 88' lang='lat' dir='ltr'>Ludovici</span> <span class='ocrx_word' id='word_1_716' title='bbox 3502 4692 3760 4748; x_wconf 85' lang='lat' dir='ltr'>quoque</span> 
     </span>
    </p>
   </div>
   <div class='ocr_carea' id='block_1_109' title="bbox 2036 4767 3759 4840">
    <p class='ocr_par' dir='ltr' id='par_1_109' title="bbox 2036 4767 3759 4840">
     <span class='ocr_line' id='line_1_109' title="bbox 2036 4767 3759 4840; baseline -0.001 -15"><span class='ocrx_word' id='word_1_717' title='bbox 2036 4769 2191 4840; x_wconf 88' lang='lat' dir='ltr'>regis</span> <span class='ocrx_word' id='word_1_718' title='bbox 2238 4771 2611 4836; x_wconf 87' lang='lat' dir='ltr'>Francorum,</span> <span class='ocrx_word' id='word_1_719' title='bbox 2645 4769 2717 4824; x_wconf 88' lang='lat' dir='ltr'>ad</span> <span class='ocrx_word' id='word_1_720' title='bbox 2749 4782 2920 4838; x_wconf 90' lang='lat' dir='ltr'>quem</span> <span class='ocrx_word' id='word_1_721' title='bbox 2961 4768 3156 4823; x_wconf 87' lang='lat' dir='ltr'>eadem</span> <span class='ocrx_word' id='word_1_722' title='bbox 3205 4767 3456 4822; x_wconf 87' lang='lat' dir='ltr'>Ecclesia</span> <span class='ocrx_word' id='word_1_723' title='bbox 3511 4767 3759 4835; x_wconf 86' lang='lat' dir='ltr'>proprie</span> 
     </span>
    </p>
   </div>
   <div class='ocr_carea' id='block_1_110' title="bbox 2036 4863 3760 4937">
    <p class='ocr_par' dir='ltr' id='par_1_110' title="bbox 2036 4863 3760 4937">
     <span class='ocr_line' id='line_1_110' title="bbox 2036 4863 3760 4937; baseline -0.002 -15"><span class='ocrx_word' id='word_1_724' title='bbox 2036 4867 2319 4937; x_wconf 84' lang='lat' dir='ltr'>pertinere</span> <span class='ocrx_word' id='word_1_725' title='bbox 2369 4866 2689 4932; x_wconf 90' lang='lat' dir='ltr'>dicebatur,</span> <span class='ocrx_word' id='word_1_726' title='bbox 2736 4878 2934 4920; x_wconf 90' lang='lat' dir='ltr'>omnes</span> <span class='ocrx_word' id='word_1_727' title='bbox 2982 4864 3194 4933; x_wconf 90' lang='lat' dir='ltr'>pariter</span> <span class='ocrx_word' id='word_1_728' title='bbox 3250 4863 3378 4918; x_wconf 89' lang='lat' dir='ltr'>illas</span> <span class='ocrx_word' id='word_1_729' title='bbox 3433 4863 3760 4919; x_wconf 87' lang='lat' dir='ltr'>sanctimo-</span> 
     </span>
    </p>
   </div>
   <div class='ocr_carea' id='block_1_111' title="bbox 2035 4950 3754 5023">
    <p class='ocr_par' dir='ltr' id='par_1_111' title="bbox 2035 4950 3754 5023">
     <span class='ocr_line' id='line_1_111' title="bbox 2035 4950 3754 5023; baseline -0.002 -13"><span class='ocrx_word' id='word_1_730' title='bbox 2035 4955 2213 5010; x_wconf 90' lang='lat' dir='ltr'>niales</span> <span class='ocrx_word' id='word_1_731' title='bbox 2259 4969 2329 5009; x_wconf 88' lang='lat' dir='ltr'>ex</span> <span class='ocrx_word' id='word_1_732' title='bbox 2365 4954 2463 5008; x_wconf 81' lang='lat' dir='ltr'>illa</span> <span class='ocrx_word' id='word_1_733' title='bbox 2509 4953 2692 5023; x_wconf 88' lang='lat' dir='ltr'>ejecit.</span> <span class='ocrx_word' id='word_1_734' title='bbox 2723 4953 3038 5007; x_wconf 78' lang='lat' dir='ltr'>Assumens</span> <span class='ocrx_word' id='word_1_735' title='bbox 3092 4965 3326 5022; x_wconf 89' lang='lat' dir='ltr'>quoque</span> <span class='ocrx_word' id='word_1_736' title='bbox 3355 4950 3541 5005; x_wconf 84' lang='lat' dir='ltr'>virum</span> <span class='ocrx_word' id='word_1_737' title='bbox 3609 4951 3754 5006; x_wconf 84' lang='lat' dir='ltr'>reli—</span> 
     </span>
    </p>
   </div>
   <div class='ocr_carea' id='block_1_112' title="bbox 2035 5037 3751 5111">
    <p class='ocr_par' dir='ltr' id='par_1_112' title="bbox 2035 5037 3751 5111">
     <span class='ocr_line' id='line_1_112' title="bbox 2035 5037 3751 5111; baseline -0.001 -17"><span class='ocrx_word' id='word_1_738' title='bbox 2035 5041 2256 5111; x_wconf 87' lang='lat' dir='ltr'>giosum</span> <span class='ocrx_word' id='word_1_739' title='bbox 2290 5043 2566 5097; x_wconf 91' lang='lat' dir='ltr'>domnum</span> <span class='ocrx_word' id='word_1_740' title='bbox 2614 5041 2957 5108; x_wconf 87' lang='lat' dir='ltr'>Drogonem,</span> <span class='ocrx_word' id='word_1_741' title='bbox 3007 5039 3250 5094; x_wconf 79' lang='lat' dir='ltr'>canobii</span> <span class='ocrx_word' id='word_1_742' title='bbox 3286 5038 3474 5093; x_wconf 89' lang='lat' dir='ltr'>Sancti</span> <span class='ocrx_word' id='word_1_743' title='bbox 3519 5037 3751 5094; x_wconf 87' lang='lat' dir='ltr'>Nicasii</span> 
     </span>
    </p>
   </div>
   <div class='ocr_carea' id='block_1_113' title="bbox 2033 5126 3745 5200">
    <p class='ocr_par' dir='ltr' id='par_1_113' title="bbox 2033 5126 3745 5200">
     <span class='ocr_line' id='line_1_113' title="bbox 2033 5126 3745 5200; baseline -0.001 -14"><span class='ocrx_word' id='word_1_744' title='bbox 2033 5130 2325 5186; x_wconf 90' lang='lat' dir='ltr'>Remensis</span> <span class='ocrx_word' id='word_1_745' title='bbox 2388 5131 2654 5200; x_wconf 91' lang='lat' dir='ltr'>priorem,</span> <span class='ocrx_word' id='word_1_746' title='bbox 2703 5143 2835 5184; x_wconf 91' lang='lat' dir='ltr'>eum</span> <span class='ocrx_word' id='word_1_747' title='bbox 2890 5128 3097 5184; x_wconf 91' lang='lat' dir='ltr'>ibidem</span> <span class='ocrx_word' id='word_1_748' title='bbox 3151 5128 3401 5196; x_wconf 91' lang='lat' dir='ltr'>primum</span> <span class='ocrx_word' id='word_1_749' title='bbox 3463 5126 3745 5184; x_wconf 86' lang='lat' dir='ltr'>abbatem</span> 
     </span>
    </p>
   </div>
   <div class='ocr_carea' id='block_1_114' title="bbox 2031 5207 3748 5276">
    <p class='ocr_par' dir='ltr' id='par_1_114' title="bbox 2031 5207 3748 5276">
     <span class='ocr_line' id='line_1_114' title="bbox 2031 5207 3748 5276; baseline -0.001 -11"><span class='ocrx_word' id='word_1_750' title='bbox 2031 5211 2339 5276; x_wconf 87' lang='lat' dir='ltr'>ordinavit,</span> <span class='ocrx_word' id='word_1_751' title='bbox 2373 5218 2428 5266; x_wconf 85' lang='lat' dir='ltr'>et</span> <span class='ocrx_word' id='word_1_752' title='bbox 2470 5210 2786 5266; x_wconf 90' lang='lat' dir='ltr'>monachos</span> <span class='ocrx_word' id='word_1_753' title='bbox 2836 5208 2951 5264; x_wconf 90' lang='lat' dir='ltr'>illic</span> <span class='ocrx_word' id='word_1_754' title='bbox 2991 5208 3342 5264; x_wconf 88' lang='lat' dir='ltr'>sufﬁcienter</span> <span class='ocrx_word' id='word_1_755' title='bbox 3385 5221 3456 5263; x_wconf 88' lang='lat' dir='ltr'>ex</span> <span class='ocrx_word' id='word_1_756' title='bbox 3489 5207 3748 5264; x_wconf 88' lang='lat' dir='ltr'>diversis</span> 
     </span>
    </p>
   </div>
   <div class='ocr_carea' id='block_1_115' title="bbox 2030 5293 3744 5368">
    <p class='ocr_par' dir='ltr' id='par_1_115' title="bbox 2030 5293 3744 5368">
     <span class='ocr_line' id='line_1_115' title="bbox 2030 5293 3744 5368; baseline -0.002 -16"><span class='ocrx_word' id='word_1_757' title='bbox 2030 5298 2396 5354; x_wconf 89' lang='lat' dir='ltr'>monasteriis</span> <span class='ocrx_word' id='word_1_758' title='bbox 2433 5297 2642 5368; x_wconf 93' lang='lat' dir='ltr'>posuit.</span> <span class='ocrx_word' id='word_1_759' title='bbox 2681 5297 2786 5353; x_wconf 88' lang='lat' dir='ltr'>Sed</span> <span class='ocrx_word' id='word_1_760' title='bbox 2817 5311 2949 5353; x_wconf 89' lang='lat' dir='ltr'>cum</span> <span class='ocrx_word' id='word_1_761' title='bbox 2982 5295 3103 5367; x_wconf 89' lang='lat' dir='ltr'>jam</span> <span class='ocrx_word' id='word_1_762' title='bbox 3140 5295 3279 5364; x_wconf 92' lang='lat' dir='ltr'>illic,</span> <span class='ocrx_word' id='word_1_763' title='bbox 3311 5295 3424 5349; x_wconf 88' lang='lat' dir='ltr'>Deo</span> <span class='ocrx_word' id='word_1_764' title='bbox 3455 5293 3744 5361; x_wconf 89' lang='lat' dir='ltr'>donante,</span> 
     </span>
    </p>
   </div>
   <div class='ocr_carea' id='block_1_116' title="bbox 2029 5383 3749 5457">
    <p class='ocr_par' dir='ltr' id='par_1_116' title="bbox 2029 5383 3749 5457">
     <span class='ocr_line' id='line_1_116' title="bbox 2029 5383 3749 5457; baseline -0.002 -14"><span class='ocrx_word' id='word_1_765' title='bbox 2029 5401 2145 5443; x_wconf 91' lang='lat' dir='ltr'>non</span> <span class='ocrx_word' id='word_1_766' title='bbox 2179 5401 2386 5457; x_wconf 90' lang='lat' dir='ltr'>parum</span> <span class='ocrx_word' id='word_1_767' title='bbox 2436 5387 2752 5456; x_wconf 88' lang='lat' dir='ltr'>proﬁceret,</span> <span class='ocrx_word' id='word_1_768' title='bbox 2787 5386 2938 5442; x_wconf 90' lang='lat' dir='ltr'>bono</span> <span class='ocrx_word' id='word_1_769' title='bbox 2981 5385 3153 5441; x_wconf 90' lang='lat' dir='ltr'>odore</span> <span class='ocrx_word' id='word_1_770' title='bbox 3194 5383 3486 5453; x_wconf 88' lang='lat' dir='ltr'>sapientia</span> <span class='ocrx_word' id='word_1_771' title='bbox 3511 5391 3565 5439; x_wconf 88' lang='lat' dir='ltr'>et</span> <span class='ocrx_word' id='word_1_772' title='bbox 3598 5397 3749 5452; x_wconf 79' lang='lat' dir='ltr'>pro-</span> 
     </span>
    </p>
   </div>
   <div class='ocr_carea' id='block_1_117' title="bbox 225 5575 3155 5660">
    <p class='ocr_par' dir='ltr' id='par_1_117' title="bbox 225 5575 3155 5660">
     <span class='ocr_line' id='line_1_117' title="bbox 225 5575 3155 5660; baseline 0.001 -21"><span class='ocrx_word' id='word_1_773' title='bbox 225 5575 336 5644; x_wconf 81' lang='lat'>(85)</span> <span class='ocrx_word' id='word_1_774' title='bbox 367 5575 511 5639; x_wconf 87' lang='lat' dir='ltr'>Quia</span> <span class='ocrx_word' id='word_1_775' title='bbox 549 5593 582 5634; x_wconf 92' lang='lat' dir='ltr'>a</span> <span class='ocrx_word' id='word_1_776' title='bbox 615 5580 668 5634; x_wconf 92' lang='lat' dir='ltr'>S.</span> <span class='ocrx_word' id='word_1_777' title='bbox 710 5581 962 5638; x_wconf 86' lang='lat' dir='ltr'>Medardi</span> <span class='ocrx_word' id='word_1_778' title='bbox 1009 5591 1257 5653; x_wconf 85' lang='lat' dir='ltr'>tempore</span> <span class='ocrx_word' id='word_1_779' title='bbox 1295 5585 1596 5657; x_wconf 90' lang='lat' dir='ltr'>episcopus</span> <span class='ocrx_word' id='word_1_780' title='bbox 1622 5587 2081 5647; x_wconf 89' lang='lat' dir='ltr'>Noviodunensis</span> <span class='ocrx_word' id='word_1_781' title='bbox 2106 5591 2525 5646; x_wconf 88' lang='lat' dir='ltr'>Tornacensem</span> <span class='ocrx_word' id='word_1_782' title='bbox 2556 5589 2787 5660; x_wconf 84' lang='lat' dir='ltr'>regebat</span> <span class='ocrx_word' id='word_1_783' title='bbox 2820 5589 3155 5646; x_wconf 89' lang='lat' dir='ltr'>Ecclesiam.</span> 
     </span>
    </p>
   </div>
  </div>
