3922 6080
166 235 301 289 1005

987 235 1362 293 ΗΕΒΜΑΝΝῘ
1403 237 1497 295 DE
1540 237 1777 294 MIRAC.

2032 239 2158 297 ΒΙΑΞ
2199 241 2503 301 LAUDUN.
2528 275 2596 284 —
2629 242 2759 301 LIB.
2803 245 2896 300 Ill.

3530 252 3664 305 1006

161 384 354 439 hitatis
400 385 525 455 ejus
579 384 745 454 longe
805 383 1033 456 lateque
1098 384 1327 453 diffuso,
1395 386 1665 457 praefatus
1709 402 1857 458 papa
1893 374 1939 424 Α
1970 392 2158 462 (41),»
2214 394 2524 465 statimque
2574 395 2761 465 ipsum
2789 396 3236 469 subjungentem
3288 400 3599 458 audierunt
3649 419 3660 456 :

158 472 529 528 Innocentius
576 472 910 529 obedientiaz
988 474 1217 531 vinculo
1269 476 1663 537 constrictum.
1722 490 1851 532 eum

158 562 399 618 Romam
460 564 542 617 ire
595 563 800 633 coegit,
860 572 915 618 et
969 564 1129 620 urbis
1194 564 1467 621 Ostiensis
1526 567 1854 637 episcopum

158 650 535 707 consecravit.
703 663 710 669 '

230 738 362 795 CAP.
398 740 602 795 XXlll.
633 740 717 793 De
744 738 1034 794 Balduino
1060 740 1265 795 abbate
1294 741 1406 795 loci
1427 741 1701 811 ejusdem.

233 828 493 884 Monachi
518 836 712 883 autem
745 829 935 883 Sancti
973 830 1214 884 Joannis
1245 831 1444 900 pupilli
1471 831 1599 886 facti
1636 832 1855 902 absque

155 923 335 986 patre,
369 916 647 972 domuum
682 916 1028 972 Balduinum
1058 919 1267 973 sororis
1299 921 1425 989 ejus
1454 920 1658 987 filium,
1690 928 1745 977 et
1782 921 1855 976 ab

155 1018 228 1059 eo
256 1003 462 1060 ibidem
506 1004 852 1059 monachum
899 1004 1133 1072 factum,
1186 1006 1305 1062 loco
1343 1008 1470 1078 ejus
1503 1009 1857 1077 unanimiter

156 1093 267 1149 sibi
299 1093 561 1149 abbatem
589 1093 906 1163 elegerunt,
962 1102 1017 1149 et
1047 1095 1281 1165 praefato
1339 1096 1601 1167 episcopo
1656 1098 1856 1153 confir-

156 1182 437 1237 mandum
489 1189 1003 1250 prteseutaverunt,
1055 1192 1220 1239 astate
1264 1184 1494 1254 quidem
1557 1185 1852 1256 juvenem,

157 1271 255 1327 sed
318 1270 595 1337 moribus,
645 1278 699 1326 et
753 1271 1024 1341 religione
1072 1272 1278 1328 seniles
1320 1287 1504 1329 annos
1550 1275 1854 1343 praeferen-

156 1368 291 1415 tem.
322 1359 407 1414 Ad
439 1374 611 1430 quem
640 1374 772 1414 cum
833 1359 999 1415 multi
1040 1360 1419 1427 monasticum
1468 1361 1729 1418 habitum
1761 1377 1856 1418 ex-

158 1457 413 1518 petentes
472 1462 545 1503 ex
609 1448 851 1503 diversis
902 1448 1270 1504 convenirent
1327 1450 1654 1518 provinciis,
1711 1450 1856 1505 inter

157 1536 300 1592 alios
363 1536 520 1592 venit
586 1536 822 1606 quidam
890 1536 959 1591 de
1003 1538 1257 1592 Tullensi
1314 1537 1564 1608 regione,
1624 1538 1855 1595 nomine

157 1627 360 1696 Hugo:
395 1639 570 1695 quam
608 1626 881 1694 praefatus
910 1626 1089 1682 abbas
1134 1626 1454 1682 Balduinus
1500 1627 1697 1683 videns
1729 1628 1854 1697 pol-

155 1713 364 1769 lentem
397 1721 509 1769 tam
538 1713 830 1783 religionis
874 1714 1111 1781 fervore,
1138 1729 1311 1785 quam
1367 1715 1684 1771 litterarum
1739 1730 1853 1771 non

155 1801 423 1856 mediocri
470 1801 725 1868 scientia,
785 1803 1029 1870 priorem
1090 1802 1334 1858 coenobii
1383 1803 1473 1858 sui
1520 1817 1654 1859 eum
1702 1803 1850 1872 fecit,

157 1889 438 1959 gaudens,
467 1896 522 1944 et
551 1891 665 1945 Deo
693 1891 908 1960 gratias
936 1906 1132 1960 agens,
1167 1892 1265 1961 qui
1298 1892 1404 1947 sibi
1434 1892 1599 1947 talem
1624 1893 1855 1948 dederat

154 1978 501 2047 adjutorem.
550 1978 653 2033 Sed
702 1994 835 2034 cum
895 1981 1263 2049 supradictus
1295 1994 1441 2050 papa
1466 1980 1854 2049 Innocentius,

155 2066 393 2122 consilio
451 2066 732 2137 Drogonis
780 2068 1054 2123 Ostiensis
1098 2068 1368 2138 episcopi,
1418 2069 1691 2125 domuum
1731 2071 1854 2124 llu-

156 2169 362 2225 gonem
396 2155 889 2212 Humblariensem
922 2156 1184 2211 abbatem
1214 2158 1450 2212 Romam
1489 2157 1849 2224 accersitum,

154 2250 211 2298 et
262 2243 597 2299 obedientite
655 2244 887 2299 vinculo
948 2253 1230 2311 coactum,
1288 2245 1630 2300 Albanensis
1692 2244 1855 2301 urbis

155 2340 542 2388 consecrasset
590 2333 944 2403 episcopum,
991 2348 1056 2388 eo
1088 2347 1186 2403 per
1220 2334 1435 2390 litteras
1488 2342 1849 2404 suggerente,

153 2421 421 2476 monachi
455 2421 922 2477 Humblarienses
967 2422 1302 2491 prtedictum
1345 2423 1665 2492 Hugonem,
1704 2421 1852 2477 San-

154 2510 231 2563 cti
258 2510 493 2565 Joannis
534 2510 798 2579 priorem,
840 2509 948 2565 sibi
993 2510 1256 2565 abbatem
1307 2510 1621 2581 elegerunt,
1654 2510 1853 2581 sicque

153 2612 288 2653 eum
316 2598 530 2653 dmuno
558 2598 835 2654 Balduino
864 2599 1246 2654 abstulerunt.

227 2687 371 2741 Ecce
428 2700 564 2757 ergo
613 2687 683 2742 de
719 2700 872 2741 nova
924 2687 1334 2742 monachorum
1378 2685 1569 2741 Sancti
1617 2683 1854 2740 Joannis

152 2774 410 2841 ecclesia,
492 2776 611 2844 jam
684 2775 920 2830 alterius
995 2774 1235 2830 cmuobii
1292 2774 1471 2829 abbas
1537 2772 1851 2843 processit;

155 2863 314 2933 quod
346 2863 592 2934 profecto
622 2863 693 2917 ad
725 2863 992 2918 honorem
1027 2869 1240 2932 spectat
1283 2861 1683 2919 Bartholomaei
1732 2862 1852 2930 epi-

1968 480 2167 547 «Quia
2213 483 2506 539 auferetur
2559 499 2592 539 a
2637 485 2797 541 vobis
2855 501 3099 557 regnum
3155 489 3272 556 Dei,
3326 498 3379 546 et
3433 491 3666 547 dabitur

1965 570 2118 640 genti
2160 570 2387 626 facienti
2432 572 2653 629 fructus
2702 574 2829 644 ejus
2869 573 3039 645 (Ibid.
3074 577 3184 645 43).
3226 600 3245 625 ι
3310 578 3433 633 Alio
3491 579 3659 635 etiam

1964 660 2082 715 loco
2117 661 2393 716 Dominus
2446 663 2775 731 parabolam
2820 665 3081 734 proponit
3111 666 3179 720 de
3212 666 3417 723 arbore
3448 667 3557 733 fici,
3590 669 3661 723 ad

1962 763 2138 818 quam
2188 750 2368 804 tribus
2406 751 2574 805 annis
2628 752 2934 818 continuis,
2990 754 3244 820 veniens,
3295 762 3349 810 et
3405 754 3663 812 fructum

1962 852 2076 891 non
2120 837 2418 893 inveniens
2442 839 2615 909 jussit
2644 854 2766 895 eam
2826 841 3071 911 succidi;
3104 843 3223 908 sed,
3281 844 3661 900 intercedente

1961 926 2178 981 cultore
2228 928 2428 993 vineae,
2478 928 2672 997 quarti
2718 928 2886 984 etiam
2956 930 3090 985 anni
3123 930 3450 987 dilationem
3521 946 3662 987 con-

1963 1015 2145 1083 cessit,
2180 1014 2349 1069 simili
2384 1016 2550 1071 modo
2579 1016 2829 1071 domnus
2856 1017 3309 1074 Bartholommus
3339 1020 3657 1089 episcopus,

1962 1102 2423 1158 sanctimoniales
2473 1103 2599 1158 illas
2630 1112 2683 1159 et
2714 1118 2815 1173 per
2862 1105 3248 1175 semetipsum,
3294 1115 3348 1163 et
3379 1122 3478 1177 per
3529 1108 3660 1163 reli-

1964 1193 2151 1263 giosos
2200 1191 2350 1246 viros
2399 1192 2600 1260 primo,
2657 1199 2711 1248 et
2759 1194 3030 1261 secundo,
3098 1195 3262 1251 tertio
3308 1211 3559 1267 quoque,
3608 1204 3703 1252 et‘

1962 1288 2190 1350 quarto,
2222 1293 2326 1335 nec
2357 1293 2473 1335 non
2506 1279 2727 1349 quinto,
2760 1288 2814 1335 et
2845 1290 3004 1337 sexto
3034 1296 3184 1337 anno
3203 1283 3285 1348 fde
3314 1285 3661 1340 correctione

1962 1369 2293 1435 admonens,
2326 1376 2379 1423 et
2434 1368 2577 1423 nihil
2624 1384 2682 1423 se
2733 1370 3005 1439 proficere
3061 1371 3282 1438 videns,
3342 1373 3658 1429 secundum

1965 1464 2306 1527 praeceptum
2351 1456 2712 1512 Dominicum
2747 1458 2945 1527 utique
2990 1459 3187 1514 debuit
3245 1461 3658 1517 infructuosam

1962 1546 2223 1601 arborem
2254 1545 2565 1612 succidere,
2593 1547 2662 1613 :et
2695 1545 2919 1601 vineam
2959 1548 3313 1603 Dominicam
3353 1548 3479 1604 aliis
3508 1549 3661 1619 agri-

1961 1634 2099 1688 colis
2150 1634 2501 1688 committere
2551 1657 2570 1681 «
2643 1634 2749 1700 Qui
2822 1635 3062 1690 reddant
3109 1635 3159 1691 ei
3218 1636 3470 1691 fructum
3520 1645 3661 1692 tem-

1966 1721 2202 1792 poribus
2250 1722 2372 1776 suis
2403 1721 2576 1790 (Ibid.
2634 1722 2744 1793 41).
2790 1746 2816 1770 ››
2875 1724 3034 1789 Quod
3084 1724 3271 1793 ipsum
3338 1724 3478 1780 dum
3546 1740 3662 1780 non

1963 1810 2081 1866 solo
2110 1824 2280 1865 sensu
2311 1824 2434 1877 suo,
2467 1810 2562 1865 sed
2593 1818 2647 1866 et
2682 1811 2919 1867 consilio
2952 1825 3111 1881 papae
3143 1812 3662 1883 religiosorumque

1961 1900 2220 1954 virorum
2250 1898 2413 1968 ffecit,
2449 1899 2651 1968 utique
2679 1914 2792 1954 non
2833 1900 3292 1969 reprehensione,
3343 1902 3438 1956 sed
3493 1902 3662 1957 laude

1962 1987 2201 2057 dignum
2276 1986 2400 2041 fuit.
2444 1986 2557 2041 Nec
2606 1987 2921 2042 timendum
2976 1995 3061 2042 est
3105 2003 3238 2043 eum
3281 1997 3508 2059 propter
3557 1990 3661 2044 hoc

1962 2083 2292 2130 sanctarum
2335 2074 2678 2130 feminarum
2712 2074 3053 2145 Sallabergae
3085 2084 3139 2131 et
3169 2078 3495 2145 Austrudis,
3531 2093 3661 2148 quae

1962 2163 2217 2218 eamdem
2289 2163 2582 2218 ecclesiam
2670 2171 3062 2219 construentes
3137 2166 3659 2221 sanctimonialium

1961 2251 2147 2306 ordini
2188 2250 2559 2319 deputarunt,
2596 2251 2738 2305 iram
2777 2251 3086 2307 incurrisse
3118 2265 3131 2304 :
3171 2252 3283 2308 imo
3313 2254 3498 2322 potius
3536 2269 3656 2309 cre-

1962 2339 2214 2395 dendum
2276 2347 2358 2394 est
2405 2353 2605 2395 earum
2667 2338 2930 2409 precibus
2973 2340 3141 2395 talem
3211 2341 3563 2397 voluntatem
3608 2343 3657 2397 ei

1961 2427 2244 2483 divinitus
2300 2427 2617 2491 advenisse,
2696 2427 2952 2497 talesque
3015 2428 3249 2483 abbates
3298 2443 3331 2482 a
3383 2429 3494 2484 Deo
3541 2430 3659 2485 fore

1961 2517 2292 2581 destinatos,
2344 2516 2446 2585 qui
2501 2524 2555 2571 et
2609 2516 2735 2583 ejus
2782 2516 3035 2583 servitio,
3095 2525 3150 2573 et
3199 2518 3379 2587 ipsius
3408 2518 3658 2574 ecclesiae

1961 2605 2292 2660 relevationi
2320 2604 2538 2675 jugiter
2570 2604 2824 2659 insistere
2851 2605 3135 2661 studeant.

2034 2694 2095 2746 In
2148 2692 2307 2747 nullo
2389 2692 2672 2762 siquidem
2741 2692 2903 2762 regni
2950 2693 3302 2749 Francorum
3377 2696 3653 2763 coenobio,

1962 2780 2116 2851 quod
2161 2780 2286 2851 ejus
2323 2781 2608 2836 duntaxat
2642 2782 2713 2835 sit
2748 2780 3141 2847 institutionis,
3193 2783 3465 2852 majorem
3517 2782 3655 2837 reli-

1963 2869 2209 2936 gionem,
2271 2868 2358 2923 vel
2415 2867 2815 2922 charitativam
2864 2867 3328 2937 hospitalitatem,
3378 2882 3553 2939 quam
3598 2870 3654 2924 in

153 2952 308 3021 scopi
347 2952 475 3022 ejus
520 2951 849 3007 conditoris.
908 2951 1012 3007 Sed
1047 2951 1187 3022 quia
1218 2951 1498 3022 quosdam
1532 2952 1726 3006 minus
1756 2965 1849 3019 pe-
1888 2966 1928 3019 ο
1960 2956 2081 3025 ipso
2116 2956 2376 3012 videmus
2426 2955 2610 3021 hodie,
2653 2954 2903 3022 fervere;
2956 2956 3065 3011 nisi
3097 2958 3248 3027 quod
3307 2957 3421 3027 ipse
3479 2957 3657 3013 abbas

153 3040 295 3096 ritos
346 3040 397 3095 ei
443 3054 617 3110 super
666 3039 773 3095 hoc
835 3040 1198 3096 detrahentes
1241 3039 1462 3105 audivi,
1502 3046 1556 3095 et
1598 3039 1847 3095 dicentes

154 3142 273 3184 non
312 3128 576 3185 debuisse
601 3135 818 3184 tantam
868 3127 1243 3184 mutationem
1291 3128 1433 3195 fieri,
1483 3143 1587 3184 nec
1618 3140 1849 3198 propter

154 3225 384 3288 peccata
415 3217 801 3288 quarumdam
833 3217 1357 3273 sanctimonialium
1385 3217 1554 3273 etiam
1588 3216 1846 3285 inculpa-

153 3305 299 3361 biles
349 3304 587 3374 expelli;
650 3312 945 3374 totamque
1000 3302 1294 3359 ecclesiam
1346 3303 1640 3360 monachis
1675 3302 1842 3371 tradi,

154 3394 409 3450 maxime
454 3407 584 3449 cum
635 3393 907 3462 prazdicta
951 3392 1158 3448 nobilis
1193 3400 1455 3448 matrona
1491 3399 1688 3447 sancta
1719 3391 1845 3447 Sal-

152 3483 391 3553 laberga
436 3496 567 3538 cum
631 3481 747 3536 lilia
792 3496 899 3537 sua
954 3489 1151 3536 sancta
1200 3480 1509 3546 Austrude,
1563 3480 1631 3535 de
1665 3478 1847 3549 patri-

152 3571 334 3628 monii
368 3570 458 3626 sui
505 3569 956 3639 possessionibus
984 3582 1105 3625 eam
1140 3568 1588 3635 construxeriut,
1617 3575 1669 3622 et
1715 3580 1844 3622 san-

152 3658 508 3717 ctimoniates
536 3658 593 3713 in
614 3671 682 3713 ea
705 3658 998 3728 posuerint
1020 3657 1521 3727 plurimorumque
1549 3659 1844 3727 signorum

151 3747 576 3806 ostensionibus
619 3760 743 3801 eam
794 3745 1296 3816 splendicaverint.
1343 3746 1429 3800 Ad
1481 3758 1847 3814 compescen-

150 3839 287 3895 dam
334 3846 389 3893 et
458 3835 879 3907 reprimendam
952 3835 1359 3906 insipientiam,
1414 3834 1502 3889 vel
1571 3830 1847 3901 simplici-

150 3935 324 3983 tatem
354 3940 552 3982 eorum
588 3924 722 3980 libet
751 3938 936 3994 pauca
968 3924 1179 3979 divinae
1210 3923 1436 3995 pagina
1462 3935 1633 3991 super
1656 3920 1847 3989 simili,

149 4015 245 4072 vel
268 4015 437 4071 etiam
468 4013 670 4084 majori
708 4012 1022 4068 mutatione
1050 4012 1312 4081 exempla
1350 4010 1615 4067 recolere.

224 4107 419 4159 Nonne
457 4101 737 4173 plautatio
773 4101 874 4157 Dei
932 4101 1118 4171 major
1144 4108 1229 4156 est
1286 4098 1636 4170 plantatione
1666 4097 1849 4152 homi-

153 4193 290 4249 nis?
323 4193 389 4246 Et
433 4198 584 4246 certe
640 4189 709 4245 de
753 4189 966 4245 Judaeis
1008 4203 1111 4259 per
1138 4189 1340 4259 [David
1372 4201 1563 4259 regem
1621 4193 1676 4243 et
1708 4199 1843 4256 pro-

1959 3044 2276 3100 Balduinus
2332 3044 2390 3099 in
2444 3044 2809 3115 requirendis
2857 3052 2910 3100 et
2971 3044 3331 3100 retrahendis
3396 3046 3654 3101 Ecclesiae

1955 3132 2424 3203 possessionibus,
2461 3146 2607 3202 quas
2655 3132 3120 3187 sanctimoniates
3164 3132 3518 3204 negligenter
3547 3134 3646 3189 de-

1954 3217 2105 3274 trahi
2154 3218 2549 3287 permiserant,
2583 3219 2748 3274 valde
2802 3227 3134 3289 occupatus,
3190 3219 3525 3289 quotidiano
3557 3218 3648 3275 la-

1954 3307 2090 3363 bore
2128 3305 2421 3377 fatigatus,
2456 3307 2578 3361 nihi
2606 3306 2793 3378 magis
2819 3308 3196 3378 conqueritur
3216 3321 3393 3377 quam
3441 3323 3503 3363 se
3531 3322 3648 3364 non

1953 3410 2115 3465 posse
2132 3396 2349 3466 jugiter
2377 3396 2685 3451 conventui
2739 3396 2983 3451 fratrum
3035 3396 3323 3463 interesse,
3371 3397 3459 3451 vel
3511 3397 3647 3467 ipsis

1954 3483 2279 3552 hospitibus
2330 3483 2705 3538 humanitatis
2735 3482 2987 3539 ofﬁcium
3021 3493 3190 3555 prout
3225 3485 3387 3540 vellet
3420 3485 3646 3555 impen-

1954 3572 2105 3627 dere.
2157 3571 2307 3626 Dum
2357 3584 2492 3641 ergo
2545 3571 2678 3640 ipsae
2738 3579 2967 3638 sauctze,
3014 3587 3266 3642 quarum
3313 3587 3556 3643 corpora
3588 3574 3645 3628 in

1953 3660 2149 3716 eadem
2173 3666 2481 3715 servantur
2509 3659 2764 3726 ecclesia,
2796 3660 3012 3731 jugiter
3042 3661 3132 3716 die
3165 3675 3232 3717 ac
3258 3670 3422 3717 nocte
3452 3661 3647 3719 vident

1957 3747 2031 3803 ibi
2060 3754 2175 3802 tam
2206 3746 2406 3801 devote
2446 3746 2706 3802 divinum
2752 3747 3003 3803 officium
3052 3747 3211 3817 fieri;
3246 3748 3558 3815 silentium,
3593 3758 3647 3806 et

1956 3835 2290 3905 religionem
2342 3835 2627 3890 ferventer
2654 3836 2904 3905 servari;
2936 3836 3280 3893 sacrificium
3315 3836 3569 3906 corporis
3592 3846 3646 3894 et

1956 3923 2258 3994 sanguinis
2304 3922 2609 3990 Dominici,
2658 3938 2773 3979 non
2834 3924 2981 3981 sicut
3005 3926 3187 3995 prius,
3234 3926 3331 3981 sed
3375 3926 3646 3996 ceutuplo

1958 4010 2221 4066 devotius
2269 4016 2324 4065 et
2362 4009 2722 4079 frequentius
2774 4010 3083 4081 celebrari;
3117 4011 3409 4083 religiosos
3456 4012 3642 4082 hospi-

1957 4105 2040 4153 tes
2095 4096 2350 4168 quotidie
2397 4099 2863 4167 supervenientes
2915 4114 3045 4155 cum
3096 4100 3393 4156 charitatis
3447 4100 3647 4157 dulce-

1958 4185 2090 4241 dine
2119 4184 2381 4255 suscipi,
2422 4199 2611 4241 nonne
2655 4186 3003 4242 credendum
3046 4196 3129 4244 est
3180 4202 3276 4244 eas
3326 4192 3443 4244 tam
3494 4188 3648 4244 dulci

153 4282 382 4350 phetam
426 4279 673 4335 dicitur:
717 4300 737 4326 ι
772 4248 1028 4335 Vineam.
1069 4248 1153 4333 de.
1182 4248 1839 4348 IEgyptovtranstulisti,
1885 4248 1931 4302 Β
1955 4277 2054 4333 Dei
2097 4248 2328 4333 servitio
2365 4248 2672 4341 delectari;
2707 4284 2763 4333 et
2801 4276 2939 4332 dum
2998 4278 3278 4333 monacho
3314 4292 3506 4334 coram
3558 4277 3649 4333 al-

154 4369 369 4441 ejecisti
400 4375 596 4438 gentes
629 4374 684 4422 et
731 4367 997 4436 plantasti
1042 4357 1188 4422 eAm.
1240 4365 1370 4420 Dux
1426 4363 1645 4420 itineris
1689 4361 1847 4419 fuisti

155 4459 217 4513 in
246 4462 556 4526 conspectu
593 4454 739 4525 ejus,
771 4461 827 4510 et
864 4453 1134 4524 plantasti
1179 4453 1399 4509 radices
1447 4451 1592 4522 ejus,
1642 4458 1696 4507 et
1735 4450 1847 4506 im-

156 4544 335 4615 plevit
360 4552 569 4600 terram
620 4542 799 4608 (Psal.
825 4557 1013 4610 LXXIX,
1042 4542 1151 4612 95),
1182 4561 1210 4591 »
1243 4548 1297 4597 et
1337 4547 1544 4596 cetera
1598 4553 1729 4609 quae
1780 4538 1850 4593 de

153 4636 280 4705 ejus
319 4630 752 4689 confirmatione
810 4630 1271 4701 subjunguntur.
1316 4633 1465 4681 554
1516 4626 1657 4684 Cum
1712 4639 1850 4697 ergo

155 4722 251 4778 lex
300 4734 400 4791 per
443 4720 689 4789 Moysem
745 4720 828 4775 eis
877 4720 1010 4774 data
1053 4717 1142 4786 sit,
1203 4725 1412 4773 terram
1460 4714 1853 4785 promissionis

156 4807 502 4878 acceperint,
532 4820 695 4878 reges
721 4814 777 4862 et
805 4806 1112 4876 prophetas
1157 4803 1480 4875 genuerint,
1520 4801 1623 4872 qui
1671 4800 1853 4856 multa

157 4896 441 4953 miracula
509 4895 763 4962 fecerint,
836 4902 1289 4965 perpetuamque
1335 4891 1417 4947 eis
1497 4888 1848 4946 mansionem

158 4985 415 5057 ejusdem
444 4992 610 5039 terrae
639 4983 896 5039 Dominis
944 4980 1301 5053 promiserit:
1337 4987 1528 5035 tamen
1579 4978 1719 5049 quia
1750 4991 1853 5032 ve-

160 5075 411 5130 nientem
444 5072 873 5142 patrisfamilias
894 5072 1077 5127 filium
1098 5078 1265 5126 extra
1282 5069 1512 5124 vineam
1542 5067 1852 5138 ejecerunt,

159 5169 218 5219 et
268 5159 622 5228 occiderunt,
685 5160 971 5216 dicentes:
1023 5180 1050 5207 ‹‹
1100 5157 1206 5214 Hic
1258 5166 1343 5214 est
1401 5157 1603 5226 meres,
1668 5154 1856 5210 venite

161 5248 491 5306 occidamus
549 5263 718 5319 eum;
774 5256 828 5303 et
874 5255 1071 5303 nostra
1116 5248 1225 5303 erit
1274 5244 1574 5303 haereditas
1619 5242 1854 5311 (Matth.

162 5351 286 5405 xxi,
317 5336 423 5409 38).
462 5359 484 5386 ι
519 5336 673 5392 illico
729 5335 969 5391 Domino
1020 5335 1359 5406 proponenti
1405 5340 1603 5389 contra
1648 5330 1859 5400 seipsos

159 5426 448 5498 judicium
488 5425 871 5496 protulerunt,
913 5424 1069 5496 quod
1098 5425 1334 5482 veniens
1365 5439 1378 5478 :
1409 5441 1436 5473 α
1483 5420 1659 5478 Malos
1713 5418 1861 5474 male

166 5514 385 5586 perdet,
417 5521 472 5570 et
501 5514 728 5570 vineam
779 5526 943 5570 suam
977 5512 1186 5570 locabit
1217 5511 1343 5567 aliis
1384 5507 1651 5579 agricolis
1682 5503 1856 5577 (Ibid.

1952 4365 2063 4421 tari
2125 4371 2506 4431 transeuntes,
2555 4370 2610 4419 et
2658 4364 2878 4421 feretris
2941 4366 3061 4421 suis
3109 4366 3390 4422 submisso
3465 4365 3650 4436 capite

1953 4452 2288 4523 suppliciter
2345 4458 2591 4506 cernunt
2658 4450 3014 4517 inclinantes,
3068 4453 3399 4521 frequenter
3440 4452 3522 4507 eis
3570 4450 3650 4506 di-

1954 4554 2116 4596 cere:
2155 4562 2175 4587 ι
2211 4537 2530 4594 Benedictio
2560 4538 2787 4594 Domini
2823 4552 2997 4608 super
3028 4553 3126 4593 vos
3179 4538 3365 4605 (Psal.
3420 4553 3648 4605 cxxvru,

1954 4628 2041 4699 8);
2075 4649 2095 4676 ι
2120 4635 2176 4683 et
2210 4642 2222 4680 :
2260 4648 2280 4675 ε
2341 4626 2628 4681 Benedicti
2655 4640 2757 4681 vos
2798 4640 2831 4680 a
2868 4625 3111 4681 Domino
3142 4626 3240 4696 qui
3272 4626 3402 4683 fecit
3442 4627 3651 4684 caelum

1956 4724 2013 4771 et
2041 4723 2249 4771 terram
2268 4715 2297 4767 ?
2326 4736 2354 4763 ››
2390 4714 2576 4784 (Psal.
2612 4728 2769 4779 exui,
2797 4714 2912 4779 24.)

2030 4803 2178 4868 Quid
2225 4802 2320 4858 alii
2387 4802 2635 4857 sentiant
2696 4802 2927 4872 ignoro;
2993 4816 3098 4872 ego
3155 4802 3323 4859 corde
3361 4803 3548 4871 credo,
3600 4812 3655 4861 et

1959 4892 2196 4949 credens
2222 4905 2319 4947 ore
2342 4890 2581 4946 fidenter
2612 4889 2943 4959 pronuntio,
2965 4897 3192 4945 sanctas
3219 4891 3447 4946 easdem
3472 4892 3655 4963 magis

1962 4980 2164 5037 talium
2215 4979 2648 5045 monachorum,
2707 4991 2882 5047 quam
2925 4977 3471 5046 sanctimonialium,
3524 4994 3655 5050 quae

1962 5068 2041 5124 ibi
2069 5075 2182 5124 toto
2208 5075 2458 5137 tempore
2503 5066 2699 5122 domui
2733 5066 3134 5122 Bartholomaai
3184 5065 3516 5134 manebant,
3565 5066 3657 5122 di-

1962 5155 2114 5212 vinis
2141 5153 2341 5210 ofticiis
2400 5153 2687 5221 delectari,
2720 5162 2776 5209 et
2805 5160 2920 5209 tam
2955 5168 3057 5223 pro
3086 5154 3313 5210 illorum
3348 5168 3521 5225 quam
3557 5168 3658 5223 pro

1963 5242 2219 5313 ejusdem
2278 5240 2524 5309 episcopi
2578 5238 2761 5294 salute
2805 5239 3031 5294 Domini
3079 5240 3525 5296 misericordiam
3558 5241 3660 5296 de-

1965 5329 2205 5400 precari.
2265 5329 2335 5384 Et
2362 5328 2508 5383 sicut
2540 5327 2721 5383 David
2754 5340 2855 5382 rex
2905 5327 3155 5383 Psalmos
3188 5342 3551 5398 componens,
3582 5327 3663 5383 di-

1966 5419 2130 5474 cebat
2164 5433 2176 5472 :
2213 5440 2240 5466 «ι
2284 5416 2621 5472 Scribantur
2679 5415 2802 5470 haec
2849 5415 2906 5472 in
2951 5417 3316 5487 generatione
3363 5416 3558 5483 altera,
3609 5425 3664 5473 et

1970 5505 2220 5577 populus
2248 5504 2349 5576 qui
2380 5504 2671 5561 creabitur
2699 5503 2961 5561 laudabit
2991 5504 3296 5563 Dominum
3348 5505 3540 5576 (Psal.
3588 5520 3662 5569 et,
