3922 6080
250 274 385 327 1007

1184 271 1486 329 APPEND.
1529 274 1622 328 AD
1663 272 1790 330 LIB.
1835 275 1910 330 ῐῐῐ
1950 275 2275 333 GUIBERTI
2316 277 2408 333 DE
2448 279 2605 335 VITA
2646 280 2800 336 SUA.

3618 286 3759 339 1008

250 426 374 493 l9);
410 445 431 473 ι
457 422 559 479 ubi
605 430 864 493 patenter
913 422 1157 478 ostendit
1203 437 1261 478 se
1292 437 1407 479 non
1449 438 1551 494 pro
1579 424 1799 492 .ludzzeis1

2205 416 2292 465 ato
2322 409 2575 467 Sansone
2623 411 3047 484 archiepiscopo
3098 415 3348 484 pontifex
3399 416 3754 473 Ambianen-

244 528 349 585 pro
395 511 733 570 Christianis
772 525 866 567 eos
925 510 1311 581 composuisse
1344 528 1357 565 :
1391 512 1473 567 sic
1509 520 1563 568 et
1606 513 1759 582 ipsas
1816 528 1941 569 san-

243 612 363 659 ctas
408 601 574 657 credo
604 599 872 670 gaudere,
923 601 1076 670 quod
1124 600 1194 654 ad
1244 600 1575 671 hujusmodi
1633 601 1942 657 monachos

241 690 496 756 ecclesia,
553 702 731 758 quam
800 696 1271 756 construxerunt,
1335 689 1677 759 pervenerit,
1748 696 1803 743 et
1869 688 1939 744 ad

241 776 710 835 sustentationem
751 790 952 832 eorum
1000 778 1378 847 possessiones
1419 792 1620 834 earum
1666 777 1942 833 Dominus

241 866 540 938 pervenire
559 866 918 932 concesserit,

310 956 454 1012 Cum
498 968 634 1009 vero
680 954 949 1022 superius
997 954 1214 1010 dictum
1266 955 1335 1010 sit
1388 969 1590 1011 novem
1620 954 1878 1011 abbatias
1907 968 1941 1009 a

240 1046 447 1101 domno
479 1042 893 1099 Bartholomao
930 1043 1189 1112 episcopo
1220 1052 1575 1099 constructas
1608 1059 1748 1111 esse,
1786 1057 1939 1114 qua-

239 1149 368 1191 rum
405 1132 625 1189 nullam
675 1132 1010 1187 invenitzsi
1068 1132 1201 1202 quis
1249 1132 1550 1204 diligenter
1598 1134 1935 1197 consideret,

237 1230 293 1279 et
328 1223 475 1277 hanc
516 1235 646 1276 vere
704 1219 980 1275 decimam
1031 1221 1149 1277 fore
1193 1221 1611 1291 pronuntiabit,
1647 1236 1778 1291 qua
1808 1228 1939 1277 ante

240 1320 465 1380 tempus
494 1324 664 1366 suum
698 1309 1008 1379 plusquam
1060 1309 1324 1365 trecentis
1361 1310 1529 1364 annis
1587 1317 1934 1376 constructa,

238 1400 335 1455 sed
370 1407 619 1468 tempore
656 1412 761 1453 suo
811 1412 845 1452 a
886 1397 1179 1468 religionis
1224 1397 1409 1453 calore
1455 1397 1755 1466 tepefacta,
1799 1411 1939 1452 rur-

238 1502 365 1543 sum
435 1502 536 1557 per
589 1501 665 1555 se,
735 1486 928 1541 divina
981 1495 1286 1556 prastante
1344 1487 1547 1557 gratia,
1600 1485 1940 1541 intromissis

239 1576 536 1632 monachis
579 1566 835 1629 noscitur
880 1587 1000 1630 esse
1045 1582 1326 1629 restructa
1364 1581 1418 1629 et
1458 1581 1751 1629 renovata.
1800 1572 1938 1640 Qua

238 1664 535 1720 renovatio
618 1663 767 1718 facta
821 1670 905 1718 est
953 1676 1105 1718 anno
1164 1663 1475 1719 Dominica
1518 1661 1940 1718 Incarnationis

243 1755 399 1806 “27.

239 1840 377 1897 CAP.
411 1839 619 1895 XXIV.
673 1869 743 1878 —
781 1840 966 1903 Quam
1014 1838 1205 1893 ditala
1274 1837 1354 1893 sit
1424 1840 1616 1908 major
1689 1838 1941 1905 ecclesia

418 1929 634 1983 Sancta
680 1925 890 1982 Maria
925 1927 1029 1981 sub
1077 1927 1497 1982 Barlholomao
1537 1926 1829 1999 pontiﬁce.

310 2020 453 2073 Cum
487 2023 679 2071 autem
714 2014 771 2069 in
824 2016 1225 2071 construendis
1257 2016 1382 2071 aliis
1414 2016 1773 2072 monasteriis
1803 2031 1942 2087 pra-

240 2106 392 2161 fatus
455 2105 758 2174 episcopus
821 2111 1044 2159 tantum
1109 2105 1367 2160 studium
1433 2104 1719 2172 habuerit,
1778 2105 1940 2161 facile

240 2192 393 2247 credi
428 2200 624 2261 potest,
667 2192 821 2261 quod
853 2192 921 2246 de
960 2191 1163 2261 majori
1206 2194 1440 2248 ecclesia
1470 2192 1689 2248 Sancta
1724 2194 1936 2258 Maria,

242 2281 298 2336 in
325 2294 443 2350 qua
472 2279 812 2350 pontificalis
842 2281 1002 2335 sedes
1057 2281 1237 2349 posita
1281 2289 1383 2347 est,
1437 2282 1687 2337 maxime
1720 2280 1942 2336 labora-

240 2371 405 2437 verit,
436 2376 501 2425 ut
529 2368 789 2425 redditus
816 2368 942 2440 ejus
973 2376 1512 2439 augmentarentur.
1546 2369 1638 2437 Et,
1670 2371 1940 2440 quamvis

240 2457 412 2513 aliam
470 2457 805 2528 religionem
854 2456 932 2512 ibi
983 2470 1195 2527 ponere
1243 2457 1584 2527 nequiverit,
1616 2472 1732 2513 non
1784 2458 1938 2514 enim

239 2546 401 2601 facile
429 2545 691 2602 canonici
738 2544 866 2616 ejus
894 2545 1165 2616 antiquos
1194 2559 1382 2601 mores
1412 2554 1638 2602 mutare
1666 2546 1789 2616 cogi
1838 2561 1935 2617 po-

238 2641 447 2701 terant,
496 2642 684 2689 tamen
742 2634 824 2688 sic
882 2646 1080 2688 eorum
1148 2633 1364 2703 priores
1413 2633 1673 2689 redditus
1715 2634 1939 2691 studuit

240 2722 542 2792 ampliare,
592 2729 656 2777 ut
718 2735 930 2792 magna
970 2728 1130 2791 parte
1162 2723 1299 2777 anni
1331 2736 1428 2778 eos
1458 2722 1668 2792 pariter
1699 2723 1757 2778 in
1802 2722 1941 2778 refe-

237 2810 418 2866 ctorio
464 2809 754 2865 comedere
803 2809 1132 2877 instituerit,
1196 2816 1350 2866 555
1414 2808 1938 2881 quotidianumque

239 2899 320 2954 eis
370 2898 586 2954 victum
642 2897 886 2953 ubertim
935 2907 990 2953 et
1049 2898 1325 2954 ditissime
1363 2899 1697 2968 providerit,
1745 2898 1824 2956 ita
1873 2907 1936 2955 ut

2051 498 2154 564 sis;
2185 500 2383 569 sicque
2414 500 2569 555 intra
2613 501 2759 556 duos
2812 517 2996 557 annos
3052 502 3183 560 dua
3243 504 3523 572 civitates,
3576 506 3755 563 Cata-

2050 587 2366 656 launensis,
2437 597 2492 645 et
2561 590 2966 646 Ambianensis
3042 601 3389 662 acceperunt
3456 594 3757 664 pontiﬁces

2049 676 2195 731 filios
2220 684 2273 731 et
2316 677 2565 733 nutritus
2611 678 2875 734 Ecclesia
2921 679 3342 736 Laudunensis.
3390 681 3515 737 Non
3557 681 3762 737 imme-

2048 766 2158 820 rito
2178 778 2314 836 ergo
2368 767 2637 835 superius
2682 766 2947 833 dixerim,
2985 769 3043 822 in
3092 768 3331 824 ecclesia
3386 770 3759 826 Laudunensi

2048 852 2202 908 illam
2237 854 2434 924 Aggai
2487 855 2773 924 propheta
2812 857 3152 912 sententiam
3183 858 3518 927 completam
3553 859 3757 920 fuisse,

2048 956 2166 1013 qua
2196 943 2375 997 dixit:
2415 963 2435 990 ι
2463 942 2664 1010 Magna
2686 944 2796 999 erit
2821 944 3000 1014 gloria
3020 945 3225 1001 domus
3251 946 3427 1017 hujus
3459 949 3759 1011 secunda,

2047 1032 2234 1103 magis
2263 1046 2436 1103 quam
2477 1032 2676 1102 prima
2724 1038 2891 1105 (Agg.
2928 1049 2984 1101 ιι,
3013 1036 3124 1103 10).
3153 1056 3175 1083 ι»
3216 1034 3497 1102 Quoniam
3546 1050 3764 1092 revera

2046 1128 2099 1177 et
2130 1121 2189 1176 in
2218 1122 2548 1192 episcopatu
2584 1123 2950 1179 Laudunensi
2983 1125 3240 1196 plurima
3268 1140 3400 1195 qua
3430 1127 3592 1196 prius
3631 1140 3763 1182 non

2046 1210 2276 1266 fuerant
2347 1213 2691 1267 monasteria
2759 1221 3133 1269 accreverunt
3185 1221 3240 1271 et
3282 1214 3353 1270 de
3407 1217 3528 1285 ipso
3567 1215 3766 1271 multa

2049 1298 2217 1367 plura
2249 1311 2349 1368 per
2391 1298 2586 1354 orbem
2640 1306 2923 1355 terrarum
2959 1314 3124 1355 nova
3156 1299 3551 1366 institutionis,
3581 1301 3765 1372 quasi

2048 1387 2380 1443 novalucis
2424 1387 2644 1457 fulgore
2686 1388 3046 1456 splendentia
3076 1388 3415 1458 pullulando
3461 1404 3763 1460 processe-

2048 1481 2205 1528 runt.
2236 1476 2283 1528 Α
2322 1482 2573 1543 tempore
2605 1474 2649 1528 si
2684 1474 2920 1544 quidem
2962 1476 3143 1530 sancti
3192 1476 3540 1545 Genebaudi,
3577 1477 3760 1548 primi

2048 1561 2448 1616 Laudunensis
2467 1561 2734 1631 episcopi,
2772 1576 2904 1617 cum
2945 1564 3332 1634 quacraginta
3359 1573 3473 1620 tres
3497 1566 3760 1635 episcopi

2050 1656 2174 1717 post
2196 1661 2327 1703 eum
2348 1645 2593 1704 fuissent
2626 1662 2811 1718 usque
2832 1651 2905 1705 ad
2940 1651 3215 1708 domuum
3268 1653 3760 1709 Bartholomaum

2048 1737 2399 1806 episcopum,
2431 1746 2487 1792 et
2519 1738 2637 1806 ipse
2684 1738 3165 1809 quadragesimus
3214 1750 3462 1811 quartus
3489 1743 3569 1797 eis
3608 1757 3761 1799 suc-

2049 1826 2325 1891 cessisset,
2361 1840 2474 1881 non
2526 1825 2737 1897 legitur
2765 1834 2844 1883 tot
2888 1828 3167 1885 miracula
3208 1844 3309 1899 per
3346 1840 3599 1887 sanctam
3650 1832 3761 1887 Dei

2048 1914 2387 1970 Gcnitricem
2424 1914 2481 1969 in
2512 1916 2750 1971 ecclesia
2807 1917 3172 1974 Laudunensi
3205 1920 3351 1974 facta
3383 1920 3572 1986 fuisse,
3600 1919 3762 1976 sicut

2050 2002 2108 2058 in
2149 2002 2353 2058 diebus
2391 2001 2571 2073 hujus
2604 2004 3022 2061 Bartholomai.
3054 2007 3330 2076 Tempore
3367 2016 3552 2063 tamen
3595 2007 3759 2063 Heli-

2047 2091 2245 2156 nandi,
2297 2091 2399 2161 qui
2459 2100 2592 2147 ante
2647 2093 2922 2149 domuum
2970 2094 3447 2151 Bartholomaum
3506 2096 3761 2166 quintus

2047 2181 2298 2248 ejusdem
2339 2180 2498 2236 urbis
2525 2183 2825 2252 episcopus
2867 2181 2975 2239 fuit
3018 2184 3096 2247 (id
3128 2193 3212 2239 est
3244 2185 3509 2252 xxxviii),
3561 2185 3761 2254 quod—

2048 2270 2178 2324 dam
2219 2269 2569 2325 miraculum
2619 2270 2676 2325 in
2732 2271 2929 2327 eadem
2983 2273 3220 2328 ecclesia
3275 2270 3532 2344 contigit,
3592 2274 3761 2343 quod

2049 2357 2143 2412 hic
2202 2357 2446 2428 dignum
2515 2358 2793 2415 duximus
2868 2362 3159 2416 memoria
3232 2362 3531 2418 scribendo
3593 2376 3763 2419 man-

2049 2446 2203 2502 dare.

2049 2535 2182 2590 CAP.
2233 2534 2463 2593 XXVII.
2516 2565 2588 2578 —
2648 2539 2723 2590 De
2764 2535 3011 2591 muliere
3061 2539 3135 2593 ab
3182 2538 3445 2595 incendio
3500 2539 3763 2596 liberata

2783 2624 3012 2682 Civiaci.

2119 2711 2184 2766 In
2217 2711 2355 2767 villa
2406 2711 2712 2782 siquidem,
2763 2728 2895 2784 qua
2940 2714 3206 2772 Civiacus
3258 2726 3514 2786 vocatur,
3568 2733 3762 2790 prope

2047 2800 2418 2868 Laudunum,
2468 2801 2560 2856 vir
2600 2802 2859 2871 quidam,
2896 2802 3225 2860 Guilermus
3257 2806 3507 2875 nomine,
3548 2822 3757 2865 mane-

2050 2889 2164 2953 bat,
2189 2889 2441 2960 ejusdem
2484 2899 2824 2960 procurator
2881 2893 3031 2949 villa
3063 2895 3213 2965 (58‘),
3263 2908 3395 2950 cum
3428 2910 3606 2952 uxore
3638 2912 3761 2954 sua

238 2986 344 3056 ipsi
396 2986 654 3042 canonici
714 2993 992 3042 testentur
1047 2987 1205 3058 quod
1264 3001 1406 3057 pene
1481 2988 1676 3057 duplo,
1759 3001 1936 3058 quam
1975 2969 2162 3048 C(59)
2211 2977 2510 3050 δοίῠυτεεθ
2579 2980 2682 3050 (illi
2741 2980 2971 3036 unicam
3040 2982 3215 3038 ﬁliam
3281 2998 3468 3051 suam.
3513 2988 3761 3043 nomine

241 3074 402 3145 prius
430 3074 768 3145 prabendas
792 3089 991 3131 eorum
1023 3075 1312 3143 ditaverit,
1359 3075 1507 3131 sicut
1537 3076 1597 3131 in
1627 3076 1940 3148 privilegiis

236 3164 384 3233 ejus,
444 3177 575 3232 qua
635 3161 693 3217 in
756 3163 954 3219 eadem
1009 3162 1246 3219 ecclesia
1307 3164 1698 3233 continentur,
1763 3172 1942 3235 potest

238 3249 509 3306 inveniri.

308 3338 443 3395 CAP.
472 3338 652 3394 XXV.
688 3367 757 3379 -
784 3341 863 3392 De
893 3337 1154 3392 Guidone
1203 3337 1614 3394 Catalaunenaz’
1652 3337 1934 3411 episcopo.

307 3426 456 3482 Illud
501 3426 670 3481 etiam
718 3426 791 3481 ad
838 3426 1065 3482 laudem
1110 3433 1165 3481 et
1218 3426 1491 3482 honorem
1539 3426 1940 3483 Laudunensis

237 3516 502 3573 Ecclesia
532 3515 845 3585 domuique
882 3514 1279 3571 Bartholomai
1312 3515 1560 3584 pertinet
1587 3515 1741 3585 quod
1777 3516 1939 3571 dom-

235 3619 348 3661 nus
379 3603 584 3670 Guido,
642 3605 732 3659 vir
775 3602 1181 3670 nobilissimus,
1235 3618 1407 3673 quem
1451 3603 1596 3659 idem
1638 3603 1938 3674 episcopus

237 3693 579 3749 canonicum
641 3699 696 3747 et
761 3692 1040 3747 decanum
1104 3692 1338 3762 majoris
1409 3692 1659 3748 ecclesia
1720 3692 1938 3749 Sancta

238 3782 433 3838 Maria
488 3780 715 3848 fecerat,
767 3795 899 3836 cum
950 3780 1142 3836 adhuc
1188 3784 1355 3861 atate
1402 3781 1650 3851 juvenili
1691 3782 1934 3848 ﬂoreret,

237 3885 341 3941 pro
372 3869 646 3941 religione
700 3876 911 3935 tamen,
959 3875 1015 3924 et
1063 3869 1363 3925 devotione
1410 3883 1537 3938 sua,
1571 3871 1850 3940 quoniam
1883 3877 1938 3926 et

236 3957 513 4015 castitatis
577 3965 819 4021 amator,
868 3964 922 4012 et
991 3955 1357 4011 ecclesiastici
1414 3957 1586 4013 ofﬁcii
1667 3957 1937 4013 assiduus

236 4048 649 4117 frequentator,
697 4045 850 4099 fama
905 4051 1288 4114 praconante,
1339 4060 1457 4100 esse
1506 4045 1812 4112 ferebatur,
1864 4046 1936 4101 ad

234 4135 621 4205 episcopatum
655 4132 1088 4188 Catalaunensis
1121 4133 1281 4188 urbis
1308 4133 1559 4204 eligitur,
1591 4141 1645 4188 et
1674 4132 1936 4189 adomno

236 4222 487 4277 Sansone
534 4221 842 4275 Remorum
908 4220 1334 4290 archiepiscopo
1395 4227 1781 4276 consecratur.
1827 4220 1932 4287 Qui
1972 4253 2017 4306 Β

235 4309 307 4365 ad
357 4308 546 4365 sedem
621 4320 787 4363 suam
861 4309 1114 4377 veniens,
1167 4308 1473 4379 quemdam
1540 4308 1936 4363 Laudunensis

238 4397 505 4453 Ecclesia
531 4397 806 4467 juvenem
838 4397 1130 4463 clericum,
1166 4396 1398 4452 nomine
1447 4396 1801 4463 Haimonem,
1833 4396 1933 4465 qui

235 4500 429 4543 secum
483 4485 721 4552 abierat,
782 4500 916 4541 mox
961 4486 1017 4540 in
1098 4486 1219 4555 ipso
1265 4485 1450 4554 primo
1493 4484 1937 4541 consecrationis

235 4589 355 4631 sua
388 4589 563 4642 anno,
594 4574 743 4629 sedis
768 4574 1025 4645 ejusdem
1057 4573 1527 4629 archidiaconum
1554 4572 1701 4640 fecit,
1738 4575 1936 4644 sicque

234 4663 440 4719 civitas
484 4662 920 4720 Catalaunensis
962 4662 1032 4717 de
1077 4659 1329 4717 Ecclesia
1381 4661 1767 4729 Laudunensi,
1818 4677 1936 4719 uno

234 4750 552 4820 eodemque
611 4763 781 4815 anno,
836 4756 890 4804 et
966 4747 1295 4818 episcopum
1359 4756 1414 4803 et
1462 4748 1933 4805 archidiaconum

234 4838 459 4894 habuit.

342 4927 477 4982 CAP.
518 4925 727 4981 XXVI.
760 4955 828 4964 —
858 4927 934 4979 De
969 4922 1306 4980 Theoderico
1327 4924 1719 4980 Ambianerm'.

305 5013 581 5085 Sequenti
639 5012 809 5068 etiam
864 5026 1020 5068 anno
1071 5012 1317 5068 domnus
1370 5013 1769 5080 Theodericus,
1829 5014 1930 5083 qui

234 5105 422 5176 primo
458 5102 563 5158 fuit
610 5101 929 5157 monachus
971 5100 1215 5157 canobii
1247 5101 1438 5158 Sancti
1468 5101 1685 5157 Nicolai
1714 5103 1772 5156 in
1791 5101 1930 5157 dia-

233 5194 357 5251 cesi‘
389 5192 777 5258 Laudunensi,
829 5197 1021 5260 postea
1066 5204 1220 5257 vero,
1254 5197 1319 5247 ut
1360 5204 1540 5260 supra
1577 5189 1795 5245 dictum
1823 5195 1922 5255 est,

235 5282 416 5339 abbas
462 5280 653 5336 Sancti
689 5279 861 5351 Eligii
915 5278 1310 5335 Noviomensis
1364 5288 1729 5335 consecratus
1769 5285 1854 5334 est
1896 5292 1932 5335 a

2048 3067 2402 3137 Guiburgem
2442 3068 2674 3124 cuidam
2724 3071 2868 3137 viro,
2910 3070 3142 3126 nomine
3171 3071 3440 3139 Albuino,
3466 3074 3521 3127 in
3554 3076 3764 3129 matri-

2050 3157 2309 3213 monium
2341 3158 2727 3224 sociaverunt,
2772 3172 2986 3227 eosque
3006 3160 3177 3215 unice
3206 3160 3505 3231 diligentes
3550 3176 3759 3219 secum

2050 3246 2108 3300 in
2131 3245 2298 3300 domo
2328 3246 2618 3300 communi
2654 3245 2916 3301 habitare
2945 3245 3218 3302 fecerunt.
3254 3247 3395 3305 Cum
3420 3264 3531 3304 non
3567 3252 3761 3308 multo

2048 3343 2173 3405 post
2196 3334 2378 3404 turpis
2399 3334 2650 3390 infamia
2675 3348 2876 3390 rumor
2905 3349 3005 3405 per
3027 3336 3342 3415 multorum
3355 3352 3455 3393 ora
3487 3339 3757 3403 volitare,

2048 3431 2223 3493 atque
2254 3425 2311 3478 in
2338 3422 2457 3479 dies
2486 3424 2846 3494 augmentari
2878 3425 3061 3493 capit,
3091 3416 3363 3494 juvenem
3409 3426 3566 3482 illum
3608 3429 3762 3483 reli-

2047 3519 2138 3567 cto
2171 3510 2415 3581 propria
2460 3511 2661 3567 uxoris
2710 3512 2893 3581 thoro,
2950 3513 3131 3568 soceri
3178 3515 3503 3571 adulterina
3545 3515 3759 3573 fraude

2047 3600 2262 3656 violare
2291 3600 2479 3657 cubile
2511 3608 2807 3671 matreque
2836 3615 2967 3657 cum
3002 3602 3118 3656 tilia
3147 3603 3307 3659 abuti
3340 3604 3549 3661 illicite.
3584 3605 3761 3671 Quod

2047 3688 2146 3744 ubi
2190 3689 2261 3744 ad
2321 3697 2594 3745 matrona
2645 3688 2798 3744 illius
2859 3703 3028 3745 aures
3083 3691 3415 3761 aliquorum
3474 3692 3761 3749 relatione

2046 3777 2326 3847 pervenit,
2370 3777 2782 3833 inastimabilis
2813 3779 2865 3832 vi
2899 3778 3108 3834 doloris
3145 3780 3485 3836 intrinsecus
3509 3785 3755 3850 aitacta,

2044 3874 2099 3921 et
2126 3865 2248 3920 falsi
2279 3865 2536 3921 criminis
2569 3865 2927 3935 impositione
2980 3867 3229 3935 turbata,
3264 3868 3545 3938 profunda
3576 3873 3760 3940 coepit

2045 3953 2407 4010 animositate
2452 3955 2764 4022 revolvere,
2806 3970 2923 4025 qua
2970 3965 3092 4012 arte
3120 3957 3378 4013 criminis
3426 3959 3599 4029 hujus
3635 3974 3763 4015 na-

2045 4058 2184 4099 vum
2216 4057 2250 4097 a
2279 4057 2337 4099 se
2368 4042 2642 4098 valuisset
2673 4043 2987 4114 detergere.
3044 4044 3307 4116 Cumque
3341 4047 3500 4103 miris
3531 4049 3762 4104 machi-

2046 4131 2377 4187 nationibus
2404 4130 2496 4186 sui
2527 4145 2644 4201 pra
2687 4131 2879 4187 dolore
2920 4132 3242 4203 impatiens,
3288 4150 3544 4207 peneque
3575 4145 3761 4195 extra

2045 4232 2104 4274 se
2135 4219 2319 4288 posita
2366 4218 2606 4274 interius
2659 4226 2948 4288 astuaret,
2999 4222 3281 4278 diabolica
3309 4223 3536 4278 tandem
3568 4223 3763 4295 inspi-

2047 4308 2266 4363 ratione
2314 4306 2521 4362 infecta
2558 4314 2734 4378 atque
2778 4308 3076 4390 infectione
3121 4319 3364 4375 armata,
3406 4312 3760 4372 deliberavit

2044 4395 2257 4463 animo,
2294 4395 2651 4452 innocentem
2697 4396 2816 4467 jam
2863 4412 2962 4453 rea
3011 4400 3401 4471 exstinguere,
3451 4401 3505 4456 id
3548 4402 3752 4461 solum

2044 4499 2164 4540 sua
2193 4483 2442 4539 infamia
2473 4484 2802 4542 seductione
2836 4486 3117 4544 diabolica
3142 4489 3454 4545 remedium
3482 4503 3752 4559 sperans.

2044 4573 2115 4627 Et
2159 4586 2288 4628 ecce
2314 4572 2434 4642 jam
2485 4572 2715 4628 hiemali
2765 4573 3071 4645 ingruente
3118 4575 3328 4647 algore,
3394 4576 3757 4637 vindemiale

2044 4669 2099 4717 et
2130 4660 2467 4716 autumnale
2508 4668 2734 4731 tempus
2781 4664 3115 4734 transierat;
3151 4679 3267 4735 quo
3316 4666 3527 4721 scilicet
3572 4668 3757 4725 multi

2043 4750 2113 4805 de
2141 4749 2379 4804 diversis
2409 4749 2670 4818 partibus
2699 4750 2768 4804 ad
2798 4750 3149 4822 colligendas
3192 4753 3299 4810 sub
3331 4755 3584 4811 mercede
3619 4758 3760 4813 vin-

2042 4838 2258 4893 demias
2292 4838 2385 4892 illa
2410 4836 2591 4893 solent
2623 4838 2682 4893 in
2713 4837 2835 4894 loca
2860 4840 3166 4897 conﬂuere.

2113 4926 2201 4981 Ex
2233 4925 2322 4980 his
2360 4924 2557 4995 itaque
2595 4927 2739 4982 duos
2769 4941 3050 4997 pauperes
3077 4930 3186 4985 sibi
3212 4930 3447 5002 eligens,
3476 4932 3610 4988 data
3639 4949 3754 5005 pro

2040 5014 2264 5083 optione
2313 5014 2589 5083 mercede,
2643 5014 2811 5071 ﬁdem
2873 5031 2946 5072 ex
3003 5017 3086 5073 eis
3139 5018 3385 5076 inﬁdelis
3437 5024 3653 5093 exegit,
3682 5032 3752 5081 ut

2040 5101 2407 5158 commissum
2459 5102 2682 5159 silentio
2719 5111 2994 5174 tegerent,
3046 5114 3221 5178 atque
3269 5108 3341 5163 ad
3386 5110 3751 5168 committen-

2039 5190 2178 5246 dum
2211 5190 2440 5246 crudele
2469 5198 2524 5246 et
2555 5190 3031 5250 nefandissimum
3081 5196 3284 5259 scelus,
3345 5197 3494 5253 sicut
3546 5209 3747 5257 mente

2040 5277 2322 5346 volvebat,
2389 5278 2655 5334 dexteras
2702 5290 3114 5350 prapararent.
3174 5282 3505 5355 Designavit
3558 5286 3747 5355 igitur

327 5460 441 5529 58‘)
484 5460 598 5515 Hoc
622 5459 792 5516 refert
822 5458 1167 5515 miraculum
1199 5458 1629 5516 Guibertuslib.
1654 5460 1733 5515 De
1752 5457 1924 5515 laude
1964 5461 2024 5515 Β.
2067 5459 2279 5528 Maria,
2312 5473 2441 5530 cap.
2480 5462 2568 5515 l0.

303 5462 419 5603 €59)
450 5529 743 5585 Mulierem
773 5529 922 5586 hanc
950 5538 1116 5586 vocat
1144 5529 1609 5586 Theodebertam.

327 5533 419 5600 59)
450 5529 743 5585 Mulierem
773 5529 922 5586 hanc
950 5538 1116 5586 vocat
1144 5529 1609 5586 Theodebertam.
