3932 6084
220 234 352 287 1009

1030 237 1392 293 HERMANNI
1433 239 1543 333 DE.
1568 239 1810 295 MIRAC.
1854 239 1907 294 S.

2065 241 2205 296 Itle
2243 200 2631 298 ιΑυυυΝζ-
2679 244 2807 299 LIB.
2851 244 2942 298 ιιι.

3519 242 3524 250 ’
3586 250 3722 303 1010

210 366 421 435 locum,
458 369 858 427 determinavit
911 372 1059 429 diem
1110 381 1165 429 et
1212 374 1432 443 horam,
1483 390 1598 445 quo
1646 374 1909 431 videlicet
1946 376 2141 433 Arius
2186 378 2246 432 in
2286 379 2555 435 unctione
2586 379 2769 435 sancti
2811 380 3057 450 Spiritus
3104 381 3404 439 irroratus.
3450 382 3556 439 Hic
3583 399 3722 457 ergo

211 457 280 514 de
326 458 534 515 abditis
591 459 830 516 latenter
886 470 1284 531 exsurgentes,
1336 463 1655 519 innocentis
1720 463 1911 519 subito

211 554 416 617 guttur
444 548 779 604 invaderent
804 557 859 606 et
913 548 1279 606 suffocarent.
1332 550 1436 607 Sed
1473 553 1592 623 jam
1649 553 1912 610 funestus

213 635 306 691 ille
329 636 661 692 imminebat
700 636 839 703 dies,
881 652 1012 692 cum
1061 652 1228 694 mane
1264 640 1405 694 hora
1436 640 1545 695 diei
1582 642 1787 711 prima,
1823 641 1913 696 vir

209 725 356 795 ejus,
389 726 535 781 sicut
561 725 815 796 quotidie
842 734 1239 790 consueverat,
1273 727 1331 782 in
1355 742 1519 784 suam
1553 730 1909 798 procuratio-

211 824 341 866 nem
389 813 589 879 exivit,
656 813 873 868 familia
915 814 1030 869 huc
1063 814 1315 887 illucque
1358 816 1616 887 dispersa
1640 825 1743 884 est,
1796 817 1912 873 filia

211 914 445 970 quoque
515 902 666 956 foras
756 903 1071 973 egreditur.
1143 904 1565 962 Remanserunt
1611 912 1761 960 556
1808 904 1912 962 soli

208 991 391 1044 Adam
424 997 478 1045 et
507 991 649 1056 Eva,
691 1004 878 1061 agnus
909 992 1181 1048 innocens
1209 1002 1263 1048 et
1301 1008 1453 1049 sava
1485 994 1682 1051 leana.
1723 996 1909 1050 Intra-

211 1086 420 1133 verunt
448 1079 618 1135 etiam
646 1079 906 1148 latenter,
949 1080 1047 1136 illa
1076 1089 1265 1136 tamen
1301 1091 1667 1152 procurante,
1720 1097 1908 1153 prom-

209 1166 423 1235 ptuarii
452 1176 670 1224 secreta
715 1169 829 1223 duo
877 1170 1129 1238 pradicti
1166 1185 1464 1239 pauperes.
1498 1172 1749 1227 Tandem
1781 1185 1908 1226 mu-

209 1254 315 1309 lier
368 1257 796 1312 convenientem
868 1257 1135 1313 destinati
1192 1257 1419 1315 sceleris
1462 1269 1631 1316 nacta
1685 1260 1906 1326 horam,

211 1342 436 1398 blandis
495 1346 745 1415 primum
778 1344 1105 1400 intermistis
1155 1346 1472 1416 colloquiis,
1506 1348 1736 1404 demum
1771 1361 1911 1417 pra-

208 1431 341 1500 cipit
374 1440 435 1487 ut
474 1433 546 1487 ad
576 1432 846 1488 interiora
890 1434 1267 1503 promptuarii
1316 1436 1666 1492 descendens
1704 1436 1925 1513 vinum.

206 1519 468 1576 deferret.
501 1521 601 1577 Ille
632 1521 769 1577 nihil
803 1522 936 1577 mali
989 1523 1333 1592 suspicatus,
1369 1524 1697 1593 simpliciter
1739 1525 1907 1594 quasi

209 1609 378 1664 matri
438 1609 852 1679 obtemperans,
896 1620 1124 1681 accepto
1178 1626 1312 1669 vase
1362 1613 1602 1668 festinus
1648 1613 1721 1669 ad
1755 1612 1905 1668 inte-

208 1697 362 1753 riora
391 1698 700 1754 descendit.
751 1698 1012 1770 Cumque
1060 1700 1262 1756 vinum
1315 1703 1370 1756 in
1406 1716 1538 1758 vase
1567 1702 1901 1772 susciperet,

211 1786 290 1842 illi
324 1787 513 1843 subito
543 1788 610 1843 de
659 1787 868 1844 abditis
896 1798 1292 1860 exsurgentes,
1345 1798 1548 1861 guttur
1589 1791 1910 1847 innocentis

209 1875 514 1944 invadunt,
556 1886 609 1933 et
639 1878 912 1932 continuo
959 1876 1260 1945 suffocant,
1301 1888 1770 1950 susceptumque,
1808 1880 1908 1935 do-

208 1966 368 2019 mina
420 1964 679 2036 jubente,
748 1965 897 2021 inter
956 1979 1162 2022 manus
1220 1967 1290 2021 ad
1360 1967 1566 2023 lectum
1621 1967 1904 2035 deferunt,

206 2062 657 2124 coopertumque
688 2055 934 2124 propriis
955 2055 1306 2111 vestimentis
1337 2058 1502 2126 quasi
1532 2056 1908 2112 dormientem

204 2150 575 2211 componunt.

275 2231 496 2287 Interea
552 2231 643 2286 vir
706 2231 938 2287 domum
1003 2232 1348 2301 regreditur,
1402 2231 1533 2295 filia,
1576 2233 1909 2303 familiaque

203 2318 275 2373 ad
305 2318 502 2374 horam
550 2318 772 2389 prandii
823 2327 1216 2375 revertuntir.
1255 2320 1596 2389 Praeparatis
1633 2320 1906 2387 onnibus,

207 2415 389 2463 mater
429 2408 557 2465 ﬁlia
602 2408 867 2479 pracepit
903 2417 967 2465 ut
1014 2409 1203 2465 virum
1258 2424 1430 2464 suum
1486 2409 1715 2465 excitet.
1768 2409 1909 2476 Qua

206 2496 412 2553 festina
453 2496 525 2551 ad
575 2495 782 2552 lectum
824 2497 1070 2567 jacentis
1110 2498 1402 2563 accedens,
1460 2505 1516 2553 et
1559 2498 1907 2553 exstinctum

206 2583 506 2640 inveniens
554 2585 859 2640 exclamat.
924 2586 1201 2641 Commoti
1270 2586 1341 2640 ad
1404 2600 1597 2641 vocem
1645 2584 1910 2642 clamoris

202 2686 400 2727 omnes
480 2671 691 2740 pariter
746 2672 1000 2738 irruunt,
1059 2672 1485 2741 postpositoque
1543 2671 1783 2740 prandio
1836 2671 1908 2726 ad

205 2760 426 2816 funeris
502 2761 810 2831 exsequias
885 2768 1324 2816 convertuntur.
1384 2761 1561 2815 Fama
1649 2760 1911 2829 protinus

206 2850 641 2919 totamﬁcomplet
670 2849 956 2919 regionem
980 2849 1313 2915 Albuinum,
1334 2849 1503 2917 paulo
1525 2855 1656 2903 ante
1677 2861 1909 2914 sanum,

2020 464 2154 521 data
2183 467 2465 522 sententia
2495 466 2627 538 igne
2662 468 3029 523 cremandam
3078 469 3452 541 adjudicavit.
3476 471 3599 539 Quo
3632 472 3725 529 ille

2013 552 2231 624 judicio
2263 554 2481 621 audito,
2532 555 2944 627 instigantibus
2990 558 3159 613 etiam
3216 559 3467 615 defuncti
3498 561 3718 624 amicis,

2020 641 2255 712 implere
2284 642 2473 698 statim
2508 644 2663 713 quod
2688 644 3014 713 judicatum
3055 645 3262 709 fuerat,
3292 651 3625 705 maturavit.

2091 731 2353 801 Cumque
2384 731 2590 787 misera
2616 733 2923 788 duceretur
2953 733 3025 787 ad
3051 735 3422 804 supplicium,
3458 738 3724 806 impetrat

2019 828 2083 876 ut
2114 819 2185 874 ad
2217 821 2397 875 Beata
2422 821 2520 876 Dei
2559 821 2863 877 Genitricis
2891 822 3239 889 eecclesiam,
3276 823 3449 894 juxta
3486 826 3721 881 domum

2019 908 2418 978 episcopalem,
2488 923 2649 964 mora
2703 909 2810 965 sibi
2863 910 3270 967 concederetur
3316 913 3540 968 orandi.
3601 913 3723 979 Quo

2021 998 2357 1066 perveniens
2408 998 2462 1051 in
2512 1007 2817 1067 conspectu
2866 999 3001 1054 cleri
3058 1007 3111 1055 et
3164 1000 3379 1070 populi,
3426 1001 3722 1057 humiliter

2021 1100 2284 1156 puraque
2325 1086 2675 1142 confessione
2739 1088 2911 1143 totius
2976 1096 3212 1157 patrata
3273 1088 3597 1159 iniquitatis
3641 1105 3723 1145 se-

2020 1175 2159 1231 riem
2208 1176 2511 1244 peroravit,
2574 1176 2885 1246 pluresque
2914 1176 2982 1231 ad
3039 1178 3490 1247 compassionem
3543 1177 3723 1248 lacry-

2018 1277 2363 1333 marumque
2392 1261 2730 1319 effusionem
2786 1264 3019 1319 inﬂexit.
3050 1264 3185 1320 Inde
3224 1266 3551 1335 pavimento
3589 1280 3719 1336 pro-

2018 1360 2218 1420 strata,
2272 1366 2404 1408 cum
2469 1353 2649 1407 multo
2700 1352 2836 1408 fletu
2900 1367 3107 1421 corpus
3146 1363 3200 1408 et
3250 1353 3502 1409 animam
3554 1368 3721 1411 suam

2016 1446 2228 1495 sancta
2276 1438 2469 1494 Maria
2517 1441 2977 1509 commendavit;
3030 1448 3271 1511 postque
3326 1455 3592 1512 surgens,
3633 1442 3718 1497 fa-

2015 1527 2277 1597 ciemque
2309 1534 2363 1583 et
2389 1534 2571 1583 totum
2603 1542 2812 1598 corpus
2850 1529 3014 1599 signo
3041 1529 3231 1584 crucis
3260 1528 3527 1585 muniens
3555 1545 3716 1601 egre-

2016 1615 2175 1672 ditur
2218 1624 2271 1672 et
2314 1616 2387 1672 ad
2438 1616 2629 1673 locum
2676 1616 2945 1686 supplicii
3011 1616 3266 1673 ducitur.
3315 1617 3402 1673 Ibi
3445 1618 3718 1674 omnibus

2016 1704 2368 1761 vestimentis
2400 1708 2606 1775 prater
2648 1703 2877 1773 lineam,
2907 1719 3026 1777 qua
3054 1705 3174 1761 sola
3201 1705 3453 1775 corporis
3484 1707 3719 1762 nuditas

2017 1793 2336 1865 tegebatur,
2376 1795 2645 1863 exuitur;
2689 1794 2947 1861 domum,
2998 1794 3055 1848 in
3088 1807 3208 1864 qua
3254 1794 3499 1850 cremari
3549 1793 3717 1851 debe-

2017 1881 2209 1948 batur,
2266 1882 2671 1939 introducitur.
2726 1883 2890 1938 Tunc
2937 1896 3038 1952 per
3065 1896 3233 1938 suras
3279 1882 3525 1939 nexibus
3554 1882 3716 1940 invo-

2017 1970 2171 2038 lutis,
2222 1972 2546 2041 strictisque
2586 1971 2857 2027 manibus
2898 1979 3021 2042 post
3052 1979 3298 2041 tergum,
3334 1971 3405 2026 ad
3445 1969 3716 2040 stipitem,

2017 2060 2119 2129 qui
2165 2059 2224 2114 in
2285 2058 2466 2115 medio
2499 2060 2716 2130 positus
2743 2067 2886 2126 erat,
2926 2067 2981 2115 et
3027 2059 3121 2115 cui
3164 2066 3279 2114 tota
3326 2058 3533 2114 domus
3562 2058 3719 2113 illius

2019 2147 2237 2203 fabrica
2280 2147 2654 2215 innitebatur,
2716 2147 2879 2204 duris
2924 2147 3139 2203 fortiter
3170 2145 3417 2202 vinculis
3445 2146 3715 2213 nectitur,

2017 2236 2558 2306 circumpositisque
2604 2236 2775 2307 lignis
2818 2243 2873 2292 et
2904 2234 3138 2305 stipula,
3175 2242 3294 2291 tota
3332 2234 3539 2290 domus
3570 2234 3718 2290 inte-

2017 2324 2140 2380 rius
2167 2324 2437 2395 repletur.
2478 2326 2602 2380 Post
2622 2325 2743 2380 hac
2771 2324 2966 2380 clauso
2987 2324 3131 2380 ostio
3166 2323 3315 2394 ignis
3346 2323 3714 2392 supponitur,

2016 2428 2121 2469 nec
2162 2427 2321 2467 mora
2370 2412 2737 2468 ﬂammarum
2794 2412 2947 2484 globi
3005 2412 3076 2469 ad
3135 2411 3432 2481 superiora
3497 2412 3718 2482 produ-

2017 2510 2253 2558 cuntur.

2088 2592 2311 2645 Interea
2340 2590 2574 2645 ﬂamma
2614 2589 2922 2646 crudeliter
2959 2590 3153 2645 omnia
3193 2590 3545 2658 devastante,
3602 2597 3719 2646 tota

2015 2679 2233 2735 fabrica
2266 2680 2322 2733 in
2347 2678 2597 2734 favillam
2632 2678 2934 2749 redigitur,
2967 2678 3064 2734 illa
3097 2687 3287 2734 tamen
3324 2679 3472 2735 inter
3492 2693 3713 2749 prunas

2017 2779 2160 2820 sana
2204 2772 2259 2820 et
2307 2764 2616 2821 immobilis
2671 2769 2821 2822 stare
2872 2765 3119 2822 videtur.
3187 2768 3459 2822 Furentes
3520 2774 3714 2822 autem

2018 2852 2233 2908 inimici
2264 2854 2335 2909 ad
2362 2867 2520 2923 sepes
2571 2854 2829 2923 undique
2869 2861 2924 2909 et
2962 2854 3419 2924 circumquaque
3471 2869 3716 2910 curren-

201 2938 264 2993 in
297 2937 434 2993 lecto
462 2952 565 2993 suo
614 2946 904 2992 mortuum
946 2951 1068 2992 esse
1115 2936 1437 2992 inventum.
1487 2937 1624 2992 Erat
1665 2951 1729 2991 eo
1762 2945 1908 2991 tem-
1947 2954 1987 3009 ρ
2019 2949 2118 3009 tes,
2151 2950 2205 2998 et
2243 2941 2529 3011 quidquid
2557 2942 2627 2997 ad
2661 2956 2868 2998 manus
2897 2942 3108 2998 habere
3146 2950 3407 3013 poterant
3458 2942 3715 2999 deferen-

204 3041 341 3097 pore
375 3027 632 3082 Lauduni
659 3027 895 3097 quidam
929 3026 1342 3093 vicedominus,
1374 3026 1617 3081 libertus
1648 3025 1893 3088 nomine,

201 3115 294 3171 vir
323 3115 571 3185 sapiens,
621 3123 675 3171 et
706 3114 979 3184 profundi
1007 3114 1245 3184 ingenii,
1287 3115 1385 3171 sed
1419 3114 1548 3184 plus
1573 3114 1729 3185 justo
1767 3130 1898 3170 eru-

199 3203 359 3260 delis.
415 3203 518 3259 Hic
576 3203 676 3260 ubi
737 3202 1066 3273 bujusmodi
1146 3203 1355 3259 famam
1404 3203 1644 3267 audivit,
1700 3202 1899 3258 mirari

200 3291 407 3361 primo,
440 3291 644 3346 deinde
692 3291 1016 3360 suspicione
1046 3291 1300 3360 quadam
1348 3292 1518 3361 capit
1547 3293 1738 3347 animo
1766 3305 1885 3362 per-

198 3379 438 3435 moveri.
471 3380 542 3435 Et
590 3379 686 3435 illo
720 3379 955 3449 quidem
1006 3379 1096 3435 die
1150 3379 1449 3446 sustinuit,
1499 3395 1667 3435 mane
1706 3388 1899 3436 autem

193 3467 347 3524 facto
377 3468 781 3538 subsequentis
811 3468 943 3531 diei,
979 3468 1218 3524 festinus
1250 3475 1563 3538 antequam
1593 3469 1903 3524 defunctus

196 3557 271 3613 ad
297 3557 585 3613 tumulum
635 3557 975 3622 deferretur,
1026 3571 1158 3612 cum
1213 3555 1335 3611 suis
1376 3557 1446 3611 ad
1494 3557 1683 3612 locum
1721 3556 1896 3622 venit,

196 3652 253 3701 et
304 3644 469 3715 quasi
510 3646 738 3700 nescius
780 3658 852 3699 ex
905 3644 1192 3699 industria
1236 3644 1523 3714 quomodo
1553 3642 1898 3715 contigisset,

196 3734 503 3807 diligenter
557 3735 902 3805 investigare
951 3734 1140 3805 capit.
1190 3728 1452 3804 Cumque
1490 3734 1711 3791 nullius
1752 3733 1899 3789 rela-

201 3824 354 3880 tione
382 3823 576 3878 animo
619 3837 723 3879 suo
772 3823 1092 3889 satistieret,
1147 3823 1298 3879 ultra
1344 3823 1736 3894 inquisitionis
1786 3823 1893 3903 im_-

202 3912 441 3982 patiens,
485 3911 557 3967 ad
605 3911 879 3967 feretrum
919 3910 1172 3978 accessit,
1203 3911 1569 3983 diruptisque
1597 3912 1897 3978 violenter,

199 4000 419 4072 quibus
474 4013 684 4069 corpus
713 4006 1035 4054 contectum
1087 4000 1292 4068 fuerat,
1344 4000 1570 4069 pannis,
1596 4015 1698 4056 nec
1743 4014 1905 4056 mora

203 4088 599 4149 suﬂocationis
629 4095 785 4144 certa
825 4087 1034 4144 indicia
1065 4088 1291 4157 reperit.

276 4177 477 4233 Statim
521 4185 587 4233 ut
644 4175 1060 4232 fremebundus
1116 4176 1306 4231 leoin
1352 4170 1627 4232 ultionem
1680 4177 1907 4233 sceleris

2011 3037 2108 3095 tes,
2143 3029 2280 3085 satis
2310 3031 2497 3099 priore
2530 3030 2804 3101 majorem
2833 3030 3122 3101 lignorum
3166 3039 3222 3087 et
3247 3030 3474 3101 stipula
3503 3045 3717 3088 cumu-

2009 3117 2130 3174 lum
2162 3132 2336 3188 super
2353 3132 2477 3174 eam
2510 3130 2848 3189 congerunt.
2884 3120 3137 3176 Rursum
3167 3119 3447 3190 copiosior
3475 3119 3711 3176 ﬂamma

2009 3205 2401 3273 succenditur,
2471 3207 2940 3276 consumptisque
2999 3207 3260 3262 celeriter
3302 3207 3474 3278 lignis
3519 3215 3574 3263 et
3621 3209 3715 3263 sti-

2011 3293 2167 3363 pula,
2199 3293 2576 3349 nihilominus
2622 3293 2718 3349 illa
2746 3307 2888 3349 sana
2917 3302 2972 3350 et
3005 3294 3311 3351 incolumis
3343 3294 3711 3365 conspicitur.

2007 3382 2286 3451 Quodque
2325 3381 2672 3437 miraculum
2706 3382 2889 3452 magis
2935 3383 3368 3453 augmentabat,
3423 3382 3571 3452 ignis
3608 3382 3712 3453 qui

2008 3479 2209 3527 contra
2238 3484 2361 3524 eam
2394 3469 2613 3525 nullam
2637 3470 2753 3525 vim
2786 3470 3008 3537 habuit,
3057 3471 3313 3540 vincula,
3350 3472 3569 3542 quibus
3600 3471 3713 3527 col-

2009 3558 2186 3628 ligata
2216 3557 2424 3623 fuerat,
2463 3558 2837 3628 consumpsit.
2881 3563 3145 3629 Cumque
3173 3568 3226 3615 et
3261 3560 3424 3616 tertio
3454 3560 3714 3616 furentes

2010 3647 2221 3702 iterum
2265 3644 2529 3700 ﬂammas
2594 3655 2944 3703 conarentur
3014 3662 3323 3718 apponere,
3375 3636 3711 3719 lapidesque

2006 3742 2206 3790 contra
2232 3748 2360 3790 eam
2409 3732 2774 3790 vehementer
2814 3735 3091 3805 jacerent,
3138 3743 3274 3791 tunc
3320 3736 3415 3791 illa
3464 3737 3707 3792 misera-

2012 3823 2198 3879 biliter
2273 3823 2642 3878 exclamans:
2703 3824 2942 3889 Parcite,
3010 3839 3227 3895 quaso,
3296 3825 3506 3894 inquit,
3571 3824 3711 3879 mihi

2011 3912 2226 3982 parcite
2275 3926 2288 3966 :
2343 3911 2544 3968 Nonne
2608 3910 2813 3968 videtis
2857 3913 3013 3983 quod
3058 3913 3316 3983 piissima
3355 3920 3553 3969 sancta
3610 3913 3709 3968 Dei

2011 4001 2290 4067 Genitrix,
2324 4000 2417 4056 cui
2450 4013 2658 4070 corpus
2686 4015 2873 4057 meum
2909 4001 3076 4057 hodie
3105 4000 3524 4065 commendavi,
3554 4000 3712 4055 mise-

2012 4088 2310 4145 ricorditer
2340 4102 2429 4144 me
2477 4087 2732 4160 adjuvat.
2784 4090 2882 4145 His
2925 4089 3139 4146 auditis
3182 4089 3263 4144 illi
3312 4088 3711 4145 mesericordia

2013 4176 2279 4234 commoti
2308 4176 2461 4231 illam
2493 4176 2747 4248 affligere
2776 4178 3057 4235 desistunt
3089 4193 3102 4232 :
3137 4178 3255 4248 ipse
3292 4191 3527 4249 quoque
3553 4177 3710 4233 vice-

199 4267 465 4332 saviens,
498 4266 690 4321 virum
728 4279 859 4320 cum
892 4279 1074 4320 uxore
1102 4273 1156 4321 et
1188 4264 1305 4321 filia
1326 4265 1466 4321 diris
1498 4265 1739 4321 innexos
1768 4266 1898 4320 vin-
1941 4253 1985 4306 Ι)
2014 4264 2281 4321 dominus
2325 4279 2450 4320 eam
2492 4264 2684 4321 statim
2731 4266 3103 4331 commonuit,
3143 4274 3209 4322 ut
3254 4265 3324 4321 de
3367 4264 3496 4336 igne
3539 4279 3709 4336 egre-

197 4352 347 4409 culis
406 4354 754 4409 Laudunum
822 4352 894 4407 ad
964 4351 1248 4422 supplicia
1298 4352 1581 4407 trahebat.
1640 4352 1902 4423 Cumque

197 4439 421 4496 crudeli
452 4440 755 4495 vexatione
786 4438 1175 4506 traherentur,
1209 4446 1349 4494 tunc
1379 4439 1470 4493 illa
1506 4454 1516 4493 :
1544 4439 1898 4505 Innocentes,

198 4529 412 4598 inquit,
460 4528 671 4599 injuste
722 4527 1062 4597 opprimere,
1116 4528 1376 4598 tantique
1417 4526 1645 4583 sceleris
1686 4527 1903 4583 nescios

199 4618 385 4690 panis
411 4631 478 4673 ac
504 4615 802 4686 suppliciis
833 4616 1006 4671 nolite
1052 4629 1283 4670 vexare.
1327 4616 1447 4685 Ego
1495 4615 1673 4685 hujus
1701 4614 1903 4670 crimi-

198 4707 292 4764 nis
336 4705 581 4772 conscia,
614 4719 719 4775 ego
748 4704 859 4760 viri
911 4703 1284 4771 interfectrix,
1340 4711 1395 4759 et
1420 4703 1539 4759 sola
1568 4718 1683 4759 rea.
1717 4704 1782 4759 In
1813 4694 1903 4758 me

196 4794 459 4852 omnium
520 4793 775 4863 pondera
834 4799 1270 4858 tormentorum,
1328 4792 1387 4847 in
1416 4806 1506 4847 me
1560 4792 1731 4848 totius
1761 4791 1902 4847 ultio

199 4882 503 4954 sanguinis
549 4889 948 4950 convertatur;
981 4881 1069 4936 isti
1110 4880 1268 4936 velut
1323 4880 1699 4950 inculpabiles
1748 4880 1902 4936 rela-

199 4978 435 5026 xentur.
486 4971 607 5034 Quo
662 4968 752 5025 ille
797 4968 1013 5032 audito.
1060 4967 1308 5024 dimissis
1357 4967 1490 5035 illis,
1540 4968 1796 5036 noxiam,
1847 4976 1904 5025 et

200 5072 299 5115 ore
334 5059 562 5130 proprio
591 5058 928 5125 confessam,
962 5057 1072 5114 sub
1098 5065 1257 5113 arcta
1316 5057 1575 5114 custodia
1605 5054 1903 5127 mancipa-

202 5154 321 5203 tam
363 5146 626 5217 episcopo
657 5146 1045 5217 prasentavit.
1085 5146 1367 5217 Cumque,
1416 5145 1565 5202 clero
1606 5152 1662 5201 et
1690 5146 1902 5215 populo

202 5242 504 5306 prasente,
584 5234 797 5291 diversi
856 5234 1111 5290 diversas
1171 5241 1495 5305 promerent
1574 5236 1899 5302 sententias,

203 5337 362 5379 unus
392 5324 540 5379 inter
586 5322 820 5378 clericos
866 5321 1083 5377 exstitit
1123 5322 1225 5391 qui
1266 5322 1583 5377 vocabatur
1632 5321 1904 5392 magister

203 5410 532 5479 Quintinus,
599 5412 740 5468 bene
789 5410 1020 5480 quidem
1071 5410 1272 5465 litteris
1327 5410 1589 5465 eruditus
1634 5410 1728 5466 sed
1788 5425 1901 5466 non

207 5501 352 5555 bene
380 5499 450 5555 de
480 5499 602 5569 lege
633 5499 829 5554 divina
863 5496 1195 5554 medullitus
1239 5498 1574 5564 instructus,
1622 5512 1725 5554 nec
1754 5498 1904 5554 inte-

2010 4353 2258 4409 deretur.
2308 4355 2609 4423 Egressam
2661 4368 2859 4411 omnes
2909 4354 3290 4420 circumdant,
3331 4357 3388 4409 et
3432 4361 3544 4407 tam
3577 4366 3706 4407 cor-

2011 4456 2146 4510 pore
2171 4455 2348 4511 quam
2403 4442 2627 4511 capillis
2666 4456 2734 4498 ac
2774 4453 2929 4499 veste
2973 4456 3207 4512 prorsus
3244 4442 3479 4497 illasam
3518 4440 3708 4495 admi-

2010 4536 2239 4595 rantur,
2289 4529 2485 4599 sicque
2530 4545 2663 4586 cum
2715 4530 2926 4600 gaudio
2968 4530 3189 4584 Sancta
3219 4528 3411 4583 Maria
3441 4534 3709 4597 repetunt

2008 4615 2327 4683 ecclesiam,
2383 4630 2628 4688 eamque
2675 4619 2801 4681 Deo,
2851 4624 2907 4672 et
2956 4616 3064 4686 pia
3107 4615 3274 4672 Matri
3327 4617 3454 4686 ejus
3493 4613 3708 4685 gratias

2011 4702 2316 4760 referentes
2341 4719 2526 4774 usque
2552 4705 2624 4760 ad
2658 4705 2847 4775 majus
2885 4704 3065 4760 altare
3094 4704 3409 4760 deducunt.
3452 4706 3597 4769 Quot
3630 4701 3707 4757 ibi

2008 4792 2276 4861 lacryma
2316 4806 2433 4861 pra
2481 4793 2659 4848 nimia
2691 4799 2837 4847 657
2902 4792 3284 4849 exsultatione
3316 4792 3388 4847 ab
3420 4790 3708 4847 universis

2009 4879 2204 4936 effusa
2248 4879 2480 4948 fuerint,
2537 4888 2794 4951 quotque
2831 4881 3031 4938 laudes
3078 4882 3183 4951 pia
3243 4880 3495 4936 Domina
3539 4878 3705 4933 matri

2010 4968 2323 5025 decantata
2347 4966 2542 5024 nullus
2574 4968 2737 5024 facile
2768 4969 2918 5025 valet
2948 4970 3179 5025 referre.

2083 5056 2359 5113 Posthac
2391 5056 2786 5114 vicedominus
2820 5057 3117 5114 mulierem
3145 5057 3216 5113 ad
3270 5057 3506 5113 domum
3540 5069 3707 5111 suam

2010 5145 2186 5212 ducit,
2227 5144 2472 5215 ciboque
2501 5159 2569 5201 ac
2616 5153 2754 5216 potu
2785 5146 3009 5216 copiose
3035 5145 3245 5212 refecit,
3277 5158 3448 5200 orans
3486 5151 3549 5198 ut
3601 5143 3709 5199 sibi

2011 5234 2326 5306 indulgeat,
2401 5235 2554 5305 quod
2603 5234 2664 5290 in
2724 5249 2851 5291 eam
2891 5234 3196 5291 crudeliter
3235 5232 3516 5290 savierat.
3573 5232 3710 5288 Inde

2011 5322 2221 5378 mulier
2248 5322 2543 5379 Civiacnm
2575 5323 2646 5379 ad
2675 5324 2966 5393 propriam
2997 5324 3230 5393 domum
3292 5334 3542 5384 reversa,
3585 5328 3710 5391 post

2008 5410 2289 5478 triduum,
2322 5411 2467 5467 sicut
2498 5412 2805 5477 credimus,
2852 5412 3049 5468 divina
3083 5409 3471 5467 misericordia
3509 5416 3710 5464 vocata

2010 5499 2276 5570 spiritum
2315 5500 2580 5568 reddidit,
2606 5507 2662 5557 et
2706 5501 2775 5558 de
2804 5501 2996 5558 labore
3018 5502 3090 5556 ad
3136 5500 3393 5571 requiem
3434 5500 3709 5556 transmi-
