3922 6080
278 298 405 353 1011

1223 293 1518 350 APPEND.
1559 292 1655 347 AD
1695 290 1825 347 LIB.
1866 290 1942 345 III
1978 289 2311 346 GUIBERTI
2348 290 2443 346 DE
2485 289 2647 345 VITA
2686 288 2849 347 SUA.

3651 288 3796 342 1012

273 433 483 506 gravit,
536 434 774 491 forsitan
826 454 847 482 ι
900 431 982 488 Ne
1028 430 1248 487 malitia
1300 436 1551 486 mutaret
1612 427 1962 484 intellectum
2001 425 2226 482 Aditus
2279 433 2384 493 est,
2437 439 2569 481 cum
2617 424 2743 480 aliis
2803 424 3154 493 custodibus,
3198 423 3474 494 quoniam
3536 422 3794 493 antiqua

274 523 449 591 illius,
500 530 601 578 aut
651 537 722 578 ne
780 520 927 576 fictio
977 520 1261 590 deciperet
1317 519 1579 575 animum
1629 518 1756 587 ejus
1803 517 1965 587 (Sap.

274 626 353 677 tv,
384 612 554 681 11).»
611 610 715 667 Cui
756 617 974 665 tantam
1029 607 1479 663 misericordiam
1536 605 1801 675 precibus
1848 618 1968 660 sua

274 699 470 755 Matris
499 688 837 768 p'rastiterat
867 696 1230 766 omnipotens
1250 696 1418 763 Deus,
1452 703 1742 766 quatenus
1771 707 1970 749 omnes

274 785 378 856 qui
409 784 516 839 hoc
545 782 832 850 audirent,
857 783 1112 839 dicerent
1150 791 1274 852 post
1311 796 1506 839 veram
1554 779 1968 836 confessionem

276 873 334 927 in
383 871 604 928 auxilio
662 879 875 927 sancta
922 871 1118 928 Maria
1155 886 1309 941 spem
1381 884 1547 926 suam
1621 868 1970 924 confidenter

238 1030 242 1034 θ
275 974 518 1031 ponere;
541 968 595 1016 et
621 960 690 1015 de
719 960 1107 1015 misericordia
1136 960 1261 1031 ejus
1286 973 1590 1029 nunquam
1622 958 1967 1027 desperaret.

277 1049 395 1104 Hoc
436 1048 784 1103 miraculum
841 1056 1090 1118 tempore
1138 1049 1332 1104 domni
1369 1047 1673 1103 Helinandi
1721 1046 1970 1116 episcopi

277 1145 500 1208 gestum
534 1136 802 1192 Lauduni
847 1151 963 1191 non
1014 1152 1187 1204 unus,
1243 1145 1344 1193 aut
1384 1137 1519 1197 duo,
1555 1136 1640 1190 vel
1675 1143 1786 1191 tres
1813 1134 1972 1190 vide-

278 1234 435 1293 runt,
478 1226 575 1282 sed
609 1233 726 1282 tota
774 1239 919 1295 pene
959 1225 1362 1281 Laudunensis
1420 1224 1622 1280 civitas
1650 1223 1967 1293 conspexit.

350 1314 667 1370 Helinando
704 1314 968 1383 episcopo
1014 1314 1285 1369 successit
1329 1314 1732 1384 Ingelrannus,
1786 1311 1967 1382 Ingel-

277 1416 460 1458 ranno
515 1402 874 1463 Gualdricus,
933 1402 1033 1471 qui
1103 1402 1411 1457 creduliter
1462 1401 1569 1457 fuit
1622 1400 1971 1469 interfectus,

276 1490 579 1547 Gualdrico
630 1492 814 1560 Hngo,
868 1490 1098 1560 Hugoni
1153 1489 1628 1555 Bartholomaus,
1695 1489 1751 1542 in
1805 1489 1976 1558 cujus

277 1580 481 1635 diebus
509 1579 809 1646 miracula,
843 1592 974 1648 qua
992 1578 1262 1648 superius
1291 1579 1571 1647 descripta
1598 1585 1753 1644 sunt,
1780 1584 1978 1632 sancta

283 1667 460 1721 Maria
508 1680 607 1736 per
658 1666 957 1721 Franciam
1001 1674 1056 1721 et
1100 1666 1366 1736 Angliam
1409 1673 1643 1735 operata
1689 1673 1791 1719 est.
1832 1663 1978 1731 Quia

2071 514 2428 570 consuetudo
2458 520 2542 570 est
2584 513 2845 585 ejusdem
2887 512 3141 569 ecclesia
3201 519 3263 568 ut
3330 519 3543 582 septem
3596 518 3797 567 custo-

2071 602 2241 658 dibus
2273 603 2391 672 ipse
2424 602 2732 658 thesaurus
2776 602 3190 667 committatur,
3244 614 3493 671 quorum
3526 607 3795 671 quatuor

2072 691 2284 757 clerici,
2318 698 2432 746 tres
2471 705 2605 746 vero
2639 698 2774 745 sunt
2810 689 2959 745 laici.
2997 689 3209 745 Videns
3242 689 3436 758 itaque
3476 688 3795 744 Anselmus

2076 778 2321 834 multum
2366 779 2473 833 sibi
2505 780 2578 834 ab
2608 780 2801 833 Οιῐιιίἰ)
2832 794 2876 831 ις
2922 778 3074 832 credi
3106 791 3178 832 ex
3219 791 3363 832 auro
3401 784 3456 832 et
3491 776 3796 846 lapidibus

2075 867 2358 937 pretiosis,
2418 866 2632 937 quibus
2670 880 2868 922 cruces
2908 865 3062 920 festis
3110 865 3313 920 diebus
3361 879 3536 934 super
3602 864 3797 920 altare

2078 956 2352 1026 ponenda
2374 956 2602 1011 fuerant
2622 963 2850 1024 operta,
2886 968 3000 1009 non
3030 953 3303 1024 exiguam
3337 961 3552 1022 partem
3580 950 3795 1006 furtim

2076 1045 2403 1114 discerpens
2442 1043 2668 1099 aurifici
2707 1043 2939 1098 cuidam
2991 1041 3270 1098 vendendi
3305 1055 3483 1096 causa
3528 1039 3794 1104 tradidit,

2080 1135 2239 1203 prius
2286 1133 2358 1188 ab
2416 1147 2481 1188 eo
2533 1140 2767 1202 accepta
2822 1131 2950 1186 fidei
3006 1132 3311 1201 sponsione
3361 1129 3515 1199 quod
3546 1127 3695 1183 nulli
3734 1144 3798 1183 se

2080 1223 2257 1292 hujus
2291 1222 2370 1276 rei
2406 1223 2578 1277 fuisse
2608 1229 2897 1277 auctorem
2947 1219 3294 1290 propalaret.
3328 1218 3434 1274 Sed
3466 1231 3596 1272 cum
3637 1216 3796 1270 idem

2079 1308 2305 1364 aurifex
2339 1322 2552 1364 aurum
2586 1308 2727 1363 illud
2753 1309 2873 1363 sive
2901 1308 3116 1377 lapides
3141 1306 3460 1362 Suessionis
3491 1304 3795 1369 venderet,

2082 1406 2228 1453 nutu
2260 1397 2354 1451 Dei
2410 1396 2672 1451 canonici
2705 1396 3114 1451 Laudunenses
3143 1396 3615 1465 supervenientes
3659 1393 3795 1448 auri

2081 1484 2405 1554 sculpturas
2484 1492 2961 1555 recognoverunt,
3026 1492 3081 1539 et
3147 1486 3338 1539 statim
3423 1481 3797 1553 querimonia

2083 1574 2231 1629 facta
2274 1574 2569 1643 prafatum
2618 1573 2914 1629 auriﬁcem
2951 1587 2985 1628 a
3013 1572 3207 1643 judice
3265 1570 3673 1642 comprehendi
3709 1571 3797 1626 fe-

2083 1660 2306 1708 cerunt.
2356 1652 2458 1707 Ille
2523 1651 2991 1721 comprehensus,
3057 1662 3231 1722 atque
3291 1649 3651 1720 perterritus,
3717 1650 3793 1703 ab

278 1768 419 1810 vero
466 1731 710 1810 rélatum
761 1762 845 1810 est
890 1731 1235 1809 miraculuﬁ]
1282 1731 1737 1823 quodvtempore
1775 1751 1973 1807 damni
2014 1731 2055 1784 Β
2086 1741 2351 1796 Anselmo
2380 1741 2487 1796 sibi
2526 1754 2591 1796 ea
2641 1739 2852 1795 tradita
2905 1740 3079 1795 fuisse
3127 1739 3421 1795 confessus
3476 1745 3576 1793 est.
3630 1737 3795 1793 Unde

280 1842 583 1899 Helinandi
630 1851 827 1898 sancta
870 1844 1051 1897 Maria
1098 1841 1539 1899 misericorditer
1557 1840 1705 1911 [fecit
1753 1839 1811 1894 in
1840 1854 1976 1895 mu-

276 1931 435 1998 liere,
483 1946 614 2000 qua
661 1931 998 2001 suppliciter
1056 1944 1182 1986 eam
1224 1930 1530 1998 invocavit,
1601 1943 1759 1984 nunc
1803 1928 1975 1984 etiam

279 2018 565 2074 referatur
618 2018 901 2074 mirabilis
951 2018 1225 2084 vindicta,
1274 2031 1452 2087 quam
1500 2017 1758 2072 exercuit
1804 2029 1978 2085 super

277 2107 587 2177 quemdam
628 2107 836 2168 furem,
904 2107 1005 2177 qui
1057 2120 1296 2162 manum
1351 2106 1421 2160 ad
1461 2106 1588 2176 ejus
1639 2106 1976 2161 thesaurum

273 2194 579 2250 extendere
613 2194 996 2265 prasumpsit.

560 2282 693 2339 CAP.
718 2284 980 2340 XXVIII.
1015 2312 1083 2323 —
1109 2283 1192 2337 De
1199 2282 1375 2351 furto
1404 2280 1689 2336 Anselmi.

350 2369 630 2426 Prafatus
690 2370 937 2426 domnus
984 2370 1437 2425 Bartholomaus
1497 2367 1817 2438 episcopus,
1862 2381 1977 2422 non

282 2458 464 2514 multo
536 2466 661 2528 post
722 2457 1209 2513 consecrationem
1256 2469 1418 2512 suam
1480 2456 1623 2511 vidit
1662 2456 1719 2510 in
1768 2455 1981 2510 somnis

281 2546 437 2615 quod
466 2554 642 2602 staret
670 2559 839 2615 super
865 2545 1153 2615 pulpitum
1176 2545 1233 2599 in
1256 2545 1460 2615 majori
1489 2543 1726 2600 ecclesia
1756 2544 1976 2599 Sancta

280 2634 475 2692 Maria
506 2649 636 2691 cum
671 2634 1020 2705 quibusdam
1074 2633 1295 2689 clericis
1337 2631 1475 2699 suis,
1521 2647 1798 2702 versaque
1837 2631 1979 2687 facie

281 2724 355 2779 ad
400 2725 613 2794 januas
665 2722 975 2792 aspiciebat
1036 2723 1094 2777 in
1155 2722 1338 2777 medio
1381 2722 1650 2790 ecclesia,
1699 2720 1866 2791 quasi
1904 2733 1978 2775 ex

282 2812 536 2882 quodam
567 2818 732 2867 terra
756 2811 920 2866 hiatu
967 2810 1163 2866 lumen
1201 2808 1726 2880 splendidissimum
1776 2822 1977 2879 proce-

258 2900 437 2966 ‘dere,
488 2907 782 2969 totamque
834 2899 1149 2965 ecclesiam,
1219 2899 1357 2969 quia
1396 2912 1510 2953 nox
1560 2904 1701 2965 erat,
1749 2896 1977 2953 mirabi-

2082 1829 2434 1884 Laudunum
2483 1828 2774 1894 reductus,
2821 1835 2876 1882 et
2916 1837 3115 1883 contra
3163 1827 3504 1882 Anselmum
3548 1826 3675 1881 hac
3704 1840 3780 1880 ne

2084 1925 2335 1989 gantem,
2366 1917 2541 1973 duelli
2570 1918 2882 1972 certamine
2921 1930 3281 1986 congressus,
3313 1913 3578 1985 protinus
3609 1928 3794 1983 supe-

2085 2013 2246 2062 ratus
2274 2013 2328 2060 et
2369 2005 2556 2060 victus
2598 2012 2698 2071 est,
2735 2004 2969 2060 forsitan
3004 2013 3065 2059 ut
3117 2003 3280 2059 multi
3327 2009 3630 2072 putarunt,
3690 2016 3794 2072 pro

2086 2094 2215 2150 fidei
2265 2094 2489 2150 violata
2529 2102 2692 2149 reatu
2721 2094 2851 2162 (60),
2904 2107 3023 2163 qua
3070 2093 3407 2161 promiserat
3452 2090 3642 2146 eidem
3668 2090 3790 2145 An-

2083 2183 2260 2239 selmo
2290 2183 2445 2253 quod
2475 2197 2608 2239 eum
2637 2197 2750 2238 non
2781 2182 3084 2248 detegeret.

2156 2271 2263 2325 Pro
2294 2270 2401 2325 hac
2426 2284 2563 2340 ergo
2595 2269 2830 2325 victoria
2877 2268 3184 2324 Anselmus
3214 2267 3383 2323 nimis
3403 2266 3610 2333 elatus,
3653 2266 3792 2337 quia

2085 2358 2194 2414 sibi
2225 2360 2491 2414 conscius
2537 2365 2679 2425 erat,
2744 2366 2799 2414 et
2851 2371 2910 2414 se
2955 2357 3174 2412 furtum
3229 2356 3444 2422 fecisse,
3490 2365 3548 2411 et
3596 2364 3791 2410 tamen

2086 2446 2487 2503 adversarium
2530 2459 2851 2517 superasse,
2886 2445 3248 2515 multamque
3297 2445 3529 2500 laudem
3570 2444 3649 2499 ab
3681 2444 3793 2498 ho-

2086 2535 2357 2601 minibus,
2393 2536 2492 2606 qui
2524 2550 2583 2591 se
2633 2535 2988 2591 innocentem
3036 2548 3157 2589 esse
3200 2533 3548 2600 clamabant,
3592 2533 3795 2602 acqui-

2085 2625 2240 2691 sisse,
2271 2624 2343 2679 ad
2369 2625 2587 2694 majora
2620 2625 2882 2680 securius
2935 2623 3216 2693 patranda
3266 2629 3632 2692 provocatur,
3673 2621 3796 2691 plu-

2084 2713 2363 2782 rimisque
2421 2712 2587 2768 terris
2642 2725 2710 2767 ac
2765 2711 2949 2767 vineis
3000 2711 3235 2767 ditatur.
3288 2711 3548 2765 Domnus
3598 2718 3794 2765 tamen

2085 2800 2290 2867 Guido,
2332 2802 2430 2870 qui
2476 2801 2875 2857 Laudunensis
2899 2800 3149 2856 ecclesia
3182 2800 3582 2855 thesaurarius
3616 2799 3792 2854 simul

2085 2897 2139 2945 et
2200 2889 2645 2945 archidiaconus
2697 2896 2840 2954 erat,
2882 2888 3210 2959 suspicione
3266 2887 3517 2958 quadam
3590 2895 3795 2942 contra

282 2988 413 3043 liter
434 2986 730 3043 irradiare.
782 2987 909 3042 Post
948 2987 1143 3042 lumen
1187 2989 1357 3043 etiam
1418 2986 1879 3057 subsequebatur
1905 2999 1978 3040 ex
2019 2992 2219 3083 Ceum
2273 2978 2552 3048 pulsatus,
2621 2978 2735 3034 imo
2785 2977 3073 3033 furtorum
3121 2978 3247 3048 ejus
3289 2984 3498 3043 certus,
3548 2976 3795 3032 removit

283 3075 481 3132 eodem
510 3083 675 3131 terra
705 3075 887 3143 hiatu,
937 3075 1095 3131 velut
1121 3075 1260 3131 odor
1289 3075 1531 3130 balsami
1580 3073 1978 3139 suavissimus,

287 3178 403 3235 quo
437 3172 552 3219 tam
584 3164 722 3234 ipse,
756 3178 932 3234 quam
976 3172 1417 3221 circumstantes
1471 3163 1880 3219 incredibiliter
1931 3166 1986 3219 et

289 3251 629 3308 mirabiliter
659 3252 1086 3309 recreabantur.
1113 3255 1255 3308 Cum
1290 3265 1422 3307 vero
1448 3252 1751 3321 episcopus
1790 3264 1985 3307 secum

291 3341 500 3410 positos
540 3342 886 3407 hortaretur,
918 3342 989 3397 ad
1024 3342 1290 3398 eumdem
1334 3349 1497 3395 terra
1556 3340 1781 3395 hiatum
1827 3352 1986 3394 acce-

292 3429 447 3497 dere,
505 3429 747 3500 etquid
793 3438 940 3485 esset
1004 3430 1304 3499 inspicere,
1366 3428 1461 3483 sed
1526 3428 1725 3484 nullus
1786 3441 1989 3484 eorum

291 3530 466 3586 super
495 3516 602 3572 hoc
628 3517 681 3572 ei
708 3515 879 3573 vellet
906 3517 1321 3587 obtemperare,
1347 3516 1463 3587 ipse
1493 3517 1649 3572 solus
1685 3518 1792 3573 sibi
1836 3516 1989 3572 vide-

292 3604 466 3660 batur
517 3604 587 3659 de
648 3605 867 3674 pulpito
915 3604 1274 3670 descendere,
1326 3612 1501 3675 atque
1554 3604 1689 3661 illuc
1736 3604 1986 3661 tendere.

294 3691 402 3748 Sed
460 3707 594 3748 cum
636 3693 758 3764 jam
806 3707 980 3763 prope
1018 3701 1180 3760 esset,
1224 3693 1370 3748 sicut
1397 3693 1572 3762 Moysi
1602 3694 1894 3763 quondam
1919 3692 1991 3748 ad

295 3781 513 3837 rubum
542 3780 957 3851 inspiciendum
1011 3780 1336 3850 properanti
1370 3781 1594 3836 dixerat
1626 3782 1814 3836 Deus:
1853 3800 1881 3832 ‹‹
1911 3781 1992 3837 Ne

298 3870 727 3939 appropinques
799 3868 934 3935 huc,
994 3868 1155 3924 locus
1201 3869 1356 3924 enim
1406 3870 1462 3924 iu
1522 3884 1641 3939 quo
1681 3876 1796 3924 stas
1844 3877 1995 3925 terra

301 3967 500 4013 sancta
517 3964 625 4027 gest
650 3957 859 4026 (Exod.
911 3972 1000 4023 ιιι,
1028 3957 1104 4025 5).
1143 3977 1164 4006 ι
1199 3958 1284 4013 Ita
1322 3966 1375 4014 et
1406 3959 1708 4027 episcopus
1734 3958 1804 4013 de
1857 3964 1995 4014 inte-

299 4047 548 4101 rioribus
581 4045 852 4101 audiebat
882 4059 1076 4100 vocem
1126 4045 1232 4101 sibi
1265 4045 1539 4102 dicentem
1568 4060 1580 4099 :
1619 4047 1739 4101 Non
1798 4046 1996 4117 ingre-

299 4135 479 4190 diaris
508 4134 641 4201 huc,
685 4134 961 4204 quoniam
1009 4135 1160 4191 Deus
1205 4135 1568 4204 omnipotens
1600 4135 1656 4189 in
1676 4135 1796 4205 ipsa
1823 4150 1996 4192 carne

301 4236 409 4277 sua
435 4229 489 4278 et
517 4222 745 4277 ossibus
795 4221 887 4277 hic
918 4236 1169 4292 prasens
1197 4227 1302 4288 est,
1342 4231 1397 4279 et
1429 4223 1645 4291 nullus,
1680 4224 1781 4294 qui
1813 4225 1994 4280 Deum

2091 3080 2223 3122 eum
2252 3066 2324 3122 ab
2354 3066 2537 3122 officio
2567 3081 2692 3134 suo,
2726 3066 2781 3121 id
2814 3074 2897 3122 est
2927 3079 2961 3120 a
2989 3066 3249 3121 custodia
3281 3065 3554 3121 thesauri.
3584 3064 3794 3132 Quam-

2092 3154 2287 3211 obrem
2364 3155 2670 3211 Anselmus
2748 3155 2926 3210 nimia
2988 3163 3308 3210 commotus
3376 3155 3481 3215 ira,
3531 3161 3586 3209 et
3648 3168 3791 3223 pene

2096 3243 2407 3311 insaniens,
2450 3244 2638 3300 locum
2666 3251 2721 3300 et
2742 3252 2968 3314 tempus
3006 3257 3065 3299 se
3093 3243 3162 3299 de
3186 3257 3252 3298 eo
3283 3242 3616 3298 vindicandi
3645 3256 3791 3312 qua—

2097 3329 2275 3387 rebat‘.

2166 3423 2309 3474 558
2360 3419 2580 3476 Accidit
2642 3421 2859 3476 interea
2924 3427 2989 3476 ut
3066 3418 3241 3475 Sibila
3284 3417 3592 3484 comitissa,
3642 3431 3793 3473 uxor

2098 3508 2427 3579 Ingelranni
2470 3508 2811 3565 nobilissimi
2860 3507 3130 3579 principis
3177 3508 3246 3563 de
3294 3508 3436 3563 Fera
3467 3506 3687 3578 (vulgo,
3733 3506 3793 3559 ια

2099 3595 2287 3665 Fere),
2346 3597 2516 3667 plura
2569 3612 2708 3654 vasa
2767 3611 2944 3654 aurea
2994 3604 3049 3653 et
3104 3605 3373 3668 argentea
3414 3596 3474 3651 in
3531 3596 3797 3651 thesauro

2100 3686 2322 3743 Sancta
2390 3685 2583 3743 Maria
2656 3692 2971 3756 reponeret,
3030 3694 3259 3754 propter
3316 3683 3419 3739 loci
3472 3683 3800 3738 firmitatem

2102 3775 2363 3831 securius
2406 3775 2707 3830 servanda.
2760 3774 2895 3829 lnde
2953 3787 3089 3844 ergo
3150 3773 3457 3828 Anselmus
3503 3771 3801 3828 occasione
3892 3844 3893 3853 χ

2102 3872 2352 3935 sumpta,
2385 3865 2655 3936 cogitavit
2678 3864 2876 3920 eadem
2915 3877 3056 3919 vasa
3103 3862 3307 3928 furari,
3354 3869 3647 3931 quatenus
3704 3860 3805 3916 sci-
3892 3860 3893 3885 λ

2104 3953 2233 4009 licet
2278 3952 2564 4008 comitissa
2607 3951 2909 4022 prafatum
2947 3950 3289 4015 Guidonem,
3338 3951 3446 4005 sub
3492 3950 3665 4019 cujus
3712 3964 3806 4005 cu-

2104 4042 2287 4098 stodia
2306 4041 2617 4097 thesaurus
2645 4040 3006 4107 servabatur,
3047 4040 3116 4095 de
3152 4039 3246 4094 tali
3290 4038 3444 4094 furto
3476 4038 3801 4104 infamaret,

2106 4143 2361 4199 vasaque
2389 4143 2496 4184 sua
2538 4130 2611 4185 ab
2653 4143 2718 4184 eo
2760 4137 3056 4199 repeteret.
3088 4128 3261 4184 Nocte
3316 4128 3494 4199 igitur
3545 4126 3804 4197 quadam

2105 4218 2256 4274 circa
2291 4218 2668 4288 Epiphaniam
2706 4218 2931 4273 Domini
2960 4225 3119 4273 tanta
3147 4218 3235 4272 vis
3256 4216 3557 4287 grandinis
3593 4224 3649 4271 et
3680 4216 3805 4285 plu-

302 4309 493 4366 videat
522 4310 908 4380 corporaliter,
961 4313 1061 4368 diu
1100 4315 1292 4370 vivere
1338 4321 1537 4383 potest.
1590 4315 1716 4383 Ipsa
1764 4327 1999 4383 quoque
2040 4306 2214 4363 Dvia
2242 4315 2418 4376 atque
2446 4314 2754 4362 ventorum
2797 4305 3086 4362 inhorruit
3133 4313 3196 4361 ut
3242 4305 3311 4361 de
3351 4307 3518 4360 domo
3560 4317 3672 4360 sua
3703 4306 3805 4359 vix

302 4405 501 4455 sancta
534 4400 709 4455 Maria
756 4408 937 4456 mater
983 4401 1111 4472 ejus
1158 4403 1252 4458 hic
1298 4416 1550 4472 prasens
1588 4410 1672 4458 est
1696 4417 1828 4458 cum
1860 4403 1996 4470 Deo,

301 4496 355 4544 et
388 4488 623 4544 mandat
652 4489 751 4545 tibi
780 4490 935 4560 quod
965 4489 1108 4546 latro
1137 4505 1280 4547 suus
1306 4490 1592 4560 capiatur,
1628 4490 1998 4562 pracipitque

303 4576 407 4632 tibi
457 4585 520 4633 ut
573 4591 687 4632 non
731 4592 865 4634 eum
908 4578 1065 4634 abire
1123 4578 1439 4648 permittas,
1472 4579 1569 4634 sed
1606 4579 1890 4649 justitiam
1928 4580 1997 4635 de

301 4680 367 4721 eo
417 4665 611 4722 facias.
671 4665 977 4722 Confestim
1033 4666 1334 4736 episcopus
1376 4667 1690 4737 evigilavit,
1746 4675 1800 4723 et
1856 4667 1997 4737 quid

302 4754 409 4809 sibi
477 4754 811 4825 hujusmodi
881 4752 1027 4809 visio
1102 4753 1386 4822 innueret,
1454 4755 1741 4811 multoties
1801 4770 1996 4812 secum

302 4843 641 4898 admirando
670 4842 879 4898 tacitus
906 4841 1252 4897 revolvebat.

373 4930 514 4986 Erat
557 4937 698 4986 tunc
734 4929 1008 4998 temporis
1054 4929 1111 4985 in
1142 4929 1288 4986 urbe
1337 4930 1706 4987 Laudunensi
1757 4932 1996 5001 quidam

301 5019 628 5087 Anselmus,
677 5025 1052 5089 cognomento
1107 5018 1365 5086 Beessus,
1434 5019 1535 5090 qui
1579 5035 1638 5075 se
1672 5019 1998 5075 simulando

301 5107 634 5179 religiosum
686 5120 802 5162 non
859 5119 1066 5176 parum
1123 5107 1196 5163 ab
1242 5108 1512 5163 omnibus
1567 5107 1917 5176 laudabatur
1942 5115 1999 5163 et

302 5196 716 5261 honorabatur,
759 5195 874 5263 sed,
908 5202 971 5251 ut
994 5209 1067 5251 ex
1098 5196 1211 5251 fine
1254 5196 1460 5266 patuit,
1493 5195 1660 5267 longe
1687 5195 1843 5250 aliud
1875 5202 1998 5250 erat

303 5284 360 5340 in
384 5284 553 5340 corde
582 5296 759 5354 quam
787 5282 1046 5339 homines
1069 5283 1325 5340 viderent
1355 5284 1413 5338 in
1458 5283 1618 5339 facie.
1669 5283 1815 5339 Huic
1858 5297 1996 5353 ergo

302 5387 400 5443 pro
431 5372 705 5443 religione
742 5386 850 5428 sua
880 5372 1186 5428 thesaurus
1228 5372 1476 5428 ecclesia
1532 5371 1855 5427 servandus
1884 5379 1998 5427 tra-

2109 4395 2319 4466 aliquis
2348 4402 2533 4465 posset
2580 4395 2795 4465 egredi.
2855 4394 3017 4449 Illam
3059 4403 3279 4449 noctem
3312 4402 3474 4449 ratus
3496 4393 3806 4449 Anselmus

2103 4492 2485 4554 opportunam
2541 4484 2659 4539 fore
2702 4483 3000 4553 explenda
3030 4483 3305 4552 nequitia
3334 4482 3436 4537 diu
3492 4482 3801 4546 meditata,

2106 4572 2328 4629 cunctis
2391 4573 2602 4629 scilicet
2651 4573 2802 4628 intra
2845 4572 3044 4628 domos
3093 4571 3326 4637 clausis,
3397 4584 3501 4626 nec
3546 4570 3803 4641 aliquem

2105 4664 2354 4718 sonitum
2381 4660 2488 4716 nisi
2518 4661 2697 4717 solius
2718 4662 2869 4716 venti
2897 4661 3098 4715 audire
3123 4658 3465 4724 valentibus,
3493 4659 3807 4729 assumptis
3892 4658 3893 4727 ξ

2104 4750 2362 4807 celeriter
2389 4750 2557 4806 scalis
2584 4759 2639 4807 et
2670 4750 2970 4816 machinis,
3013 4751 3134 4819 jam
3186 4748 3356 4819 longe
3385 4747 3549 4818 prius
3583 4762 3802 4817 prapa-

2105 4841 2264 4907 ratis,
2289 4848 2504 4895 turrem
2536 4840 2595 4895 in
2626 4853 2745 4910 qua
2768 4838 3075 4894 thesaurus
3124 4837 3339 4907 positus
3368 4844 3494 4893 erat
3523 4837 3804 4895 .velociter

2104 4926 2451 4995 conscendit,
2490 4934 2544 4982 et
2591 4934 2713 4982 arte
2753 4926 2962 4982 callida
3013 4925 3367 4996 perforatum
3429 4924 3643 4980 ostium
3716 4925 3800 4980 in-

2105 5016 2383 5087 greditur,
2422 5017 2620 5071 omnia
2672 5015 2909 5085 prafata
2983 5028 3124 5070 vasa
3180 5014 3483 5070 comitissa
3531 5027 3716 5070 aurea
3750 5023 3803 5069 et

2106 5112 2378 5177 argentea
2435 5104 2679 5160 furatur.
2728 5103 2979 5159 Cernens
3018 5109 3210 5159 autem
3240 5115 3473 5158 saccum
3521 5116 3698 5158 suum
3746 5103 3800 5157 in

2105 5208 2222 5265 quo
2267 5207 2336 5249 ea
2382 5200 2667 5263 posuerat,
2709 5191 2955 5248 necdum
3004 5191 3123 5248 fore
3179 5190 3436 5260 plenum,
3489 5190 3803 5261 nolensque

2108 5282 2269 5338 illum
2317 5296 2390 5337 ex
2450 5281 2649 5352 aliqua
2713 5289 2872 5351 parte
2941 5294 3236 5337 remanere
3308 5292 3582 5347 vacuum,
3635 5282 3799 5337 mittit

2105 5385 2344 5427 manum
2401 5371 2474 5427 ad
2535 5370 2786 5428 ecclesia
2840 5370 3197 5426 thesaurum.
3247 5369 3460 5424 Textus
3529 5369 3803 5439 pretiosos

370 5530 486 5602 (60)
541 5528 807 5586 Violatur
861 5529 1101 5587 minime
1140 5529 1280 5586 fides
1326 5529 1466 5587 dum
1513 5528 1773 5586 criminis
1812 5528 2002 5586 socius
2038 5528 2349 5586 revelatur.
