3932 6084
228 185 364 239 1013

1004 182 1371 240 HERMANNI
1410 184 1502 241 DE
1541 183 1780 241 MIRAC.
1821 186 1879 242 S.
1922 184 2164 240 MARIIE
2200 182 2510 241 LAUDUN.
2552 208 2623 223 ι-
2670 184 2797 239 LIB.
2847 184 2945 239 III.

3597 183 3731 238 1014

223 326 372 368 auro
395 319 452 368 et
488 313 729 384 gemmis
758 321 987 383 opertos
1030 313 1363 386 confringit,
1406 322 1462 371 et
1484 314 1661 371 libros
1687 313 1921 384 quidem
1958 318 2005 371 Α
2030 313 2240 370 mutari
2266 313 2588 384 episcopus,
2620 326 2926 383 nunquam
2956 312 3109 369 enim
3140 312 3231 370 vel
3262 319 3451 381 antea,
3484 312 3574 369 vel
3604 321 3726 384 post

220 400 487 471 reliquit;
537 415 749 457 aurum
806 415 938 458 vero
967 416 1099 458 cum
1142 403 1385 472 gemmis
1430 417 1593 459 sacco
1642 403 1918 459 recondit.

221 488 591 546 Postmodum
654 503 855 545 cruces
901 502 1109 545 aureas
1160 498 1216 545 et
1265 490 1615 561 phylacteria
1667 491 1920 548 confrin-

221 591 380 648 gens,
416 576 563 632 inter
591 584 796 632 cwtera
821 584 876 632 et
903 577 1076 632 etiam
1104 592 1279 633 unam
1308 578 1635 634 columbam
1681 592 1920 634 auream

220 665 525 736 confregit,
560 679 692 735 quze
723 678 828 735 pro
862 665 1006 720 lacte
1035 673 1089 721 et
1121 666 1342 735 capillis
1369 675 1581 723 sanctae
1611 667 1825 732 Mariae,
1856 674 1921 722 ut

220 751 535 820 ferebatur,
590 753 877 809 introrsus
924 754 1231 810 reconditis
1262 755 1509 811 multum
1552 763 1676 811 erat
1703 755 1919 810 famosa

219 848 275 895 et
330 840 699 908 honorabilis,
750 841 905 897 unde
948 849 1004 897 et
1055 840 1112 896 in
1171 843 1486 912 majoribus
1533 842 1687 898 festis
1745 856 1920 912 super

220 928 349 999 ejus
399 929 579 984 altare
632 929 849 985 solebat
906 929 1173 998 appendi.
1228 929 1408 984 Tanto
1467 927 1646 998 igitur
1702 928 1919 998 talique

220 1018 490 1073 thesauro
511 1030 744 1073 saccum
771 1016 1048 1087 repletum
1077 1016 1339 1072 deferens
1356 1016 1671 1083 descendit,
1702 1016 1919 1085 ipsum-

221 1120 337 1176 que
370 1120 600 1162 saccum
653 1120 769 1161 non
804 1106 863 1160 in
895 1105 1061 1160 domo
1107 1118 1235 1167 sua,
1285 1104 1381 1159 sed
1414 1111 1579 1159 extra
1626 1103 1826 1159 urbem
1858 1102 1915 1157 in

220 1192 345 1249 loco
375 1201 508 1250 ante
535 1193 764 1264 proviso
793 1201 848 1249 et
881 1200 1204 1263 praeparato
1230 1191 1544 1247 abscondit.

293 1281 467 1338 Nocte
506 1281 808 1337 tenebrosa
843 1280 1201 1350 pluvialique
1229 1288 1400 1335 vento
1435 1278 1751 1343 recedente,
1781 1290 1915 1332 cum

217 1368 438 1425 effracti
495 1369 620 1424 ostii
668 1377 724 1424 et
781 1369 988 1438 direpti
1045 1368 1298 1424 thesauri
1356 1367 1525 1438 signa
1577 1364 1912 1436 patuissent,

218 1457 409 1514 subito
456 1465 570 1513 tam
627 1456 772 1512 tristi
810 1464 1017 1512 nuntio
1062 1465 1176 1511 tota
1230 1455 1432 1510 civitas
1465 1454 1756 1513 turbatur,
1811 1464 1917 1505 nec

220 1546 415 1603 minus
463 1547 590 1603 laici
624 1560 802 1617 quam
846 1546 1032 1603 clerici
1077 1546 1529 1613 contristantur;
1561 1552 1616 1601 et
1665 1541 1916 1598 amarior

218 1648 334 1689 nox
364 1635 447 1690 eis
476 1634 846 1704 supervenire
876 1632 1123 1689 videtur.
1157 1634 1243 1689 Ad
1272 1633 1600 1703 episcopum
1634 1632 1909 1697 curritur,

217 1720 468 1791 lugubre
522 1722 733 1777 factum
794 1720 1057 1777 refertur.
1124 1722 1441 1791 Episcopus
1493 1736 1665 1791 super
1714 1734 1913 1776 omnes

218 1812 394 1866 nimio
426 1824 664 1866 mcerore
693 1811 1041 1877 concutitur,
1080 1811 1353 1880 quoniam
1388 1811 1714 1878 thesaurus,
1739 1823 1912 1880 quem

218 1901 371 1956 Deus
394 1900 454 1955 in
486 1900 658 1956 totius
690 1900 867 1967 urbis,
896 1907 951 1955 et
994 1900 1173 1968 ipsius
1201 1899 1453 1956 ecclesiae
1486 1898 1746 1954 incendio
1776 1906 1912 1953 ante

217 2002 433 2059 paucos
469 2002 652 2044 annos
699 1996 1048 2055 servaverat,
1096 2003 1254 2044 nunc
1297 1989 1537 2045 latenter
1567 1996 1621 2044 et
1669 1987 1911 2042 misera-

218 2076 408 2133 biliter
453 2077 709 2146 perditus
742 2077 944 2132 fuerat.
983 2078 1253 2132 Protinus
1278 2092 1414 2148 ergo
1462 2076 1745 2148 generalis
1776 2088 1914 2130 con-

215 2175 426 2221 ventus
476 2166 886 2222 canonicorum
951 2173 1006 2221 et
1063 2166 1275 2220 civium
1329 2172 1697 2221 convocatur.
1762 2162 1911 2228 Quid

218 2269 365 2324 opus
394 2254 466 2310 sit
514 2254 661 2309 facto
711 2254 1039 2321 discutitur,
1071 2261 1126 2309 et
1159 2269 1274 2323 prae
1320 2253 1592 2309 omnibus
1643 2253 1914 2322 magister

215 2342 538 2407 Anselmus,
579 2351 720 2397 tunc
755 2341 1027 2411 temporis
1071 2345 1244 2397 totius
1277 2342 1436 2397 urbis
1485 2342 1733 2402 lucerna,
1769 2354 1909 2395 con-

215 2430 448 2485 sulitur.
498 2430 595 2485 ille
646 2437 708 2486 ut
762 2430 975 2485 divinae
1010 2430 1150 2501 legis
1198 2430 1593 2499 peritissimus,
1635 2427 1910 2484 continuo

213 2517 383 2572 Josue
415 2517 647 2587 replicat
680 2516 995 2583 historiam,
1040 2517 1325 2586 quomodo
1355 2516 1565 2572 scilicet
1596 2516 1815 2571 furtum
1850 2514 1908 2568 in

211 2608 452 2675 Jericho,
504 2607 664 2664 nullo
709 2609 920 2664 sciente
966 2609 1198 2671 factum,
1253 2610 1531 2663 Dominus
1577 2607 1746 2678 jussit
1793 2605 1909 2661 fore

214 2695 495 2766 perquiri,
550 2696 733 2766 primo
766 2710 868 2766 per
915 2696 1120 2759 tribus,
1162 2695 1366 2751 deinde
1416 2709 1514 2765 per
1569 2692 1813 2749 familias
1842 2705 1909 2747 ac

211 2785 422 2845 domos,
447 2785 518 2839 ad
544 2784 812 2840 ultimum
836 2785 1167 2854 singillatim
1194 2799 1293 2854 per
1321 2784 1471 2840 viros
1488 2784 1640 2853 (λοι.
1672 2798 1769 2850 vn,
1794 2780 1903 2850 14).

2032 403 2177 458 idem
2211 402 2464 473 pontifex
2495 402 2766 457 inventus
2794 409 2878 458 est
2910 403 3174 473 pertinax
3210 403 3266 457 in
3298 401 3496 472 aliquo
3525 399 3722 469 fuisse,

2029 492 2125 548 sed
2172 506 2395 562 semper
2445 490 2710 560 precibus
2740 497 2842 545 aut
2892 490 3057 547 dictis
3096 490 3341 545 aliorum
3374 503 3408 544 a
3435 504 3542 545 sua
3588 504 3725 547 sen-

2029 579 2205 635 tentia
2236 579 2397 634 facile
2441 578 2588 634 ﬂecti
2619 579 2933 634 consuevit.
2974 579 3036 632 ln
3068 578 3177 633 hac
3210 591 3347 633 vero
3388 577 3507 633 sola
3547 591 3725 633 causa

2027 675 2199 724 tantae
2254 668 2360 724 fuit
2416 667 2751 723 constantiae
2813 670 2897 728 ut,
2947 680 3080 721 cum
3133 665 3333 721 nullus
3389 665 3719 721 Anselmum

2025 765 2347 825 accusaret,
2414 757 2525 812 imo
2577 770 2718 827 pene
2774 757 2965 812 cuncti
3019 763 3220 810 contra
3286 754 3616 825 episcopum
3669 755 3723 810 ei

2026 844 2303 909 faverent,
2355 845 2452 900 Dei
2504 851 2694 899 tamen
2728 851 2878 898 nutu
2926 842 3085 898 nullo
3134 841 3298 897 modo
3348 842 3420 897 ad
3466 855 3596 897 eum
3629 841 3722 897 di-

2026 932 2366 987 mittendum
2398 932 2546 987 ﬂecti
2582 931 2847 1000 potuerit.

2093 1021 2238 1075 Cum
2276 1034 2412 1091 ergo
2441 1019 2649 1089 praesul
2693 1031 2825 1074 eum
2872 1016 3147 1073 custodiri
3197 1032 3381 1087 usque
3412 1017 3483 1072 ad
3528 1017 3721 1086 praeli—

2022 1106 2198 1163 nitam
2252 1108 2402 1163 diem
2453 1107 2738 1163 examinis
2796 1106 3078 1177 jussisset,
3145 1107 3383 1176 quidam
3444 1105 3606 1173 miles
3663 1105 3715 1160 ei

2024 1196 2388 1252 vehementer
2439 1196 2675 1264 favens,
2750 1195 2979 1250 nomine
3034 1194 3417 1261 Guillermus,
3496 1193 3721 1263 rogavit

2021 1284 2356 1354 episcopum
2414 1292 2478 1340 ut
2527 1299 2659 1340 eum
2719 1282 2823 1339 sibi
2886 1282 3236 1339 servandum
3302 1281 3716 1347 committeret,

2022 1372 2221 1442 sicque
2251 1373 2322 1427 ad
2357 1373 2593 1428 domum
2641 1385 2806 1428 suam
2838 1385 2902 1426 eo
2942 1371 3287 1425 concedente
3314 1368 3479 1424 illum
3527 1368 3715 1423 duxit.

2025 1460 2129 1517 Ubi
2166 1461 2306 1516 dum
2346 1469 2694 1528 servaretur,
2747 1459 2999 1530 quadam
3042 1466 3205 1514 nocte
3255 1471 3355 1513 vas
3394 1456 3716 1512 maximum

2023 1563 2179 1620 aqua
2209 1549 2455 1620 impleri,
2487 1530 2669 1620 seque
2694 1549 2752 1604 in
2781 1562 2846 1604 eo
2885 1547 3128 1619 ligatum
3162 1545 3291 1602 fecit
3329 1545 3556 1615 deponi,
3588 1552 3719 1600 ten-

1951 1609 1995 1666 Β
2026 1609 2144 1694 tare
2185 1609 2399 1694 scilicet
2434 1609 2627 1693 volens
2657 1644 2852 1693 utrum
2885 1609 2961 1692 inv
2975 1650 3131 1706 aqua
3164 1642 3314 1691 totus
3361 1640 3720 1705 mergeretur

2022 1740 2097 1782 an
2152 1734 2570 1797 supernataret.
2621 1728 2763 1783 Cum
2823 1739 2956 1782 vero
2994 1740 3053 1781 se
3103 1725 3227 1781 sine
3280 1724 3400 1781 ulla
3447 1723 3721 1779 dilatione

2020 1814 2253 1871 vidisset
2283 1815 2355 1871 ab
2383 1828 2540 1884 aqua
2565 1821 2853 1884 receptum
2885 1812 3075 1881 fuisse,
3110 1821 3165 1868 et
3194 1813 3265 1867 ad
3288 1812 3440 1868 vasis
3471 1810 3718 1875 fundum

2018 1903 2363 1972 pervenisse,
2405 1903 2764 1959 exhilaratus
2811 1900 2957 1957 dixit
3002 1915 3062 1957 se
3114 1900 3256 1956 nihil
3287 1900 3440 1956 ultra
3490 1900 3710 1963 timere,

2020 1991 2116 2048 sed
2145 1999 2345 2062 sponte
2380 1992 2436 2046 in
2483 2004 2699 2061 aquam
2745 1989 3146 2061 ingressurum
3183 1988 3319 2044 fore.
3366 1987 3514 2055 Quid
3559 1990 3710 2041 550

2021 2080 2249 2151 longius
2307 2079 2547 2135 moror?
2597 2079 2757 2135 Venit
2809 2078 2928 2134 dies
2974 2077 3302 2144 constituta,
3361 2074 3599 2131 conﬂuit
3642 2074 3715 2129 ad

2018 2167 2315 2225 ecclesiam
2367 2168 2673 2224 innumera
2713 2166 3021 2223 multitudo
3051 2165 3413 2229 clericorum,
3445 2162 3714 2229 militum,

2017 2264 2073 2313 et
2125 2256 2473 2313 rusticorum
2523 2256 2735 2311 diversi
2792 2269 2967 2312 sexus
3012 2263 3065 2311 et
3113 2254 3297 2310 aetatis
3348 2253 3610 2323 juvenes,
3661 2258 3717 2306 et

2019 2345 2309 2416 virgines,
2380 2359 2539 2400 senes
2594 2357 2726 2399 cum
2784 2342 3117 2414 junioribus
3179 2342 3451 2397 invocant
3504 2353 3711 2394 nomen

2018 2434 2244 2488 Domini
2301 2434 2544 2502 ejusque
2592 2431 3014 2501 gloriosissima
3060 2429 3379 2487 Genitricis.
3436 2426 3545 2494 Qui
3573 2441 3713 2497 ergo

2019 2521 2243 2592 primus
2275 2522 2332 2576 in
2371 2535 2526 2591 aqua
2551 2520 2770 2590 positus
2798 2528 2903 2588 est,
2944 2520 3141 2575 salvus
3171 2526 3225 2574 ct
3256 2516 3516 2589 gaudens
3547 2516 3710 2579 exiit,

2019 2608 2309 2663 secundus
2340 2616 2530 2663 autem
2579 2606 2817 2675 corruit,
2856 2607 3059 2663 tertius
3091 2608 3302 2676 salvus.
3340 2613 3588 2677 quartus
3631 2604 3715 2658 in-

2014 2704 2223 2753 ventus
2277 2703 2360 2752 est
2413 2710 2582 2763 reus,
2637 2697 2880 2766 quintus
2938 2696 3255 2761 liberatur,
3304 2704 3504 2751 sextus
3558 2693 3707 2748 idem

2016 2785 2317 2841 Anselmus
2343 2784 2647 2854 culpabilis
2692 2784 3007 2851 invenitur,
3041 2786 3240 2855 sicque
3271 2781 3531 2854 probavit
3562 2779 3707 2836 nihil

212 2873 403 2928 Iustar
449 2873 627 2942 hujus
672 2880 787 2928 tam
844 2872 1072 2928 subtilis
1122 2871 1549 2942 perquisitionis
1587 2870 1908 2927 consulitur
1945 2885 1987 2940 ο
2019 2873 2126 2929 sibi
2155 2873 2431 2943 profuisse
2462 2873 2613 2943 quod
2650 2873 2810 2942 prius
2855 2874 3038 2929 Deum
3071 2880 3411 2938 tentaverat,
3444 2870 3540 2926 sed
3572 2869 3709 2939 plu-

212 2961 486 3031 magister
515 2962 837 3027 Anselmus,
875 2969 938 3017 ut
983 2962 1125 3017 tanti
1155 2961 1426 3016 facinoris
1460 2967 1660 3016 auctor
1687 2958 1905 3030 judicio

211 3062 382 3121 aquae
442 3050 831 3120 perquiratur,
884 3063 951 3105 ac
995 3049 1063 3104 de
1117 3049 1363 3119 singulis
1408 3048 1571 3104 urbis
1624 3046 1906 3117 parochiis

216 3152 370 3194 unus
424 3138 613 3194 infans
660 3138 938 3194 innocens
983 3137 1041 3192 in
1092 3151 1226 3193 vase
1272 3151 1427 3207 aqua
1482 3136 1780 3193 benedicta
1810 3149 1905 3190 re-

213 3226 362 3297 pleto
394 3235 739 3296 poneretur;
767 3234 822 3282 et
851 3240 1217 3296 quascunque
1245 3226 1516 3295 parochia
1543 3226 1683 3281 forte
1712 3224 1906 3293 culpa-

211 3314 340 3371 bilis
388 3314 766 3382 inveniretur,
822 3314 891 3369 de
921 3314 1167 3385 singulis
1208 3314 1475 3369 domibus
1505 3313 1763 3383 ejusdem
1796 3325 1903 3381 pa-

205 3402 416 3461 rochize
441 3417 595 3459 unus
620 3402 810 3458 infans
833 3403 889 3457 in
912 3416 1068 3473 aqua
1096 3409 1440 3471 poneretur;
1462 3409 1514 3457 et
1537 3414 1905 3471 quaecunque

204 3493 411 3548 domus
456 3491 812 3559 deprehensa
862 3490 1077 3556 fuisset,
1126 3503 1322 3545 omnes
1383 3488 1493 3543 viri
1540 3488 1629 3543 vel
1681 3488 1903 3543 feminae

205 3581 276 3636 ad
307 3594 433 3636 eam
465 3580 812 3649 pertinentes
828 3578 1047 3649 judicio
1078 3592 1245 3647 aquae
1275 3592 1334 3633 se
1364 3591 1615 3649 purgare
1637 3590 1905 3646 cogeren-

204 3675 302 3725 tur
352 3684 365 3722 :
427 3668 532 3723 hoc
589 3667 825 3723 consilio
888 3667 1146 3737 magistri
1197 3665 1472 3732 Anselmi,
1523 3664 1903 3736 germanique

203 3758 334 3828 ejus
367 3756 625 3827 magistri
668 3756 914 3813 Badulhi
952 3762 1237 3824 comperto
1272 3754 1559 3824 perterriti
1590 3754 1746 3809 cives
1775 3752 1902 3808 licet

205 3846 547 3902 innocentize
588 3860 709 3902 suae
739 3844 972 3912 conscii,
1014 3844 1087 3899 ad
1116 3844 1441 3913 episcopum
1487 3842 1810 3908 conﬂuunt,
1847 3847 1901 3896 et

205 3949 322 3990 non
356 3934 524 4005 longe
568 3942 833 3999 remotos,
884 3933 980 3988 sed
1009 3931 1198 4002 potius
1242 3932 1492 3987 ecclesiae
1532 3930 1813 3997 custodes,
1846 3936 1902 3984 et

207 4035 382 4090 prope
412 4020 688 4091 templum
718 4028 1032 4087 manentes,
1066 4020 1137 4075 ad
1163 4019 1447 4090 judicium
1481 4019 1665 4089 primo
1697 4019 1901 4075 debere

207 4109 401 4165 vocari
428 4110 813 4167 conclamant.

279 4198 500 4253 Annuit
540 4197 860 4268 episcopus,
904 4204 959 4252 et
997 4210 1097 4252 sex
1136 4196 1309 4263 viros,
1344 4196 1413 4251 de
1455 4196 1669 4266 quibus
1714 4195 1899 4266 major

205 4293 328 4341 erat
384 4286 654 4356 suspicio,
708 4286 776 4341 ad
835 4285 1161 4341 faciendum
1211 4298 1460 4340 examen
1510 4293 1692 4353 vocat,
1752 4285 1900 4341 inter

208 4387 356 4444 quos
398 4375 569 4430 etiam
602 4374 722 4445 ipse
769 4374 926 4430 solus
970 4374 1271 4443 praefatum
1324 4373 1663 4429 Anselmum
1714 4373 1895 4433 nomi-

207 4462 388 4518 natim
436 4463 757 4532 compellat,
805 4462 999 4518 dicens
1045 4477 1101 4519 se
1130 4469 1332 4519 contra
1360 4477 1491 4517 eum
1523 4461 1725 4517 exinde
1769 4477 1898 4527 mo-

208 4550 328 4606 veri
376 4551 718 4620 suspicione.
795 4551 1115 4621 Respondet
1170 4550 1477 4605 Anselmus
1534 4564 1593 4605 se
1647 4550 1896 4606 multum

204 4637 405 4693 mirari
448 4640 736 4708 quomodo
783 4641 1086 4709 episcopus
1130 4638 1198 4693 de
1242 4645 1398 4693 tanto
1443 4637 1653 4693 scelere
1695 4646 1897 4695 contra

201 4741 262 4783 se
309 4728 691 4797 suspicionem
735 4728 944 4784 habere
987 4729 1254 4797 potuerit,
1299 4726 1614 4795 praesertim
1662 4741 1797 4783 cum
1842 4735 1897 4784 et

200 4829 262 4871 se
312 4816 410 4872 Dei
468 4830 702 4873 servum
751 4831 872 4872 esse
927 4815 1113 4883 sciret,
1163 4822 1219 4870 et
1261 4821 1393 4871 ante
1448 4814 1669 4884 aliquot
1714 4829 1896 4872 annos

198 4902 544 4975 priusquam
587 4903 702 4974 ipse
746 4902 1140 4974 pontificatum
1189 4902 1526 4972 suscepisset
1572 4902 1892 4972 auriﬁcem,

199 4993 302 5062 qui
346 4991 454 5047 sibi
496 4991 786 5047 maculam
832 4990 1036 5046 similis
1065 4989 1325 5046 criminis
1375 4989 1721 5060 imponebat,
1772 5004 1807 5045 a
1837 5005 1895 5048 se

197 5079 259 5135 in
289 5078 479 5136 duello
531 5079 705 5135 fuisse
746 5085 1079 5148 superatum
1133 5091 1249 5133 non
1281 5077 1583 5148 ignoraret.
1642 5080 1893 5149 Respon-

198 5166 342 5224 sioni
359 5167 487 5238 ejus
515 5166 822 5222 universus
845 5164 1095 5234 populus
1123 5164 1402 5220 acclamat
1430 5178 1683 5235 eumque
1706 5165 1891 5222 virum

196 5263 481 5316 sanctum,
535 5260 590 5309 et
639 5252 737 5308 Dei
783 5252 1058 5307 cultorem
1090 5266 1211 5306 esse
1258 5259 1648 5320 protestantes,
1696 5267 1894 5308 omnes

199 5344 415 5413 pariter
446 5356 563 5398 una
585 5356 720 5396 voce
747 5355 857 5395 non
891 5339 1094 5409 debere
1113 5354 1246 5394 eum
1278 5340 1347 5395 ad
1365 5339 1651 5410 judicium
1675 5341 1889 5407 vocari,

198 5433 590 5503 subjungunt.
622 5432 785 5488 Tunc
815 5430 889 5486 ab
919 5430 1162 5500 antiquo
1192 5435 1417 5486 natura;
1442 5436 1597 5486 statu
1628 5428 1785 5487 visus
1809 5437 1894 5486 est

2014 2962 2226 3018 rimum
2260 2962 2411 3017 hanc
2437 2975 2651 3031 aquam
2682 2961 2893 3017 distare
2926 2962 2998 3016 ab
3029 2975 3097 3016 ea
3121 2961 3177 3016 in
3208 2974 3325 3031 qua
3356 2960 3538 3030 prius,
3569 2961 3706 3016 dum

2013 3050 2072 3105 in
2101 3050 2360 3106 custodia
2389 3058 2557 3117 esset,
2587 3063 2646 3105 se
2674 3049 2877 3118 deponi
2910 3050 3136 3105 fecerat.

2083 3139 2215 3196 Mox
2247 3152 2386 3209 ergo
2417 3137 2663 3194 vinculis
2690 3138 2985 3209 religatus,
3022 3152 3209 3208 usque
3246 3136 3342 3209 [f.,
3379 3136 3701 3209 usquequo]

2011 3228 2349 3284 thesaurum
2383 3227 2639 3283 furatum
2684 3227 2944 3283 redderet
2970 3228 3042 3283 ab
3088 3227 3350 3296 episcopo
3388 3225 3708 3282 commoni-

2011 3325 2106 3373 tus
2143 3317 2335 3372 statim
2390 3315 2616 3385 publicc
2661 3316 3009 3385 imprecatus
3049 3323 3150 3382 est,
3200 3323 3265 3371 ut
3319 3316 3400 3370 sic
3431 3314 3702 3385 suspendi

2009 3412 2327 3460 mereretur
2366 3403 2514 3459 sicut
2539 3403 2718 3459 ludas
2761 3403 2860 3473 qui
2895 3404 3077 3459 Deum
3122 3403 3376 3468 tradidit,
3409 3402 3456 3456 si
3483 3402 3703 3471 aliquid

2009 3506 2080 3547 ex
2113 3507 2178 3548 eo
2226 3492 2480 3558 haberet,
2532 3493 2616 3548 vel
2654 3493 2882 3548 furatus
2928 3492 3144 3548 fuisset.
3178 3492 3391 3548 Videns
3447 3491 3704 3560 pontifex

2010 3580 2163 3650 quod
2231 3579 2372 3635 nihil
2434 3579 2793 3636 exhortando
2864 3587 3045 3650 posset
3115 3580 3412 3649 prolicere,
3473 3577 3703 3634 Nicolao

2008 3669 2316 3724 castellano
2344 3683 2479 3724 eum
2528 3668 2782 3735 tradidit,
2818 3668 3152 3739 praecipiens
3184 3668 3232 3723 ei
3283 3674 3345 3722 ut
3379 3667 3704 3737 torquendo

2010 3759 2346 3814 thesaurum
2405 3757 2561 3812 reddi
2625 3765 2871 3828 cogeret.
2931 3756 3033 3812 Ille
3092 3756 3375 3813 nudatum
3434 3763 3600 3811 terra}
3649 3761 3705 3808 et

2010 3854 2357 3917 prostratum
2387 3853 2562 3915 atque
2591 3845 2831 3915 ligatum
2856 3844 3015 3900 lardo
3040 3843 3224 3900 calido
3250 3842 3379 3899 fecit
3409 3842 3699 3913 profundi,

2006 3935 2105 3990 sed
2137 3934 2214 3990 nil
2244 3942 2586 4003 extorquere
2615 3933 2817 4003 potuit.
2852 3933 2988 3989 Inde
3012 3932 3252 4003 jubente
3289 3931 3535 4001 praesule
3569 3931 3699 3986 fecit

2006 4037 2138 4079 eum
2188 4022 2481 4091 suspendi,
2541 4037 2655 4077 non
2690 4029 2752 4077 ut
2807 4021 3242 4088 interficeretur,
3295 4020 3394 4076 sed
3436 4026 3699 4075 tantum—

2007 4112 2173 4168 modo
2205 4120 2267 4167 ut
2298 4118 2685 4181 torqueretur.
2716 4115 2763 4165 A
2806 4124 2975 4165 mane
2999 4124 3135 4180 ergo
3180 4123 3367 4180 usque
3396 4109 3469 4164 ad
3501 4122 3698 4178 vespe-

1936 4182 1979 4237 D
2010 4214 2143 4256 rum
2178 4208 2379 4266 tortus,
2429 4198 2730 4269 deciesque
2777 4212 3112 4268 suspensus,
3159 4198 3346 4254 decies
3385 4197 3694 4268 depositus,

2007 4303 2142 4344 cum
2181 4288 2301 4358 jam
2354 4303 2413 4344 se
2441 4288 2680 4344 deﬁcere
2724 4286 2957 4353 videret,
3002 4286 3187 4357 judex
3239 4286 3411 4342 etiam
3450 4285 3695 4356 juraret,

2008 4377 2164 4447 quod
2203 4377 2246 4432 si
2280 4391 2339 4432 se
2368 4375 2610 4431 ulterius
2656 4375 2928 4445 suspendi
2967 4375 3338 4444 permitteret,
3365 4374 3483 4444 jam
3530 4364 3695 4429 dein-

2006 4477 2137 4533 ceps
2160 4463 2363 4517 vivens
2394 4476 2510 4517 non
2537 4460 2935 4531 deponeretur.

2076 4549 2327 4605 Tandem
2363 4549 2734 4620 interrogavit
2772 4549 2913 4619 quid
2947 4548 3053 4604 sibi
3084 4547 3340 4614 daretur,
3375 4545 3422 4602 si
3457 4546 3696 4602 thesau-

2006 4652 2136 4694 rum
2170 4637 2450 4693 redderet.
2508 4639 2623 4693 Hac
2653 4650 2766 4693 vox
2817 4636 3034 4704 audita,
3081 4635 3355 4691 continuo
3393 4649 3547 4705 spem
3601 4648 3697 4690 re-

2004 4725 2318 4796 cuperandi
2370 4725 2621 4781 thesauri
2659 4723 2883 4780 cunctis
2928 4723 3100 4779 dedit.
3152 4722 3414 4793 Poposcit
3463 4730 3690 4778 centum

2004 4815 2182 4871 libras
2210 4813 2317 4869 sibi
2352 4814 2511 4882 dari;
2552 4813 2650 4868 sed
2684 4811 2961 4882 paulatim
2993 4810 3303 4867 minuendo
3343 4819 3581 4865 ventum
3610 4817 3695 4865 est

2002 4901 2075 4957 ad
2102 4900 2492 4971 quadraginta
2522 4899 2717 4954 libras.
2745 4898 2899 4965 Quas
2921 4912 2981 4954 se
3012 4906 3382 4968 accepturum
3414 4898 3580 4964 dixit,
3626 4912 3695 4953 ea

2003 4989 2327 5046 conditione
2356 4995 2421 5044 ut
2448 4988 2807 5059 ﬁdejussores
2848 4987 3019 5044 simul
3050 4988 3158 5044 sibi
3191 4988 3488 5055 darentur,
3537 4988 3692 5058 quod

2003 5078 2195 5134 decem
2221 5075 2567 5132 milliaribus
2610 5075 2810 5146 procul
2837 5089 2871 5130 a
2900 5076 3184 5131 Lauduno
3215 5089 3288 5131 ex
3338 5089 3693 5146 quacunque

2003 5174 2163 5237 parte
2190 5164 2357 5221 vellet
2383 5178 2580 5221 secure
2608 5178 2740 5220 cum
2772 5163 2968 5219 eadem
3016 5163 3263 5232 pecunia
3289 5163 3689 5219 deduceretur.

2003 5256 2274 5312 Protinus
2318 5254 2386 5310 ad
2416 5254 2743 5324 episcopum
2788 5252 3065 5319 curritur,
3114 5252 3304 5322 petitio
3349 5252 3475 5323 ejus
3527 5251 3694 5308 refer-

2004 5351 2118 5409 tur,
2147 5342 2354 5398 annuit
2380 5340 2613 5412 praesul,
2647 5348 2701 5396 et
2731 5339 3016 5411 quidquid
3041 5340 3270 5410 petisset
3296 5340 3524 5396 concedi
3555 5354 3694 5410 prte-

2001 5430 2167 5501 cepit,
2197 5445 2264 5488 eo
2306 5437 2498 5488 tamen
2530 5436 2694 5499 pacto
2722 5436 2787 5486 ut
2817 5427 3094 5485 continuo
3125 5428 3463 5485 thesaurum
3494 5427 3689 5485 redde-
