3922 6080
256 166 391 223 1015

1170 161 1469 217 ΑΡΡΕΝΙ).
1510 161 1603 214 ΑΙ)
1645 158 1776 215 LIB.
1820 160 1890 212 lll
1928 156 2262 212 GUIBERTI
2305 156 2395 212 DE
2435 155 2595 211 VITA
2636 154 2790 210 SUA.

3628 157 3789 208 1016

250 304 357 364 ret,
388 295 666 366 quoniam
694 295 930 351 timebat
954 308 1027 349 ne
1054 292 1317 349 sidilatio
1350 292 1439 348 vel
1464 292 1653 349 brevis
1682 292 1938 358 daretur,
1981 289 2225 355 Aenim,
2273 287 2480 359 inquit,
2530 295 2917 358 compunctus
2963 301 3096 344 eum
3147 285 3463 351 reddidisti,
3516 285 3792 357 ideoque

254 384 365 440 illae
394 385 720 440 daemonum
745 381 1021 437 instinctu
1052 381 1191 451 fuga
1222 380 1530 436 laberetur.
1553 381 1679 436 .Iam
1711 379 1815 435 lux
1839 379 1949 434 diei

192 526 212 547 ,
254 475 579 537 transierat,
640 484 877 540 noxque
932 469 1233 525 tenebrosa
1285 476 1653 524 successerat.
1706 468 1950 524 Jubente

254 568 444 617 tamen
484 559 750 629 episcopo
802 572 901 627 per
956 565 1127 613 totam
1179 558 1382 612 urbem
1433 557 1580 612 faces
1634 564 1689 612 et
1740 555 1948 624 lychni,

253 657 572 716 caateraque
593 645 903 701 luminaria
928 645 1345 711 accenduntur,
1370 652 1431 701 ut
1465 644 1605 699 illud
1637 642 1949 699 Psalmistae

252 734 516 791 Lauduni
561 747 629 789 ea
683 734 827 789 hora
878 731 1295 802 complerctur;
1343 755 1362 781 ι
1402 734 1467 787 Ει
1511 746 1625 787 nox
1654 732 1804 786 sicut
1832 731 1952 786 dies

252 821 681 879 illuminabitur
729 821 913 892 (Psal.
967 836 1242 888 cxxxvut,
1302 820 1408 888 lO).
1463 841 1489 868 ››
1543 819 1753 875 Nullus
1795 818 1948 874 domi

252 917 528 977 remanet,
552 923 751 965 omnes
772 908 941 978 quasi
963 909 1033 963 ad
1060 908 1452 978 spectaculum
1477 906 1945 977 progrediuntur.

323 997 626 1053 Anselmus
655 997 837 1052 instar
878 996 995 1052 ursi
1030 997 1099 1051 de
1130 1011 1306 1051 cavea
1356 995 1615 1065 producti
1644 994 1951 1050 deducitur

253 1086 591 1142 custodibus
641 1092 696 1140 et
726 1084 931 1154 populo
981 1091 1149 1139 caute
1198 1099 1268 1138 ne
1309 1084 1491 1154 fugiat
1532 1082 1945 1138 circumdatur.

254 1175 395 1231 Petit
424 1174 717 1230 ecclesiam
748 1173 805 1229 8.
834 1171 1059 1228 Martini
1082 1181 1247 1227 extra
1271 1186 1466 1227 muros
1492 1171 1653 1227 urbis
1686 1171 1945 1240 positam,

253 1265 590 1333 pervenitur
617 1262 689 1317 ad
721 1262 1030 1332 quemdam
1063 1261 1249 1316 locum
1287 1275 1459 1330 prope
1494 1260 1710 1329 vineas,
1743 1260 1802 1315 in
1833 1274 1949 1329 quo

254 1350 627 1421 paxillorum,
662 1350 879 1419 quibus
910 1352 1054 1405 vites
1082 1356 1501 1415 sustentantur,
1536 1350 1738 1419 ingens
1784 1362 1948 1404 acer-

252 1454 363 1496 vus
407 1446 531 1494 erat
581 1446 907 1508 congestus,
966 1438 1076 1497 sub
1126 1437 1209 1494 eis
1258 1437 1312 1492 in
1366 1438 1574 1492 montis
1638 1436 1948 1507 praecipitio

255 1526 420 1598 quasi
455 1527 513 1581 in
545 1533 829 1581 tartarum
862 1523 1171 1591 descendit,
1223 1537 1581 1594 manumque
1612 1525 1683 1579 ad
1715 1538 1946 1580 sacrum

254 1616 505 1680 mittens,
552 1613 805 1683 primum
854 1627 1089 1669 auream
1135 1612 1400 1668 tabellam
1445 1613 1514 1668 de
1569 1621 1731 1669 textu
1763 1614 1948 1668 Evan-

255 1704 539 1775 geliorum
569 1701 910 1771 discerptam
944 1700 1200 1771 protulit,
1243 1700 1664 1770 subridensque
1696 1701 1949 1756 circum-

254 1791 560 1855 stantibus,
595 1790 833 1857 bouum,
868 1789 1075 1859 inquit,
1103 1796 1420 1844 mercatum
1452 1788 1575 1855 feci,
1600 1788 1699 1857 qui
1723 1796 1947 1844 tantum

255 1879 590 1935 thesaurum
624 1891 724 1946 pro
763 1875 1151 1947 quadraginta
1182 1875 1342 1931 libris
1387 1875 1626 1943 reddidi,
1656 1876 1796 1945 quia
1826 1876 1950 1931 haec

254 1966 375 2020 sola
438 1963 636 2019 tabula
691 1963 873 2018 multo
930 1963 1058 2032 plus
1108 1963 1279 2018 valet.
1313 1962 1404 2018 Sic
1452 1976 1589 2033 ergo
1642 1964 1951 2019 thesaurus

258 2052 517 2108 redditus
562 2052 635 2106 ad
682 2051 978 2107 ecclesiam
1022 2051 1076 2106 S.
1128 2050 1322 2108 Mariae
1369 2050 1630 2120 protinus
1679 2051 1945 2119 refertur,

260 2148 494 2210 totaque
554 2140 783 2196 civitate
849 2139 1075 2195 laetante
1134 2139 1502 2207 clamoribus,
1569 2147 1624 2195 et
1699 2140 1755 2197 in
1816 2153 1952 2195 voce

257 2228 658 2284 exsultationis
699 2236 755 2283 et
792 2228 1158 2284 confessionis
1190 2228 1391 2298 plateze
1447 2236 1735 2295 resonant,
1787 2227 1954 2299 signa

255 2317 425 2372 etiam
460 2330 577 2387 pra:
604 2317 815 2388 gaudio
845 2331 946 2387 per
965 2332 1161 2374 omnes
1188 2317 1453 2373 ecclesias
1481 2316 1808 2387 pulsantur.

328 2404 453 2460 Non
493 2412 576 2460 est
624 2404 979 2461 reticendum
1032 2419 1307 2476 magnum
1360 2405 1649 2475 quoddam
1696 2405 1954 2461 miracu-

258 2494 399 2548 lum.
447 2492 689 2560 Quidam
730 2493 883 2548 enim
936 2494 1256 2549 monachus
1305 2493 1554 2558 aurifex,
1609 2494 1838 2549 nomine
1877 2494 1956 2550 Si-

259 2597 448 2653 gerus,
485 2583 543 2637 in
590 2582 847 2638 cmnobio
889 2581 943 2637 S.
981 2582 1265 2638 Vincentii
1319 2595 1575 2648 manens,
1625 2582 1764 2638 dum
1796 2584 1951 2653 operi

258 2684 365 2725 suo
411 2670 583 2725 etiam
646 2677 810 2725 nocte
876 2669 1162 2737 insistens,
1224 2669 1471 2739 aperiret
1525 2670 1780 2727 aediculae
1834 2685 1954 2727 suae

258 2757 586 2823 fenestram,
637 2769 756 2826 qua
806 2755 863 2811 8.
905 2754 1130 2812 Martini
1188 2757 1644 2826 prospiciebatur
1695 2758 1951 2824 ecclesia,

261 2845 487 2901 videbat
518 2845 683 2914 quasi
717 2844 942 2900 radium
974 2845 1502 2914 splendidissimum
1544 2846 1687 2902 lucis
1716 2848 1786 2903 de
1815 2847 1954 2902 coelo

262 2931 680 3002 procedentem,
712 2939 767 2988 et
796 2946 980 3002 usque
1024 2933 1094 2988 ad
1124 2934 1285 2991 illum
1320 2935 1527 3002 locum,
1566 2952 1681 3006 quo
1723 2936 1955 2992 thesau-

262 3035 362 3077 rus
392 3020 765 3076 absconditus
808 3029 950 3089 erat,
982 3023 1396 3091 procedentem.
1451 3025 1611 3081 Unde
1655 3024 1826 3081 nimis
1855 3024 1958 3079 ad-

261 3108 506 3164 miratus
573 3108 867 3164 nonnullis
935 3110 1349 3167 monachorum
1417 3110 1603 3167 Sancti
1675 3111 1955 3168 Vincentii

260 3196 528 3251 eumdem
579 3196 721 3252 lueis
784 3197 1015 3254 radium
1072 3198 1335 3265 ostendit,
1391 3200 1489 3255 sed
1551 3200 1627 3255 illi
1687 3200 1957 3271 quamvis

264 3284 515 3354 quotidie
564 3285 900 3341 thesaurum
960 3286 1343 3358 reliquiarum
1391 3287 1444 3343 S.
1497 3288 1690 3344 Mariae
1738 3288 1957 3359 requiri

264 3370 551 3439 audirent,
620 3372 818 3429 nullus
885 3380 1075 3429 tamen
1137 3389 1271 3430 eum
1339 3375 1410 3430 ibi
1479 3390 1600 3431 esse
1646 3377 1951 3447 cogitabat.

263 3461 487 3517 Tandiu
516 3475 654 3533 ergo
685 3463 949 3518 monachi
994 3463 1220 3518 radium
1254 3463 1398 3520 lucis
1444 3472 1607 3520 nocte
1654 3479 1956 3522 coruscare

262 3548 553 3617 viderunt,
604 3550 869 3620 quandiu
901 3564 1104 3606 saccus
1130 3551 1206 3606 ibi
1254 3566 1384 3606 cum
1438 3552 1707 3609 thesauro
1749 3554 1951 3623 jacuit.

333 3637 505 3693 Aliud
537 3653 772 3708 quoque
822 3638 1171 3694 miraculum
1220 3654 1334 3695 non
1379 3639 1663 3696 silendum
1695 3642 1951 3712 contigit,

263 3738 335 3779 ex
369 3739 484 3795 quo
532 3725 684 3780 enim
732 3726 1038 3782 Anselmus
1092 3726 1183 3782 ille
1229 3741 1359 3782 cum
1414 3728 1639 3797 reliquo
1688 3729 1955 3784 thesauro

263 3813 432 3869 etiam
482 3813 807 3870 columbam
841 3828 1076 3870 auream
1121 3814 1420 3885 confregit,
1463 3817 1531 3872 de
1575 3831 1693 3886 qua
1741 3830 1954 3887 supra-

263 3901 537 3969 diximus,
593 3902 652 3957 in
691 3916 809 3972 qua
852 3903 921 3957 de
966 3902 1107 3959 lacte
1137 3902 1191 3958 8.
1227 3904 1419 3959 Mariae
1467 3913 1521 3959 et
1569 3905 1785 3975 capillis
1829 3907 1956 3975 ejus

264 3989 540 4046 contineri
573 3991 883 4057 ferebatur,
909 3991 1103 4047 divino
1123 3993 1342 4062 judicio
1376 4006 1678 4063 nunquam
1708 3992 1957 4048 dormire

266 4076 469 4146 potuit,
501 4078 649 4132 sicut
680 4077 797 4147 ipse
827 4079 1187 4147 postmodum
1218 4080 1482 4149 episcopo
1527 4079 1819 4135 confessus
1849 4087 1951 4134 est.

265 4164 369 4220 Sed
400 4165 868 4236 quandocunque
899 4167 1094 4224 oculos
1126 4182 1225 4237 pro
1253 4183 1452 4223 somno
1477 4167 1799 4235 claudebat,
1835 4183 1960 4237 pro-

267 4252 420 4308 tinus
444 4253 703 4309 eamdem
755 4255 1083 4311 columbam
1125 4265 1375 4312 rostrum
1431 4256 1614 4311 oculis
1657 4256 1778 4312 suis
1827 4256 1955 4311 infi-

266 4347 513 4411 gentem,
564 4347 619 4396 et
646 4355 741 4397 eos
782 4342 1129 4411 aperientem
1181 4343 1431 4399 videbat.
1486 4343 1721 4399 Diabolo
1762 4351 1956 4399 tamen

264 4444 362 4484 eor
390 4444 565 4485 suum
612 4430 932 4487 obdurante
984 4431 1147 4488 nulla
1193 4440 1425 4502 propter
1471 4432 1576 4488 hoc
1625 4432 1957 4502 poenitentia

263 4517 780 4588 compungebatur.
830 4518 1144 4589 Postquam
1192 4533 1326 4574 vero
1356 4517 1633 4575 columbae
1674 4519 1957 4576 fracturas

263 4619 396 4661 cum
456 4605 568 4662 alio
612 4606 881 4664 thesauro
932 4606 1200 4675 reddidit,
1247 4606 1577 4664 facultatem
1634 4608 1956 4665 dormiendi

264 4693 494 4763 recepit.

334 4783 398 4836 In
424 4782 671 4839 crastino
712 4797 848 4855 ergo
878 4783 1186 4841 Anselmus
1218 4784 1289 4839 ad
1317 4786 1647 4856 episcopum
1699 4786 1950 4855 veniens,

263 4877 327 4925 ut
382 4884 440 4926 se
498 4871 572 4926 ab
632 4872 1229 4928 excommunicatione
1286 4887 1386 4943 pro
1449 4873 1634 4929 furato
1684 4875 1954 4930 thesauro

261 4958 410 5015 facta
459 4960 795 5028 absolveret,
845 4976 1193 5033 crucemque
1237 4964 1346 5021 sibi
1390 4965 1570 5031 daret,
1623 4972 1679 5020 et
1725 4965 1953 5020 Jerusa-

260 5046 369 5103 lem
413 5048 486 5103 ad
533 5048 864 5118 sepulcrum
908 5050 1131 5105 Domini
1166 5053 1322 5109 abire
1353 5053 1724 5123 permitteret,
1770 5051 1948 5122 petiit.

261 5136 569 5207 Respondit
599 5136 898 5207 episcopus
927 5153 987 5195 se
1034 5139 1175 5196 nihil
1202 5142 1410 5197 horum
1443 5142 1753 5204 facturum,
1804 5153 1950 5209 quo-

260 5224 417 5279 niam
460 5239 565 5280 nec
611 5225 910 5291 absolutio,
960 5243 1065 5285 nec
1115 5229 1220 5285 iter
1268 5229 1847 5300 Hierosolymitanum
1899 5228 1950 5285 ei

260 5310 477 5381 aliquid
511 5311 815 5381 prodesset,
849 5316 1114 5385 quandiu
1146 5317 1537 5387 quadraginta
1576 5315 1769 5383 libras,
1803 5330 1951 5386 quas

262 5412 362 5467 pro
423 5398 741 5455 redditione
802 5403 1059 5461 thesauri
1127 5397 1442 5476 acceperat,
1519 5411 1755 5462 teneret.
1822 5404 1950 5461 Non

2059 391 2176 432 non
2227 384 2385 446 potes
2434 376 2674 443 absolvi,
2732 375 2827 430 sed
2897 375 3087 431 adhuc
3150 374 3793 430 excommunicationis

2061 480 2193 521 reus
2242 465 2488 533 teneris;
2537 465 2634 520 sed
2682 463 2730 519 si
2761 466 3062 534 pecuniam
3099 465 3260 518 istam
3313 463 3556 518 reddens
3588 476 3790 517 vera-

2060 569 2183 609 cem
2228 552 2636 609 confessionem
2690 552 2757 607 de
2791 552 2963 617 furto,
3000 552 3110 606 imo
3142 550 3210 605 de
3258 550 3561 619 sacrilegio
3607 549 3787 604 face—

2058 656 2171 707 res,
2207 649 2261 696 et
2309 640 2701 710 pcenitentiam
2754 639 2961 694 exinde
3012 639 3351 707 susciperes,
3386 644 3524 692 tunc
3554 647 3616 693 et
3665 638 3786 693 ab-

2059 729 2227 796 solvi,
2273 740 2327 783 et
2383 727 2738 783 Hierusalem
2790 728 3067 797 ιι.υίίεἰεεί
3117 740 3326 796 posses.
3376 726 3788 795 Acquiescens

2060 817 2149 872 ille
2200 817 2385 871 verbis
2434 815 2718 886 pontificis
2747 814 3039 886 praefatam
3085 814 3383 884 pecuniam
3427 819 3583 868 660
3644 830 3773 883 pu-

2058 905 2201 961 blice
2228 919 2401 974 super
2436 905 2616 960 altare
2647 903 2855 974 posuit,
2905 903 3288 973 ﬁdejussores,
3323 902 3425 972 qui
3472 917 3531 956 se
3561 903 3781 959 decem

2057 993 2407 1049 milliaribus
2458 992 2660 1063 procul
2704 1007 2737 1047 a
2777 992 3057 1047 Lauduno
3103 1005 3302 1046 secure
3353 991 3781 1046 deducendum

2056 1083 2506 1152 spoponderant,
2560 1081 2769 1136 liberos
2814 1095 2848 1135 a
2893 1079 3258 1150 ﬁdejussione
3297 1093 3402 1134 sua
3451 1093 3573 1134 esse
3618 1094 3783 1134 con—

2057 1171 2245 1234 cessit,
2283 1170 2482 1240 sicque
2527 1170 2601 1225 ab
2626 1168 2892 1239 episcopo
2940 1167 3258 1235 absolutus,
3310 1175 3365 1222 et
3393 1180 3631 1221 crucem
3666 1180 3780 1222 su-

2057 1258 2323 1328 scipiens.
2354 1272 2707 1328 quocunque
2742 1256 2967 1313 volebat
3002 1257 3178 1312 libere
3218 1264 3303 1310 est
3328 1256 3487 1311 abire
3511 1255 3781 1324 permis-

2058 1360 2176 1413 sus,
2204 1354 2259 1401 et
2284 1361 2416 1401 cum
2440 1346 2561 1416 ipso
2582 1346 2849 1416 episcopo
2881 1360 2980 1416 per
3001 1345 3222 1414 aliquot
3252 1343 3371 1400 dies
3402 1345 3779 1401 familiariter

2059 1444 2143 1490 est
2172 1450 2277 1491 COD
2286 1443 2567 1490 versatus.

2130 1523 2487 1579 Conscientia
2536 1530 2728 1578 tamen
2774 1536 2833 1578 se
2861 1521 3103 1577 interius
3147 1521 3404 1591 graviter
3450 1527 3775 1591 torquente

2060 1613 2419 1682 perterritus,
2453 1611 2623 1681 cmpit
2665 1611 2862 1682 fugam
2894 1609 3178 1677 meditari,
3215 1609 3564 1679 tandemque
3596 1610 3775 1663 clan-

2059 1700 2187 1756 culo
2217 1714 2291 1756 ex
2323 1700 2468 1755 urbe
2516 1699 2715 1770 fugere
2758 1698 2961 1754 voluit.
3008 1698 3115 1754 Sed
3158 1713 3289 1754 cum
3323 1699 3393 1754 de
3438 1706 3637 1753 monte
3666 1698 3771 1753 de-

2058 1787 2327 1844 scendere
2355 1787 2637 1857 coepisset,
2670 1788 2882 1843 mirum
2908 1786 3065 1842 dictu
3090 1787 3102 1841 !
3141 1786 3282 1842 vidit
3311 1786 3479 1857 quasi
3509 1786 3771 1843 fluvium

2057 1889 2337 1946 magnum
2373 1875 2551 1930 instar
2575 1874 2750 1930 maris
2778 1883 2979 1931 contra
3007 1889 3066 1929 se
3104 1875 3545 1943 redundantem,
3580 1889 3771 1945 seque

2059 1965 2117 2019 in
2146 1971 2396 2019 montem
2447 1963 2632 2019 redire
2662 1970 2976 2034 cogentem.
3025 1962 3187 2020 Unde
3216 1961 3578 2032 stupefactus
3626 1977 3764 2019 rur-

2059 2069 2160 2111 sus
2206 2068 2305 2124 per
2333 2054 2506 2110 aliam
2558 2060 2780 2123 portam
2833 2051 3191 2117 descendere,
3239 2058 3295 2107 et
3325 2051 3526 2121 fugere
3574 2059 3767 2106 tenta-

2060 2142 2160 2210 vit,
2192 2142 2288 2199 sed
2318 2141 2580 2212 protinus
2602 2139 2846 2196 fluvium
2876 2139 3024 2195 sicut
3046 2140 3209 2209 prius
3240 2147 3442 2195 contra
3468 2154 3529 2195 se
3550 2140 3770 2195 redun-

2059 2231 2250 2287 dando
2280 2231 2601 2287 venientem
2646 2229 2810 2286 vidit.
2843 2228 3106 2298 Cumque
3137 2229 3244 2284 hoc
3282 2228 3331 2282 ei
3364 2227 3578 2297 sapius
3619 2243 3768 2283 con-

2062 2321 2328 2391 tingeret,
2380 2334 2485 2375 nec
2517 2319 2587 2375 de
2635 2324 2827 2375 monte
2885 2317 3226 2373 descendere
3265 2316 3498 2382 valeret,
3547 2326 3770 2373 secrete

2062 2409 2168 2463 hoc
2212 2408 2481 2477 episcopo
2530 2406 2823 2462 confessus
2870 2412 2969 2460 est.
3022 2404 3402 2472 Quamobrem
3435 2405 3765 2475 episcopus,

2060 2496 2353 2552 occasione
2386 2502 2635 2565 sumpta,
2669 2494 2912 2550 suadere
2950 2493 2998 2548 ei
3030 2495 3219 2563 coepit,
3257 2500 3318 2549 ut
3361 2495 3611 2563 priorem
3645 2494 3769 2550 the-

2062 2597 2325 2650 saurum,
2353 2584 2523 2653 cujus
2552 2590 2792 2653 partem,
2832 2581 2981 2637 sicut
3010 2581 3406 2651 supradictum
3444 2589 3545 2645 est,
3581 2580 3768 2636 Sues-

2063 2672 2239 2728 sionis
2263 2672 2712 2727 venundandam
2745 2669 2970 2726 auriﬁci
3010 2670 3340 2734 tradiderat,
3374 2672 3430 2725 8.
3464 2670 3661 2725 Mariae
3690 2684 3765 2726 ex

2066 2761 2290 2831 integro
2353 2760 2633 2827 redderet,
2703 2759 2901 2829 sicque
2953 2772 3194 2815 securus
3258 2758 3614 2814 Hierusalem
3680 2759 3767 2815 ire

1993 2854 2265 2919 Cposset.
2319 2848 2421 2904 Ille
2480 2856 2811 2905 consuetam
2871 2847 3237 2918 negationem
3304 2855 3584 2916 repetens,
3655 2848 3762 2912 sic,

2066 2937 2274 3008 inquit,
2324 2935 2597 3006 suspendi
2630 2949 2854 2991 merear
2881 2935 3031 2991 sicut
3068 2934 3265 2999 Iudas,
3299 2936 3401 3005 qui
3438 2936 3617 2990 Deum
3645 2944 3764 2991 tra-

2065 3026 2227 3093 didit,
2277 3027 2323 3081 si
2377 3024 2597 3094 aliquid
2637 3024 2847 3080 exinde
2893 3024 3090 3080 habui.
3141 3022 3303 3089 Quod
3361 3024 3406 3078 si
3454 3024 3594 3079 mihi
3646 3039 3763 3081 non

2064 3113 2293 3170 creditis
2332 3113 2538 3169 iterum
2573 3119 2809 3182 paratus
2842 3127 2969 3168 sum
3005 3111 3290 3182 judicium
3322 3126 3491 3182 aquae
3526 3113 3761 3179 subire;

2063 3211 2118 3259 et
2149 3203 2197 3258 si
2243 3201 2549 3272 culpabilis
2590 3200 2863 3257 inventus
2911 3200 3092 3266 fuero,
3126 3200 3215 3255 vel
3260 3200 3307 3255 si
3340 3200 3629 3270 judicium
3676 3201 3762 3257 fa-

2065 3306 2191 3347 cere
2242 3291 2498 3357 noluero,
2554 3290 2721 3345 facite
2779 3304 2870 3345 me
2899 3288 3191 3359 suspendi.
3253 3289 3417 3345 Tunc
3456 3289 3762 3361 episcopus

2066 3380 2306 3451 rogabat
2337 3386 2402 3435 ut
2436 3378 2638 3435 saltem
2667 3377 2888 3448 lapides
2931 3378 3231 3447 pretiosos,
3259 3377 3361 3448 qui
3395 3378 3451 3432 in
3497 3380 3765 3435 crucibus

2065 3470 2259 3525 aureis
2285 3468 2484 3525 inserti
2511 3466 2761 3535 fuerant,
2792 3466 3071 3534 redderet,
3113 3468 3454 3536 promittens
3484 3468 3638 3537 quod
3664 3484 3765 3537 pro

2064 3571 2209 3613 auro
2230 3556 2450 3625 nullam
2470 3556 2521 3611 ei
2544 3555 2857 3611 molestiam
2883 3555 3109 3610 faceret.
3134 3554 3234 3609 Ille
3256 3569 3389 3610 vero
3410 3556 3552 3610 nihil
3580 3558 3763 3626 ponti-

2066 3646 2156 3701 fici
2185 3644 2420 3701 reddere
2440 3643 2653 3713 voluit;
2677 3643 2773 3699 sed
2803 3657 2899 3698 eos
2928 3657 2988 3698 se
3007 3643 3218 3699 habere
3247 3645 3483 3699 omnino
3509 3647 3760 3716 negavit.

2137 3735 2334 3790 Postea
2386 3740 2575 3788 tamen
2633 3731 2865 3788 Nicolao
2920 3732 3233 3788 castellano
3281 3733 3451 3802 jussu
3514 3735 3763 3806 episcopi

2066 3823 2259 3893 priora
2314 3821 2362 3876 ei
2407 3828 2690 3878 tormenta
2736 3819 3122 3875 comminante
3180 3819 3351 3875 nimis
3403 3820 3760 3889 perterritus,

2065 3910 2234 3967 duxit
2257 3909 2520 3967 eumdem
2554 3908 2850 3964 Nicolaum
2899 3908 2972 3963 ad
3002 3908 3203 3964 vineas
3232 3908 3341 3964 sub
3387 3914 3579 3963 monte
3608 3906 3765 3976 posi—

2067 4006 2171 4064 tas,
2207 4012 2541 4069 ponensque
2593 4010 2832 4053 manum
2898 3996 2955 4051 in
3004 4004 3171 4052 terrae
3210 4010 3461 4051 caverna
3505 3996 3761 4051 extraxit

2068 4088 2135 4144 de
2188 4086 2417 4143 sacculo
2472 4086 2593 4157 jam
2658 4084 2975 4155 putrefacto
3030 4083 3249 4154 lapides
3304 4084 3758 4154 pretiosissimos,

2065 4175 2414 4244 tradiditque
2461 4178 2559 4229 eas
2606 4172 2713 4242 ipsi
2768 4173 3091 4228 castellano.
3171 4173 3294 4237 Quo
3344 4173 3490 4228 facto
3555 4174 3759 4228 iterum

2065 4259 2413 4316 conscientia
2475 4260 2834 4316 remordente
2892 4259 3279 4327 tremefactus,
3335 4260 3610 4330 quoniam
3664 4275 3762 4316 eos

2064 4349 2347 4405 celaverat
2389 4348 2676 4417 episcopo,
2707 4355 2761 4404 et
2797 4347 3121 4404 reddiderat
3150 4348 3478 4416 castellano,
3524 4362 3758 4405 rursum

2064 4434 2263 4520 fugere
2311 4434 2565 4490 tentavit.
2619 4433 2937 4504 Episcopus
2977 4442 3171 4490 autem
3202 4434 3444 4505 receptis
3490 4449 3525 4490 a
3553 4436 3757 4491 castel-

2065 4522 2194 4577 lano
2224 4522 2513 4593 lapidibus
2558 4522 2893 4578 recordatus
2922 4523 3126 4578 somnii
3173 4523 3510 4593 supradicti,
3556 4523 3610 4577 in
3643 4539 3757 4593 quo

2064 4610 2117 4666 S.
2150 4611 2333 4667 Maria
2360 4611 2409 4665 ei
2452 4617 2819 4680 praeceperat,
2854 4624 2925 4666 ne
2968 4610 3246 4667 latronem
3291 4625 3461 4667 suum
3507 4612 3757 4681 impuni-

2062 4706 2187 4754 tum
2234 4698 2392 4754 abire
2438 4697 2806 4768 permitteret,
2851 4698 2949 4754 sed
2991 4698 3279 4768 justitiam
3320 4699 3389 4754 de
3417 4712 3482 4754 eo
3531 4698 3753 4765 faceret,

2063 4790 2329 4857 protinus
2372 4786 2700 4842 convocatis
2730 4786 3009 4843 ministris
3047 4787 3187 4855 suis,
3232 4788 3501 4857 prmeepit
3547 4795 3610 4842 ut
3638 4790 3755 4843 An-

2063 4874 2307 4931 selmum
2342 4874 2691 4945 quantocius
2719 4882 3064 4942 quaererent,
3096 4880 3152 4928 et
3184 4872 3291 4929 sibi
3325 4880 3751 4943 praesentarent.

2063 4962 2308 5020 Ministri
2338 4977 2440 5033 per
2483 4961 2713 5018 diversa
2744 4961 2865 5018 loca
2911 4961 3317 5026 discurrentes,
3366 4962 3594 5018 tandem
3623 4977 3750 5019 eum

2061 5052 2356 5122 reperiunt
2388 5050 2447 5105 in
2487 5050 2637 5106 valle
2666 5050 2776 5107 sub
2808 5049 3064 5106 emnobio
3093 5048 3148 5105 S.
3200 5048 3512 5114 Vincentii,
3560 5048 3752 5120 fugere

2060 5140 2364 5203 volentem,
2404 5139 2502 5194 sed
2534 5147 2763 5209 propter
2794 5138 3038 5194 ﬂuvium
3071 5137 3490 5194 redundantem
3518 5152 3633 5193 non
3661 5152 3754 5193 va-

2063 5228 2290 5283 lentem.
2320 5225 2531 5281 .lubent
2556 5226 2604 5280 ei
2639 5233 2702 5281 ut
2727 5239 2921 5281 secum
2956 5225 3028 5280 ad
3057 5226 3387 5295 episcopum
3416 5225 3626 5280 veniat.

2130 5316 2230 5372 Ille
2261 5323 2510 5370 tremens
2556 5322 2612 5370 et
2640 5314 2958 5385 exsanguis
3005 5321 3190 5385 rogat,
3242 5322 3305 5369 ut
3334 5327 3392 5369 se
3423 5314 3750 5383 permittant

2059 5404 2217 5475 loqui
2266 5403 2477 5459 domno
2519 5402 2789 5459 Alberoni
2825 5403 2880 5459 S.
2922 5402 3202 5460 Vincentii
3239 5402 3455 5459 abbati.
3489 5402 3748 5459 Nolentes
