3932 6084
152 256 282 310 1017

1420 257 1636 312 DOMNI
1678 257 1733 311 L.
1777 257 2120 313 D'ACHERY
2160 259 2378 314 NOTAE.

3517 261 3648 314 1018

145 399 276 442 eum
329 385 613 455 reliquere
674 385 898 441 vadunt
955 400 1086 442 cum
1143 401 1228 452 eo,
1287 394 1634 457 praeceperat
1685 387 1836 441 enim
1881 397 1926 451 Α
1956 387 2059 443 tibi
2110 402 2302 444 coram
2363 388 2632 444 omnibus
2671 389 2825 458 quod
2877 402 2990 443 non
3040 389 3208 444 credo
3256 387 3380 454 tibi,
3433 395 3485 443 te
3535 403 3650 444 non

144 473 446 543 episcopus
476 482 538 529 ut
589 484 756 530 caute
789 476 1140 531 custodirent
1166 490 1320 530 eum.
1377 477 1700 530 Prostratus
1749 475 1840 530 ille

146 562 390 630 pedibus
432 563 658 618 abbatis
698 571 866 633 rogat
917 571 978 618 ut
1009 578 1200 619 secum
1256 565 1324 618 ad
1357 565 1683 634 episcopum
1731 574 1839 620 eat.

142 649 472 719 Acquiescit
533 650 712 705 abbas
755 658 809 705 et
857 665 990 705 cum
1041 666 1106 706 eo
1156 652 1226 706 ad
1273 652 1598 721 episcopum
1653 655 1835 708 vadit.

143 737 534 792 Prosternitur
567 739 658 793 ille
692 738 932 808 pedibus
973 739 1264 805 antistitis,
1314 739 1620 797 obsecrans
1665 744 1845 797 vitam

143 834 199 880 et
241 827 494 882 membra
550 827 654 882 sibi
697 827 951 882 concedi.
1003 827 1104 883 Cui
1153 829 1470 898 episcopus.
1510 831 1641 899 quis
1667 832 1841 896 enim,

145 915 357 983 inquit,
417 923 469 970 te
517 917 932 985 persequitur?
983 917 1170 972 Redde
1217 917 1552 974 thesaurum
1598 920 1844 975 dominae

147 1017 290 1058 mea:
316 1013 528 1059 sanctae
562 1005 774 1068 Mariae,
808 1014 862 1060 et
890 1020 1241 1075 quocunque
1272 1007 1521 1062 volueris
1546 1009 1688 1064 liber
1710 1023 1847 1078 pro-

153 1091 420 1147 ticiscere.
472 1094 777 1148 Anselmus
823 1103 1096 1149 consueto
1130 1109 1283 1150 more
1331 1095 1681 1165 imprecatur
1709 1097 1834 1159 sibi,

145 1187 210 1234 ut
243 1180 324 1234 sic
369 1183 756 1250 suspendatur
785 1183 933 1237 sicut
981 1183 1175 1248 ludas,
1219 1183 1320 1252 qui
1371 1185 1550 1239 Deum
1587 1185 1842 1250 tradidit,

145 1267 193 1321 si
221 1268 440 1338 aliquid
471 1270 680 1325 exinde
710 1270 993 1326 habuerit.
1027 1272 1189 1326 Tunc
1217 1273 1426 1341 praesul
1465 1288 1476 1326 :
1512 1273 1705 1328 Palam
1739 1282 1841 1341 est,

147 1354 359 1425 inquit,
392 1365 442 1412 te
475 1358 730 1427 mentiri;
759 1359 898 1429 quia
942 1359 1158 1428 lapides
1196 1361 1502 1417 castellano
1530 1363 1844 1429 reddidisti,

145 1451 203 1498 et
239 1444 378 1499 mihi
429 1447 663 1501 reddere
694 1447 948 1502 noluisti.
999 1447 1207 1517 Sponte
1237 1463 1373 1504 vero
1406 1457 1505 1505 tua
1538 1451 1674 1506 mihi
1713 1466 1848 1520 pro-

151 1532 371 1600 misisti,
428 1535 582 1602 quod
631 1534 676 1589 si
719 1535 817 1591 tibi
868 1536 1075 1591 exinde
1108 1552 1219 1591 non
1271 1537 1578 1607 crederem,
1630 1540 1846 1609 judicio

147 1634 318 1689 aqua
349 1629 402 1677 te
425 1635 723 1693 purgares,
756 1632 857 1679 aut
887 1624 931 1679 si
964 1625 1145 1681 facere
1168 1626 1363 1693 nolles,
1394 1627 1721 1682 concessisti
1747 1642 1847 1696 pu-

150 1708 298 1765 blice
325 1718 388 1766 ut
429 1712 814 1780 suspenderis.
849 1713 1011 1785 Elige
1056 1728 1191 1785 ergo
1223 1715 1376 1786 quod
1405 1715 1675 1771 volueris.
1710 1717 1845 1772 Dico

1952 477 2218 532 habuisse
2253 477 2588 532 thesaurum
2639 477 2688 532 S.
2722 477 2933 532 Mariae.
2968 480 3079 531 Aut
3130 476 3289 531 illum
3324 476 3513 544 redde,
3548 484 3650 532 aut

1956 580 2141 636 purga
2185 573 2233 620 te
2265 565 2413 621 sicut
2441 566 2699 620 obtulisti
2729 565 2950 635 judicio
2979 579 3167 634 aquae,
3214 573 3313 619 aut
3345 565 3652 633 suspende-

1953 654 2032 708 ris
2062 654 2210 709 sicut
2240 655 2584 709 concessisti.
2617 655 2692 708 De
2728 653 2814 708 his
2846 654 3032 708 tribus
3065 652 3166 708 tibi
3201 653 3490 722 optionem
3522 667 3652 708 cou-

1953 744 2106 798 cedo.
2166 743 2486 813 Respondet
2531 743 2838 798 Anselmus
2879 757 2981 797 nec
3011 757 3068 797 se
3114 742 3382 797 habuisse
3414 743 3650 798 thesau—

1955 845 2104 897 rum,
2142 845 2244 886 nec
2293 830 2579 900 judicium
2621 844 2787 899 aquae
2837 829 3073 898 proinde
3125 829 3436 884 facturum.
3485 829 3649 883 Tunc

1951 919 2252 988 episcopus
2299 927 2607 975 convocato
2657 917 2910 989 generali
2952 926 3238 972 conventu
3286 917 3646 985 clericorum,

1954 1007 2200 1062 militum
2229 1016 2282 1063 et
2309 1007 2544 1068 civium,
2570 1021 2805 1062 causam
2836 1006 3048 1075 profert
3082 1008 3138 1060 in
3172 1005 3440 1060 medium.
3477 1005 3649 1060 Com-

1955 1097 2116 1150 muni
2171 1097 2431 1152 omuium
2482 1097 2760 1151 sententia
2793 1095 3106 1164 judicatur,
3170 1103 3232 1150 ut
3277 1094 3431 1164 quod
3479 1094 3651 1148 miser

1954 1199 2051 1240 ore
2083 1187 2313 1254 proprio
2340 1191 2622 1240 statuerat
2651 1183 3051 1252 compleretur.
3079 1184 3345 1238 Protinus
3372 1183 3440 1237 de
3463 1189 3651 1237 monte

1954 1273 2013 1328 in
2049 1275 2252 1329 vallem
2286 1273 2611 1336 deducitur,
2645 1281 2698 1327 et
2722 1271 2778 1326 in
2810 1273 3034 1327 arboris
3063 1272 3238 1326 ramis
3258 1271 3648 1340 suspenditur,

1952 1363 2186 1418 evidens
2225 1363 2633 1418 documentum
2685 1361 2944 1429 praebens
2978 1361 3265 1425 omnibus,
3318 1359 3470 1429 quod
3506 1360 3652 1414 Deus

1956 1451 2099 1506 nolit
2157 1451 2507 1520 impunitum
2556 1449 2784 1515 dimitti,
2835 1450 2936 1518 qui
2986 1449 3147 1504 Matri
3197 1463 3316 1503 suae
3371 1446 3648 1517 injuriam

1955 1539 2169 1595 fecerit.

2028 1629 2160 1684 Hazc
2201 1635 2338 1683 sunt
2380 1642 2512 1698 quae
2545 1634 2795 1696 tempore
2844 1625 3036 1681 domui
3086 1621 3480 1679 Bartholomaai
3522 1621 3650 1691 epi-

1956 1716 2112 1786 scopi
2141 1716 2508 1788 contigerunt
2539 1715 2825 1770 Lauduni.

1497 1895 1775 1940 EXPLICIT
1817 1897 1994 1940 LIBER
2039 1895 2322 1940 TERTIUS.

1133 2253 1547 2336 DOMNI
1631 2253 1979 2337 ωσι
2059 2237 2685 2337 D’AGHERY

1493 2438 1805 2494 MONACHI
1847 2437 2294 2494 BENEDICTINI

434 2620 576 2701 AD
662 2618 1022 2703 ΟΡΕΡιΑ
1119 2617 1615 2716 QU/EDAM
1710 2619 1810 2702 V.
1911 2615 2428 2703 GUIBERTI
2513 2617 2654 2698 DE
2739 2613 3378 2699 NOVIGENTO

943 2817 1366 2922 NOT/E
1437 2819 1614 2920 ET
1688 2817 2870 2923 OBSERVATIONES

727 3185 883 3269 AD
942 3183 1389 3269 LIBRUM
1468 3184 1618 3268 DE
1677 3182 2067 3267 LAUDE
2144 3181 2610 3267 SANCT/E
2685 3179 3108 3266 MARIAE.

153 3488 298 3536 sol
336 3483 749 3552 Fragmentum
775 3497 843 3535 ea:
872 3479 970 3534 lib.
1005 3495 1043 3552 i.
1072 3480 1128 3535 S.
1153 3477 1464 3552 Paschasii
1494 3477 1760 3552 Ralber/i
1783 3482 1859 3533 De

225 3556 410 3620 partu
453 3548 736 3622 Virginis.
776 3581 838 3593 --
872 3550 1027 3622 Quod
1063 3549 1315 3620 Deipara
1358 3548 1534 3622 Virgo
1562 3549 1854 3603 maculam

228 3619 532 3696 Originali:
561 3619 786 3695 peccati
816 3621 1053 3676 minime
1083 3619 1453 3675 contraxerit.

230 3747 295 3815 (ί)
329 3749 463 3804 CAP.
512 3747 650 3802 VllI.
704 3777 772 3786 —
825 3747 962 3801 Cum
1005 3743 1226 3799 actuali
1270 3741 1515 3799 abolevit
1568 3741 1856 3814 originale

154 3839 475 3907 peccatum.
536 3835 644 3898 Qui
699 3835 914 3890 cursim
967 3841 1022 3889 et
1071 3834 1200 3888 visu
1249 3840 1475 3888 tantum
1533 3831 1856 3902 przelibaret

156 3925 283 3980 haec
340 3925 553 3990 verba,
622 3931 808 3993 posset
892 3923 971 3978 ita
1031 3920 1461 3991 praefestinatim
1545 3921 1852 3992 argutari:

155 4013 405 4082 Spiritus
445 4021 679 4068 sanctus
724 4013 781 4066 in
817 4012 1051 4081 Virgine
1083 4017 1380 4079 peccatum
1424 4010 1688 4076 abolevit,
1729 4024 1856 4079 pro-

154 4101 293 4155 inde
335 4097 507 4155 fuerit
541 4101 596 4155 in
648 4100 882 4170 Virgine
926 4099 1240 4168 aliquando
1285 4099 1391 4153 hoc
1439 4106 1733 4168 peccatum
1770 4099 1858 4152 fa-

155 4188 267 4244 teri
315 4203 612 4243 necessum
660 4196 765 4243 est.
800 4190 873 4243 At
913 4187 1163 4256 penitius
1204 4186 1525 4255 inspicienti
1570 4187 1858 4257 argutiola

153 4277 358 4332 isthaac
388 4275 593 4332 frivola
623 4284 707 4331 est
753 4283 926 4345 atque
958 4273 1184 4343 inanis;
1215 4274 1425 4329 etenim
1458 4274 1640 4344 regeri
1674 4282 1859 4343 posset

157 4366 273 4420 hoc
296 4365 460 4419 modo
498 4379 509 4418 :
547 4364 599 4418 Si
645 4377 777 4418 cum
807 4362 1018 4418 actuali
1063 4362 1311 4417 abolevit
1344 4362 1622 4432 originale
1661 4377 1857 4431 pecca-

156 4462 308 4514 tum,
357 4466 493 4522 ergo
522 4459 575 4506 et
605 4451 881 4506 abolitum
913 4456 996 4504 est
1027 4450 1286 4514 actuale;
1334 4449 1379 4504 si
1413 4458 1604 4506 autem
1636 4449 1860 4505 actuale

157 4539 461 4606 abolitum,
509 4539 792 4594 exstitisse
823 4537 1138 4608 aliquando
1169 4537 1227 4591 in
1265 4538 1502 4608 Virgine
1550 4539 1860 4593 concludas

155 4634 398 4696 oportet.
453 4627 668 4683 Verum
722 4627 1021 4682 fritinnere
1070 4633 1153 4681 est
1186 4633 1358 4694 atque
1416 4627 1583 4695 plane
1631 4626 1860 4681 effutire

156 4714 244 4769 sic
297 4712 492 4782 loqui;
526 4713 807 4782 siquidem
864 4711 1132 4781 pluribus
1176 4712 1234 4766 in
1277 4711 1414 4767 locis
1443 4713 1622 4768 abbas
1670 4721 1862 4767 noster

158 4803 234 4858 de
297 4801 546 4871 puritate
596 4800 852 4872 Virginis
910 4800 1310 4866 immaculatae,
1362 4801 1548 4870 deque
1603 4801 1729 4870 ejus
1788 4800 1860 4855 ab

159 4890 321 4945 omni
353 4890 518 4945 sorde
547 4891 910 4945 immunitate
960 4897 1206 4944 mentem
1238 4890 1420 4958 aperit
1467 4903 1628 4944 suam
1660 4905 1671 4942 :
1711 4890 1862 4945 unde

161 4987 366 5034 contra
400 4978 479 5034 sic
507 4992 615 5049 ago
646 4993 658 5032 :
693 4979 756 5032 In
789 4978 1028 5049 Virgine
1059 4985 1258 5032 sancta
1289 4985 1582 5047 peccatum
1616 4978 1857 5044 actuale,

164 5067 320 5138 quod
357 5067 412 5123 in
442 5082 509 5123 ea
538 5081 831 5137 nusquam
863 5067 970 5122 fuit
998 5081 1070 5123 ex
1104 5081 1278 5122 sensu
1308 5066 1586 5131 Guiberti,
1617 5067 1861 5136 Spiritus

163 5156 221 5212 S.
259 5155 606 5224 praedicatur
655 5155 988 5218 abolevisse,
1023 5153 1229 5224 quidni
1275 5161 1330 5209 et
1360 5154 1659 5223 originale,
1708 5153 1862 5222 quod

163 5258 472 5314 nunquam
519 5243 690 5299 fuerit
719 5257 790 5299 ex
824 5250 1010 5298 mente
1053 5242 1307 5313 ejusdem
1338 5241 1583 5306 abbatis,
1616 5241 1863 5310 Spiritus

163 5339 402 5387 sanctus
428 5347 542 5386 non
575 5331 935 5387 aboleverit?

239 5420 498 5484 Attende,
533 5433 746 5488 quaeso.
781 5418 956 5474 verba
985 5432 1110 5486 cap.
1158 5419 1209 5482 ὅ,
1239 5417 1344 5472 col.
1383 5421 1477 5472 551
1519 5433 1531 5471 :
1571 5441 1590 5466 α
1628 5417 1788 5474 Certe
1815 5418 1863 5474 si

165 5509 488 5566 secundum
550 5508 900 5564 Platonicam
978 5506 1317 5563 sententiam
1374 5507 1610 5577 spiritus
1687 5508 1861 5564 nostri

1970 3476 2129 3547 prius
2160 3483 2432 3531 creantur
2483 3489 2658 3545 quam
2706 3489 2963 3544 corpora,
2997 3485 3180 3544 posset
3227 3477 3376 3532 Deus
3412 3475 3664 3545 cuipiam

1962 3563 2187 3632 spiritui
2238 3563 2524 3632 optionem
2556 3563 2692 3617 dare
2742 3577 2858 3631 qua
2893 3563 3055 3619 vellet
3097 3564 3382 3633 procreari
3413 3570 3485 3619 ex
3532 3579 3662 3618 ma-

1964 3659 2066 3707 tre.
2104 3652 2261 3716 Quod
2311 3652 2357 3706 si
2388 3651 2564 3716 lieret,
2613 3665 2811 3721 quam,
2849 3660 3034 3720 putas,
3087 3652 3179 3707 ille
3215 3666 3520 3721 personam
3552 3652 3660 3707 sibi

1969 3740 2073 3810 ipsi
2117 3739 2441 3795 consciret?
2495 3741 2572 3795 De
2603 3741 2856 3808 corporis
2891 3740 3072 3794 forma
3101 3754 3168 3795 ac
3219 3741 3556 3796 habitudine
3587 3741 3662 3796 si—

1964 3828 2133 3884 leam.
2188 3828 2333 3895 Quid
2386 3829 2717 3892 honestatis,
2750 3829 2890 3898 quid
2943 3829 3262 3898 prudentia
3313 3830 3508 3884 animo
3537 3829 3666 3899 ejus

1967 3917 2388 3985 comportaret?
2435 3916 2581 3971 nihil
2632 3917 2830 3986 procul
2865 3917 3039 3972 dubio
3077 3916 3152 3972 illi
3203 3918 3498 3984 adimeret,
3552 3932 3668 3987 quo

1969 4007 2092 4076 ipsa
2139 4005 2266 4060 aliis
2315 4005 2595 4060 invidiosa
2627 4019 2740 4060 non
2789 4013 2953 4060 esset.
3002 4006 3055 4060 Si
3089 4007 3168 4060 sic
3213 4006 3461 4060 hominis
3491 4005 3667 4075 spiri-

1967 4104 2079 4161 tus,
2113 4095 2398 4149 civitatem
2431 4093 2734 4163 virginalis
2765 4093 2934 4159 uteri,
2967 4108 3142 4164 quam
3187 4094 3293 4150 sibi
3329 4094 3532 4150 fundat
3561 4083 3665 4149 ᾹΙ-

1968 4183 2240 4248 tissimus,
2287 4197 2405 4252 quo
2455 4181 2734 4252 potentior
2762 4191 2864 4248 est,
2914 4197 3105 4238 nonne
3136 4183 3234 4237 Dei
3267 4182 3449 4237 multo
3481 4182 3668 4253 magis

1972 4280 2238 4342 perornat
2267 4269 2556 4340 Spiritus?
2595 4291 2614 4318 ι
2649 4271 2734 4325 Ex
2768 4271 2873 4325 hoc
2905 4271 3024 4326 loco
3068 4271 3208 4340 quid
3239 4270 3436 4326 inferri
3470 4270 3664 4340 possit,

1969 4361 2014 4416 si
2045 4360 2376 4431 diligentius
2404 4360 2758 4420 advertatur,
2791 4359 3077 4414 neminem
3123 4359 3308 4414 ullum
3346 4359 3414 4413 de
3450 4358 3667 4413 illibato

1972 4447 2223 4517 Virginis
2253 4455 2530 4515 conceptu
2573 4447 2807 4517 dignius
2837 4447 3010 4502 fuisse
3055 4448 3400 4503 arbitratum
3435 4447 3490 4501 in
3523 4460 3666 4501 con-

1969 4534 2184 4591 fessum
2221 4536 2429 4590 veniet.

2041 4623 2147 4678 Sed
2190 4623 2344 4678 enim
2396 4625 2605 4678 mirum
2640 4623 2697 4677 in
2745 4623 2973 4678 modum
3027 4622 3285 4678 Guiberti
3332 4636 3561 4678 sensum
3597 4620 3667 4676 il-

1972 4712 2237 4768 lustrabit
2270 4712 2414 4767 beati
2459 4712 2614 4767 illius
2644 4712 2907 4766 aeerrimi
2959 4711 3222 4766 Ecclesia)
3272 4718 3670 4781 propugnato-

1971 4801 2081 4864 ris,
2152 4800 2437 4856 Paschasii
2504 4800 2754 4856 Ratberti
2812 4801 3063 4856 (jorbeiae
3121 4800 3378 4869 antiquae
3444 4799 3670 4855 abbatis

1972 4889 2290 4956 sententia;
2325 4901 2462 4943 sane
2491 4887 2804 4957 singularis
2833 4896 2916 4942 est
2949 4896 3004 4943 et
3034 4888 3422 4943 exosculanda
3454 4903 3466 4941 :
3499 4902 3668 4942 cum-

1973 4992 2085 5048 que
2129 4977 2405 5032 hactenus
2455 4989 2698 5031 aureum
2752 4990 2985 5044 prorsus
3035 4975 3174 5031 tanti
3233 4976 3340 5030 viri
3400 4990 3545 5044 opus
3589 4976 3668 5030 De

1974 5073 2144 5137 partu
2198 5065 2451 5135 Virginis
2499 5065 2808 5131 delituerit,
2857 5065 3035 5120 donec
3077 5079 3110 5119 a
3160 5064 3320 5119 nobis
3371 5063 3665 5134 publicum

1974 5156 2089 5221 ﬁat,
2125 5162 2455 5224 pergratum
2490 5152 2556 5208 iri
2587 5159 2724 5222 puto
2761 5152 3087 5208 vetustioris
3115 5153 3413 5223 theologia:
3445 5152 3668 5207 studio-

1973 5244 2067 5307 sis,
2101 5243 2146 5298 si
2173 5243 2565 5312 fragmentum
2595 5241 2877 5311 prolixius
2907 5249 3159 5296 attexam
3197 5257 3209 5294 :

2044 5333 2060 5368 ¹
2094 5334 2160 5386 At
2192 5344 2325 5386 vero
2369 5331 2535 5386 beata
2577 5329 2771 5394 Maria,
2807 5329 2932 5384 licet
2981 5330 3102 5398 ipsa
3133 5329 3201 5384 de
3234 5342 3406 5383 carne
3456 5328 3668 5397 peccati

1973 5420 2043 5475 sit
2076 5428 2209 5475 nata
2239 5427 2293 5474 et
2324 5428 2638 5489 procreata,
2693 5418 2932 5488 ipsaque
2964 5418 3234 5487 quamvis
3267 5431 3401 5473 caro
3452 5417 3667 5486 peccati

1976 5508 2166 5574 fuerit,
2216 5523 2328 5563 non
2378 5516 2514 5564 tunc
2557 5509 2678 5578 jam
2710 5507 2944 5577 quando
2994 5506 3374 5576 praeveniente
3424 5505 3674 5577 Spiritus
