3932 6084
342 223 478 280 1019

1356 221 1469 274 AD.
1513 221 1674 275 OPP.
1714 219 1868 274 VEN.
1901 215 2228 275 GUIBERTI
2269 221 2359 274 DE
2398 220 2820 278 NOVIGENTO.

3702 227 3722 278 1
3734 225 3853 277 020

337 359 518 416 sancti
569 359 753 431 gratia
805 359 878 414 ab
931 355 1134 426 angelo
1186 370 1305 427 pra:
1362 356 1631 413 omnibus
1691 355 2034 412 mulieribus
2073 354 2204 410 Ain
2250 369 2375 412 eam
2408 356 2660 425 advenit,
2713 363 2886 413 totam
2915 355 3270 412 defaecavita
3324 356 3588 413 sordibus
3638 356 3849 428 Virgi—

340 448 635 505 benedicta
665 454 903 502 vocatur
937 460 950 500 :
992 443 1238 516 Spiritus
1279 448 1536 510 sanctus,
1590 445 1801 515 inquit,
1833 459 2030 514 super-

335 537 522 592 veniet
547 535 608 588 in
638 537 710 601 te,
744 541 800 590 et
825 532 1007 588 virtus
1035 531 1323 588 Altissimi
1349 532 1706 587 obumbrabit
1739 532 1842 586 tibi
1872 533 2028 598 (Luc.

338 641 374 689 ι,
411 628 520 694 35).
554 623 826 695 Alioquin
860 623 905 678 si
957 637 1071 676 non
1102 622 1299 677 eodem
1339 621 1554 691 Spiritu
1599 629 1793 677 sancto
1823 621 2033 678 sancti-

342 712 508 766 ficata
554 719 659 779 est,
712 719 765 766 et
822 710 1157 776 emundata,
1216 710 1503 779 quomodo
1552 724 1685 766 caro
1740 710 1867 780 ejus
1918 724 2032 765 non

337 812 470 854 caro
513 799 725 868 peccati
776 798 924 854 fuit?
970 805 1024 853 et
1056 798 1102 852 si
1153 812 1285 853 caro
1330 799 1456 868 ejus
1487 799 1555 852 de
1601 811 1786 853 massa
1835 798 2032 868 primae

340 886 827 956 praevaricationis
886 886 1060 952 venit,
1121 887 1407 955 quomodo
1462 887 1723 941 Christus
1776 886 2030 941 Verbum

335 989 468 1031 caro
498 975 620 1030 sine
654 981 879 1044 peccato
921 974 1047 1038 fuit,
1096 976 1195 1044 qui
1230 975 1298 1029 de
1329 989 1499 1029 carne
1542 974 1750 1044 peccati
1799 987 2028 1029 carnem

335 1063 663 1131 assumpsit.
702 1063 810 1117 nisi
843 1062 981 1131 quia
1030 1063 1283 1118 Verbum
1330 1062 1482 1132 quod
1516 1077 1648 1117 caro
1683 1062 1892 1116 factum
1923 1069 2026 1129 est,

333 1165 456 1206 eam
494 1151 744 1220 primum
775 1151 1164 1213 obumbravit,
1206 1150 1261 1204 in
1295 1165 1471 1220 quam
1504 1150 1747 1220 Spiritus
1797 1159 2030 1206 sanctus

334 1239 684 1308 supervenit,
719 1248 773 1294 et
813 1239 999 1294 virtus
1029 1239 1304 1294 Altissimi
1353 1253 1480 1294 eam
1531 1247 1704 1294 totam
1740 1238 2031 1308 possedit?

335 1328 639 1397 Propterea
690 1343 820 1382 vere
853 1342 985 1381 caro
1037 1327 1156 1397 jam
1206 1342 1320 1382 non
1373 1341 1508 1382 caro
1544 1327 1758 1397 peccati
1808 1327 1935 1394 fuit,
1970 1327 2027 1382 in

336 1431 454 1486 qua
502 1418 651 1472 Deus
698 1431 754 1471 se
796 1424 978 1472 totum
1025 1415 1253 1482 infudit,
1307 1424 1361 1471 et
1395 1417 1651 1472 Verbum
1697 1417 1849 1486 quod
1894 1430 2028 1472 caro

336 1503 546 1559 factum
593 1512 693 1569 est,
727 1503 849 1560 sine
884 1511 1109 1573 peccato
1157 1503 1227 1558 ad
1261 1518 1362 1558 nos
1392 1503 1566 1568 venit,
1617 1503 1717 1573 qui
1745 1504 1876 1574 jure
1910 1517 2025 1558 non

333 1592 519 1647 solum
552 1593 733 1664 legem
761 1600 984 1648 natura:
1011 1591 1225 1647 vitiatze
1258 1593 1313 1647 in
1347 1592 1633 1647 nascendo
1660 1607 1771 1646 non
1800 1592 1983 1647 tenuit
2009 1607 2022 1656 ;

331 1694 536 1736 verum
588 1695 692 1735 nec
749 1681 931 1750 legem
981 1681 1174 1750 primm
1231 1681 1474 1751 originis
1527 1694 1702 1750 quam
1752 1681 2026 1736 haberent

336 1767 580 1834 feminae,
618 1768 660 1822 si
710 1769 1047 1824 mandatum
1094 1777 1372 1824 servasset
1409 1776 1589 1824 mater
1620 1770 1876 1824 omnium
1912 1771 2029 1824 Eva

335 1855 390 1910 in
438 1857 723 1926 paradiso.
767 1856 920 1912 Alias
963 1865 1152 1912 autem
1205 1858 1513 1927 quomodo,
1573 1857 1788 1927 Spiritu
1831 1866 2028 1914 sancto

331 1959 456 2000 eam
503 1944 774 2014 replente,
827 1960 940 2000 non
971 1946 1094 2000 sine
1121 1945 1389 2015 originali
1432 1954 1664 2016 peccato
1696 1946 1823 2012 fuit,
1858 1946 2028 2017 cujus

330 2032 504 2088 etiam
536 2032 810 2087 nativitas
858 2033 1105 2104 gloriosa
1152 2034 1429 2089 catholice
1475 2034 1528 2088 in
1575 2034 1730 2089 omni
1777 2035 2029 2090 Ecclesia

333 2121 539 2176 Christi
572 2121 644 2177 ab
674 2122 944 2178 omnibus
978 2123 1108 2178 felix
1140 2131 1194 2179 et
1224 2124 1388 2179 beata
1419 2123 1801 2192 praedicatur?
1838 2124 2028 2179 Enim-

331 2223 466 2264 vero
497 2209 542 2264 si
577 2225 692 2265 non
726 2210 888 2265 beata
917 2218 1059 2266 esset
1102 2219 1156 2266 et
1189 2212 1458 2281 gloriosa,
1492 2226 1866 2282 nequaquam
1900 2213 2027 2282 ejus

333 2297 610 2353 festivitas
639 2298 1026 2355 celebraretur
1059 2300 1274 2370 ubique
1322 2300 1393 2355 ab
1425 2301 1714 2356 omnibus.
1748 2300 1851 2356 Sed
1887 2303 2026 2370 quia

333 2393 446 2440 tam
495 2385 824 2447 solemniter
867 2388 1094 2453 colitur,
1146 2396 1366 2444 constat
1410 2403 1481 2444 ex
1530 2390 1866 2444 auctoritate
1911 2391 2024 2444 Ec-

331 2471 554 2536 clesize,
616 2473 768 2542 quod
825 2473 1002 2529 nullis
1054 2477 1404 2546 quandoque
1458 2483 1682 2530 naturae
1734 2475 2026 2546 subjacuit

325 2560 565 2628 delictis,
601 2578 783 2632 neque
810 2563 1095 2617 contraxit
1139 2563 1198 2617 in
1239 2568 1405 2619 utero
1449 2562 1815 2632 sanctiﬁcata
1855 2564 2026 2637 origi-

323 2649 459 2702 nale
509 2655 827 2719 peccatum.
867 2651 1046 2712 Unde,
1094 2653 1196 2708 etsi
1246 2653 1501 2708 Jeremize
1534 2653 1652 2707 dies
1697 2660 1872 2721 atque
1919 2655 2021 2710 Job

324 2737 626 2792 maledicta
688 2739 1118 2808 pronuntiatur,
1181 2741 1318 2807 dies,
1373 2742 1641 2812 inquam,
1703 2742 2022 2799 nativitatis

321 2839 544 2890 eorum,
581 2826 700 2881 dies
733 2835 920 2882 tamen
967 2829 1201 2898 quando
1234 2831 1500 2885 inchoata
1528 2838 1610 2885 est
1644 2829 1777 2885 felix
1827 2832 2020 2889 Maria;

320 2912 628 2979 nativitas,
692 2915 855 2970 beata
916 2919 1325 2985 pronuntiatur
1380 2927 1433 2974 et
1492 2918 1700 2974 colitur
1755 2919 2018 2990 religiose

320 3001 478 3056 satis.
537 3001 696 3070 Quod
747 3003 794 3059 si
866 3003 923 3058 in
981 3014 1208 3074 peccato
1258 3014 1442 3076 esset,
1497 3009 1629 3079 jure
1714 3007 2018 3070 maledicta

318 3090 608 3146 diceretur
661 3100 715 3146 et
762 3093 1158 3162 gemebunda,
1220 3097 1409 3165 potius
1460 3114 1635 3168 quam
1697 3103 2011 3172 benedicta,

320 3180 554 3248 quando
607 3181 931 3236 nuntiatum
977 3190 1060 3237 est
1109 3185 1251 3252 patri
1301 3190 1449 3240 εστ
1499 3190 1626 3259 ejus
1674 3193 1830 3261 quod
1883 3202 2017 3248 nata

318 3274 463 3321 esset
501 3268 555 3322 in
588 3269 815 3324 saculo.
861 3269 1027 3324 Nunc
1052 3279 1266 3339 autem,
1299 3274 1438 3342 quia
1470 3277 1794 3336 universam
1841 3282 2015 3338 bene-

318 3355 563 3412 dictione
608 3371 716 3412 sua
759 3357 924 3413 beata
957 3358 1117 3430 virgo
1163 3361 1340 3416 Maria
1385 3363 1631 3421 illustrat
1681 3369 2014 3439 Ecclesiam,

319 3458 434 3498 non
501 3443 702 3500 merito
754 3447 1110 3502 sanctificata
1169 3451 1222 3503 in
1286 3450 1500 3520 Spiritu
1547 3463 1742 3511 sancto
1809 3457 2016 3514 colitur

318 3532 686 3587 veneranda?
741 3533 970 3589 Nullius
1018 3535 1195 3607 igitur
1253 3539 1525 3596 nativitas
1580 3542 1904 3600 celebratur
1955 3546 2014 3600 in

319 3620 556 3685 mundo,
602 3621 707 3675 nisi
743 3622 950 3678 Christi
981 3632 1034 3678 et
1060 3624 1205 3694 ejus,
1235 3634 1409 3696 atque
1443 3628 1586 3684 beati
1619 3632 1873 3688 Joannis.
1925 3636 2016 3690 Sic

317 3716 372 3764 et
405 3708 566 3764 beata
603 3709 767 3780 virgo
803 3712 978 3767 Maria
1008 3713 1116 3767 nisi
1148 3713 1206 3768 in
1242 3722 1401 3770 utero
1433 3717 1633 3773 matris
1661 3721 2014 3777 sanctificata

317 3805 483 3864 esset,
539 3797 773 3854 minime
833 3800 1104 3856 nativitas
1158 3801 1284 3872 ejus
1335 3804 1571 3860 colenda
1625 3815 1787 3862 esset.
1849 3809 2016 3866 Nunc

317 3892 512 3940 autem
561 3886 699 3956 quia
745 3902 817 3942 ex
863 3889 1202 3944 auctoritate
1244 3892 1415 3947 totius
1463 3893 1726 3950 Ecclesue
1777 3910 2013 3951 venera-

319 3980 433 4039 tur,
465 3976 690 4028 constat
717 3991 846 4028 eam
875 3975 948 4028 ab
977 3976 1136 4031 omni
1149 3977 1428 4048 originali
1442 3985 1675 4047 peccato
1701 3981 2014 4039 immunem

300 4060 519 4128 fuisse,
555 4075 656 4130 per
685 4077 863 4134 quam
909 4078 1020 4118 non
1051 4065 1234 4121 solum
1286 4067 1607 4126 maledictio
1639 4074 1837 4127 matris
1880 4074 2014 4130 Eva:

317 4149 506 4204 soluta
552 4157 656 4214 est,
691 4165 892 4206 verum
923 4153 1091 4208 etiam
1146 4155 1464 4212 benedictio
1495 4159 1766 4216 omnibus
1801 4163 2014 4218 condo-

319 4243 511 4291 natur.
549 4236 708 4303 Quod
758 4239 805 4294 si
835 4242 1109 4308 praeclara
1156 4245 1529 4302 sanctissima:
1580 4247 1835 4319 Virginis
1862 4251 2014 4306 Nati-

317 4325 464 4380 vitas
513 4325 915 4384 universaliter
949 4337 1062 4385 tam
1114 4341 1310 4388 sancta
1341 4342 1396 4390 et
1432 4343 1546 4390 tam
1591 4336 1840 4406 gloriosa
1879 4339 2010 4408 jure

316 4413 524 4469 colitur
553 4422 606 4469 et
656 4425 986 4482 veneratur,
1020 4428 1238 4488 quanto
1280 4423 1461 4492 magis
1508 4424 1627 4493 ipsa
1658 4427 1894 4494 quando
1937 4427 2009 4482 ab

317 4502 522 4571 angelo
569 4502 688 4572 jam
747 4505 933 4574 gratia
991 4506 1159 4576 plena
1212 4509 1618 4568 officiosissime
1677 4515 2011 4571 salutatur?

315 4589 458 4645 Nam
511 4606 642 4646 cum
690 4592 826 4648 dicit
857 4595 908 4649 ei
943 4609 953 4647 :
991 4611 1113 4662 ave,
1161 4596 1382 4653 cmleste
1431 4602 1812 4658 venerationis
1843 4605 2006 4660 obse-

315 4677 521 4747 quium
552 4679 802 4748 exhibet,
837 4697 968 4736 cum
997 4691 1188 4739 autem
1217 4685 1353 4741 dicit
1383 4687 1575 4759 gratia
1600 4689 1798 4760 plena,
1825 4706 1898 4746 ex
1931 4693 2011 4747 in-

315 4773 474 4836 tegro
507 4766 647 4822 iram
695 4769 988 4825 exclusam
1035 4773 1279 4830 ostendit
1324 4783 1378 4830 et
1408 4777 1728 4834 restitutam
1765 4781 2009 4850 gratiam

314 4853 584 4910 declarat.
632 4855 771 4911 Cum
827 4857 963 4913 dicit
1008 4859 1306 4916 benedicta
1347 4865 1426 4929 tu,
1479 4864 1729 4922 fructum
1778 4868 2009 4924 benedi-

317 4941 522 4997 ctionis
572 4943 942 5012 demonstrat,
993 4948 1132 5017 quia
1184 4951 1418 5020 quando
1472 4953 1718 5023 Spiritus
1776 4965 2012 5013 sanctus

2143 459 2273 500 nem
2315 453 2370 500 et
2399 445 2646 514 decoxit,
2693 453 2756 501 ut
2783 453 2926 501 esset
2971 445 3222 500 sanctior
3264 459 3440 515 quam
3481 454 3637 501 astra
3685 445 3845 501 caeli.

2144 533 2317 588 Porro
2346 535 2580 602 quando
2624 534 2810 590 virtus
2838 535 3106 589 Altissimi
3153 541 3328 589 totam
3359 548 3486 589 eam
3518 535 3845 590 adumbra-

2141 622 2244 684 vit,
2298 621 2510 676 factum
2561 629 2644 677 est
2686 630 2749 677 ut
2795 623 2922 692 ejus
2961 621 3019 676 in
3062 629 3224 677 utero
3276 621 3510 676 veniens
3554 621 3844 687 Verbum,

2142 711 2296 780 quod
2341 719 2463 766 erat
2514 710 2568 765 in
2616 710 2896 781 principio
2939 711 3349 780 sempiternum
3397 710 3552 779 apud
3585 710 3845 774 Patrem,

2141 813 2272 854 caro
2301 799 2458 856 ﬁeret
2486 814 2558 855 ex
2585 808 2855 869 tempore,
2888 808 2945 855 et
2973 799 3257 854 habitaret
3290 799 3347 853 in
3379 798 3560 854 nobis.

2216 910 2237 936 ‹
2271 887 2523 943 Audiant
2573 889 2750 958 igitur
2778 888 2910 942 novi
2958 888 3360 956 disputatores,
3409 894 3464 942 et
3517 886 3847 954 investiga-

2143 982 2287 1030 tores
2316 976 2450 1030 novi
2493 982 2549 1030 et
2582 974 2824 1029 inauditi
2858 983 3089 1044 partus;
3136 975 3375 1029 audiant
3403 981 3457 1027 et
3509 972 3848 1041 intelligant

2141 1064 2412 1134 primum,
2464 1064 2604 1134 quia
2658 1064 2763 1118 viri
2805 1072 2958 1129 sunt,
3008 1063 3293 1133 quomodo
3337 1061 3480 1117 bene
3537 1062 3846 1130 disputare

2138 1161 2351 1222 queant
2381 1154 2450 1208 de
2493 1161 2703 1208 natura
2729 1160 2782 1207 et
2811 1167 2956 1208 sexu
2989 1152 3317 1207 mulierum.
3363 1151 3575 1206 Deinde
3607 1149 3846 1219 recogi-

2137 1249 2274 1308 tent,
2310 1243 2495 1311 utqui
2547 1249 2816 1297 naturam
2850 1241 3174 1312 requirunt,
3227 1247 3281 1293 et
3331 1251 3694 1293 communem
3755 1237 3844 1290 le-

2135 1345 2263 1400 gem
2310 1330 2600 1396 nascendi,
2654 1329 2748 1385 υιιὶ
2782 1337 2962 1384 totum
3011 1328 3273 1382 divinum
3306 1335 3389 1382 est
3437 1335 3492 1381 et
3522 1325 3839 1389 ineffabile,

2136 1418 2331 1473 divina
2363 1418 2548 1474 virtus
2577 1418 2730 1487 quod
2763 1424 3053 1486 operatur.
3089 1415 3528 1471 Generationem
3554 1414 3688 1481 ejus
3705 1413 3846 1484 quis

2133 1505 2463 1560 enarrabit?
2509 1505 2672 1576 (Isai.
2732 1521 2844 1571 un,
2891 1505 2968 1573 8.)
3017 1503 3161 1560 Nam
3219 1503 3350 1574 quis
3401 1504 3506 1558 hoc
3559 1503 3680 1558 loco
3731 1517 3841 1571 pro

2135 1594 2469 1664 impossibili
2501 1595 2801 1664 accipitur,
2838 1593 2977 1664 quia
3009 1607 3174 1648 nemo
3218 1601 3546 1648 sanctorum
3587 1601 3692 1656 est,
3730 1591 3838 1660 qui

2136 1698 2248 1738 non
2281 1683 2405 1738 dico
2431 1683 2707 1748 divinam,
2737 1697 2938 1738 verum
2967 1681 3139 1737 etiam
3169 1681 3272 1750 qui
3301 1679 3681 1736 humanitatis
3707 1679 3838 1749 ejus

2137 1773 2560 1844 generationem
2596 1773 2666 1827 ad
2713 1771 2998 1841 liquidum
3033 1778 3205 1840 queat
3235 1783 3526 1834 enarrare,
3559 1770 3837 1838 quamvis

2136 1870 2413 1932 utrasque
2451 1875 2649 1917 omnes
2679 1860 2920 1915 debeant
2950 1859 3178 1914 credere
3198 1859 3224 1912 ?
3257 1859 3396 1914 llinc
3425 1872 3561 1928 ergo
3605 1856 3836 1928 colligi-

2136 1957 2231 2005 tur
2280 1951 2433 2020 quod
2485 1949 2879 2019 superstitiosa
2935 1947 3008 2003 sit
3061 1948 3300 2002 istorum
3351 1946 3722 2011 concertatio,
3780 1953 3834 1998 et

2135 2040 2430 2108 superflua
2469 2038 2816 2108 disputatio,
2885 2037 2987 2108 qui
3044 2036 3244 2091 dicunt
3310 2036 3454 2090 ostia
3493 2035 3713 2089 ventris
3777 2041 3831 2087 et

2134 2128 2325 2183 vulvae
2349 2141 2481 2182 eum
2534 2126 2851 2197 aperuisse,
2883 2133 2937 2181 et
2979 2125 3360 2180 colluvionem
3415 2122 3722 2192 sanguinis
3768 2130 3830 2176 ut

2132 2217 2316 2272 caeteri
2373 2231 2589 2283 omnes,
2661 2223 2714 2271 et
2771 2214 3158 2270 secundarum
3237 2211 3542 2282 spurcitias
3592 2218 3718 2279 post
3772 2225 3829 2264 se

2133 2304 2408 2368 traxisse;
2447 2304 2503 2358 in
2530 2303 2744 2373 quibus
2772 2302 3042 2356 omnibus
3077 2301 3324 2371 gemitus
3351 2307 3406 2354 et
3437 2298 3597 2353 dolor
3624 2297 3829 2353 multi-

2131 2392 2395 2461 plicatur,
2448 2391 2698 2456 tristitia,
2750 2397 2804 2446 et
2852 2403 3130 2444 aerumnas
3179 2395 3488 2458 augentur,
3541 2395 3601 2441 ut
3659 2400 3830 2440 nemo

2131 2481 2252 2535 sine
2281 2480 2369 2535 his
2402 2479 2586 2549 pariat
2633 2479 2833 2534 lilium.
2871 2477 2972 2533 Sed
3007 2477 3155 2532 absit
3185 2490 3217 2530 a
3247 2475 3515 2531 cordibus
3544 2474 3828 2540 ﬁdelium,

2133 2577 2194 2624 ut
2226 2569 2336 2624 tale
2381 2565 2599 2637 aliquid
2653 2567 3018 2636 suspicentur
3064 2565 3133 2619 de
3187 2565 3364 2620 Maria
3398 2563 3636 2633 virgine,
3693 2577 3832 2632 qua:

2132 2672 2232 2727 pro
2285 2656 2680 2712 maledictione
2728 2657 2926 2725 prima?
2957 2653 3195 2724 originis
3236 2652 3682 2708 benedictionem
3733 2659 3830 2704 at-

2131 2746 2260 2801 tulit
2292 2745 2542 2800 mundo!
2576 2744 2736 2800 Unde
2765 2751 2818 2799 et
2848 2745 2969 2814 ipsa
2998 2743 3306 2813 siquidem,
3342 2749 3403 2796 ut
3434 2740 3575 2806 dixi,
3610 2740 3683 2794 ab
3717 2755 3832 2794 an-

2130 2835 2254 2905 gelo
2288 2834 2584 2890 benedicta
2635 2833 2978 2903 prmdicatur
3010 2832 3066 2886 in
3116 2830 3476 2894 mulieribus,
3507 2837 3562 2884 et
3602 2832 3830 2883 saluta-

2057 2950 2096 3004 ρ
2131 2937 2226 2978 tur
2251 2922 2659 2978 ofﬁciosissime
2690 2929 2752 2976 ut
2784 2921 2961 2975 Mater
2993 2919 3214 2974 Domini
3248 2932 3361 2987 prae
3391 2917 3657 2973 omnibus
3690 2917 3831 2986 glo-

2130 3012 2298 3074 riosa,
2347 3026 2452 3066 nec
2477 3024 2591 3066 non
2635 3017 2688 3066 et
2719 3010 2790 3065 ab
2825 3007 3106 3064 Elizabeth
3159 3008 3215 3062 in
3261 3007 3476 3076 Spiritu
3510 3005 3829 3076 prophetia:

2123 3099 2421 3156 benedicta
2483 3100 2635 3170 (Luc.
2687 3114 2724 3167 ι,
2778 3099 2867 3165 42)
2909 3097 3334 3168 pronuntiatur,
3386 3104 3442 3150 et
3495 3093 3824 3149 benedictus

2122 3189 2347 3252 fructus
2394 3188 2609 3242 ventris
2657 3187 2858 3256 (lbid.)
2906 3187 3032 3256 ejus
3077 3185 3332 3242 creditur
3377 3193 3432 3238 et
3480 3191 3814 3238 veneratur.

2125 3279 2274 3347 Ergo
2311 3279 2365 3332 in
2396 3291 2533 3348 qua,
2570 3285 2624 3332 et
2657 3291 2753 3346 per
2786 3290 2961 3346 quam
2995 3283 3154 3330 tanta
3201 3273 3512 3329 benedictio
3541 3273 3813 3338 effloruit,

2121 3371 2174 3418 et
2209 3363 2395 3433 gratia
2443 3362 2720 3425 manavit,
2781 3375 2895 3416 non
2943 3367 3026 3415 est
3081 3358 3429 3414 credendum
3479 3358 3631 3427 quod
3692 3358 3816 3427 ejus

2123 3451 2492 3521 puerperium
2523 3450 2818 3505 doloribus
2855 3456 2910 3504 et
2942 3448 3249 3519 gemitibus
3287 3461 3441 3501 more
3471 3446 3816 3502 feminarum

2122 3539 2496 3609 subjacuerit.
2532 3539 2600 3593 Et
2632 3539 2769 3608 quia
2799 3538 2962 3593 beata
3009 3538 3102 3592 Dei
3134 3535 3393 3592 Genitrix
3423 3535 3668 3589 tristitiis
3699 3550 3813 3589 non

2121 3629 2413 3698 subjacuit
2456 3636 2511 3682 et
2542 3627 2836 3688 aerumnis,
2881 3626 3064 3680 libera
3093 3625 3164 3679 ab
3209 3623 3366 3679 omni
3395 3623 3825 3677 maledictioni:

2119 3734 2270 3772 naevo
2295 3716 2434 3782 fuit,
2485 3731 2662 3786 quam
2693 3716 2941 3785 Spiritus
2986 3722 3218 3771 sanctus
3251 3712 3605 3782 adimplevit,
3653 3720 3711 3766 et
3743 3722 3826 3766 to-

2123 3813 2235 3861 tam
2289 3805 2528 3860 Domino
2578 3803 2878 3870 dedicavit,
2932 3817 3109 3874 quam
3159 3802 3345 3857 virtus
3398 3800 3665 3856 Altissimi
3710 3801 3825 3855 ob-

2121 3894 2434 3961 umbravit,
2477 3901 2531 3948 et
2554 3908 2626 3949 ex
2668 3893 3022 3948 sanctiﬁcata
3052 3905 3222 3946 carne
3277 3889 3530 3960 Virginis
3566 3888 3821 3944 Verbum

2121 3997 2351 4038 carnem
2395 3981 2722 4051 assumpsit,
2755 3988 2808 4036 et
2843 3981 3098 4036 connivit
3131 3979 3190 4034 in
3225 3979 3442 4033 unitate
3475 3991 3752 4047 personae.
3791 4001 3822 4024 η

2197 4073 2261 4128 Et
2288 4071 2484 4126 multis
2513 4071 2818 4140 interjectis
2856 4069 3110 4138 virgines
3141 4068 3482 4137 alloquens:
3517 4089 3536 4113 ι
3573 4066 3823 4122 Eximim

2123 4160 2347 4230 pietatis
2377 4160 2558 4215 honor
2600 4167 2655 4214 et
2683 4159 2858 4213 decus
2889 4157 3137 4222 virtutis,
3188 4156 3527 4212 beatissima:
3560 4154 3823 4224 Virginis

2053 4245 2095 4299 D
2123 4246 2452 4316 pudicitiam
2498 4245 2800 4314 przedicate
2846 4244 3258 4313 incorruptam,
3308 4251 3362 4298 et
3394 4241 3816 4296 incontamina-

2117 4345 2252 4401 tam,
2285 4338 2340 4388 et
2367 4335 2440 4388 ab
2468 4333 2626 4388 omni
2642 4336 2978 4405 contagione
2999 4331 3199 4404 prima
3217 4329 3458 4402 origini:
3476 4329 3757 4392 alienam,
3787 4355 3817 4378 ι.

2115 4433 2220 4479 etc.

2187 4511 2444 4582 Denique
2475 4511 2583 4566 sub
2636 4510 2805 4566 finem
2841 4525 2853 4564 :
2886 4511 2963 4566 In
2995 4525 3111 4581 qua
3143 4507 3422 4578 (Virgine)
3445 4505 3656 4561 vexilla
3685 4508 3818 4562 vir-

2117 4604 2301 4657 tutum
2346 4599 2653 4663 micarunt,
2706 4597 2927 4653 nullum
2974 4602 3271 4670 peccatum
3312 4594 3518 4667 prima:
3561 4595 3821 4666 origini:

2113 4689 2311 4762 viguit.

2191 4779 2314 4833 Huc
2345 4792 2527 4848 usque
2578 4776 2936 4841 Paschasius,
2991 4774 3088 4845 qui
3123 4773 3324 4830 Carolo
3381 4774 3580 4842 Magno
3631 4772 3820 4843 impe-

2118 4875 2280 4922 rante
2321 4866 2577 4934 florebat,
2625 4878 2824 4934 nempe
2875 4863 3102 4919 duobus
3131 4862 3357 4918 saeculis
3393 4870 3524 4918 ante
3572 4861 3822 4918 Guiber-

2119 4963 2262 5011 tum.
