  <div class='ocr_page' id='page_1' title='image "/cluster/home/n/w/nwhite01/storage/ocr_20150623/156/hvd.32044054760145/516.png"; bbox 0 0 3922 6080; ppageno 0'>
   <div class='ocr_carea' id='block_1_1' title="bbox 168 274 297 326">
    <p class='ocr_par' dir='ltr' id='par_1_1' title="bbox 168 274 297 326">
     <span class='ocr_line' id='line_1_1' title="bbox 168 274 297 326; baseline -0.008 0"><span class='ocrx_word' id='word_1_1' title='bbox 168 274 297 326; x_wconf 78' lang='grc'><strong>1021</strong></span> 
     </span>
    </p>
   </div>
   <div class='ocr_carea' id='block_1_2' title="bbox 1441 260 2410 320">
    <p class='ocr_par' dir='ltr' id='par_1_2' title="bbox 1441 260 2410 320">
     <span class='ocr_line' id='line_1_2' title="bbox 1441 260 2410 320; baseline -0.006 -1"><span class='ocrx_word' id='word_1_2' title='bbox 1441 263 1660 320; x_wconf 84' lang='lat' dir='ltr'><strong>DOMNI</strong></span> <span class='ocrx_word' id='word_1_3' title='bbox 1699 263 1757 317; x_wconf 85' lang='lat' dir='ltr'><strong>L.</strong></span> <span class='ocrx_word' id='word_1_4' title='bbox 1801 261 2148 318; x_wconf 81' lang='lat' dir='ltr'><strong>D’ACHERY</strong></span> <span class='ocrx_word' id='word_1_5' title='bbox 2186 260 2410 317; x_wconf 63' lang='lat' dir='ltr'><strong>NOTAE.</strong></span> 
     </span>
    </p>
   </div>
   <div class='ocr_carea' id='block_1_3' title="bbox 3533 258 3672 314">
    <p class='ocr_par' dir='ltr' id='par_1_3' title="bbox 3533 258 3672 314">
     <span class='ocr_line' id='line_1_3' title="bbox 3533 258 3672 314; baseline -0.014 0"><span class='ocrx_word' id='word_1_6' title='bbox 3533 262 3553 314; x_wconf 79' lang='grc'><strong>1</strong></span> <span class='ocrx_word' id='word_1_7' title='bbox 3566 258 3672 313; x_wconf 80' lang='lat' dir='ltr'><strong>O22</strong></span> 
     </span>
    </p>
   </div>
   <div class='ocr_carea' id='block_1_4' title="bbox 620 536 3214 637">
    <p class='ocr_par' dir='ltr' id='par_1_4' title="bbox 620 536 3214 637">
     <span class='ocr_line' id='line_1_4' title="bbox 620 536 3214 637; baseline -0.003 0"><span class='ocrx_word' id='word_1_8' title='bbox 620 542 783 637; x_wconf 88' lang='lat' dir='ltr'><strong>AD</strong></span> <span class='ocrx_word' id='word_1_9' title='bbox 863 540 1299 637; x_wconf 84' lang='lat' dir='ltr'><strong>LIBROS</strong></span> <span class='ocrx_word' id='word_1_10' title='bbox 1380 542 1535 635; x_wconf 91' lang='lat' dir='ltr'><strong>DE</strong></span> <span class='ocrx_word' id='word_1_11' title='bbox 1611 538 2355 635; x_wconf 82' lang='lat' dir='ltr'><strong>PIGNORIBUS</strong></span> <span class='ocrx_word' id='word_1_12' title='bbox 2435 536 3214 634; x_wconf 84' lang='lat' dir='ltr'><strong>SANCTOBUM.</strong></span> 
     </span>
    </p>
   </div>
   <div class='ocr_carea' id='block_1_5' title="bbox 236 892 1758 980">
    <p class='ocr_par' dir='ltr' id='par_1_5' title="bbox 236 893 1758 972">
     <span class='ocr_line' id='line_1_5' title="bbox 236 893 1758 972; baseline -0.003 -18"><span class='ocrx_word' id='word_1_13' title='bbox 236 900 297 972; x_wconf 81' lang='grc'><strong>(³)</strong></span> <span class='ocrx_word' id='word_1_14' title='bbox 348 901 532 957; x_wconf 73' lang='grc' dir='ltr'><strong>Εριετ.</strong></span> <span class='ocrx_word' id='word_1_15' title='bbox 619 913 860 955; x_wconf 82' lang='lat' dir='ltr'><strong>NUNCUP.</strong></span> <span class='ocrx_word' id='word_1_16' title='bbox 928 894 1133 953; x_wconf 85' lang='lat' dir='ltr'><strong>Sancti</strong></span> <span class='ocrx_word' id='word_1_17' title='bbox 1186 893 1601 967; x_wconf 76' lang='lat' dir='ltr'><strong>Symphoriani</strong></span> <span class='ocrx_word' id='word_1_18' title='bbox 1664 893 1758 948; x_wconf 83' lang='lat' dir='ltr'><strong>abl</strong></span> 
     </span>
    </p>
   </div>
   <div class='ocr_carea' id='block_1_6' title="bbox 2044 892 3667 980">
    <p class='ocr_par' dir='ltr' id='par_1_6' title="bbox 2044 909 3667 980">
     <span class='ocr_line' id='line_1_6' title="bbox 2044 909 3667 980; baseline -0.001 -15"><span class='ocrx_word' id='word_1_19' title='bbox 2044 929 2072 966; x_wconf 68' lang='grc' dir='ltr'>ι.</span> <span class='ocrx_word' id='word_1_20' title='bbox 2106 926 2143 965; x_wconf 86' lang='grc' dir='ltr'>ιι</span> <span class='ocrx_word' id='word_1_21' title='bbox 2183 910 2327 967; x_wconf 70' lang='lat' dir='ltr'><strong>Vitae</strong></span> <span class='ocrx_word' id='word_1_22' title='bbox 2384 910 2438 967; x_wconf 91' lang='lat' dir='ltr'><strong>S.</strong></span> <span class='ocrx_word' id='word_1_23' title='bbox 2500 910 2771 967; x_wconf 85' lang='lat' dir='ltr'><strong>Anselmi.</strong></span> <span class='ocrx_word' id='word_1_24' title='bbox 2833 909 3048 966; x_wconf 88' lang='lat' dir='ltr'><strong>Videsis</strong></span> <span class='ocrx_word' id='word_1_25' title='bbox 3077 923 3210 980; x_wconf 64' lang='lat' dir='ltr'><strong>qua)</strong></span> <span class='ocrx_word' id='word_1_26' title='bbox 3254 910 3326 966; x_wconf 89' lang='lat' dir='ltr'><strong>ad</strong></span> <span class='ocrx_word' id='word_1_27' title='bbox 3379 909 3558 965; x_wconf 88' lang='lat' dir='ltr'><strong>Vitam</strong></span> <span class='ocrx_word' id='word_1_28' title='bbox 3607 910 3667 964; x_wconf 86' lang='grc' dir='ltr'>Β.</span> 
     </span>
    </p>
   </div>
   <div class='ocr_carea' id='block_1_7' title="bbox 159 984 1862 1058">
    <p class='ocr_par' dir='ltr' id='par_1_7' title="bbox 159 984 1862 1058">
     <span class='ocr_line' id='line_1_7' title="bbox 159 984 1862 1058; baseline -0.004 -14"><span class='ocrx_word' id='word_1_29' title='bbox 159 988 367 1045; x_wconf 87' lang='lat' dir='ltr'><strong>Odoni.</strong></span> <span class='ocrx_word' id='word_1_30' title='bbox 413 989 515 1045; x_wconf 90' lang='lat' dir='ltr'><strong>Hic</strong></span> <span class='ocrx_word' id='word_1_31' title='bbox 558 994 749 1058; x_wconf 90' lang='lat' dir='ltr'><strong>postea</strong></span> <span class='ocrx_word' id='word_1_32' title='bbox 780 987 952 1056; x_wconf 91' lang='lat' dir='ltr'><strong>episc.</strong></span> <span class='ocrx_word' id='word_1_33' title='bbox 1005 984 1333 1041; x_wconf 90' lang='lat' dir='ltr'><strong>Belvacens.</strong></span> <span class='ocrx_word' id='word_1_34' title='bbox 1381 992 1747 1040; x_wconf 89' lang='lat' dir='ltr'><strong>consecratus</strong></span> <span class='ocrx_word' id='word_1_35' title='bbox 1777 990 1862 1039; x_wconf 88' lang='lat' dir='ltr'><strong>est</strong></span> 
     </span>
    </p>
   </div>
   <div class='ocr_carea' id='block_1_8' title="bbox 157 1072 1854 1146">
    <p class='ocr_par' dir='ltr' id='par_1_8' title="bbox 157 1072 1854 1146">
     <span class='ocr_line' id='line_1_8' title="bbox 157 1072 1854 1146; baseline -0.005 -12"><span class='ocrx_word' id='word_1_36' title='bbox 157 1079 271 1134; x_wconf 90' lang='lat' dir='ltr'><strong>sub</strong></span> <span class='ocrx_word' id='word_1_37' title='bbox 298 1094 392 1134; x_wconf 90' lang='lat' dir='ltr'><strong>an.</strong></span> <span class='ocrx_word' id='word_1_38' title='bbox 446 1080 581 1132; x_wconf 78' lang='grc'><strong>1135</strong></span> <span class='ocrx_word' id='word_1_39' title='bbox 635 1076 831 1146; x_wconf 85' lang='lat' dir='ltr'><strong>(Ante.</strong></span> <span class='ocrx_word' id='word_1_40' title='bbox 893 1074 1134 1145; x_wconf 86' lang='lat' dir='ltr'><strong>Loysel.,</strong></span> <span class='ocrx_word' id='word_1_41' title='bbox 1194 1073 1577 1130; x_wconf 84' lang='lat' dir='ltr'><strong>Commentar.</strong></span> <span class='ocrx_word' id='word_1_42' title='bbox 1631 1072 1854 1127; x_wconf 86' lang='lat' dir='ltr'><strong>Belvac.</strong></span> 
     </span>
    </p>
   </div>
   <div class='ocr_carea' id='block_1_9' title="bbox 162 1160 1862 1238">
    <p class='ocr_par' dir='ltr' id='par_1_9' title="bbox 162 1160 1862 1238">
     <span class='ocr_line' id='line_1_9' title="bbox 162 1160 1862 1238; baseline -0.004 -16"><span class='ocrx_word' id='word_1_43' title='bbox 162 1181 295 1238; x_wconf 87' lang='lat' dir='ltr'><strong>pag.</strong></span> <span class='ocrx_word' id='word_1_44' title='bbox 328 1166 440 1237; x_wconf 93' lang='lat'><strong>98).</strong></span> <span class='ocrx_word' id='word_1_45' title='bbox 483 1165 729 1221; x_wconf 87' lang='lat' dir='ltr'><strong>Abhatia</strong></span> <span class='ocrx_word' id='word_1_46' title='bbox 787 1177 921 1219; x_wconf 88' lang='lat' dir='ltr'><strong>vero</strong></span> <span class='ocrx_word' id='word_1_47' title='bbox 979 1162 1033 1218; x_wconf 98' lang='grc'><strong>8.</strong></span> <span class='ocrx_word' id='word_1_48' title='bbox 1068 1161 1469 1232; x_wconf 88' lang='lat' dir='ltr'><strong>Symphoriani</strong></span> <span class='ocrx_word' id='word_1_49' title='bbox 1516 1168 1702 1216; x_wconf 79' lang='lat' dir='ltr'><strong>exstat</strong></span> <span class='ocrx_word' id='word_1_50' title='bbox 1734 1160 1862 1215; x_wconf 92' lang='lat' dir='ltr'><strong>Bel-</strong></span> 
     </span>
    </p>
   </div>
   <div class='ocr_carea' id='block_1_10' title="bbox 161 1248 1859 1325">
    <p class='ocr_par' dir='ltr' id='par_1_10' title="bbox 161 1248 1859 1325">
     <span class='ocr_line' id='line_1_10' title="bbox 161 1248 1859 1325; baseline -0.005 -15"><span class='ocrx_word' id='word_1_51' title='bbox 161 1255 291 1310; x_wconf 86' lang='lat' dir='ltr'><strong>vaci</strong></span> <span class='ocrx_word' id='word_1_52' title='bbox 314 1269 348 1310; x_wconf 89' lang='lat' dir='ltr'><strong>a</strong></span> <span class='ocrx_word' id='word_1_53' title='bbox 400 1255 662 1325; x_wconf 87' lang='lat' dir='ltr'><strong>Drogone</strong></span> <span class='ocrx_word' id='word_1_54' title='bbox 694 1251 949 1323; x_wconf 87' lang='lat' dir='ltr'><strong>ejusdem</strong></span> <span class='ocrx_word' id='word_1_55' title='bbox 977 1250 1139 1306; x_wconf 86' lang='lat' dir='ltr'><strong>urbis</strong></span> <span class='ocrx_word' id='word_1_56' title='bbox 1168 1249 1417 1305; x_wconf 77' lang='lat' dir='ltr'><strong>antistite</strong></span> <span class='ocrx_word' id='word_1_57' title='bbox 1447 1248 1688 1305; x_wconf 87' lang='lat' dir='ltr'><strong>fundata</strong></span> <span class='ocrx_word' id='word_1_58' title='bbox 1726 1250 1859 1302; x_wconf 70' lang='lat'><strong>£035</strong></span> 
     </span>
    </p>
   </div>
   <div class='ocr_carea' id='block_1_11' title="bbox 161 1336 1857 1414">
    <p class='ocr_par' dir='ltr' id='par_1_11' title="bbox 161 1336 1857 1414">
     <span class='ocr_line' id='line_1_11' title="bbox 161 1336 1857 1414; baseline -0.005 -14"><span class='ocrx_word' id='word_1_59' title='bbox 161 1358 339 1414; x_wconf 89' lang='lat' dir='ltr'><strong>quam</strong></span> <span class='ocrx_word' id='word_1_60' title='bbox 372 1341 637 1398; x_wconf 85' lang='lat' dir='ltr'><strong>monachi</strong></span> <span class='ocrx_word' id='word_1_61' title='bbox 669 1339 1018 1397; x_wconf 83' lang='lat' dir='ltr'><strong>Benedictini</strong></span> <span class='ocrx_word' id='word_1_62' title='bbox 1065 1339 1370 1409; x_wconf 85' lang='lat' dir='ltr'><strong>possident.</strong></span> <span class='ocrx_word' id='word_1_63' title='bbox 1418 1337 1591 1394; x_wconf 90' lang='lat' dir='ltr'><strong>Plura</strong></span> <span class='ocrx_word' id='word_1_64' title='bbox 1615 1338 1683 1392; x_wconf 91' lang='lat' dir='ltr'><strong>de</strong></span> <span class='ocrx_word' id='word_1_65' title='bbox 1714 1336 1857 1391; x_wconf 91' lang='lat' dir='ltr'><strong>San-</strong></span> 
     </span>
    </p>
   </div>
   <div class='ocr_carea' id='block_1_12' title="bbox 162 1410 1863 1502">
    <p class='ocr_par' dir='ltr' id='par_1_12' title="bbox 162 1410 1863 1502">
     <span class='ocr_line' id='line_1_12' title="bbox 162 1410 1863 1502; baseline -0.006 -14"><span class='ocrx_word' id='word_1_66' title='bbox 162 1410 585 1502; x_wconf 68' lang='lat' dir='ltr'><strong>Symphoriano</strong></span> <span class='ocrx_word' id='word_1_67' title='bbox 637 1429 895 1486; x_wconf 76' lang='lat' dir='ltr'><strong>emnohio</strong></span> <span class='ocrx_word' id='word_1_68' title='bbox 967 1430 1112 1484; x_wconf 90' lang='lat' dir='ltr'><strong>scire</strong></span> <span class='ocrx_word' id='word_1_69' title='bbox 1165 1427 1381 1497; x_wconf 86' lang='lat' dir='ltr'><strong>cupis?</strong></span> <span class='ocrx_word' id='word_1_70' title='bbox 1459 1426 1549 1481; x_wconf 90' lang='lat' dir='ltr'><strong>adi</strong></span> <span class='ocrx_word' id='word_1_71' title='bbox 1622 1410 1863 1482; x_wconf 41' lang='lat' dir='ltr'><strong>Louvetﬁ</strong></span> 
     </span>
    </p>
   </div>
   <div class='ocr_carea' id='block_1_13' title="bbox 164 1515 1861 1588">
    <p class='ocr_par' dir='ltr' id='par_1_13' title="bbox 164 1515 1861 1588">
     <span class='ocr_line' id='line_1_13' title="bbox 164 1515 1861 1588; baseline -0.004 -12"><span class='ocrx_word' id='word_1_72' title='bbox 164 1522 310 1576; x_wconf 88' lang='lat' dir='ltr'><strong>Hist.</strong></span> <span class='ocrx_word' id='word_1_73' title='bbox 344 1520 564 1575; x_wconf 90' lang='lat' dir='ltr'><strong>Belvae.</strong></span> <span class='ocrx_word' id='word_1_74' title='bbox 599 1527 734 1575; x_wconf 92' lang='lat' dir='ltr'><strong>tom.</strong></span> <span class='ocrx_word' id='word_1_75' title='bbox 770 1519 813 1586; x_wconf 84' lang='lat' dir='ltr'><strong>l,</strong></span> <span class='ocrx_word' id='word_1_76' title='bbox 847 1526 1021 1588; x_wconf 90' lang='lat' dir='ltr'><strong>atque</strong></span> <span class='ocrx_word' id='word_1_77' title='bbox 1067 1519 1198 1572; x_wconf 75' lang='lat' dir='ltr'><strong>Ant.</strong></span> <span class='ocrx_word' id='word_1_78' title='bbox 1251 1515 1493 1586; x_wconf 92' lang='lat' dir='ltr'><strong>Loysel.,</strong></span> <span class='ocrx_word' id='word_1_79' title='bbox 1542 1515 1640 1571; x_wconf 92' lang='lat' dir='ltr'><strong>ubi</strong></span> <span class='ocrx_word' id='word_1_80' title='bbox 1684 1527 1861 1585; x_wconf 84' lang='lat' dir='ltr'><strong>supra</strong></span> 
     </span>
    </p>
   </div>
   <div class='ocr_carea' id='block_1_14' title="bbox 161 1609 669 1680">
    <p class='ocr_par' dir='ltr' id='par_1_14' title="bbox 161 1609 669 1680">
     <span class='ocr_line' id='line_1_14' title="bbox 161 1609 669 1680; baseline -0.008 -14"><span class='ocrx_word' id='word_1_81' title='bbox 161 1624 298 1680; x_wconf 88' lang='lat' dir='ltr'><strong>pag.</strong></span> <span class='ocrx_word' id='word_1_82' title='bbox 324 1612 430 1663; x_wconf 84' lang='lat'><strong>252</strong></span> <span class='ocrx_word' id='word_1_83' title='bbox 459 1614 514 1664; x_wconf 88' lang='lat' dir='ltr'><strong>et</strong></span> <span class='ocrx_word' id='word_1_84' title='bbox 546 1609 669 1663; x_wconf 74' lang='lat'><strong>301.</strong></span> 
     </span>
    </p>
   </div>
   <div class='ocr_carea' id='block_1_15' title="bbox 236 1691 1862 1771">
    <p class='ocr_par' dir='ltr' id='par_1_15' title="bbox 236 1691 1862 1771">
     <span class='ocr_line' id='line_1_15' title="bbox 236 1691 1862 1771; baseline -0.003 -19"><span class='ocrx_word' id='word_1_85' title='bbox 236 1699 300 1752; x_wconf 87' lang='lat' dir='ltr'><strong>In</strong></span> <span class='ocrx_word' id='word_1_86' title='bbox 332 1698 438 1754; x_wconf 91' lang='lat' dir='ltr'><strong>hoc</strong></span> <span class='ocrx_word' id='word_1_87' title='bbox 468 1697 547 1752; x_wconf 94' lang='lat' dir='ltr'><strong>De</strong></span> <span class='ocrx_word' id='word_1_88' title='bbox 582 1696 919 1771; x_wconf 83' lang='lat' dir='ltr'><strong>pignoribus</strong></span> <span class='ocrx_word' id='word_1_89' title='bbox 959 1702 1292 1751; x_wconf 90' lang='lat' dir='ltr'><strong>sanctorum</strong></span> <span class='ocrx_word' id='word_1_90' title='bbox 1320 1699 1569 1748; x_wconf 90' lang='lat' dir='ltr'><strong>tractatu</strong></span> <span class='ocrx_word' id='word_1_91' title='bbox 1619 1691 1862 1749; x_wconf 82' lang='lat' dir='ltr'><strong>Guiher-</strong></span> 
     </span>
    </p>
   </div>
   <div class='ocr_carea' id='block_1_16' title="bbox 159 1781 1858 1856">
    <p class='ocr_par' dir='ltr' id='par_1_16' title="bbox 159 1781 1858 1856">
     <span class='ocr_line' id='line_1_16' title="bbox 159 1781 1858 1856; baseline -0.004 -13"><span class='ocrx_word' id='word_1_92' title='bbox 159 1794 276 1855; x_wconf 89' lang='lat' dir='ltr'><strong>tus,</strong></span> <span class='ocrx_word' id='word_1_93' title='bbox 316 1801 428 1841; x_wconf 90' lang='lat' dir='ltr'><strong>non</strong></span> <span class='ocrx_word' id='word_1_94' title='bbox 470 1785 725 1856; x_wconf 84' lang='lat' dir='ltr'><strong>profane,</strong></span> <span class='ocrx_word' id='word_1_95' title='bbox 759 1799 874 1840; x_wconf 91' lang='lat' dir='ltr'><strong>non</strong></span> <span class='ocrx_word' id='word_1_96' title='bbox 905 1783 1051 1840; x_wconf 88' lang='lat' dir='ltr'><strong>lucri</strong></span> <span class='ocrx_word' id='word_1_97' title='bbox 1079 1783 1284 1854; x_wconf 85' lang='lat' dir='ltr'><strong>gratia,</strong></span> <span class='ocrx_word' id='word_1_98' title='bbox 1315 1782 1411 1839; x_wconf 90' lang='lat' dir='ltr'><strong>sed</strong></span> <span class='ocrx_word' id='word_1_99' title='bbox 1446 1781 1728 1852; x_wconf 81' lang='lat' dir='ltr'><strong>religiose,</strong></span> <span class='ocrx_word' id='word_1_100' title='bbox 1762 1781 1858 1837; x_wconf 92' lang='lat' dir='ltr'><strong>sed</strong></span> 
     </span>
    </p>
   </div>
   <div class='ocr_carea' id='block_1_17' title="bbox 155 1870 1861 1941">
    <p class='ocr_par' dir='ltr' id='par_1_17' title="bbox 155 1870 1861 1941">
     <span class='ocr_line' id='line_1_17' title="bbox 155 1870 1861 1941; baseline -0.004 -10"><span class='ocrx_word' id='word_1_101' title='bbox 155 1875 480 1931; x_wconf 89' lang='lat' dir='ltr'><strong>secundum</strong></span> <span class='ocrx_word' id='word_1_102' title='bbox 530 1874 849 1941; x_wconf 77' lang='lat' dir='ltr'><strong>scientiam,</strong></span> <span class='ocrx_word' id='word_1_103' title='bbox 901 1872 997 1929; x_wconf 89' lang='lat' dir='ltr'><strong>sed</strong></span> <span class='ocrx_word' id='word_1_104' title='bbox 1028 1871 1235 1941; x_wconf 84' lang='lat' dir='ltr'><strong>spiritu</strong></span> <span class='ocrx_word' id='word_1_105' title='bbox 1266 1870 1534 1926; x_wconf 89' lang='lat' dir='ltr'><strong>colendas</strong></span> <span class='ocrx_word' id='word_1_106' title='bbox 1570 1884 1691 1926; x_wconf 89' lang='lat' dir='ltr'><strong>esse</strong></span> <span class='ocrx_word' id='word_1_107' title='bbox 1720 1883 1861 1925; x_wconf 87' lang='lat' dir='ltr'><strong>san—</strong></span> 
     </span>
    </p>
   </div>
   <div class='ocr_carea' id='block_1_18' title="bbox 158 1957 1862 2031">
    <p class='ocr_par' dir='ltr' id='par_1_18' title="bbox 158 1957 1862 2031">
     <span class='ocr_line' id='line_1_18' title="bbox 158 1957 1862 2031; baseline -0.004 -12"><span class='ocrx_word' id='word_1_108' title='bbox 158 1972 385 2020; x_wconf 90' lang='lat' dir='ltr'><strong>ctorum</strong></span> <span class='ocrx_word' id='word_1_109' title='bbox 417 1961 662 2019; x_wconf 81' lang='lat' dir='ltr'><strong>exuvias</strong></span> <span class='ocrx_word' id='word_1_110' title='bbox 693 1961 845 2017; x_wconf 88' lang='lat' dir='ltr'><strong>haud</strong></span> <span class='ocrx_word' id='word_1_111' title='bbox 879 1960 1139 2030; x_wconf 87' lang='lat' dir='ltr'><strong>imperite</strong></span> <span class='ocrx_word' id='word_1_112' title='bbox 1161 1958 1480 2031; x_wconf 60' lang='lat' dir='ltr'><strong>(contendit.</strong></span> <span class='ocrx_word' id='word_1_113' title='bbox 1512 1958 1627 2015; x_wconf 90' lang='lat' dir='ltr'><strong>Nec</strong></span> <span class='ocrx_word' id='word_1_114' title='bbox 1657 1957 1862 2014; x_wconf 89' lang='lat' dir='ltr'><strong>mirere</strong></span> 
     </span>
    </p>
   </div>
   <div class='ocr_carea' id='block_1_19' title="bbox 159 2046 1857 2121">
    <p class='ocr_par' dir='ltr' id='par_1_19' title="bbox 159 2046 1857 2121">
     <span class='ocr_line' id='line_1_19' title="bbox 159 2046 1857 2121; baseline -0.004 -13"><span class='ocrx_word' id='word_1_115' title='bbox 159 2051 211 2108; x_wconf 91' lang='lat' dir='ltr'><strong>si</strong></span> <span class='ocrx_word' id='word_1_116' title='bbox 253 2050 488 2121; x_wconf 84' lang='lat' dir='ltr'><strong>prolixis</strong></span> <span class='ocrx_word' id='word_1_117' title='bbox 512 2051 652 2106; x_wconf 80' lang='lat' dir='ltr'><strong>adeo</strong></span> <span class='ocrx_word' id='word_1_118' title='bbox 672 2049 1033 2107; x_wconf 87' lang='lat' dir='ltr'><strong>sermonibus</strong></span> <span class='ocrx_word' id='word_1_119' title='bbox 1063 2048 1121 2104; x_wconf 91' lang='lat' dir='ltr'><strong>in</strong></span> <span class='ocrx_word' id='word_1_120' title='bbox 1160 2047 1539 2119; x_wconf 86' lang='lat' dir='ltr'><strong>reliquiarum</strong></span> <span class='ocrx_word' id='word_1_121' title='bbox 1581 2046 1857 2112; x_wconf 81' lang='lat' dir='ltr'><strong>falsarios,</strong></span> 
     </span>
    </p>
   </div>
   <div class='ocr_carea' id='block_1_20' title="bbox 158 2135 1861 2208">
    <p class='ocr_par' dir='ltr' id='par_1_20' title="bbox 158 2135 1861 2208">
     <span class='ocr_line' id='line_1_20' title="bbox 158 2135 1861 2208; baseline -0.002 -14"><span class='ocrx_word' id='word_1_122' title='bbox 158 2138 586 2206; x_wconf 90' lang='lat' dir='ltr'><strong>adinventores,</strong></span> <span class='ocrx_word' id='word_1_123' title='bbox 631 2152 699 2193; x_wconf 91' lang='lat' dir='ltr'><strong>ac</strong></span> <span class='ocrx_word' id='word_1_124' title='bbox 742 2138 926 2208; x_wconf 87' lang='lat' dir='ltr'><strong>specie</strong></span> <span class='ocrx_word' id='word_1_125' title='bbox 976 2136 1202 2207; x_wconf 86' lang='lat' dir='ltr'><strong>pietatis</strong></span> <span class='ocrx_word' id='word_1_126' title='bbox 1248 2137 1475 2192; x_wconf 85' lang='lat' dir='ltr'><strong>easdem</strong></span> <span class='ocrx_word' id='word_1_127' title='bbox 1511 2135 1722 2205; x_wconf 89' lang='lat' dir='ltr'><strong>populo</strong></span> <span class='ocrx_word' id='word_1_128' title='bbox 1770 2149 1861 2191; x_wconf 91' lang='lat' dir='ltr'><strong>ve-</strong></span> 
     </span>
    </p>
   </div>
   <div class='ocr_carea' id='block_1_21' title="bbox 161 2221 1861 2293">
    <p class='ocr_par' dir='ltr' id='par_1_21' title="bbox 161 2221 1861 2293">
     <span class='ocr_line' id='line_1_21' title="bbox 161 2221 1861 2293; baseline -0.003 -11"><span class='ocrx_word' id='word_1_129' title='bbox 161 2225 452 2282; x_wconf 90' lang='lat' dir='ltr'><strong>nerandas</strong></span> <span class='ocrx_word' id='word_1_130' title='bbox 509 2225 865 2292; x_wconf 77' lang='lat' dir='ltr'><strong>exhibentes,</strong></span> <span class='ocrx_word' id='word_1_131' title='bbox 926 2224 1255 2280; x_wconf 89' lang='lat' dir='ltr'><strong>invehatur.</strong></span> <span class='ocrx_word' id='word_1_132' title='bbox 1311 2223 1532 2279; x_wconf 87' lang='lat' dir='ltr'><strong>Etenim</strong></span> <span class='ocrx_word' id='word_1_133' title='bbox 1594 2224 1701 2279; x_wconf 87' lang='lat' dir='ltr'><strong>hac</strong></span> <span class='ocrx_word' id='word_1_134' title='bbox 1737 2221 1861 2293; x_wconf 91' lang='lat' dir='ltr'><strong>ipsa</strong></span> 
     </span>
    </p>
   </div>
   <div class='ocr_carea' id='block_1_22' title="bbox 161 2311 1860 2384">
    <p class='ocr_par' dir='ltr' id='par_1_22' title="bbox 161 2311 1860 2384">
     <span class='ocr_line' id='line_1_22' title="bbox 161 2311 1860 2384; baseline -0.002 -13"><span class='ocrx_word' id='word_1_135' title='bbox 161 2320 495 2384; x_wconf 87' lang='lat' dir='ltr'><strong>tempestate</strong></span> <span class='ocrx_word' id='word_1_136' title='bbox 552 2320 633 2370; x_wconf 92' lang='lat' dir='ltr'><strong>tot</strong></span> <span class='ocrx_word' id='word_1_137' title='bbox 676 2321 731 2370; x_wconf 91' lang='lat' dir='ltr'><strong>et</strong></span> <span class='ocrx_word' id='word_1_138' title='bbox 771 2322 885 2368; x_wconf 90' lang='lat' dir='ltr'><strong>tam</strong></span> <span class='ocrx_word' id='word_1_139' title='bbox 929 2312 1140 2369; x_wconf 91' lang='lat' dir='ltr'><strong>diversi</strong></span> <span class='ocrx_word' id='word_1_140' title='bbox 1180 2312 1459 2382; x_wconf 89' lang='lat' dir='ltr'><strong>irrepsere</strong></span> <span class='ocrx_word' id='word_1_141' title='bbox 1489 2311 1735 2382; x_wconf 89' lang='lat' dir='ltr'><strong>pestiferi</strong></span> <span class='ocrx_word' id='word_1_142' title='bbox 1769 2326 1860 2367; x_wconf 89' lang='lat' dir='ltr'><strong>er-</strong></span> 
     </span>
    </p>
   </div>
   <div class='ocr_carea' id='block_1_23' title="bbox 162 2399 1859 2471">
    <p class='ocr_par' dir='ltr' id='par_1_23' title="bbox 162 2399 1859 2471">
     <span class='ocr_line' id='line_1_23' title="bbox 162 2399 1859 2471; baseline -0.003 -13"><span class='ocrx_word' id='word_1_143' title='bbox 162 2417 344 2465; x_wconf 87' lang='lat' dir='ltr'><strong>rores,</strong></span> <span class='ocrx_word' id='word_1_144' title='bbox 374 2409 429 2458; x_wconf 91' lang='lat' dir='ltr'><strong>et</strong></span> <span class='ocrx_word' id='word_1_145' title='bbox 449 2405 565 2457; x_wconf 86' lang='lat' dir='ltr'><strong>tam</strong></span> <span class='ocrx_word' id='word_1_146' title='bbox 602 2401 851 2457; x_wconf 89' lang='lat' dir='ltr'><strong>nefanda</strong></span> <span class='ocrx_word' id='word_1_147' title='bbox 882 2401 1257 2471; x_wconf 87' lang='lat' dir='ltr'><strong>pecuniarum</strong></span> <span class='ocrx_word' id='word_1_148' title='bbox 1289 2399 1463 2456; x_wconf 91' lang='lat' dir='ltr'><strong>libido</strong></span> <span class='ocrx_word' id='word_1_149' title='bbox 1512 2399 1859 2455; x_wconf 87' lang='lat' dir='ltr'><strong>ecclesiasti-</strong></span> 
     </span>
    </p>
   </div>
   <div class='ocr_carea' id='block_1_24' title="bbox 161 2486 1860 2561">
    <p class='ocr_par' dir='ltr' id='par_1_24' title="bbox 161 2486 1860 2561">
     <span class='ocr_line' id='line_1_24' title="bbox 161 2486 1860 2561; baseline -0.004 -14"><span class='ocrx_word' id='word_1_150' title='bbox 161 2505 260 2547; x_wconf 91' lang='lat' dir='ltr'><strong>cos</strong></span> <span class='ocrx_word' id='word_1_151' title='bbox 284 2489 692 2561; x_wconf 89' lang='lat' dir='ltr'><strong>religiososque</strong></span> <span class='ocrx_word' id='word_1_152' title='bbox 730 2488 901 2557; x_wconf 90' lang='lat' dir='ltr'><strong>viros,</strong></span> <span class='ocrx_word' id='word_1_153' title='bbox 937 2503 1055 2559; x_wconf 90' lang='lat' dir='ltr'><strong>quo</strong></span> <span class='ocrx_word' id='word_1_154' title='bbox 1111 2487 1449 2545; x_wconf 87' lang='lat' dir='ltr'><strong>celebriores</strong></span> <span class='ocrx_word' id='word_1_155' title='bbox 1479 2500 1616 2543; x_wconf 91' lang='lat' dir='ltr'><strong>suas</strong></span> <span class='ocrx_word' id='word_1_156' title='bbox 1661 2486 1860 2542; x_wconf 87' lang='lat' dir='ltr'><strong>redde—</strong></span> 
     </span>
    </p>
   </div>
   <div class='ocr_carea' id='block_1_25' title="bbox 159 2575 1859 2647">
    <p class='ocr_par' dir='ltr' id='par_1_25' title="bbox 159 2575 1859 2647">
     <span class='ocr_line' id='line_1_25' title="bbox 159 2575 1859 2647; baseline -0.004 -12"><span class='ocrx_word' id='word_1_157' title='bbox 159 2586 293 2635; x_wconf 87' lang='lat' dir='ltr'><strong>rent</strong></span> <span class='ocrx_word' id='word_1_158' title='bbox 350 2578 632 2646; x_wconf 86' lang='lat' dir='ltr'><strong>ecclesias,</strong></span> <span class='ocrx_word' id='word_1_159' title='bbox 684 2577 850 2647; x_wconf 89' lang='lat' dir='ltr'><strong>cepit,</strong></span> <span class='ocrx_word' id='word_1_160' title='bbox 897 2577 1226 2645; x_wconf 85' lang='lat' dir='ltr'><strong>ohcaecavit,</strong></span> <span class='ocrx_word' id='word_1_161' title='bbox 1280 2584 1344 2634; x_wconf 92' lang='lat' dir='ltr'><strong>ut</strong></span> <span class='ocrx_word' id='word_1_162' title='bbox 1394 2591 1510 2633; x_wconf 84' lang='lat' dir='ltr'><strong>non</strong></span> <span class='ocrx_word' id='word_1_163' title='bbox 1560 2590 1770 2631; x_wconf 81' lang='lat' dir='ltr'><strong>mirum</strong></span> <span class='ocrx_word' id='word_1_164' title='bbox 1811 2575 1859 2630; x_wconf 91' lang='lat' dir='ltr'><strong>si</strong></span> 
     </span>
    </p>
   </div>
   <div class='ocr_carea' id='block_1_26' title="bbox 161 2663 1859 2736">
    <p class='ocr_par' dir='ltr' id='par_1_26' title="bbox 161 2663 1859 2736">
     <span class='ocr_line' id='line_1_26' title="bbox 161 2663 1859 2736; baseline -0.003 -13"><span class='ocrx_word' id='word_1_165' title='bbox 161 2674 366 2723; x_wconf 85' lang='lat' dir='ltr'><strong>auctor</strong></span> <span class='ocrx_word' id='word_1_166' title='bbox 401 2680 498 2722; x_wconf 92' lang='lat' dir='ltr'><strong>eas</strong></span> <span class='ocrx_word' id='word_1_167' title='bbox 529 2665 792 2736; x_wconf 90' lang='lat' dir='ltr'><strong>pluribus</strong></span> <span class='ocrx_word' id='word_1_168' title='bbox 822 2665 880 2720; x_wconf 90' lang='lat' dir='ltr'><strong>in</strong></span> <span class='ocrx_word' id='word_1_169' title='bbox 914 2665 1049 2721; x_wconf 89' lang='lat' dir='ltr'><strong>locis</strong></span> <span class='ocrx_word' id='word_1_170' title='bbox 1080 2665 1321 2736; x_wconf 88' lang='lat' dir='ltr'><strong>hujusce</strong></span> <span class='ocrx_word' id='word_1_171' title='bbox 1346 2670 1623 2720; x_wconf 86' lang='lat' dir='ltr'><strong>tractatus</strong></span> <span class='ocrx_word' id='word_1_172' title='bbox 1653 2663 1859 2735; x_wconf 87' lang='lat' dir='ltr'><strong>exagi-</strong></span> 
     </span>
    </p>
   </div>
   <div class='ocr_carea' id='block_1_27' title="bbox 163 2752 1861 2825">
    <p class='ocr_par' dir='ltr' id='par_1_27' title="bbox 163 2752 1861 2825">
     <span class='ocr_line' id='line_1_27' title="bbox 163 2752 1861 2825; baseline -0.004 -13"><span class='ocrx_word' id='word_1_173' title='bbox 163 2763 288 2812; x_wconf 84' lang='lat' dir='ltr'><strong>tare</strong></span> <span class='ocrx_word' id='word_1_174' title='bbox 314 2756 614 2825; x_wconf 89' lang='lat' dir='ltr'><strong>videatur;</strong></span> <span class='ocrx_word' id='word_1_175' title='bbox 647 2755 859 2811; x_wconf 89' lang='lat' dir='ltr'><strong>nedum</strong></span> <span class='ocrx_word' id='word_1_176' title='bbox 892 2755 1178 2825; x_wconf 89' lang='lat' dir='ltr'><strong>pietatem,</strong></span> <span class='ocrx_word' id='word_1_177' title='bbox 1214 2754 1556 2823; x_wconf 85' lang='lat' dir='ltr'><strong>cultumque</strong></span> <span class='ocrx_word' id='word_1_178' title='bbox 1603 2752 1861 2822; x_wconf 90' lang='lat' dir='ltr'><strong>reliquiis</strong></span> 
     </span>
    </p>
   </div>
   <div class='ocr_carea' id='block_1_28' title="bbox 162 2840 1860 2914">
    <p class='ocr_par' dir='ltr' id='par_1_28' title="bbox 162 2840 1860 2914">
     <span class='ocr_line' id='line_1_28' title="bbox 162 2840 1860 2914; baseline -0.002 -14"><span class='ocrx_word' id='word_1_179' title='bbox 162 2844 303 2900; x_wconf 84' lang='lat' dir='ltr'><strong>velit</strong></span> <span class='ocrx_word' id='word_1_180' title='bbox 344 2844 635 2914; x_wconf 89' lang='lat' dir='ltr'><strong>denegari,</strong></span> <span class='ocrx_word' id='word_1_181' title='bbox 699 2844 812 2899; x_wconf 93' lang='lat' dir='ltr'><strong>imo</strong></span> <span class='ocrx_word' id='word_1_182' title='bbox 866 2857 1001 2898; x_wconf 91' lang='lat' dir='ltr'><strong>vero</strong></span> <span class='ocrx_word' id='word_1_183' title='bbox 1050 2843 1123 2897; x_wconf 89' lang='lat' dir='ltr'><strong>ad</strong></span> <span class='ocrx_word' id='word_1_184' title='bbox 1179 2842 1470 2912; x_wconf 86' lang='lat' dir='ltr'><strong>religionis</strong></span> <span class='ocrx_word' id='word_1_185' title='bbox 1524 2840 1860 2898; x_wconf 75' lang='lat' dir='ltr'><strong>Christianae</strong></span> 
     </span>
    </p>
   </div>
   <div class='ocr_carea' id='block_1_29' title="bbox 162 2930 1860 3003">
    <p class='ocr_par' dir='ltr' id='par_1_29' title="bbox 162 2930 1860 3003">
     <span class='ocr_line' id='line_1_29' title="bbox 162 2930 1860 3003; baseline -0.002 -14"><span class='ocrx_word' id='word_1_186' title='bbox 162 2933 565 3001; x_wconf 87' lang='lat' dir='ltr'><strong>accessionem,</strong></span> <span class='ocrx_word' id='word_1_187' title='bbox 646 2932 1004 3003; x_wconf 84' lang='lat' dir='ltr'><strong>gloriamque</strong></span> <span class='ocrx_word' id='word_1_188' title='bbox 1071 2931 1171 2987; x_wconf 90' lang='lat' dir='ltr'><strong>Dei</strong></span> <span class='ocrx_word' id='word_1_189' title='bbox 1223 2931 1623 3003; x_wconf 89' lang='lat' dir='ltr'><strong>adaugendam</strong></span> <span class='ocrx_word' id='word_1_190' title='bbox 1670 2930 1860 3000; x_wconf 89' lang='lat' dir='ltr'><strong>pluri—</strong></span> 
     </span>
    </p>
   </div>
   <div class='ocr_carea' id='block_1_30' title="bbox 164 3018 1861 3090">
    <p class='ocr_par' dir='ltr' id='par_1_30' title="bbox 164 3018 1861 3090">
     <span class='ocr_line' id='line_1_30' title="bbox 164 3018 1861 3090; baseline -0.002 -14"><span class='ocrx_word' id='word_1_191' title='bbox 164 3036 328 3077; x_wconf 90' lang='lat' dir='ltr'><strong>mum</strong></span> <span class='ocrx_word' id='word_1_192' title='bbox 379 3018 635 3077; x_wconf 74' lang='lat' dir='ltr'><strong>centerre</strong></span> <span class='ocrx_word' id='word_1_193' title='bbox 688 3020 1043 3090; x_wconf 86' lang='lat' dir='ltr'><strong>proﬁteatur.</strong></span> <span class='ocrx_word' id='word_1_194' title='bbox 1078 3039 1107 3072; x_wconf 68' lang='grc' dir='ltr'><strong><em>κ</em></strong></span> <span class='ocrx_word' id='word_1_195' title='bbox 1163 3020 1442 3076; x_wconf 66' lang='lat' dir='ltr'><strong>Cmterum</strong></span> <span class='ocrx_word' id='word_1_196' title='bbox 1485 3018 1530 3075; x_wconf 91' lang='lat' dir='ltr'><strong>si</strong></span> <span class='ocrx_word' id='word_1_197' title='bbox 1588 3018 1750 3089; x_wconf 91' lang='lat' dir='ltr'><strong>quid,</strong></span> <span class='ocrx_word' id='word_1_198' title='bbox 1783 3018 1861 3073; x_wconf 92' lang='lat' dir='ltr'><strong>ait</strong></span> 
     </span>
    </p>
   </div>
   <div class='ocr_carea' id='block_1_31' title="bbox 161 3107 1861 3179">
    <p class='ocr_par' dir='ltr' id='par_1_31' title="bbox 161 3107 1861 3179">
     <span class='ocr_line' id='line_1_31' title="bbox 161 3107 1861 3179; baseline -0.002 -14"><span class='ocrx_word' id='word_1_199' title='bbox 161 3110 259 3166; x_wconf 90' lang='lat' dir='ltr'><strong>ille</strong></span> <span class='ocrx_word' id='word_1_200' title='bbox 324 3108 382 3164; x_wconf 91' lang='lat' dir='ltr'><strong>in</strong></span> <span class='ocrx_word' id='word_1_201' title='bbox 456 3108 805 3179; x_wconf 71' lang='lat' dir='ltr'><strong>praefatione,</strong></span> <span class='ocrx_word' id='word_1_202' title='bbox 884 3107 1157 3164; x_wconf 89' lang='lat' dir='ltr'><strong>senserim</strong></span> <span class='ocrx_word' id='word_1_203' title='bbox 1233 3122 1306 3164; x_wconf 89' lang='lat' dir='ltr'><strong>ex</strong></span> <span class='ocrx_word' id='word_1_204' title='bbox 1359 3107 1487 3175; x_wconf 84' lang='lat' dir='ltr'><strong>ﬁde,</strong></span> <span class='ocrx_word' id='word_1_205' title='bbox 1537 3120 1703 3163; x_wconf 90' lang='lat' dir='ltr'><strong>sensa</strong></span> <span class='ocrx_word' id='word_1_206' title='bbox 1746 3113 1861 3161; x_wconf 88' lang='lat' dir='ltr'><strong>tota</strong></span> 
     </span>
    </p>
   </div>
   <div class='ocr_carea' id='block_1_32' title="bbox 158 3195 1863 3268">
    <p class='ocr_par' dir='ltr' id='par_1_32' title="bbox 158 3195 1863 3268">
     <span class='ocr_line' id='line_1_32' title="bbox 158 3195 1863 3268; baseline -0.002 -15"><span class='ocrx_word' id='word_1_207' title='bbox 158 3197 294 3254; x_wconf 88' lang='lat' dir='ltr'><strong>fidei</strong></span> <span class='ocrx_word' id='word_1_208' title='bbox 345 3199 646 3255; x_wconf 89' lang='lat' dir='ltr'><strong>securitate</strong></span> <span class='ocrx_word' id='word_1_209' title='bbox 702 3196 1060 3268; x_wconf 89' lang='lat' dir='ltr'><strong>protulerim,</strong></span> <span class='ocrx_word' id='word_1_210' title='bbox 1109 3197 1156 3252; x_wconf 92' lang='lat' dir='ltr'><strong>si</strong></span> <span class='ocrx_word' id='word_1_211' title='bbox 1210 3197 1340 3267; x_wconf 89' lang='lat' dir='ltr'><strong>quis</strong></span> <span class='ocrx_word' id='word_1_212' title='bbox 1409 3197 1614 3252; x_wconf 91' lang='lat' dir='ltr'><strong>melius</strong></span> <span class='ocrx_word' id='word_1_213' title='bbox 1655 3195 1863 3250; x_wconf 87' lang='lat' dir='ltr'><strong>sentiat</strong></span> 
     </span>
    </p>
   </div>
   <div class='ocr_carea' id='block_1_33' title="bbox 153 3287 418 3343">
    <p class='ocr_par' dir='ltr' id='par_1_33' title="bbox 153 3287 418 3343">
     <span class='ocr_line' id='line_1_33' title="bbox 153 3287 418 3343; baseline -0.004 0"><span class='ocrx_word' id='word_1_214' title='bbox 153 3287 350 3343; x_wconf 89' lang='lat' dir='ltr'><strong>velim.</strong></span> <span class='ocrx_word' id='word_1_215' title='bbox 397 3308 418 3335; x_wconf 77' lang='grc' dir='ltr'><strong>ι</strong></span> 
     </span>
    </p>
   </div>
   <div class='ocr_carea' id='block_1_34' title="bbox 228 3370 1862 3446">
    <p class='ocr_par' dir='ltr' id='par_1_34' title="bbox 228 3370 1862 3446">
     <span class='ocr_line' id='line_1_34' title="bbox 228 3370 1862 3446; baseline -0.005 -12"><span class='ocrx_word' id='word_1_216' title='bbox 228 3376 300 3446; x_wconf 83' lang='grc'><strong>(³)</strong></span> <span class='ocrx_word' id='word_1_217' title='bbox 330 3376 429 3432; x_wconf 84' lang='lat' dir='ltr'><strong>Cui</strong></span> <span class='ocrx_word' id='word_1_218' title='bbox 457 3391 570 3430; x_wconf 85' lang='lat' dir='ltr'><strong>non</strong></span> <span class='ocrx_word' id='word_1_219' title='bbox 596 3374 776 3429; x_wconf 69' lang='lat' dir='ltr'><strong>semel</strong></span> <span class='ocrx_word' id='word_1_220' title='bbox 838 3372 1214 3446; x_wconf 66' lang='lat' dir='ltr'><strong>Augustinus,</strong></span> <span class='ocrx_word' id='word_1_221' title='bbox 1269 3372 1373 3427; x_wconf 71' lang='lat' dir='ltr'><strong>sed</strong></span> <span class='ocrx_word' id='word_1_222' title='bbox 1419 3372 1557 3427; x_wconf 85' lang='lat' dir='ltr'><strong>locis</strong></span> <span class='ocrx_word' id='word_1_223' title='bbox 1598 3370 1862 3443; x_wconf 66' lang='lat' dir='ltr'><strong>pluribus</strong></span> 
     </span>
    </p>
   </div>
   <div class='ocr_carea' id='block_1_35' title="bbox 1972 996 3666 1069">
    <p class='ocr_par' dir='ltr' id='par_1_35' title="bbox 1972 996 3666 1069">
     <span class='ocr_line' id='line_1_35' title="bbox 1972 996 3666 1069; baseline -0.002 -14"><span class='ocrx_word' id='word_1_224' title='bbox 1972 998 2296 1065; x_wconf 88' lang='lat' dir='ltr'><strong>Lanfranei,</strong></span> <span class='ocrx_word' id='word_1_225' title='bbox 2334 998 2509 1068; x_wconf 91' lang='lat' dir='ltr'><strong>ipsius</strong></span> <span class='ocrx_word' id='word_1_226' title='bbox 2538 998 2809 1069; x_wconf 91' lang='lat' dir='ltr'><strong>operibus</strong></span> <span class='ocrx_word' id='word_1_227' title='bbox 2857 997 3178 1068; x_wconf 66' lang='lat' dir='ltr'><strong>prmﬁxam,</strong></span> <span class='ocrx_word' id='word_1_228' title='bbox 3238 996 3666 1064; x_wconf 90' lang='lat' dir='ltr'><strong>adnotavimus,</strong></span> 
     </span>
    </p>
   </div>
   <div class='ocr_carea' id='block_1_36' title="bbox 1972 1083 2495 1156">
    <p class='ocr_par' dir='ltr' id='par_1_36' title="bbox 1972 1083 2495 1156">
     <span class='ocr_line' id='line_1_36' title="bbox 1972 1083 2495 1156; baseline -0.004 -16"><span class='ocrx_word' id='word_1_229' title='bbox 1972 1099 2103 1156; x_wconf 87' lang='lat' dir='ltr'><strong>pag.</strong></span> <span class='ocrx_word' id='word_1_230' title='bbox 2137 1086 2225 1139; x_wconf 70' lang='lat'><strong>42.</strong></span> <span class='ocrx_word' id='word_1_231' title='bbox 2261 1083 2325 1137; x_wconf 89' lang='grc' dir='ltr'><strong>Ε.</strong></span> <span class='ocrx_word' id='word_1_232' title='bbox 2356 1088 2406 1139; x_wconf 85' lang='grc'>2.</span> <span class='ocrx_word' id='word_1_233' title='bbox 2437 1101 2495 1140; x_wconf 92' lang='lat' dir='ltr'><strong>n.</strong></span> 
     </span>
    </p>
   </div>
   <div class='ocr_carea' id='block_1_37' title="bbox 2044 1171 3671 1244">
    <p class='ocr_par' dir='ltr' id='par_1_37' title="bbox 2044 1171 3671 1244">
     <span class='ocr_line' id='line_1_37' title="bbox 2044 1171 3671 1244; baseline -0.003 -13"><span class='ocrx_word' id='word_1_234' title='bbox 2044 1173 2103 1244; x_wconf 74' lang='grc' dir='ltr'><strong>(θ)</strong></span> <span class='ocrx_word' id='word_1_235' title='bbox 2134 1175 2271 1230; x_wconf 80' lang='lat' dir='ltr'><strong>CAP.</strong></span> <span class='ocrx_word' id='word_1_236' title='bbox 2306 1174 2348 1229; x_wconf 90' lang='grc' dir='ltr'><strong>Ι.</strong></span> <span class='ocrx_word' id='word_1_237' title='bbox 2386 1204 2453 1214; x_wconf 86' lang='lat'><strong>--</strong></span> <span class='ocrx_word' id='word_1_238' title='bbox 2506 1173 2655 1241; x_wconf 83' lang='lat' dir='ltr'><strong>Quid</strong></span> <span class='ocrx_word' id='word_1_239' title='bbox 2710 1173 2901 1228; x_wconf 86' lang='lat' dir='ltr'><strong>dicam</strong></span> <span class='ocrx_word' id='word_1_240' title='bbox 2930 1174 2999 1228; x_wconf 88' lang='lat' dir='ltr'><strong>de</strong></span> <span class='ocrx_word' id='word_1_241' title='bbox 3050 1172 3125 1229; x_wconf 82' lang='lat' dir='ltr'><strong>iis</strong></span> <span class='ocrx_word' id='word_1_242' title='bbox 3155 1171 3398 1239; x_wconf 72' lang='lat' dir='ltr'><strong>sanctis,</strong></span> <span class='ocrx_word' id='word_1_243' title='bbox 3430 1187 3671 1244; x_wconf 80' lang='lat' dir='ltr'><strong>quorum</strong></span> 
     </span>
    </p>
   </div>
   <div class='ocr_carea' id='block_1_38' title="bbox 1960 1262 3670 1337">
    <p class='ocr_par' dir='ltr' id='par_1_38' title="bbox 1960 1262 3670 1337">
     <span class='ocr_line' id='line_1_38' title="bbox 1960 1262 3670 1337; baseline -0.001 -20"><span class='ocrx_word' id='word_1_244' title='bbox 1960 1262 2122 1337; x_wconf 64' lang='lat' dir='ltr'><strong>finis,</strong></span> <span class='ocrx_word' id='word_1_245' title='bbox 2183 1265 2286 1317; x_wconf 88' lang='lat' dir='ltr'><strong>aut</strong></span> <span class='ocrx_word' id='word_1_246' title='bbox 2323 1265 2407 1316; x_wconf 68' lang='lat' dir='ltr'><strong>est</strong></span> <span class='ocrx_word' id='word_1_247' title='bbox 2447 1263 2509 1317; x_wconf 86' lang='lat' dir='ltr'><strong>in</strong></span> <span class='ocrx_word' id='word_1_248' title='bbox 2554 1263 2709 1317; x_wconf 89' lang='lat' dir='ltr'><strong>malo</strong></span> <span class='ocrx_word' id='word_1_249' title='bbox 2760 1262 3123 1334; x_wconf 73' lang='lat' dir='ltr'><strong>prapatulus,</strong></span> <span class='ocrx_word' id='word_1_250' title='bbox 3173 1265 3275 1317; x_wconf 86' lang='lat' dir='ltr'><strong>aut</strong></span> <span class='ocrx_word' id='word_1_251' title='bbox 3296 1262 3438 1316; x_wconf 78' lang='lat' dir='ltr'><strong>latet</strong></span> <span class='ocrx_word' id='word_1_252' title='bbox 3476 1263 3670 1315; x_wconf 80' lang='lat' dir='ltr'><strong>utrum</strong></span> 
     </span>
    </p>
   </div>
   <div class='ocr_carea' id='block_1_39' title="bbox 1969 1346 3673 1419">
    <p class='ocr_par' dir='ltr' id='par_1_39' title="bbox 1969 1346 3673 1419">
     <span class='ocr_line' id='line_1_39' title="bbox 1969 1346 3673 1419; baseline -0.004 -12"><span class='ocrx_word' id='word_1_253' title='bbox 1969 1352 2147 1407; x_wconf 69' lang='lat' dir='ltr'><strong>bonus</strong></span> <span class='ocrx_word' id='word_1_254' title='bbox 2173 1368 2252 1405; x_wconf 88' lang='lat' dir='ltr'><strong>an</strong></span> <span class='ocrx_word' id='word_1_255' title='bbox 2277 1350 2489 1417; x_wconf 71' lang='lat' dir='ltr'><strong>malus,</strong></span> <span class='ocrx_word' id='word_1_256' title='bbox 2534 1358 2640 1406; x_wconf 88' lang='lat' dir='ltr'><strong>etc.</strong></span> <span class='ocrx_word' id='word_1_257' title='bbox 2673 1352 2754 1405; x_wconf 89' lang='lat' dir='ltr'><strong>Ea</strong></span> <span class='ocrx_word' id='word_1_258' title='bbox 2800 1350 2869 1405; x_wconf 91' lang='lat' dir='ltr'><strong>de</strong></span> <span class='ocrx_word' id='word_1_259' title='bbox 2900 1364 2958 1404; x_wconf 91' lang='lat' dir='ltr'><strong>re</strong></span> <span class='ocrx_word' id='word_1_260' title='bbox 3005 1348 3318 1419; x_wconf 89' lang='lat' dir='ltr'><strong>capitulare</strong></span> <span class='ocrx_word' id='word_1_261' title='bbox 3365 1346 3673 1418; x_wconf 86' lang='lat' dir='ltr'><strong>Aquisgra-</strong></span> 
     </span>
    </p>
   </div>
   <div class='ocr_carea' id='block_1_40' title="bbox 1967 1435 3671 1506">
    <p class='ocr_par' dir='ltr' id='par_1_40' title="bbox 1967 1435 3671 1506">
     <span class='ocr_line' id='line_1_40' title="bbox 1967 1435 3671 1506; baseline -0.004 -11"><span class='ocrx_word' id='word_1_262' title='bbox 1967 1453 2142 1495; x_wconf 92' lang='lat' dir='ltr'><strong>nense</strong></span> <span class='ocrx_word' id='word_1_263' title='bbox 2174 1442 2287 1493; x_wconf 73' lang='lat'><strong>42:</strong></span> <span class='ocrx_word' id='word_1_264' title='bbox 2332 1460 2359 1487; x_wconf 86' lang='lat'><strong>«</strong></span> <span class='ocrx_word' id='word_1_265' title='bbox 2396 1439 2462 1494; x_wconf 89' lang='lat' dir='ltr'><strong>Ut</strong></span> <span class='ocrx_word' id='word_1_266' title='bbox 2488 1437 2633 1493; x_wconf 87' lang='lat' dir='ltr'><strong>falsa</strong></span> <span class='ocrx_word' id='word_1_267' title='bbox 2678 1438 2915 1493; x_wconf 90' lang='lat' dir='ltr'><strong>nomina</strong></span> <span class='ocrx_word' id='word_1_268' title='bbox 2946 1445 3287 1506; x_wconf 83' lang='lat' dir='ltr'><strong>martyrum,</strong></span> <span class='ocrx_word' id='word_1_269' title='bbox 3338 1443 3390 1490; x_wconf 92' lang='lat' dir='ltr'><strong>et</strong></span> <span class='ocrx_word' id='word_1_270' title='bbox 3441 1435 3671 1490; x_wconf 78' lang='lat' dir='ltr'><strong>incertae</strong></span> 
     </span>
    </p>
   </div>
   <div class='ocr_carea' id='block_1_41' title="bbox 1969 1522 3673 1593">
    <p class='ocr_par' dir='ltr' id='par_1_41' title="bbox 1969 1522 3673 1593">
     <span class='ocr_line' id='line_1_41' title="bbox 1969 1522 3673 1593; baseline -0.003 -10"><span class='ocrx_word' id='word_1_271' title='bbox 1969 1535 2300 1584; x_wconf 86' lang='lat' dir='ltr'><strong>sanctorum</strong></span> <span class='ocrx_word' id='word_1_272' title='bbox 2352 1525 2637 1582; x_wconf 67' lang='lat' dir='ltr'><strong>memoriae</strong></span> <span class='ocrx_word' id='word_1_273' title='bbox 2684 1539 2800 1580; x_wconf 89' lang='lat' dir='ltr'><strong>non</strong></span> <span class='ocrx_word' id='word_1_274' title='bbox 2846 1533 3216 1593; x_wconf 81' lang='lat' dir='ltr'><strong>venerentur.</strong></span> <span class='ocrx_word' id='word_1_275' title='bbox 3263 1544 3291 1575; x_wconf 83' lang='grc'><strong>››</strong></span> <span class='ocrx_word' id='word_1_276' title='bbox 3332 1524 3436 1580; x_wconf 88' lang='lat' dir='ltr'><strong>Cui</strong></span> <span class='ocrx_word' id='word_1_277' title='bbox 3480 1524 3559 1579; x_wconf 86' lang='lat' dir='ltr'><strong>rei</strong></span> <span class='ocrx_word' id='word_1_278' title='bbox 3610 1522 3673 1578; x_wconf 92' lang='lat' dir='ltr'><strong>il-</strong></span> 
     </span>
    </p>
   </div>
   <div class='ocr_carea' id='block_1_42' title="bbox 1970 1610 3667 1676">
    <p class='ocr_par' dir='ltr' id='par_1_42' title="bbox 1970 1610 3667 1676">
     <span class='ocr_line' id='line_1_42' title="bbox 1970 1610 3667 1676; baseline -0.004 -7"><span class='ocrx_word' id='word_1_279' title='bbox 1970 1613 2282 1670; x_wconf 65' lang='lat' dir='ltr'><strong>lustrandae</strong></span> <span class='ocrx_word' id='word_1_280' title='bbox 2329 1612 2740 1669; x_wconf 88' lang='lat' dir='ltr'><strong>documentum</strong></span> <span class='ocrx_word' id='word_1_281' title='bbox 2794 1611 3018 1667; x_wconf 86' lang='lat' dir='ltr'><strong>concilii</strong></span> <span class='ocrx_word' id='word_1_282' title='bbox 3077 1610 3332 1666; x_wconf 81' lang='lat' dir='ltr'><strong>Africani</strong></span> <span class='ocrx_word' id='word_1_283' title='bbox 3394 1625 3520 1665; x_wconf 88' lang='lat' dir='ltr'><strong>can.</strong></span> <span class='ocrx_word' id='word_1_284' title='bbox 3581 1612 3667 1676; x_wconf 81' lang='lat'><strong>50,</strong></span> 
     </span>
    </p>
   </div>
   <div class='ocr_carea' id='block_1_43' title="bbox 1970 1698 3672 1766">
    <p class='ocr_par' dir='ltr' id='par_1_43' title="bbox 1970 1698 3672 1766">
     <span class='ocr_line' id='line_1_43' title="bbox 1970 1698 3672 1766; baseline -0.003 -9"><span class='ocrx_word' id='word_1_285' title='bbox 1970 1702 2104 1759; x_wconf 89' lang='lat' dir='ltr'><strong>facit</strong></span> <span class='ocrx_word' id='word_1_286' title='bbox 2138 1701 2348 1758; x_wconf 90' lang='lat' dir='ltr'><strong>mirum</strong></span> <span class='ocrx_word' id='word_1_287' title='bbox 2386 1701 2446 1757; x_wconf 89' lang='lat' dir='ltr'><strong>in</strong></span> <span class='ocrx_word' id='word_1_288' title='bbox 2504 1701 2778 1757; x_wconf 91' lang='lat' dir='ltr'><strong>modum:</strong></span> <span class='ocrx_word' id='word_1_289' title='bbox 2811 1722 2832 1749; x_wconf 78' lang='grc' dir='ltr'>ι</span> <span class='ocrx_word' id='word_1_290' title='bbox 2886 1698 3107 1755; x_wconf 90' lang='lat' dir='ltr'><strong>Placuit</strong></span> <span class='ocrx_word' id='word_1_291' title='bbox 3158 1708 3221 1755; x_wconf 90' lang='lat' dir='ltr'><strong>ut</strong></span> <span class='ocrx_word' id='word_1_292' title='bbox 3277 1698 3498 1763; x_wconf 88' lang='lat' dir='ltr'><strong>altaria,</strong></span> <span class='ocrx_word' id='word_1_293' title='bbox 3541 1711 3672 1766; x_wconf 61' lang='lat' dir='ltr'><strong>qua;</strong></span> 
     </span>
    </p>
   </div>
   <div class='ocr_carea' id='block_1_44' title="bbox 1970 1785 3670 1861">
    <p class='ocr_par' dir='ltr' id='par_1_44' title="bbox 1970 1785 3670 1861">
     <span class='ocr_line' id='line_1_44' title="bbox 1970 1785 3670 1861; baseline -0.004 -15"><span class='ocrx_word' id='word_1_294' title='bbox 1970 1790 2183 1861; x_wconf 85' lang='lat' dir='ltr'><strong>passim</strong></span> <span class='ocrx_word' id='word_1_295' title='bbox 2240 1805 2338 1860; x_wconf 89' lang='lat' dir='ltr'><strong>per</strong></span> <span class='ocrx_word' id='word_1_296' title='bbox 2376 1804 2549 1861; x_wconf 85' lang='lat' dir='ltr'><strong>agros</strong></span> <span class='ocrx_word' id='word_1_297' title='bbox 2597 1796 2652 1845; x_wconf 90' lang='lat' dir='ltr'><strong>et</strong></span> <span class='ocrx_word' id='word_1_298' title='bbox 2687 1802 2790 1859; x_wconf 88' lang='lat' dir='ltr'><strong>per</strong></span> <span class='ocrx_word' id='word_1_299' title='bbox 2838 1788 3027 1855; x_wconf 89' lang='lat' dir='ltr'><strong>villas,</strong></span> <span class='ocrx_word' id='word_1_300' title='bbox 3082 1787 3139 1842; x_wconf 92' lang='lat' dir='ltr'><strong>in</strong></span> <span class='ocrx_word' id='word_1_301' title='bbox 3194 1786 3410 1857; x_wconf 90' lang='lat' dir='ltr'><strong>quibus</strong></span> <span class='ocrx_word' id='word_1_302' title='bbox 3441 1785 3670 1842; x_wconf 91' lang='lat' dir='ltr'><strong>nullum</strong></span> 
     </span>
    </p>
   </div>
   <div class='ocr_carea' id='block_1_45' title="bbox 1969 1875 3667 1949">
    <p class='ocr_par' dir='ltr' id='par_1_45' title="bbox 1969 1875 3667 1949">
     <span class='ocr_line' id='line_1_45' title="bbox 1969 1875 3667 1949; baseline -0.003 -15"><span class='ocrx_word' id='word_1_303' title='bbox 1969 1894 2178 1949; x_wconf 90' lang='lat' dir='ltr'><strong>corpus</strong></span> <span class='ocrx_word' id='word_1_304' title='bbox 2210 1879 2297 1934; x_wconf 89' lang='lat' dir='ltr'><strong>vel</strong></span> <span class='ocrx_word' id='word_1_305' title='bbox 2350 1877 2607 1948; x_wconf 65' lang='lat' dir='ltr'><strong>reliquiae</strong></span> <span class='ocrx_word' id='word_1_306' title='bbox 2657 1884 2979 1946; x_wconf 88' lang='lat' dir='ltr'><strong>martyrum</strong></span> <span class='ocrx_word' id='word_1_307' title='bbox 3027 1875 3271 1931; x_wconf 74' lang='lat' dir='ltr'><strong>condita:</strong></span> <span class='ocrx_word' id='word_1_308' title='bbox 3327 1875 3667 1945; x_wconf 88' lang='lat' dir='ltr'><strong>probantur,</strong></span> 
     </span>
    </p>
   </div>
   <div class='ocr_carea' id='block_1_46' title="bbox 1971 1962 3669 2038">
    <p class='ocr_par' dir='ltr' id='par_1_46' title="bbox 1971 1962 3669 2038">
     <span class='ocr_line' id='line_1_46' title="bbox 1971 1962 3669 2038; baseline -0.004 -14"><span class='ocrx_word' id='word_1_309' title='bbox 1971 1968 2045 2024; x_wconf 91' lang='lat' dir='ltr'><strong>ab</strong></span> <span class='ocrx_word' id='word_1_310' title='bbox 2114 1966 2391 2038; x_wconf 87' lang='lat' dir='ltr'><strong>episcopis</strong></span> <span class='ocrx_word' id='word_1_311' title='bbox 2442 1966 2544 2036; x_wconf 91' lang='lat' dir='ltr'><strong>qui</strong></span> <span class='ocrx_word' id='word_1_312' title='bbox 2622 1965 2760 2022; x_wconf 90' lang='lat' dir='ltr'><strong>locis</strong></span> <span class='ocrx_word' id='word_1_313' title='bbox 2829 1965 3041 2021; x_wconf 88' lang='lat' dir='ltr'><strong>eisdem</strong></span> <span class='ocrx_word' id='word_1_314' title='bbox 3118 1971 3395 2034; x_wconf 71' lang='lat' dir='ltr'><strong>praesunt,</strong></span> <span class='ocrx_word' id='word_1_315' title='bbox 3450 1963 3498 2019; x_wconf 91' lang='lat' dir='ltr'><strong>si</strong></span> <span class='ocrx_word' id='word_1_316' title='bbox 3547 1962 3669 2019; x_wconf 84' lang='lat' dir='ltr'><strong>ﬁeri</strong></span> 
     </span>
    </p>
   </div>
   <div class='ocr_carea' id='block_1_47' title="bbox 1973 2050 3671 2127">
    <p class='ocr_par' dir='ltr' id='par_1_47' title="bbox 1973 2050 3671 2127">
     <span class='ocr_line' id='line_1_47' title="bbox 1973 2050 3671 2127; baseline -0.003 -15"><span class='ocrx_word' id='word_1_317' title='bbox 1973 2064 2173 2127; x_wconf 88' lang='lat' dir='ltr'><strong>potest,</strong></span> <span class='ocrx_word' id='word_1_318' title='bbox 2206 2063 2561 2112; x_wconf 90' lang='lat' dir='ltr'><strong>evertantur.</strong></span> <span class='ocrx_word' id='word_1_319' title='bbox 2610 2054 2663 2111; x_wconf 90' lang='lat' dir='ltr'><strong>Si</strong></span> <span class='ocrx_word' id='word_1_320' title='bbox 2694 2062 2885 2110; x_wconf 89' lang='lat' dir='ltr'><strong>autem</strong></span> <span class='ocrx_word' id='word_1_321' title='bbox 2946 2053 3072 2117; x_wconf 91' lang='lat' dir='ltr'><strong>hoc,</strong></span> <span class='ocrx_word' id='word_1_322' title='bbox 3107 2062 3333 2123; x_wconf 89' lang='lat' dir='ltr'><strong>propter</strong></span> <span class='ocrx_word' id='word_1_323' title='bbox 3386 2050 3671 2109; x_wconf 89' lang='lat' dir='ltr'><strong>tumultus</strong></span> 
     </span>
    </p>
   </div>
   <div class='ocr_carea' id='block_1_48' title="bbox 1899 2141 3671 2234">
    <p class='ocr_par' dir='ltr' id='par_1_48' title="bbox 1899 2141 3671 2234">
     <span class='ocr_line' id='line_1_48' title="bbox 1899 2141 3671 2234; baseline -0.004 -32"><span class='ocrx_word' id='word_1_324' title='bbox 1899 2180 1939 2234; x_wconf 77' lang='grc' dir='ltr'><strong>Β</strong></span> <span class='ocrx_word' id='word_1_325' title='bbox 1972 2145 2282 2215; x_wconf 88' lang='lat' dir='ltr'><strong>populares</strong></span> <span class='ocrx_word' id='word_1_326' title='bbox 2334 2158 2449 2199; x_wconf 92' lang='lat' dir='ltr'><strong>non</strong></span> <span class='ocrx_word' id='word_1_327' title='bbox 2488 2141 2719 2209; x_wconf 89' lang='lat' dir='ltr'><strong>sinitur,</strong></span> <span class='ocrx_word' id='word_1_328' title='bbox 2764 2141 2956 2212; x_wconf 91' lang='lat' dir='ltr'><strong>plebes</strong></span> <span class='ocrx_word' id='word_1_329' title='bbox 3002 2148 3193 2197; x_wconf 89' lang='lat' dir='ltr'><strong>tamen</strong></span> <span class='ocrx_word' id='word_1_330' title='bbox 3249 2141 3671 2197; x_wconf 90' lang='lat' dir='ltr'><strong>admoneantur</strong></span> 
     </span>
    </p>
   </div>
   <div class='ocr_carea' id='block_1_49' title="bbox 1972 2227 3671 2301">
    <p class='ocr_par' dir='ltr' id='par_1_49' title="bbox 1972 2227 3671 2301">
     <span class='ocr_line' id='line_1_49' title="bbox 1972 2227 3671 2301; baseline -0.003 -13"><span class='ocrx_word' id='word_1_331' title='bbox 1972 2248 2042 2288; x_wconf 89' lang='lat' dir='ltr'><strong>ne</strong></span> <span class='ocrx_word' id='word_1_332' title='bbox 2102 2232 2197 2287; x_wconf 90' lang='lat' dir='ltr'><strong>illa</strong></span> <span class='ocrx_word' id='word_1_333' title='bbox 2251 2232 2374 2288; x_wconf 91' lang='lat' dir='ltr'><strong>loca</strong></span> <span class='ocrx_word' id='word_1_334' title='bbox 2449 2232 2831 2301; x_wconf 83' lang='lat' dir='ltr'><strong>frequentem,</strong></span> <span class='ocrx_word' id='word_1_335' title='bbox 2884 2237 2949 2286; x_wconf 91' lang='lat' dir='ltr'><strong>ut</strong></span> <span class='ocrx_word' id='word_1_336' title='bbox 3023 2237 3173 2285; x_wconf 87' lang='lat' dir='ltr'><strong>recte</strong></span> <span class='ocrx_word' id='word_1_337' title='bbox 3230 2229 3460 2298; x_wconf 90' lang='lat' dir='ltr'><strong>sapiunt</strong></span> <span class='ocrx_word' id='word_1_338' title='bbox 3507 2227 3671 2283; x_wconf 89' lang='lat' dir='ltr'><strong>nulla</strong></span> 
     </span>
    </p>
   </div>
   <div class='ocr_carea' id='block_1_50' title="bbox 1970 2315 3671 2391">
    <p class='ocr_par' dir='ltr' id='par_1_50' title="bbox 1970 2315 3671 2391">
     <span class='ocr_line' id='line_1_50' title="bbox 1970 2315 3671 2391; baseline -0.002 -15"><span class='ocrx_word' id='word_1_339' title='bbox 1970 2321 2046 2376; x_wconf 88' lang='lat' dir='ltr'><strong>ibi</strong></span> <span class='ocrx_word' id='word_1_340' title='bbox 2086 2321 2490 2391; x_wconf 89' lang='lat' dir='ltr'><strong>superstitione</strong></span> <span class='ocrx_word' id='word_1_341' title='bbox 2512 2318 2716 2375; x_wconf 74' lang='lat' dir='ltr'><strong>devneti</strong></span> <span class='ocrx_word' id='word_1_342' title='bbox 2750 2325 3078 2375; x_wconf 87' lang='lat' dir='ltr'><strong>teneantur.</strong></span> <span class='ocrx_word' id='word_1_343' title='bbox 3118 2317 3183 2373; x_wconf 86' lang='lat' dir='ltr'><strong>Et</strong></span> <span class='ocrx_word' id='word_1_344' title='bbox 3213 2317 3448 2374; x_wconf 91' lang='lat' dir='ltr'><strong>omnino</strong></span> <span class='ocrx_word' id='word_1_345' title='bbox 3507 2315 3671 2372; x_wconf 92' lang='lat' dir='ltr'><strong>nulla</strong></span> 
     </span>
    </p>
   </div>
   <div class='ocr_carea' id='block_1_51' title="bbox 1968 2404 3667 2479">
    <p class='ocr_par' dir='ltr' id='par_1_51' title="bbox 1968 2404 3667 2479">
     <span class='ocr_line' id='line_1_51' title="bbox 1968 2404 3667 2479; baseline -0.004 -14"><span class='ocrx_word' id='word_1_346' title='bbox 1968 2409 2241 2465; x_wconf 91' lang='lat' dir='ltr'><strong>memoria</strong></span> <span class='ocrx_word' id='word_1_347' title='bbox 2272 2416 2592 2479; x_wconf 87' lang='lat' dir='ltr'><strong>martyrum</strong></span> <span class='ocrx_word' id='word_1_348' title='bbox 2635 2407 3005 2478; x_wconf 89' lang='lat' dir='ltr'><strong>probabiliter</strong></span> <span class='ocrx_word' id='word_1_349' title='bbox 3043 2413 3390 2476; x_wconf 88' lang='lat' dir='ltr'><strong>aceeptetur,</strong></span> <span class='ocrx_word' id='word_1_350' title='bbox 3428 2404 3536 2460; x_wconf 90' lang='lat' dir='ltr'><strong>nisi</strong></span> <span class='ocrx_word' id='word_1_351' title='bbox 3572 2404 3667 2461; x_wconf 90' lang='lat' dir='ltr'><strong>ubi</strong></span> 
     </span>
    </p>
   </div>
   <div class='ocr_carea' id='block_1_52' title="bbox 1967 2493 3671 2569">
    <p class='ocr_par' dir='ltr' id='par_1_52' title="bbox 1967 2493 3671 2569">
     <span class='ocr_line' id='line_1_52' title="bbox 1967 2493 3671 2569; baseline -0.003 -15"><span class='ocrx_word' id='word_1_352' title='bbox 1967 2512 2179 2569; x_wconf 90' lang='lat' dir='ltr'><strong>corpus</strong></span> <span class='ocrx_word' id='word_1_353' title='bbox 2209 2506 2310 2554; x_wconf 93' lang='lat' dir='ltr'><strong>aut</strong></span> <span class='ocrx_word' id='word_1_354' title='bbox 2356 2497 2615 2568; x_wconf 74' lang='lat' dir='ltr'><strong>reliquiae</strong></span> <span class='ocrx_word' id='word_1_355' title='bbox 2658 2504 2825 2552; x_wconf 64' lang='lat' dir='ltr'><strong>certae</strong></span> <span class='ocrx_word' id='word_1_356' title='bbox 2863 2503 3019 2563; x_wconf 90' lang='lat' dir='ltr'><strong>sunt,</strong></span> <span class='ocrx_word' id='word_1_357' title='bbox 3076 2502 3177 2551; x_wconf 90' lang='lat' dir='ltr'><strong>aut</strong></span> <span class='ocrx_word' id='word_1_358' title='bbox 3205 2494 3367 2565; x_wconf 82' lang='lat' dir='ltr'><strong>origo</strong></span> <span class='ocrx_word' id='word_1_359' title='bbox 3421 2493 3671 2561; x_wconf 88' lang='lat' dir='ltr'><strong>alicujus</strong></span> 
     </span>
    </p>
   </div>
   <div class='ocr_carea' id='block_1_53' title="bbox 1968 2580 3668 2664">
    <p class='ocr_par' dir='ltr' id='par_1_53' title="bbox 1968 2580 3668 2664">
     <span class='ocr_line' id='line_1_53' title="bbox 1968 2580 3668 2664; baseline -0.004 -21"><span class='ocrx_word' id='word_1_360' title='bbox 1968 2586 2341 2664; x_wconf 86' lang='lat' dir='ltr'><strong>habitationis</strong></span> <span class='ocrx_word' id='word_1_361' title='bbox 2380 2586 2469 2642; x_wconf 89' lang='lat' dir='ltr'><strong>vel</strong></span> <span class='ocrx_word' id='word_1_362' title='bbox 2520 2584 2910 2656; x_wconf 86' lang='lat' dir='ltr'><strong>possessionis,</strong></span> <span class='ocrx_word' id='word_1_363' title='bbox 2978 2584 3067 2640; x_wconf 88' lang='lat' dir='ltr'><strong>vel</strong></span> <span class='ocrx_word' id='word_1_364' title='bbox 3128 2582 3407 2654; x_wconf 82' lang='lat' dir='ltr'><strong>passionis</strong></span> <span class='ocrx_word' id='word_1_365' title='bbox 3455 2580 3668 2637; x_wconf 84' lang='lat' dir='ltr'><strong>ﬁdelis-</strong></span> 
     </span>
    </p>
   </div>
   <div class='ocr_carea' id='block_1_54' title="bbox 1967 2669 3671 2746">
    <p class='ocr_par' dir='ltr' id='par_1_54' title="bbox 1967 2669 3671 2746">
     <span class='ocr_line' id='line_1_54' title="bbox 1967 2669 3671 2746; baseline -0.003 -15"><span class='ocrx_word' id='word_1_366' title='bbox 1967 2675 2113 2731; x_wconf 91' lang='lat' dir='ltr'><strong>sima</strong></span> <span class='ocrx_word' id='word_1_367' title='bbox 2168 2674 2388 2746; x_wconf 84' lang='lat' dir='ltr'><strong>origine</strong></span> <span class='ocrx_word' id='word_1_368' title='bbox 2461 2673 2726 2729; x_wconf 90' lang='lat' dir='ltr'><strong>traditur.</strong></span> <span class='ocrx_word' id='word_1_369' title='bbox 2787 2672 2932 2729; x_wconf 87' lang='lat' dir='ltr'><strong>Nam</strong></span> <span class='ocrx_word' id='word_1_370' title='bbox 2990 2686 3122 2743; x_wconf 75' lang='lat' dir='ltr'><strong>quae</strong></span> <span class='ocrx_word' id='word_1_371' title='bbox 3176 2685 3277 2740; x_wconf 93' lang='lat' dir='ltr'><strong>per</strong></span> <span class='ocrx_word' id='word_1_372' title='bbox 3320 2669 3560 2737; x_wconf 90' lang='lat' dir='ltr'><strong>somnia,</strong></span> <span class='ocrx_word' id='word_1_373' title='bbox 3614 2676 3671 2726; x_wconf 93' lang='lat' dir='ltr'><strong>et</strong></span> 
     </span>
    </p>
   </div>
   <div class='ocr_carea' id='block_1_55' title="bbox 1968 2757 3670 2834">
    <p class='ocr_par' dir='ltr' id='par_1_55' title="bbox 1968 2757 3670 2834">
     <span class='ocr_line' id='line_1_55' title="bbox 1968 2757 3670 2834; baseline -0.002 -16"><span class='ocrx_word' id='word_1_374' title='bbox 1968 2778 2067 2834; x_wconf 90' lang='lat' dir='ltr'><strong>per</strong></span> <span class='ocrx_word' id='word_1_375' title='bbox 2096 2763 2296 2819; x_wconf 89' lang='lat' dir='ltr'><strong>inanes</strong></span> <span class='ocrx_word' id='word_1_376' title='bbox 2327 2762 2496 2833; x_wconf 88' lang='lat' dir='ltr'><strong>quasi</strong></span> <span class='ocrx_word' id='word_1_377' title='bbox 2546 2761 2920 2818; x_wconf 87' lang='lat' dir='ltr'><strong>revelationes</strong></span> <span class='ocrx_word' id='word_1_378' title='bbox 2951 2760 3342 2831; x_wconf 89' lang='lat' dir='ltr'><strong>quorumlibet</strong></span> <span class='ocrx_word' id='word_1_379' title='bbox 3370 2757 3670 2815; x_wconf 89' lang='lat' dir='ltr'><strong>hominum</strong></span> 
     </span>
    </p>
   </div>
   <div class='ocr_carea' id='block_1_56' title="bbox 1969 2847 3673 2922">
    <p class='ocr_par' dir='ltr' id='par_1_56' title="bbox 1969 2847 3673 2922">
     <span class='ocr_line' id='line_1_56' title="bbox 1969 2847 3673 2922; baseline -0.004 -14"><span class='ocrx_word' id='word_1_380' title='bbox 1969 2852 2304 2922; x_wconf 87' lang='lat' dir='ltr'><strong>ubicunque</strong></span> <span class='ocrx_word' id='word_1_381' title='bbox 2385 2850 2819 2907; x_wconf 86' lang='lat' dir='ltr'><strong>constituuntur</strong></span> <span class='ocrx_word' id='word_1_382' title='bbox 2883 2847 3107 2916; x_wconf 88' lang='lat' dir='ltr'><strong>altaria,</strong></span> <span class='ocrx_word' id='word_1_383' title='bbox 3173 2848 3407 2904; x_wconf 88' lang='lat' dir='ltr'><strong>omnino</strong></span> <span class='ocrx_word' id='word_1_384' title='bbox 3487 2860 3673 2916; x_wconf 90' lang='lat' dir='ltr'><strong>repro-</strong></span> 
     </span>
    </p>
   </div>
   <div class='ocr_carea' id='block_1_57' title="bbox 1970 2941 2262 2997">
    <p class='ocr_par' dir='ltr' id='par_1_57' title="bbox 1970 2941 2262 2997">
     <span class='ocr_line' id='line_1_57' title="bbox 1970 2941 2262 2997; baseline -0.007 0"><span class='ocrx_word' id='word_1_385' title='bbox 1970 2941 2200 2997; x_wconf 88' lang='lat' dir='ltr'><strong>bentur.</strong></span> <span class='ocrx_word' id='word_1_386' title='bbox 2234 2962 2262 2988; x_wconf 72' lang='grc' dir='ltr'><strong>υ</strong></span> 
     </span>
    </p>
   </div>
   <div class='ocr_carea' id='block_1_58' title="bbox 2039 3022 3671 3098">
    <p class='ocr_par' dir='ltr' id='par_1_58' title="bbox 2039 3022 3671 3098">
     <span class='ocr_line' id='line_1_58' title="bbox 2039 3022 3671 3098; baseline -0.007 -13"><span class='ocrx_word' id='word_1_387' title='bbox 2039 3027 2101 3098; x_wconf 84' lang='grc'>(⁷)</span> <span class='ocrx_word' id='word_1_388' title='bbox 2126 3030 2260 3084; x_wconf 78' lang='lat' dir='ltr'><strong>CAP.</strong></span> <span class='ocrx_word' id='word_1_389' title='bbox 2303 3026 2348 3081; x_wconf 93' lang='grc' dir='ltr'><strong>Ι.</strong></span> <span class='ocrx_word' id='word_1_390' title='bbox 2376 3055 2448 3067; x_wconf 95' lang='grc'><strong>-</strong></span> <span class='ocrx_word' id='word_1_391' title='bbox 2476 3023 2562 3082; x_wconf 87' lang='lat' dir='ltr'><strong>Sit</strong></span> <span class='ocrx_word' id='word_1_392' title='bbox 2588 3024 2783 3096; x_wconf 81' lang='lat' dir='ltr'><strong>itaque</strong></span> <span class='ocrx_word' id='word_1_393' title='bbox 2824 3024 3016 3080; x_wconf 70' lang='lat' dir='ltr'><strong>videre</strong></span> <span class='ocrx_word' id='word_1_394' title='bbox 3049 3023 3411 3096; x_wconf 78' lang='lat' dir='ltr'><strong>pontiﬁcum,</strong></span> <span class='ocrx_word' id='word_1_395' title='bbox 3461 3022 3540 3076; x_wconf 69' lang='lat' dir='ltr'><strong>sit</strong></span> <span class='ocrx_word' id='word_1_396' title='bbox 3568 3036 3671 3093; x_wconf 85' lang='lat' dir='ltr'><strong>po-</strong></span> 
     </span>
    </p>
   </div>
   <div class='ocr_carea' id='block_1_59' title="bbox 1962 3109 3664 3188">
    <p class='ocr_par' dir='ltr' id='par_1_59' title="bbox 1962 3109 3664 3188">
     <span class='ocr_line' id='line_1_59' title="bbox 1962 3109 3664 3188; baseline -0.004 -17"><span class='ocrx_word' id='word_1_397' title='bbox 1962 3116 2092 3188; x_wconf 86' lang='lat' dir='ltr'><strong>puli</strong></span> <span class='ocrx_word' id='word_1_398' title='bbox 2113 3117 2211 3171; x_wconf 89' lang='lat' dir='ltr'><strong>Dei</strong></span> <span class='ocrx_word' id='word_1_399' title='bbox 2235 3115 2426 3171; x_wconf 80' lang='lat' dir='ltr'><strong>videre</strong></span> <span class='ocrx_word' id='word_1_400' title='bbox 2451 3116 2767 3172; x_wconf 73' lang='lat' dir='ltr'><strong>custodum.</strong></span> <span class='ocrx_word' id='word_1_401' title='bbox 2795 3115 2954 3171; x_wconf 90' lang='lat' dir='ltr'><strong>Unde</strong></span> <span class='ocrx_word' id='word_1_402' title='bbox 2981 3113 3217 3183; x_wconf 89' lang='lat' dir='ltr'><strong>capitul.</strong></span> <span class='ocrx_word' id='word_1_403' title='bbox 3255 3111 3440 3169; x_wconf 85' lang='lat' dir='ltr'><strong>Caroli</strong></span> <span class='ocrx_word' id='word_1_404' title='bbox 3468 3109 3664 3181; x_wconf 85' lang='lat' dir='ltr'><strong>Magni</strong></span> 
     </span>
    </p>
   </div>
   <div class='ocr_carea' id='block_1_60' title="bbox 1967 3200 3671 3276">
    <p class='ocr_par' dir='ltr' id='par_1_60' title="bbox 1967 3200 3671 3276">
     <span class='ocr_line' id='line_1_60' title="bbox 1967 3200 3671 3276; baseline -0.005 -14"><span class='ocrx_word' id='word_1_405' title='bbox 1967 3220 2092 3276; x_wconf 89' lang='lat' dir='ltr'><strong>cap.</strong></span> <span class='ocrx_word' id='word_1_406' title='bbox 2118 3207 2186 3260; x_wconf 86' lang='lat'><strong>28</strong></span> <span class='ocrx_word' id='word_1_407' title='bbox 2218 3219 2230 3259; x_wconf 94' lang='lat'>:</span> <span class='ocrx_word' id='word_1_408' title='bbox 2261 3226 2283 3254; x_wconf 80' lang='grc' dir='ltr'>ι</span> <span class='ocrx_word' id='word_1_409' title='bbox 2318 3205 2394 3259; x_wconf 88' lang='lat' dir='ltr'><strong>De</strong></span> <span class='ocrx_word' id='word_1_410' title='bbox 2424 3204 2693 3270; x_wconf 90' lang='lat' dir='ltr'><strong>ecclesiis,</strong></span> <span class='ocrx_word' id='word_1_411' title='bbox 2725 3219 2827 3259; x_wconf 90' lang='lat' dir='ltr'><strong>seu</strong></span> <span class='ocrx_word' id='word_1_412' title='bbox 2857 3201 3072 3258; x_wconf 88' lang='lat' dir='ltr'><strong>sanctis</strong></span> <span class='ocrx_word' id='word_1_413' title='bbox 3120 3202 3363 3267; x_wconf 91' lang='lat' dir='ltr'><strong>noviter,</strong></span> <span class='ocrx_word' id='word_1_414' title='bbox 3402 3200 3526 3255; x_wconf 90' lang='lat' dir='ltr'><strong>sine</strong></span> <span class='ocrx_word' id='word_1_415' title='bbox 3556 3213 3671 3253; x_wconf 89' lang='lat' dir='ltr'><strong>au-</strong></span> 
     </span>
    </p>
   </div>
   <div class='ocr_carea' id='block_1_61' title="bbox 1967 3287 3673 3362">
    <p class='ocr_par' dir='ltr' id='par_1_61' title="bbox 1967 3287 3673 3362">
     <span class='ocr_line' id='line_1_61' title="bbox 1967 3287 3673 3362; baseline -0.004 -12"><span class='ocrx_word' id='word_1_416' title='bbox 1967 3293 2227 3350; x_wconf 86' lang='lat' dir='ltr'><strong>ctoritate</strong></span> <span class='ocrx_word' id='word_1_417' title='bbox 2274 3292 2542 3360; x_wconf 90' lang='lat' dir='ltr'><strong>inventis,</strong></span> <span class='ocrx_word' id='word_1_418' title='bbox 2601 3292 2711 3347; x_wconf 91' lang='lat' dir='ltr'><strong>nisi</strong></span> <span class='ocrx_word' id='word_1_419' title='bbox 2756 3291 3016 3362; x_wconf 90' lang='lat' dir='ltr'><strong>episcopo</strong></span> <span class='ocrx_word' id='word_1_420' title='bbox 3080 3289 3375 3360; x_wconf 85' lang='lat' dir='ltr'><strong>probante,</strong></span> <span class='ocrx_word' id='word_1_421' title='bbox 3438 3287 3673 3343; x_wconf 90' lang='lat' dir='ltr'><strong>minime</strong></span> 
     </span>
    </p>
   </div>
   <div class='ocr_carea' id='block_1_62' title="bbox 1965 3377 3716 3446">
    <p class='ocr_par' dir='ltr' id='par_1_62' title="bbox 1965 3377 3716 3446">
     <span class='ocr_line' id='line_1_62' title="bbox 1965 3377 3716 3446; baseline -0.004 -9"><span class='ocrx_word' id='word_1_422' title='bbox 1965 3388 2335 3438; x_wconf 87' lang='lat' dir='ltr'><strong>venerentur.</strong></span> <span class='ocrx_word' id='word_1_423' title='bbox 2375 3403 2395 3428; x_wconf 83' lang='lat'><strong>-</strong></span> <span class='ocrx_word' id='word_1_424' title='bbox 2459 3382 2575 3436; x_wconf 87' lang='lat' dir='ltr'><strong>lmo</strong></span> <span class='ocrx_word' id='word_1_425' title='bbox 2631 3379 2835 3435; x_wconf 90' lang='lat' dir='ltr'><strong>concil.</strong></span> <span class='ocrx_word' id='word_1_426' title='bbox 2896 3379 3158 3434; x_wconf 90' lang='lat' dir='ltr'><strong>Lateran.</strong></span> <span class='ocrx_word' id='word_1_427' title='bbox 3229 3392 3311 3445; x_wconf 73' lang='grc' dir='ltr'><strong>ιν,</strong></span> <span class='ocrx_word' id='word_1_428' title='bbox 3374 3391 3501 3446; x_wconf 89' lang='lat' dir='ltr'><strong>cap.</strong></span> <span class='ocrx_word' id='word_1_429' title='bbox 3553 3377 3666 3430; x_wconf 84' lang='lat'><strong>62:</strong></span> <span class='ocrx_word' id='word_1_430' title='bbox 3711 3389 3716 3392; x_wconf 91' lang='grc'><strong>·</strong></span> 
     </span>
    </p>
   </div>
   <div class='ocr_carea' id='block_1_63' title="bbox 148 3460 1758 3538">
    <p class='ocr_par' dir='ltr' id='par_1_63' title="bbox 148 3460 1758 3536">
     <span class='ocr_line' id='line_1_63' title="bbox 148 3460 1758 3536; baseline -0.002 -17"><span class='ocrx_word' id='word_1_431' title='bbox 148 3466 508 3536; x_wconf 81' lang='lat' dir='ltr'><strong>refragatur.</strong></span> <span class='ocrx_word' id='word_1_432' title='bbox 540 3465 715 3520; x_wconf 92' lang='lat' dir='ltr'><strong>Tomo</strong></span> <span class='ocrx_word' id='word_1_433' title='bbox 744 3463 835 3530; x_wconf 87' lang='lat' dir='ltr'><strong>IV,</strong></span> <span class='ocrx_word' id='word_1_434' title='bbox 887 3464 966 3519; x_wconf 91' lang='lat' dir='ltr'><strong>De</strong></span> <span class='ocrx_word' id='word_1_435' title='bbox 993 3476 1252 3519; x_wconf 86' lang='lat' dir='ltr'><strong>sermone</strong></span> <span class='ocrx_word' id='word_1_436' title='bbox 1285 3460 1509 3517; x_wconf 89' lang='lat' dir='ltr'><strong>Domini</strong></span> <span class='ocrx_word' id='word_1_437' title='bbox 1545 3461 1603 3515; x_wconf 91' lang='lat' dir='ltr'><strong>in</strong></span> <span class='ocrx_word' id='word_1_438' title='bbox 1644 3475 1758 3516; x_wconf 76' lang='lat' dir='ltr'><strong>mor</strong></span> 
     </span>
    </p>
   </div>
   <div class='ocr_carea' id='block_1_64' title="bbox 2044 3460 3671 3538">
    <p class='ocr_par' dir='ltr' id='par_1_64' title="bbox 2044 3461 3671 3538">
     <span class='ocr_line' id='line_1_64' title="bbox 2044 3461 3671 3538; baseline -0.003 -15"><span class='ocrx_word' id='word_1_439' title='bbox 2044 3471 2299 3524; x_wconf 87' lang='lat' dir='ltr'><strong>luventas</strong></span> <span class='ocrx_word' id='word_1_440' title='bbox 2329 3468 2603 3538; x_wconf 89' lang='lat' dir='ltr'><strong>reliquias</strong></span> <span class='ocrx_word' id='word_1_441' title='bbox 2633 3468 2701 3523; x_wconf 92' lang='lat' dir='ltr'><strong>de</strong></span> <span class='ocrx_word' id='word_1_442' title='bbox 2747 3482 2917 3532; x_wconf 89' lang='lat' dir='ltr'><strong>novo,</strong></span> <span class='ocrx_word' id='word_1_443' title='bbox 2949 3461 3118 3521; x_wconf 77' lang='lat' dir='ltr'><strong>nemo</strong></span> <span class='ocrx_word' id='word_1_444' title='bbox 3152 3465 3376 3535; x_wconf 87' lang='lat' dir='ltr'><strong>publice</strong></span> <span class='ocrx_word' id='word_1_445' title='bbox 3408 3463 3671 3520; x_wconf 87' lang='lat' dir='ltr'><strong>venerari</strong></span> 
     </span>
    </p>
   </div>
   <div class='ocr_carea' id='block_1_65' title="bbox 150 3550 1654 3622">
    <p class='ocr_par' dir='ltr' id='par_1_65' title="bbox 150 3550 1654 3622">
     <span class='ocr_line' id='line_1_65' title="bbox 150 3550 1654 3622; baseline -0.003 -15"><span class='ocrx_word' id='word_1_446' title='bbox 150 3565 206 3607; x_wconf 89' lang='lat' dir='ltr'><strong>c.</strong></span> <span class='ocrx_word' id='word_1_447' title='bbox 241 3553 344 3622; x_wconf 87' lang='lat'><strong>20;</strong></span> <span class='ocrx_word' id='word_1_448' title='bbox 374 3560 429 3608; x_wconf 92' lang='lat' dir='ltr'><strong>et</strong></span> <span class='ocrx_word' id='word_1_449' title='bbox 459 3560 499 3607; x_wconf 94' lang='lat' dir='ltr'><strong>t.</strong></span> <span class='ocrx_word' id='word_1_450' title='bbox 533 3552 607 3608; x_wconf 87' lang='lat' dir='ltr'><strong>VI</strong></span> <span class='ocrx_word' id='word_1_451' title='bbox 638 3552 797 3609; x_wconf 91' lang='lat' dir='ltr'><strong>Cont.</strong></span> <span class='ocrx_word' id='word_1_452' title='bbox 829 3552 1244 3607; x_wconf 78' lang='lat' dir='ltr'><strong>Adimantium.</strong></span> <span class='ocrx_word' id='word_1_453' title='bbox 1287 3550 1386 3606; x_wconf 79' lang='lat'><strong>1.1.</strong></span> <span class='ocrx_word' id='word_1_454' title='bbox 1422 3565 1458 3617; x_wconf 83' lang='lat'><strong>1,</strong></span> <span class='ocrx_word' id='word_1_455' title='bbox 1487 3564 1536 3605; x_wconf 92' lang='lat' dir='ltr'><strong>c.</strong></span> <span class='ocrx_word' id='word_1_456' title='bbox 1571 3552 1654 3603; x_wconf 83' lang='lat' dir='ltr'><strong>l7.</strong></span> 
     </span>
    </p>
   </div>
   <div class='ocr_carea' id='block_1_66' title="bbox 232 3639 1861 3712">
    <p class='ocr_par' dir='ltr' id='par_1_66' title="bbox 232 3639 1861 3712">
     <span class='ocr_line' id='line_1_66' title="bbox 232 3639 1861 3712; baseline -0.002 -18"><span class='ocrx_word' id='word_1_457' title='bbox 232 3640 294 3707; x_wconf 72' lang='grc'><strong>(⁵)</strong></span> <span class='ocrx_word' id='word_1_458' title='bbox 338 3640 620 3695; x_wconf 81' lang='lat' dir='ltr'><strong>Abbatem</strong></span> <span class='ocrx_word' id='word_1_459' title='bbox 659 3639 985 3712; x_wconf 85' lang='lat' dir='ltr'><strong>quemdam,</strong></span> <span class='ocrx_word' id='word_1_460' title='bbox 1035 3655 1202 3711; x_wconf 85' lang='lat' dir='ltr'><strong>quem</strong></span> <span class='ocrx_word' id='word_1_461' title='bbox 1254 3641 1516 3694; x_wconf 71' lang='lat' dir='ltr'><strong>sanctum</strong></span> <span class='ocrx_word' id='word_1_462' title='bbox 1578 3640 1861 3709; x_wconf 79' lang='lat' dir='ltr'><strong>Pyronem</strong></span> 
     </span>
    </p>
   </div>
   <div class='ocr_carea' id='block_1_67' title="bbox 150 3725 1859 3800">
    <p class='ocr_par' dir='ltr' id='par_1_67' title="bbox 150 3725 1859 3800">
     <span class='ocr_line' id='line_1_67' title="bbox 150 3725 1859 3800; baseline -0.003 -17"><span class='ocrx_word' id='word_1_463' title='bbox 150 3726 323 3783; x_wconf 81' lang='lat' dir='ltr'><strong>lectio</strong></span> <span class='ocrx_word' id='word_1_464' title='bbox 351 3728 461 3784; x_wconf 83' lang='lat' dir='ltr'><strong>illa</strong></span> <span class='ocrx_word' id='word_1_465' title='bbox 495 3728 848 3800; x_wconf 78' lang='lat' dir='ltr'><strong>agnominat.</strong></span> <span class='ocrx_word' id='word_1_466' title='bbox 885 3728 1077 3785; x_wconf 89' lang='lat' dir='ltr'><strong>Simile</strong></span> <span class='ocrx_word' id='word_1_467' title='bbox 1116 3727 1257 3798; x_wconf 90' lang='lat' dir='ltr'><strong>quid</strong></span> <span class='ocrx_word' id='word_1_468' title='bbox 1289 3726 1485 3793; x_wconf 88' lang='lat' dir='ltr'><strong>habes,</strong></span> <span class='ocrx_word' id='word_1_469' title='bbox 1514 3740 1641 3796; x_wconf 87' lang='lat' dir='ltr'><strong>cap.</strong></span> <span class='ocrx_word' id='word_1_470' title='bbox 1677 3725 1859 3779; x_wconf 73' lang='lat' dir='ltr'><strong>Audi~</strong></span> 
     </span>
    </p>
   </div>
   <div class='ocr_carea' id='block_1_68' title="bbox 150 3815 1860 3888">
    <p class='ocr_par' dir='ltr' id='par_1_68' title="bbox 150 3815 1860 3888">
     <span class='ocr_line' id='line_1_68' title="bbox 150 3815 1860 3888; baseline -0.001 -16"><span class='ocrx_word' id='word_1_471' title='bbox 150 3816 360 3885; x_wconf 81' lang='lat' dir='ltr'><strong>cimus,</strong></span> <span class='ocrx_word' id='word_1_472' title='bbox 396 3818 475 3873; x_wconf 91' lang='lat' dir='ltr'><strong>De</strong></span> <span class='ocrx_word' id='word_1_473' title='bbox 505 3818 762 3888; x_wconf 90' lang='lat' dir='ltr'><strong>reliquiis</strong></span> <span class='ocrx_word' id='word_1_474' title='bbox 790 3826 844 3874; x_wconf 89' lang='lat' dir='ltr'><strong>et</strong></span> <span class='ocrx_word' id='word_1_475' title='bbox 876 3817 1243 3874; x_wconf 87' lang='lat' dir='ltr'><strong>veneratione</strong></span> <span class='ocrx_word' id='word_1_476' title='bbox 1271 3824 1623 3872; x_wconf 88' lang='lat' dir='ltr'><strong>sanctorum.</strong></span> <span class='ocrx_word' id='word_1_477' title='bbox 1656 3834 1683 3865; x_wconf 85' lang='grc'>‹‹</span> <span class='ocrx_word' id='word_1_478' title='bbox 1734 3815 1860 3870; x_wconf 86' lang='lat' dir='ltr'><strong>Au-</strong></span> 
     </span>
    </p>
   </div>
   <div class='ocr_carea' id='block_1_69' title="bbox 153 3903 1861 3976">
    <p class='ocr_par' dir='ltr' id='par_1_69' title="bbox 153 3903 1861 3976">
     <span class='ocr_line' id='line_1_69' title="bbox 153 3903 1861 3976; baseline -0.002 -15"><span class='ocrx_word' id='word_1_479' title='bbox 153 3906 413 3962; x_wconf 87' lang='lat' dir='ltr'><strong>divimus</strong></span> <span class='ocrx_word' id='word_1_480' title='bbox 441 3907 598 3976; x_wconf 90' lang='lat' dir='ltr'><strong>quod</strong></span> <span class='ocrx_word' id='word_1_481' title='bbox 648 3907 885 3976; x_wconf 89' lang='lat' dir='ltr'><strong>quidam</strong></span> <span class='ocrx_word' id='word_1_482' title='bbox 942 3907 1089 3963; x_wconf 85' lang='lat' dir='ltr'><strong>inter</strong></span> <span class='ocrx_word' id='word_1_483' title='bbox 1134 3919 1255 3973; x_wconf 87' lang='lat' dir='ltr'><strong>vos,</strong></span> <span class='ocrx_word' id='word_1_484' title='bbox 1317 3904 1602 3961; x_wconf 89' lang='lat' dir='ltr'><strong>diabolica</strong></span> <span class='ocrx_word' id='word_1_485' title='bbox 1660 3903 1861 3959; x_wconf 88' lang='lat' dir='ltr'><strong>fraude</strong></span> 
     </span>
    </p>
   </div>
   <div class='ocr_carea' id='block_1_70' title="bbox 155 3992 1862 4064">
    <p class='ocr_par' dir='ltr' id='par_1_70' title="bbox 155 3992 1862 4064">
     <span class='ocr_line' id='line_1_70' title="bbox 155 3992 1862 4064; baseline -0.002 -14"><span class='ocrx_word' id='word_1_486' title='bbox 155 3994 394 4064; x_wconf 87' lang='lat' dir='ltr'><strong>decepti,</strong></span> <span class='ocrx_word' id='word_1_487' title='bbox 434 3995 721 4050; x_wconf 91' lang='lat' dir='ltr'><strong>hominem</strong></span> <span class='ocrx_word' id='word_1_488' title='bbox 750 3994 1059 4064; x_wconf 89' lang='lat' dir='ltr'><strong>quemdam</strong></span> <span class='ocrx_word' id='word_1_489' title='bbox 1092 3994 1149 4049; x_wconf 92' lang='lat' dir='ltr'><strong>in</strong></span> <span class='ocrx_word' id='word_1_490' title='bbox 1184 3994 1469 4062; x_wconf 89' lang='lat' dir='ltr'><strong>potatione</strong></span> <span class='ocrx_word' id='word_1_491' title='bbox 1506 4001 1560 4048; x_wconf 92' lang='lat' dir='ltr'><strong>et</strong></span> <span class='ocrx_word' id='word_1_492' title='bbox 1589 3992 1862 4048; x_wconf 88' lang='lat' dir='ltr'><strong>ebrietate</strong></span> 
     </span>
    </p>
   </div>
   <div class='ocr_carea' id='block_1_71' title="bbox 156 4081 1860 4154">
    <p class='ocr_par' dir='ltr' id='par_1_71' title="bbox 156 4081 1860 4154">
     <span class='ocr_line' id='line_1_71' title="bbox 156 4081 1860 4154; baseline -0.002 -15"><span class='ocrx_word' id='word_1_493' title='bbox 156 4082 433 4145; x_wconf 89' lang='lat' dir='ltr'><strong>occisum.</strong></span> <span class='ocrx_word' id='word_1_494' title='bbox 507 4083 676 4154; x_wconf 87' lang='lat' dir='ltr'><strong>quasi</strong></span> <span class='ocrx_word' id='word_1_495' title='bbox 734 4091 998 4139; x_wconf 87' lang='lat' dir='ltr'><strong>sanctum</strong></span> <span class='ocrx_word' id='word_1_496' title='bbox 1054 4084 1236 4154; x_wconf 90' lang='lat' dir='ltr'><strong>(more</strong></span> <span class='ocrx_word' id='word_1_497' title='bbox 1295 4081 1638 4151; x_wconf 86' lang='lat' dir='ltr'><strong>infidelium)</strong></span> <span class='ocrx_word' id='word_1_498' title='bbox 1691 4095 1860 4136; x_wconf 88' lang='lat' dir='ltr'><strong>vene-</strong></span> 
     </span>
    </p>
   </div>
   <div class='ocr_carea' id='block_1_72' title="bbox 159 4180 451 4228">
    <p class='ocr_par' dir='ltr' id='par_1_72' title="bbox 159 4180 451 4228">
     <span class='ocr_line' id='line_1_72' title="bbox 159 4180 451 4228; baseline -0.024 0"><span class='ocrx_word' id='word_1_499' title='bbox 159 4180 388 4228; x_wconf 87' lang='lat' dir='ltr'><strong>rantur.</strong></span> <span class='ocrx_word' id='word_1_500' title='bbox 429 4194 451 4221; x_wconf 73' lang='grc' dir='ltr'><strong><em>ο</em></strong></span> 
     </span>
    </p>
   </div>
   <div class='ocr_carea' id='block_1_73' title="bbox 231 4257 1859 4331">
    <p class='ocr_par' dir='ltr' id='par_1_73' title="bbox 231 4257 1859 4331">
     <span class='ocr_line' id='line_1_73' title="bbox 231 4257 1859 4331; baseline -0.004 -13"><span class='ocrx_word' id='word_1_501' title='bbox 231 4260 457 4331; x_wconf 68' lang='grc' dir='ltr'><strong>(⁸)(1ΑΡ.</strong></span> <span class='ocrx_word' id='word_1_502' title='bbox 490 4262 531 4315; x_wconf 93' lang='grc' dir='ltr'>Ι.</span> <span class='ocrx_word' id='word_1_503' title='bbox 574 4290 641 4300; x_wconf 90' lang='grc'><strong>-</strong></span> <span class='ocrx_word' id='word_1_504' title='bbox 673 4261 799 4315; x_wconf 83' lang='lat' dir='ltr'><strong>Nec</strong></span> <span class='ocrx_word' id='word_1_505' title='bbox 836 4259 987 4315; x_wconf 85' lang='lat' dir='ltr'><strong>illud</strong></span> <span class='ocrx_word' id='word_1_506' title='bbox 1026 4257 1235 4317; x_wconf 74' lang='lat' dir='ltr'><strong>excidit</strong></span> <span class='ocrx_word' id='word_1_507' title='bbox 1280 4259 1428 4330; x_wconf 88' lang='lat' dir='ltr'><strong>quod</strong></span> <span class='ocrx_word' id='word_1_508' title='bbox 1474 4259 1859 4327; x_wconf 68' lang='lat' dir='ltr'><strong>Lari/“rancus,</strong></span> 
     </span>
    </p>
   </div>
   <div class='ocr_carea' id='block_1_74' title="bbox 154 4346 1859 4415">
    <p class='ocr_par' dir='ltr' id='par_1_74' title="bbox 154 4346 1859 4415">
     <span class='ocr_line' id='line_1_74' title="bbox 154 4346 1859 4415; baseline -0.002 -11"><span class='ocrx_word' id='word_1_509' title='bbox 154 4354 265 4404; x_wconf 88' lang='lat' dir='ltr'><strong>etc.</strong></span> <span class='ocrx_word' id='word_1_510' title='bbox 308 4346 455 4415; x_wconf 90' lang='lat' dir='ltr'><strong>Quid</strong></span> <span class='ocrx_word' id='word_1_511' title='bbox 481 4347 683 4404; x_wconf 88' lang='lat' dir='ltr'><strong>elicere</strong></span> <span class='ocrx_word' id='word_1_512' title='bbox 715 4348 849 4404; x_wconf 87' lang='lat' dir='ltr'><strong>velit</strong></span> <span class='ocrx_word' id='word_1_513' title='bbox 879 4355 1083 4404; x_wconf 87' lang='lat' dir='ltr'><strong>auctor</strong></span> <span class='ocrx_word' id='word_1_514' title='bbox 1140 4356 1332 4403; x_wconf 89' lang='lat' dir='ltr'><strong>noster</strong></span> <span class='ocrx_word' id='word_1_515' title='bbox 1361 4361 1499 4403; x_wconf 89' lang='lat' dir='ltr'><strong>sane</strong></span> <span class='ocrx_word' id='word_1_516' title='bbox 1526 4361 1642 4402; x_wconf 90' lang='lat' dir='ltr'><strong>non</strong></span> <span class='ocrx_word' id='word_1_517' title='bbox 1677 4347 1859 4402; x_wconf 91' lang='lat' dir='ltr'><strong>video.</strong></span> 
     </span>
    </p>
   </div>
   <div class='ocr_carea' id='block_1_75' title="bbox 154 4434 1861 4507">
    <p class='ocr_par' dir='ltr' id='par_1_75' title="bbox 154 4434 1861 4507">
     <span class='ocr_line' id='line_1_75' title="bbox 154 4434 1861 4507; baseline 0 -18"><span class='ocrx_word' id='word_1_518' title='bbox 154 4440 307 4489; x_wconf 70' lang='lat'><strong>563</strong></span> <span class='ocrx_word' id='word_1_519' title='bbox 357 4435 571 4493; x_wconf 84' lang='lat' dir='ltr'><strong>Verum</strong></span> <span class='ocrx_word' id='word_1_520' title='bbox 601 4435 866 4507; x_wconf 91' lang='lat' dir='ltr'><strong>equidem</strong></span> <span class='ocrx_word' id='word_1_521' title='bbox 915 4443 999 4491; x_wconf 90' lang='lat' dir='ltr'><strong>est</strong></span> <span class='ocrx_word' id='word_1_522' title='bbox 1054 4438 1111 4491; x_wconf 86' lang='grc' dir='ltr'>Β.</span> <span class='ocrx_word' id='word_1_523' title='bbox 1170 4435 1557 4491; x_wconf 88' lang='lat' dir='ltr'><strong>Lanfraneum</strong></span> <span class='ocrx_word' id='word_1_524' title='bbox 1595 4434 1861 4506; x_wconf 88' lang='lat' dir='ltr'><strong>aliquan-</strong></span> 
     </span>
    </p>
   </div>
   <div class='ocr_carea' id='block_1_76' title="bbox 155 4522 1859 4595">
    <p class='ocr_par' dir='ltr' id='par_1_76' title="bbox 155 4522 1859 4595">
     <span class='ocr_line' id='line_1_76' title="bbox 155 4522 1859 4595; baseline 0.001 -18"><span class='ocrx_word' id='word_1_525' title='bbox 155 4523 281 4591; x_wconf 92' lang='lat' dir='ltr'><strong>diu,</strong></span> <span class='ocrx_word' id='word_1_526' title='bbox 316 4525 470 4594; x_wconf 89' lang='lat' dir='ltr'><strong>quod</strong></span> <span class='ocrx_word' id='word_1_527' title='bbox 497 4538 697 4581; x_wconf 89' lang='lat' dir='ltr'><strong>annua</strong></span> <span class='ocrx_word' id='word_1_528' title='bbox 725 4524 1050 4581; x_wconf 89' lang='lat' dir='ltr'><strong>celebritate</strong></span> <span class='ocrx_word' id='word_1_529' title='bbox 1075 4523 1129 4580; x_wconf 93' lang='lat' dir='ltr'><strong>S.</strong></span> <span class='ocrx_word' id='word_1_530' title='bbox 1178 4524 1440 4595; x_wconf 89' lang='lat' dir='ltr'><strong>Elfegum</strong></span> <span class='ocrx_word' id='word_1_531' title='bbox 1468 4522 1859 4594; x_wconf 67' lang='lat' dir='ltr'><strong>{praedecesso-</strong></span> 
     </span>
    </p>
   </div>
   <div class='ocr_carea' id='block_1_77' title="bbox 157 4612 1861 4684">
    <p class='ocr_par' dir='ltr' id='par_1_77' title="bbox 157 4612 1861 4684">
     <span class='ocr_line' id='line_1_77' title="bbox 157 4612 1861 4684; baseline -0.001 -16"><span class='ocrx_word' id='word_1_532' title='bbox 157 4626 281 4668; x_wconf 89' lang='lat' dir='ltr'><strong>rem</strong></span> <span class='ocrx_word' id='word_1_533' title='bbox 311 4627 482 4670; x_wconf 90' lang='lat' dir='ltr'><strong>suum</strong></span> <span class='ocrx_word' id='word_1_534' title='bbox 515 4615 763 4683; x_wconf 90' lang='lat' dir='ltr'><strong>populus</strong></span> <span class='ocrx_word' id='word_1_535' title='bbox 815 4612 1147 4684; x_wconf 90' lang='lat' dir='ltr'><strong>percoleret,</strong></span> <span class='ocrx_word' id='word_1_536' title='bbox 1181 4626 1295 4668; x_wconf 92' lang='lat' dir='ltr'><strong>non</strong></span> <span class='ocrx_word' id='word_1_537' title='bbox 1325 4612 1634 4682; x_wconf 88' lang='lat' dir='ltr'><strong>probasse;</strong></span> <span class='ocrx_word' id='word_1_538' title='bbox 1670 4619 1727 4667; x_wconf 87' lang='lat' dir='ltr'><strong>at</strong></span> <span class='ocrx_word' id='word_1_539' title='bbox 1761 4612 1861 4667; x_wconf 89' lang='lat' dir='ltr'><strong>ubi</strong></span> 
     </span>
    </p>
   </div>
   <div class='ocr_carea' id='block_1_78' title="bbox 154 4700 1862 4771">
    <p class='ocr_par' dir='ltr' id='par_1_78' title="bbox 154 4700 1862 4771">
     <span class='ocr_line' id='line_1_78' title="bbox 154 4700 1862 4771; baseline -0.002 -13"><span class='ocrx_word' id='word_1_540' title='bbox 154 4702 510 4771; x_wconf 90' lang='lat' dir='ltr'><strong>colloquium</strong></span> <span class='ocrx_word' id='word_1_541' title='bbox 571 4718 703 4759; x_wconf 89' lang='lat' dir='ltr'><strong>cum</strong></span> <span class='ocrx_word' id='word_1_542' title='bbox 736 4702 1095 4759; x_wconf 87' lang='lat' dir='ltr'><strong>sanctissimo</strong></span> <span class='ocrx_word' id='word_1_543' title='bbox 1126 4701 1403 4771; x_wconf 88' lang='lat' dir='ltr'><strong>discipulo</strong></span> <span class='ocrx_word' id='word_1_544' title='bbox 1448 4700 1712 4756; x_wconf 80' lang='lat' dir='ltr'><strong>Anselmo</strong></span> <span class='ocrx_word' id='word_1_545' title='bbox 1752 4701 1862 4756; x_wconf 89' lang='lat' dir='ltr'><strong>ha-</strong></span> 
     </span>
    </p>
   </div>
   <div class='ocr_carea' id='block_1_79' title="bbox 1968 3551 3672 3627">
    <p class='ocr_par' dir='ltr' id='par_1_79' title="bbox 1968 3551 3672 3627">
     <span class='ocr_line' id='line_1_79' title="bbox 1968 3551 3672 3627; baseline -0.003 -15"><span class='ocrx_word' id='word_1_546' title='bbox 1968 3565 2300 3627; x_wconf 67' lang='lat' dir='ltr'><strong>praasumat,</strong></span> <span class='ocrx_word' id='word_1_547' title='bbox 2337 3556 2444 3611; x_wconf 90' lang='lat' dir='ltr'><strong>nisi</strong></span> <span class='ocrx_word' id='word_1_548' title='bbox 2508 3555 2670 3625; x_wconf 92' lang='lat' dir='ltr'><strong>prius</strong></span> <span class='ocrx_word' id='word_1_549' title='bbox 2722 3554 3061 3610; x_wconf 88' lang='lat' dir='ltr'><strong>auctoritate</strong></span> <span class='ocrx_word' id='word_1_550' title='bbox 3121 3552 3333 3609; x_wconf 90' lang='lat' dir='ltr'><strong>summi</strong></span> <span class='ocrx_word' id='word_1_551' title='bbox 3390 3551 3672 3622; x_wconf 87' lang='lat' dir='ltr'><strong>pontificis</strong></span> 
     </span>
    </p>
   </div>
   <div class='ocr_carea' id='block_1_80' title="bbox 1969 3641 3670 3714">
    <p class='ocr_par' dir='ltr' id='par_1_80' title="bbox 1969 3641 3670 3714">
     <span class='ocr_line' id='line_1_80' title="bbox 1969 3641 3670 3714; baseline -0.003 -14"><span class='ocrx_word' id='word_1_552' title='bbox 1969 3645 2180 3700; x_wconf 89' lang='lat' dir='ltr'><strong>fuerint</strong></span> <span class='ocrx_word' id='word_1_553' title='bbox 2247 3644 2593 3714; x_wconf 58' lang='lat' dir='ltr'><strong>approbata).</strong></span> <span class='ocrx_word' id='word_1_554' title='bbox 2670 3643 2896 3698; x_wconf 72' lang='lat' dir='ltr'><strong>Praelati</strong></span> <span class='ocrx_word' id='word_1_555' title='bbox 2960 3657 3094 3697; x_wconf 89' lang='lat' dir='ltr'><strong>vero</strong></span> <span class='ocrx_word' id='word_1_556' title='bbox 3167 3641 3237 3696; x_wconf 88' lang='lat' dir='ltr'><strong>de</strong></span> <span class='ocrx_word' id='word_1_557' title='bbox 3297 3647 3502 3696; x_wconf 76' lang='lat' dir='ltr'><strong>caetero</strong></span> <span class='ocrx_word' id='word_1_558' title='bbox 3553 3653 3670 3695; x_wconf 92' lang='lat' dir='ltr'><strong>non</strong></span> 
     </span>
    </p>
   </div>
   <div class='ocr_carea' id='block_1_81' title="bbox 1970 3729 3669 3803">
    <p class='ocr_par' dir='ltr' id='par_1_81' title="bbox 1970 3729 3669 3803">
     <span class='ocr_line' id='line_1_81' title="bbox 1970 3729 3669 3803; baseline -0.002 -14"><span class='ocrx_word' id='word_1_559' title='bbox 1970 3734 2303 3803; x_wconf 88' lang='lat' dir='ltr'><strong>permittant</strong></span> <span class='ocrx_word' id='word_1_560' title='bbox 2328 3732 2453 3788; x_wconf 92' lang='lat' dir='ltr'><strong>illos</strong></span> <span class='ocrx_word' id='word_1_561' title='bbox 2477 3732 2575 3802; x_wconf 87' lang='lat' dir='ltr'><strong>qui</strong></span> <span class='ocrx_word' id='word_1_562' title='bbox 2610 3732 2680 3787; x_wconf 90' lang='lat' dir='ltr'><strong>ad</strong></span> <span class='ocrx_word' id='word_1_563' title='bbox 2710 3745 2908 3787; x_wconf 89' lang='lat' dir='ltr'><strong>eorum</strong></span> <span class='ocrx_word' id='word_1_564' title='bbox 2949 3729 3215 3786; x_wconf 88' lang='lat' dir='ltr'><strong>ecclesias</strong></span> <span class='ocrx_word' id='word_1_565' title='bbox 3271 3741 3448 3785; x_wconf 88' lang='lat' dir='ltr'><strong>causa</strong></span> <span class='ocrx_word' id='word_1_566' title='bbox 3498 3742 3669 3785; x_wconf 87' lang='lat' dir='ltr'><strong>vene-</strong></span> 
     </span>
    </p>
   </div>
   <div class='ocr_carea' id='block_1_82' title="bbox 1968 3816 3666 3890">
    <p class='ocr_par' dir='ltr' id='par_1_82' title="bbox 1968 3816 3666 3890">
     <span class='ocr_line' id='line_1_82' title="bbox 1968 3816 3666 3890; baseline -0.006 -11"><span class='ocrx_word' id='word_1_567' title='bbox 1968 3821 2204 3879; x_wconf 87' lang='lat' dir='ltr'><strong>rationis</strong></span> <span class='ocrx_word' id='word_1_568' title='bbox 2232 3821 2512 3876; x_wconf 89' lang='lat' dir='ltr'><strong>aceedunt</strong></span> <span class='ocrx_word' id='word_1_569' title='bbox 2542 3820 2709 3876; x_wconf 90' lang='lat' dir='ltr'><strong>vanis</strong></span> <span class='ocrx_word' id='word_1_570' title='bbox 2758 3819 3045 3890; x_wconf 81' lang='lat' dir='ltr'><strong>figmentis</strong></span> <span class='ocrx_word' id='word_1_571' title='bbox 3101 3825 3204 3873; x_wconf 87' lang='lat' dir='ltr'><strong>aut</strong></span> <span class='ocrx_word' id='word_1_572' title='bbox 3258 3816 3416 3873; x_wconf 88' lang='lat' dir='ltr'><strong>falsis</strong></span> <span class='ocrx_word' id='word_1_573' title='bbox 3465 3816 3666 3887; x_wconf 90' lang='lat' dir='ltr'><strong>decipi,</strong></span> 
     </span>
    </p>
   </div>
   <div class='ocr_carea' id='block_1_83' title="bbox 1968 3905 3671 3976">
    <p class='ocr_par' dir='ltr' id='par_1_83' title="bbox 1968 3905 3671 3976">
     <span class='ocr_line' id='line_1_83' title="bbox 1968 3905 3671 3976; baseline -0.003 -11"><span class='ocrx_word' id='word_1_574' title='bbox 1968 3908 2342 3975; x_wconf 92' lang='lat' dir='ltr'><strong>documentis,</strong></span> <span class='ocrx_word' id='word_1_575' title='bbox 2411 3907 2560 3964; x_wconf 88' lang='lat' dir='ltr'><strong>sicut</strong></span> <span class='ocrx_word' id='word_1_576' title='bbox 2606 3915 2661 3963; x_wconf 90' lang='lat' dir='ltr'><strong>et</strong></span> <span class='ocrx_word' id='word_1_577' title='bbox 2716 3907 2773 3962; x_wconf 91' lang='lat' dir='ltr'><strong>in</strong></span> <span class='ocrx_word' id='word_1_578' title='bbox 2844 3907 3132 3976; x_wconf 86' lang='lat' dir='ltr'><strong>plerisque</strong></span> <span class='ocrx_word' id='word_1_579' title='bbox 3191 3905 3328 3962; x_wconf 91' lang='lat' dir='ltr'><strong>locis</strong></span> <span class='ocrx_word' id='word_1_580' title='bbox 3378 3905 3671 3960; x_wconf 87' lang='lat' dir='ltr'><strong>occasione</strong></span> 
     </span>
    </p>
   </div>
   <div class='ocr_carea' id='block_1_84' title="bbox 1968 3992 3665 4067">
    <p class='ocr_par' dir='ltr' id='par_1_84' title="bbox 1968 3992 3665 4067">
     <span class='ocr_line' id='line_1_84' title="bbox 1968 3992 3665 4067; baseline -0.004 -15"><span class='ocrx_word' id='word_1_581' title='bbox 1968 4004 2226 4067; x_wconf 65' lang='lat' dir='ltr'><strong>quaestus</strong></span> <span class='ocrx_word' id='word_1_582' title='bbox 2256 3995 2377 4051; x_wconf 88' lang='lat' dir='ltr'><strong>ﬁeri</strong></span> <span class='ocrx_word' id='word_1_583' title='bbox 2407 3995 2728 4063; x_wconf 89' lang='lat' dir='ltr'><strong>consuevit,</strong></span> <span class='ocrx_word' id='word_1_584' title='bbox 2764 4016 2785 4043; x_wconf 76' lang='grc' dir='ltr'>ι</span> <span class='ocrx_word' id='word_1_585' title='bbox 2844 4002 2951 4050; x_wconf 92' lang='lat' dir='ltr'><strong>etc.</strong></span> <span class='ocrx_word' id='word_1_586' title='bbox 3004 3994 3259 4049; x_wconf 88' lang='lat' dir='ltr'><strong>Trident.</strong></span> <span class='ocrx_word' id='word_1_587' title='bbox 3295 3992 3499 4049; x_wconf 89' lang='lat' dir='ltr'><strong>concil.</strong></span> <span class='ocrx_word' id='word_1_588' title='bbox 3530 4005 3665 4048; x_wconf 87' lang='lat' dir='ltr'><strong>sess.</strong></span> 
     </span>
    </p>
   </div>
   <div class='ocr_carea' id='block_1_85' title="bbox 1966 4081 3670 4153">
    <p class='ocr_par' dir='ltr' id='par_1_85' title="bbox 1966 4081 3670 4153">
     <span class='ocr_line' id='line_1_85' title="bbox 1966 4081 3670 4153; baseline -0.002 -13"><span class='ocrx_word' id='word_1_589' title='bbox 1966 4090 2055 4153; x_wconf 83' lang='lat'><strong>25,</strong></span> <span class='ocrx_word' id='word_1_590' title='bbox 2094 4087 2169 4140; x_wconf 90' lang='lat' dir='ltr'><strong>De</strong></span> <span class='ocrx_word' id='word_1_591' title='bbox 2200 4084 2581 4151; x_wconf 86' lang='lat' dir='ltr'><strong>invocatione,</strong></span> <span class='ocrx_word' id='word_1_592' title='bbox 2642 4083 3006 4140; x_wconf 89' lang='lat' dir='ltr'><strong>veneratione</strong></span> <span class='ocrx_word' id='word_1_593' title='bbox 3045 4090 3099 4139; x_wconf 89' lang='lat' dir='ltr'><strong>et</strong></span> <span class='ocrx_word' id='word_1_594' title='bbox 3145 4081 3408 4153; x_wconf 88' lang='lat' dir='ltr'><strong>reliquiis</strong></span> <span class='ocrx_word' id='word_1_595' title='bbox 3439 4089 3670 4138; x_wconf 91' lang='lat' dir='ltr'><strong>sancto-</strong></span> 
     </span>
    </p>
   </div>
   <div class='ocr_carea' id='block_1_86' title="bbox 1968 4188 2125 4231">
    <p class='ocr_par' dir='ltr' id='par_1_86' title="bbox 1968 4188 2125 4231">
     <span class='ocr_line' id='line_1_86' title="bbox 1968 4188 2125 4231; baseline -0.019 0"><span class='ocrx_word' id='word_1_596' title='bbox 1968 4188 2125 4231; x_wconf 91' lang='lat' dir='ltr'><strong>rum.</strong></span> 
     </span>
    </p>
   </div>
   <div class='ocr_carea' id='block_1_87' title="bbox 2041 4259 3672 4334">
    <p class='ocr_par' dir='ltr' id='par_1_87' title="bbox 2041 4259 3672 4334">
     <span class='ocr_line' id='line_1_87' title="bbox 2041 4259 3672 4334; baseline -0.013 -12"><span class='ocrx_word' id='word_1_597' title='bbox 2041 4262 2106 4334; x_wconf 73' lang='grc' dir='ltr'><strong>(θ)</strong></span> <span class='ocrx_word' id='word_1_598' title='bbox 2136 4262 2269 4319; x_wconf 77' lang='lat' dir='ltr'><strong>CAP.</strong></span> <span class='ocrx_word' id='word_1_599' title='bbox 2303 4262 2347 4317; x_wconf 91' lang='grc' dir='ltr'>Ι.</span> <span class='ocrx_word' id='word_1_600' title='bbox 2384 4292 2452 4301; x_wconf 89' lang='lat'><strong>——</strong></span> <span class='ocrx_word' id='word_1_601' title='bbox 2480 4262 2606 4316; x_wconf 87' lang='lat' dir='ltr'><strong>Hos</strong></span> <span class='ocrx_word' id='word_1_602' title='bbox 2641 4262 2818 4333; x_wconf 84' lang='lat' dir='ltr'><strong>plane</strong></span> <span class='ocrx_word' id='word_1_603' title='bbox 2867 4261 2978 4332; x_wconf 81' lang='lat' dir='ltr'><strong>qui</strong></span> <span class='ocrx_word' id='word_1_604' title='bbox 3016 4260 3290 4331; x_wconf 66' lang='lat' dir='ltr'><strong>scropha:</strong></span> <span class='ocrx_word' id='word_1_605' title='bbox 3318 4259 3472 4317; x_wconf 83' lang='lat' dir='ltr'><strong>circa</strong></span> <span class='ocrx_word' id='word_1_606' title='bbox 3491 4261 3672 4330; x_wconf 73' lang='lat' dir='ltr'><strong>jugu_</strong></span> 
     </span>
    </p>
   </div>
   <div class='ocr_carea' id='block_1_88' title="bbox 1970 4347 3668 4421">
    <p class='ocr_par' dir='ltr' id='par_1_88' title="bbox 1970 4347 3668 4421">
     <span class='ocr_line' id='line_1_88' title="bbox 1970 4347 3668 4421; baseline -0.002 -15"><span class='ocrx_word' id='word_1_607' title='bbox 1970 4350 2114 4421; x_wconf 87' lang='lat' dir='ltr'><strong>lum,</strong></span> <span class='ocrx_word' id='word_1_608' title='bbox 2146 4353 2250 4405; x_wconf 88' lang='lat' dir='ltr'><strong>aut</strong></span> <span class='ocrx_word' id='word_1_609' title='bbox 2279 4347 2515 4420; x_wconf 82' lang='lat' dir='ltr'><strong>uspiam</strong></span> <span class='ocrx_word' id='word_1_610' title='bbox 2560 4347 2623 4402; x_wconf 87' lang='lat' dir='ltr'><strong>in</strong></span> <span class='ocrx_word' id='word_1_611' title='bbox 2669 4364 2923 4421; x_wconf 81' lang='lat' dir='ltr'><strong>corpore.</strong></span> <span class='ocrx_word' id='word_1_612' title='bbox 2957 4347 3165 4404; x_wconf 68' lang='lat' dir='ltr'><strong>Scrofae</strong></span> <span class='ocrx_word' id='word_1_613' title='bbox 3223 4362 3324 4404; x_wconf 87' lang='lat' dir='ltr'><strong>seu</strong></span> <span class='ocrx_word' id='word_1_614' title='bbox 3381 4347 3668 4414; x_wconf 70' lang='lat' dir='ltr'><strong>scrofulaa,</strong></span> 
     </span>
    </p>
   </div>
   <div class='ocr_carea' id='block_1_89' title="bbox 1968 4431 3666 4508">
    <p class='ocr_par' dir='ltr' id='par_1_89' title="bbox 1968 4431 3666 4508">
     <span class='ocr_line' id='line_1_89' title="bbox 1968 4431 3666 4508; baseline -0.004 -13"><span class='ocrx_word' id='word_1_615' title='bbox 1968 4439 2087 4495; x_wconf 88' lang='lat' dir='ltr'><strong>sive</strong></span> <span class='ocrx_word' id='word_1_616' title='bbox 2116 4439 2284 4494; x_wconf 87' lang='lat' dir='ltr'><strong>etiam</strong></span> <span class='ocrx_word' id='word_1_617' title='bbox 2318 4446 2575 4502; x_wconf 69' lang='lat' dir='ltr'><strong>strumae,</strong></span> <span class='ocrx_word' id='word_1_618' title='bbox 2606 4455 2632 4487; x_wconf 74' lang='grc' dir='ltr'><strong><em>α</em></strong></span> <span class='ocrx_word' id='word_1_619' title='bbox 2670 4450 2818 4506; x_wconf 89' lang='lat' dir='ltr'><strong>quas</strong></span> <span class='ocrx_word' id='word_1_620' title='bbox 2849 4435 3027 4492; x_wconf 72' lang='lat' dir='ltr'><strong>Graeci</strong></span> <span class='ocrx_word' id='word_1_621' title='bbox 3059 4431 3325 4508; x_wconf 80' lang='grc' dir='ltr'><strong>χοιράδας</strong></span> <span class='ocrx_word' id='word_1_622' title='bbox 3352 4434 3666 4505; x_wconf 86' lang='lat' dir='ltr'><strong>appellant,</strong></span> 
     </span>
    </p>
   </div>
   <div class='ocr_carea' id='block_1_90' title="bbox 1971 4523 3672 4597">
    <p class='ocr_par' dir='ltr' id='par_1_90' title="bbox 1971 4523 3672 4597">
     <span class='ocr_line' id='line_1_90' title="bbox 1971 4523 3672 4597; baseline -0.002 -17"><span class='ocrx_word' id='word_1_623' title='bbox 1971 4526 2206 4597; x_wconf 90' lang='lat' dir='ltr'><strong>glandia</strong></span> <span class='ocrx_word' id='word_1_624' title='bbox 2245 4524 2399 4595; x_wconf 69' lang='lat' dir='ltr'><strong>(quae</strong></span> <span class='ocrx_word' id='word_1_625' title='bbox 2428 4523 2501 4580; x_wconf 91' lang='lat' dir='ltr'><strong>ab</strong></span> <span class='ocrx_word' id='word_1_626' title='bbox 2530 4523 2727 4579; x_wconf 89' lang='lat' dir='ltr'><strong>eadem</strong></span> <span class='ocrx_word' id='word_1_627' title='bbox 2757 4531 2923 4595; x_wconf 88' lang='lat' dir='ltr'><strong>gente</strong></span> <span class='ocrx_word' id='word_1_628' title='bbox 2952 4523 3162 4579; x_wconf 90' lang='lat' dir='ltr'><strong>adenes</strong></span> <span class='ocrx_word' id='word_1_629' title='bbox 3191 4524 3490 4591; x_wconf 88' lang='lat' dir='ltr'><strong>dicuntur)</strong></span> <span class='ocrx_word' id='word_1_630' title='bbox 3535 4527 3672 4577; x_wconf 92' lang='lat' dir='ltr'><strong>sunt</strong></span> 
     </span>
    </p>
   </div>
   <div class='ocr_carea' id='block_1_91' title="bbox 1968 4609 3672 4683">
    <p class='ocr_par' dir='ltr' id='par_1_91' title="bbox 1968 4609 3672 4683">
     <span class='ocr_line' id='line_1_91' title="bbox 1968 4609 3672 4683; baseline -0.002 -14"><span class='ocrx_word' id='word_1_631' title='bbox 1968 4614 2272 4680; x_wconf 91' lang='lat' dir='ltr'><strong>obdurata,</strong></span> <span class='ocrx_word' id='word_1_632' title='bbox 2330 4612 2547 4683; x_wconf 90' lang='lat' dir='ltr'><strong>quibus</strong></span> <span class='ocrx_word' id='word_1_633' title='bbox 2600 4612 2833 4678; x_wconf 89' lang='lat' dir='ltr'><strong>collum,</strong></span> <span class='ocrx_word' id='word_1_634' title='bbox 2891 4611 3103 4679; x_wconf 69' lang='lat' dir='ltr'><strong>axillae,</strong></span> <span class='ocrx_word' id='word_1_635' title='bbox 3141 4619 3196 4668; x_wconf 92' lang='lat' dir='ltr'><strong>et</strong></span> <span class='ocrx_word' id='word_1_636' title='bbox 3257 4610 3497 4682; x_wconf 86' lang='lat' dir='ltr'><strong>inguina</strong></span> <span class='ocrx_word' id='word_1_637' title='bbox 3554 4609 3672 4665; x_wconf 88' lang='lat' dir='ltr'><strong>fre-</strong></span> 
     </span>
    </p>
   </div>
   <div class='ocr_carea' id='block_1_92' title="bbox 1968 4703 3672 4777">
    <p class='ocr_par' dir='ltr' id='par_1_92' title="bbox 1968 4703 3672 4777">
     <span class='ocr_line' id='line_1_92' title="bbox 1968 4703 3672 4777; baseline -0.003 -14"><span class='ocrx_word' id='word_1_638' title='bbox 1968 4703 2342 4777; x_wconf 88' lang='lat' dir='ltr'><strong>quentissime</strong></span> <span class='ocrx_word' id='word_1_639' title='bbox 2407 4714 2785 4776; x_wconf 90' lang='lat' dir='ltr'><strong>occupantur.</strong></span> <span class='ocrx_word' id='word_1_640' title='bbox 2850 4726 2876 4755; x_wconf 69' lang='grc' dir='ltr'><strong><em>ι</em></strong></span> <span class='ocrx_word' id='word_1_641' title='bbox 2934 4706 3149 4761; x_wconf 90' lang='lat' dir='ltr'><strong>Paulus</strong></span> <span class='ocrx_word' id='word_1_642' title='bbox 3222 4704 3507 4776; x_wconf 60' lang='lat' dir='ltr'><strong>tEgineta,</strong></span> <span class='ocrx_word' id='word_1_643' title='bbox 3595 4705 3672 4759; x_wconf 89' lang='lat' dir='ltr'><strong>De</strong></span> 
     </span>
    </p>
   </div>
   <div class='ocr_carea' id='block_1_93' title="bbox 158 4778 3667 4865">
    <p class='ocr_par' dir='ltr' id='par_1_93' title="bbox 158 4778 3667 4865">
     <span class='ocr_line' id='line_1_93' title="bbox 158 4778 3667 4865; baseline 0.001 -19"><span class='ocrx_word' id='word_1_644' title='bbox 158 4791 307 4859; x_wconf 90' lang='lat' dir='ltr'><strong>buit,</strong></span> <span class='ocrx_word' id='word_1_645' title='bbox 354 4791 697 4862; x_wconf 90' lang='lat' dir='ltr'><strong>scrupulum</strong></span> <span class='ocrx_word' id='word_1_646' title='bbox 735 4792 1027 4847; x_wconf 89' lang='lat' dir='ltr'><strong>submovit</strong></span> <span class='ocrx_word' id='word_1_647' title='bbox 1075 4804 1322 4858; x_wconf 88' lang='lat' dir='ltr'><strong>omnem,</strong></span> <span class='ocrx_word' id='word_1_648' title='bbox 1362 4790 1652 4860; x_wconf 87' lang='lat' dir='ltr'><strong>jussitque</strong></span> <span class='ocrx_word' id='word_1_649' title='bbox 1706 4790 1858 4845; x_wconf 90' lang='lat' dir='ltr'><strong>eele—</strong></span> <span class='ocrx_word' id='word_1_650' title='bbox 1896 4778 1940 4832; x_wconf 80' lang='grc' dir='ltr'><strong>Ι)</strong></span> <span class='ocrx_word' id='word_1_651' title='bbox 1972 4802 2094 4850; x_wconf 88' lang='lat' dir='ltr'><strong>arte</strong></span> <span class='ocrx_word' id='word_1_652' title='bbox 2124 4795 2272 4850; x_wconf 89' lang='lat' dir='ltr'><strong>med.</strong></span> <span class='ocrx_word' id='word_1_653' title='bbox 2308 4793 2407 4850; x_wconf 90' lang='lat' dir='ltr'><strong>lib.</strong></span> <span class='ocrx_word' id='word_1_654' title='bbox 2441 4809 2521 4861; x_wconf 80' lang='grc' dir='ltr'><strong>ιν,</strong></span> <span class='ocrx_word' id='word_1_655' title='bbox 2555 4808 2678 4864; x_wconf 91' lang='lat' dir='ltr'><strong>cap.</strong></span> <span class='ocrx_word' id='word_1_656' title='bbox 2715 4796 2816 4859; x_wconf 88' lang='lat'><strong>33;</strong></span> <span class='ocrx_word' id='word_1_657' title='bbox 2849 4794 3104 4861; x_wconf 83' lang='lat' dir='ltr'><strong>Aristot.,</strong></span> <span class='ocrx_word' id='word_1_658' title='bbox 3140 4795 3219 4850; x_wconf 90' lang='lat' dir='ltr'><strong>De</strong></span> <span class='ocrx_word' id='word_1_659' title='bbox 3253 4802 3398 4865; x_wconf 89' lang='lat' dir='ltr'><strong>part.</strong></span> <span class='ocrx_word' id='word_1_660' title='bbox 3432 4792 3667 4849; x_wconf 91' lang='lat' dir='ltr'><strong>animal.</strong></span> 
     </span>
    </p>
   </div>
   <div class='ocr_carea' id='block_1_94' title="bbox 159 4877 1856 4951">
    <p class='ocr_par' dir='ltr' id='par_1_94' title="bbox 159 4877 1856 4951">
     <span class='ocr_line' id='line_1_94' title="bbox 159 4877 1856 4951; baseline -0.001 -17"><span class='ocrx_word' id='word_1_661' title='bbox 159 4878 337 4935; x_wconf 88' lang='lat' dir='ltr'><strong>briori</strong></span> <span class='ocrx_word' id='word_1_662' title='bbox 368 4877 531 4935; x_wconf 88' lang='lat' dir='ltr'><strong>cultu</strong></span> <span class='ocrx_word' id='word_1_663' title='bbox 589 4879 641 4935; x_wconf 93' lang='grc'><strong>8.</strong></span> <span class='ocrx_word' id='word_1_664' title='bbox 677 4879 940 4951; x_wconf 87' lang='lat' dir='ltr'><strong>Elfegum</strong></span> <span class='ocrx_word' id='word_1_665' title='bbox 992 4879 1275 4936; x_wconf 86' lang='lat' dir='ltr'><strong>venerari.</strong></span> <span class='ocrx_word' id='word_1_666' title='bbox 1313 4900 1335 4927; x_wconf 74' lang='grc' dir='ltr'>ι</span> <span class='ocrx_word' id='word_1_667' title='bbox 1395 4877 1576 4945; x_wconf 89' lang='lat' dir='ltr'><strong>Quam</strong></span> <span class='ocrx_word' id='word_1_668' title='bbox 1625 4877 1856 4948; x_wconf 88' lang='lat' dir='ltr'><strong>quidem</strong></span> 
     </span>
    </p>
   </div>
   <div class='ocr_carea' id='block_1_95' title="bbox 158 4966 1856 5038">
    <p class='ocr_par' dir='ltr' id='par_1_95' title="bbox 158 4966 1856 5038">
     <span class='ocr_line' id='line_1_95' title="bbox 158 4966 1856 5038; baseline 0 -17"><span class='ocrx_word' id='word_1_669' title='bbox 158 4966 458 5023; x_wconf 88' lang='lat' dir='ltr'><strong>historiam</strong></span> <span class='ocrx_word' id='word_1_670' title='bbox 487 4982 603 5023; x_wconf 90' lang='lat' dir='ltr'><strong>non</strong></span> <span class='ocrx_word' id='word_1_671' title='bbox 634 4968 819 5025; x_wconf 89' lang='lat' dir='ltr'><strong>solum</strong></span> <span class='ocrx_word' id='word_1_672' title='bbox 860 4968 1029 5038; x_wconf 91' lang='lat' dir='ltr'><strong>plano</strong></span> <span class='ocrx_word' id='word_1_673' title='bbox 1066 4967 1374 5023; x_wconf 89' lang='lat' dir='ltr'><strong>dictamine</strong></span> <span class='ocrx_word' id='word_1_674' title='bbox 1403 4967 1475 5023; x_wconf 89' lang='lat' dir='ltr'><strong>ad</strong></span> <span class='ocrx_word' id='word_1_675' title='bbox 1529 4966 1856 5038; x_wconf 88' lang='lat' dir='ltr'><strong>legendum,</strong></span> 
     </span>
    </p>
   </div>
   <div class='ocr_carea' id='block_1_96' title="bbox 154 5056 1860 5114">
    <p class='ocr_par' dir='ltr' id='par_1_96' title="bbox 154 5056 1860 5114">
     <span class='ocr_line' id='line_1_96' title="bbox 154 5056 1860 5114; baseline 0 -3"><span class='ocrx_word' id='word_1_676' title='bbox 154 5068 365 5111; x_wconf 86' lang='lat' dir='ltr'><strong>verum</strong></span> <span class='ocrx_word' id='word_1_677' title='bbox 420 5056 593 5112; x_wconf 90' lang='lat' dir='ltr'><strong>etiam</strong></span> <span class='ocrx_word' id='word_1_678' title='bbox 643 5057 861 5113; x_wconf 90' lang='lat' dir='ltr'><strong>musico</strong></span> <span class='ocrx_word' id='word_1_679' title='bbox 920 5056 1307 5114; x_wconf 82' lang='lat' dir='ltr'><strong>modulamine</strong></span> <span class='ocrx_word' id='word_1_680' title='bbox 1338 5056 1410 5112; x_wconf 89' lang='lat' dir='ltr'><strong>ad</strong></span> <span class='ocrx_word' id='word_1_681' title='bbox 1468 5057 1792 5113; x_wconf 91' lang='lat' dir='ltr'><strong>canendum</strong></span> <span class='ocrx_word' id='word_1_682' title='bbox 1827 5070 1860 5111; x_wconf 90' lang='lat' dir='ltr'><strong>a</strong></span> 
     </span>
    </p>
   </div>
   <div class='ocr_carea' id='block_1_97' title="bbox 149 5135 1860 5214">
    <p class='ocr_par' dir='ltr' id='par_1_97' title="bbox 149 5135 1860 5214">
     <span class='ocr_line' id='line_1_97' title="bbox 149 5135 1860 5214; baseline 0.001 -16"><span class='ocrx_word' id='word_1_683' title='bbox 149 5142 431 5214; x_wconf 76' lang='lat' dir='ltr'><strong>jucundae</strong></span> <span class='ocrx_word' id='word_1_684' title='bbox 472 5144 761 5200; x_wconf 73' lang='lat' dir='ltr'><strong>memoriae</strong></span> <span class='ocrx_word' id='word_1_685' title='bbox 808 5135 1082 5213; x_wconf 74' lang='lat' dir='ltr'><strong>Osberiio,</strong></span> <span class='ocrx_word' id='word_1_686' title='bbox 1119 5144 1548 5201; x_wconf 89' lang='lat' dir='ltr'><strong>Cantuariensis</strong></span> <span class='ocrx_word' id='word_1_687' title='bbox 1600 5143 1860 5200; x_wconf 73' lang='lat' dir='ltr'><strong>Ecclesiae</strong></span> 
     </span>
    </p>
   </div>
   <div class='ocr_carea' id='block_1_98' title="bbox 152 5232 1860 5303">
    <p class='ocr_par' dir='ltr' id='par_1_98' title="bbox 152 5232 1860 5303">
     <span class='ocr_line' id='line_1_98' title="bbox 152 5232 1860 5303; baseline -0.001 -14"><span class='ocrx_word' id='word_1_688' title='bbox 152 5232 456 5300; x_wconf 91' lang='lat' dir='ltr'><strong>monacho,</strong></span> <span class='ocrx_word' id='word_1_689' title='bbox 489 5232 561 5287; x_wconf 89' lang='lat' dir='ltr'><strong>ad</strong></span> <span class='ocrx_word' id='word_1_690' title='bbox 618 5241 963 5303; x_wconf 73' lang='lat' dir='ltr'><strong>praeceptum</strong></span> <span class='ocrx_word' id='word_1_691' title='bbox 1020 5232 1173 5289; x_wconf 87' lang='lat' dir='ltr'><strong>illius</strong></span> <span class='ocrx_word' id='word_1_692' title='bbox 1202 5233 1468 5290; x_wconf 91' lang='lat' dir='ltr'><strong>nobiliter</strong></span> <span class='ocrx_word' id='word_1_693' title='bbox 1491 5232 1703 5289; x_wconf 89' lang='lat' dir='ltr'><strong>editam</strong></span> <span class='ocrx_word' id='word_1_694' title='bbox 1742 5233 1860 5303; x_wconf 92' lang='lat' dir='ltr'><strong>ipse</strong></span> 
     </span>
    </p>
   </div>
   <div class='ocr_carea' id='block_1_99' title="bbox 152 5320 1859 5392">
    <p class='ocr_par' dir='ltr' id='par_1_99' title="bbox 152 5320 1859 5392">
     <span class='ocr_line' id='line_1_99' title="bbox 152 5320 1859 5392; baseline -0.001 -17"><span class='ocrx_word' id='word_1_695' title='bbox 152 5333 264 5376; x_wconf 90' lang='lat' dir='ltr'><strong>sua</strong></span> <span class='ocrx_word' id='word_1_696' title='bbox 294 5320 600 5390; x_wconf 89' lang='lat' dir='ltr'><strong>prudentia</strong></span> <span class='ocrx_word' id='word_1_697' title='bbox 622 5335 723 5391; x_wconf 90' lang='lat' dir='ltr'><strong>pro</strong></span> <span class='ocrx_word' id='word_1_698' title='bbox 753 5334 946 5377; x_wconf 89' lang='lat' dir='ltr'><strong>amore</strong></span> <span class='ocrx_word' id='word_1_699' title='bbox 984 5320 1141 5377; x_wconf 88' lang='lat' dir='ltr'><strong>illius</strong></span> <span class='ocrx_word' id='word_1_700' title='bbox 1172 5321 1445 5391; x_wconf 88' lang='lat' dir='ltr'><strong>martyris</strong></span> <span class='ocrx_word' id='word_1_701' title='bbox 1495 5320 1715 5392; x_wconf 88' lang='lat' dir='ltr'><strong>(Elfegi)</strong></span> <span class='ocrx_word' id='word_1_702' title='bbox 1773 5320 1859 5375; x_wconf 93' lang='lat' dir='ltr'><strong>in-</strong></span> 
     </span>
    </p>
   </div>
   <div class='ocr_carea' id='block_1_100' title="bbox 151 5407 1861 5480">
    <p class='ocr_par' dir='ltr' id='par_1_100' title="bbox 151 5407 1861 5480">
     <span class='ocr_line' id='line_1_100' title="bbox 151 5407 1861 5480; baseline -0.001 -15"><span class='ocrx_word' id='word_1_703' title='bbox 151 5407 412 5479; x_wconf 87' lang='lat' dir='ltr'><strong>signivit,</strong></span> <span class='ocrx_word' id='word_1_704' title='bbox 442 5408 774 5480; x_wconf 86' lang='lat' dir='ltr'><strong>insignitam</strong></span> <span class='ocrx_word' id='word_1_705' title='bbox 807 5409 1150 5475; x_wconf 90' lang='lat' dir='ltr'><strong>auctoravit,</strong></span> <span class='ocrx_word' id='word_1_706' title='bbox 1199 5410 1609 5465; x_wconf 85' lang='lat' dir='ltr'><strong>auctorizatam</strong></span> <span class='ocrx_word' id='word_1_707' title='bbox 1653 5410 1710 5464; x_wconf 94' lang='lat' dir='ltr'><strong>in</strong></span> <span class='ocrx_word' id='word_1_708' title='bbox 1746 5408 1861 5463; x_wconf 90' lang='lat' dir='ltr'><strong>Ec-</strong></span> 
     </span>
    </p>
   </div>
   <div class='ocr_carea' id='block_1_101' title="bbox 153 5496 1861 5570">
    <p class='ocr_par' dir='ltr' id='par_1_101' title="bbox 153 5496 1861 5570">
     <span class='ocr_line' id='line_1_101' title="bbox 153 5496 1861 5570; baseline -0.001 -16"><span class='ocrx_word' id='word_1_709' title='bbox 153 5498 329 5554; x_wconf 89' lang='lat' dir='ltr'><strong>clesia</strong></span> <span class='ocrx_word' id='word_1_710' title='bbox 382 5497 483 5554; x_wconf 90' lang='lat' dir='ltr'><strong>Dei</strong></span> <span class='ocrx_word' id='word_1_711' title='bbox 565 5499 672 5569; x_wconf 88' lang='lat' dir='ltr'><strong>legi</strong></span> <span class='ocrx_word' id='word_1_712' title='bbox 719 5498 1062 5570; x_wconf 87' lang='lat' dir='ltr'><strong>cantarique</strong></span> <span class='ocrx_word' id='word_1_713' title='bbox 1117 5496 1385 5554; x_wconf 90' lang='lat' dir='ltr'><strong>instituit.</strong></span> <span class='ocrx_word' id='word_1_714' title='bbox 1450 5519 1471 5546; x_wconf 74' lang='grc' dir='ltr'><strong><em>ι</em></strong></span> <span class='ocrx_word' id='word_1_715' title='bbox 1546 5498 1861 5554; x_wconf 88' lang='lat' dir='ltr'><strong>Eadmerus</strong></span> 
     </span>
    </p>
   </div>
   <div class='ocr_carea' id='block_1_102' title="bbox 1968 4881 3666 4953">
    <p class='ocr_par' dir='ltr' id='par_1_102' title="bbox 1968 4881 3666 4953">
     <span class='ocr_line' id='line_1_102' title="bbox 1968 4881 3666 4953; baseline -0.001 -14"><span class='ocrx_word' id='word_1_716' title='bbox 1968 4884 2225 4951; x_wconf 84' lang='lat' dir='ltr'><strong>lih.v1u,</strong></span> <span class='ocrx_word' id='word_1_717' title='bbox 2278 4896 2403 4953; x_wconf 88' lang='lat' dir='ltr'><strong>cap.</strong></span> <span class='ocrx_word' id='word_1_718' title='bbox 2459 4885 2518 4938; x_wconf 83' lang='lat' dir='ltr'><strong>2t</strong></span> <span class='ocrx_word' id='word_1_719' title='bbox 2557 4890 2613 4938; x_wconf 93' lang='lat' dir='ltr'><strong>et</strong></span> <span class='ocrx_word' id='word_1_720' title='bbox 2641 4885 2739 4949; x_wconf 87' lang='lat'><strong>23;</strong></span> <span class='ocrx_word' id='word_1_721' title='bbox 2774 4883 3123 4952; x_wconf 80' lang='lat' dir='ltr'><strong>H&#39;ppocrat.,</strong></span> <span class='ocrx_word' id='word_1_722' title='bbox 3185 4882 3282 4939; x_wconf 91' lang='lat' dir='ltr'><strong>lib.</strong></span> <span class='ocrx_word' id='word_1_723' title='bbox 3337 4882 3415 4937; x_wconf 92' lang='lat' dir='ltr'><strong>De</strong></span> <span class='ocrx_word' id='word_1_724' title='bbox 3472 4881 3666 4953; x_wconf 86' lang='lat' dir='ltr'><strong>gland-</strong></span> 
     </span>
    </p>
   </div>
   <div class='ocr_carea' id='block_1_103' title="bbox 1965 4969 3672 5040">
    <p class='ocr_par' dir='ltr' id='par_1_103' title="bbox 1965 4969 3672 5040">
     <span class='ocr_line' id='line_1_103' title="bbox 1965 4969 3672 5040; baseline -0.001 -14"><span class='ocrx_word' id='word_1_725' title='bbox 1965 4977 2096 5026; x_wconf 89' lang='lat' dir='ltr'><strong>sect.</strong></span> <span class='ocrx_word' id='word_1_726' title='bbox 2157 4972 2209 5038; x_wconf 87' lang='lat'><strong>3,</strong></span> <span class='ocrx_word' id='word_1_727' title='bbox 2248 4970 2413 5037; x_wconf 89' lang='lat' dir='ltr'><strong>init.;</strong></span> <span class='ocrx_word' id='word_1_728' title='bbox 2464 4978 2519 5026; x_wconf 92' lang='lat' dir='ltr'><strong>et</strong></span> <span class='ocrx_word' id='word_1_729' title='bbox 2549 4970 2627 5026; x_wconf 91' lang='lat' dir='ltr'><strong>De</strong></span> <span class='ocrx_word' id='word_1_730' title='bbox 2677 4969 2861 5026; x_wconf 69' lang='lat' dir='ltr'><strong>affect.</strong></span> <span class='ocrx_word' id='word_1_731' title='bbox 2924 4979 3058 5027; x_wconf 90' lang='lat' dir='ltr'><strong>sect.</strong></span> <span class='ocrx_word' id='word_1_732' title='bbox 3114 4973 3165 5037; x_wconf 80' lang='lat'><strong>5,</strong></span> <span class='ocrx_word' id='word_1_733' title='bbox 3222 4977 3347 5040; x_wconf 89' lang='lat' dir='ltr'><strong>post</strong></span> <span class='ocrx_word' id='word_1_734' title='bbox 3401 4970 3548 5024; x_wconf 90' lang='lat' dir='ltr'><strong>med.</strong></span> <span class='ocrx_word' id='word_1_735' title='bbox 3596 4971 3672 5025; x_wconf 90' lang='lat' dir='ltr'><strong>De</strong></span> 
     </span>
    </p>
   </div>
   <div class='ocr_carea' id='block_1_104' title="bbox 1966 5055 3669 5129">
    <p class='ocr_par' dir='ltr' id='par_1_104' title="bbox 1966 5055 3669 5129">
     <span class='ocr_line' id='line_1_104' title="bbox 1966 5055 3669 5129; baseline 0 -17"><span class='ocrx_word' id='word_1_736' title='bbox 1966 5057 2209 5113; x_wconf 87' lang='lat' dir='ltr'><strong>diversis</strong></span> <span class='ocrx_word' id='word_1_737' title='bbox 2245 5065 2603 5113; x_wconf 87' lang='lat' dir='ltr'><strong>strumarum</strong></span> <span class='ocrx_word' id='word_1_738' title='bbox 2636 5058 2943 5129; x_wconf 88' lang='lat' dir='ltr'><strong>generibus</strong></span> <span class='ocrx_word' id='word_1_739' title='bbox 2982 5055 3340 5126; x_wconf 90' lang='lat' dir='ltr'><strong>Bartholom;</strong></span> <span class='ocrx_word' id='word_1_740' title='bbox 3376 5055 3669 5112; x_wconf 86' lang='lat' dir='ltr'><strong>Perdulcis</strong></span> 
     </span>
    </p>
   </div>
   <div class='ocr_carea' id='block_1_105' title="bbox 1969 5144 3669 5216">
    <p class='ocr_par' dir='ltr' id='par_1_105' title="bbox 1969 5144 3669 5216">
     <span class='ocr_line' id='line_1_105' title="bbox 1969 5144 3669 5216; baseline 0.001 -16"><span class='ocrx_word' id='word_1_741' title='bbox 1969 5145 2067 5201; x_wconf 89' lang='lat' dir='ltr'><strong>lib.</strong></span> <span class='ocrx_word' id='word_1_742' title='bbox 2101 5159 2229 5214; x_wconf 76' lang='lat' dir='ltr'><strong>xiv,</strong></span> <span class='ocrx_word' id='word_1_743' title='bbox 2286 5160 2411 5216; x_wconf 89' lang='lat' dir='ltr'><strong>cap.</strong></span> <span class='ocrx_word' id='word_1_744' title='bbox 2463 5148 2550 5200; x_wconf 87' lang='lat'><strong>27.</strong></span> <span class='ocrx_word' id='word_1_745' title='bbox 2593 5144 2848 5202; x_wconf 90' lang='lat' dir='ltr'><strong>Curandi</strong></span> <span class='ocrx_word' id='word_1_746' title='bbox 2878 5154 3071 5202; x_wconf 87' lang='lat' dir='ltr'><strong>autem</strong></span> <span class='ocrx_word' id='word_1_747' title='bbox 3134 5144 3384 5215; x_wconf 87' lang='lat' dir='ltr'><strong>pestiferi</strong></span> <span class='ocrx_word' id='word_1_748' title='bbox 3411 5152 3669 5201; x_wconf 90' lang='lat' dir='ltr'><strong>struma-</strong></span> 
     </span>
    </p>
   </div>
   <div class='ocr_carea' id='block_1_106' title="bbox 1967 5232 3672 5306">
    <p class='ocr_par' dir='ltr' id='par_1_106' title="bbox 1967 5232 3672 5306">
     <span class='ocr_line' id='line_1_106' title="bbox 1967 5232 3672 5306; baseline -0.001 -17"><span class='ocrx_word' id='word_1_749' title='bbox 1967 5247 2097 5290; x_wconf 91' lang='lat' dir='ltr'><strong>rum</strong></span> <span class='ocrx_word' id='word_1_750' title='bbox 2120 5234 2304 5290; x_wconf 91' lang='lat' dir='ltr'><strong>morbi</strong></span> <span class='ocrx_word' id='word_1_751' title='bbox 2335 5234 2779 5306; x_wconf 73' lang='lat' dir='ltr'><strong>praerogativam</strong></span> <span class='ocrx_word' id='word_1_752' title='bbox 2829 5234 3063 5306; x_wconf 88' lang='lat' dir='ltr'><strong>regibus</strong></span> <span class='ocrx_word' id='word_1_753' title='bbox 3117 5234 3473 5290; x_wconf 87' lang='lat' dir='ltr'><strong>Francorum</strong></span> <span class='ocrx_word' id='word_1_754' title='bbox 3523 5232 3672 5291; x_wconf 85' lang='lat' dir='ltr'><strong>divi-</strong></span> 
     </span>
    </p>
   </div>
   <div class='ocr_carea' id='block_1_107' title="bbox 1968 5319 3672 5392">
    <p class='ocr_par' dir='ltr' id='par_1_107' title="bbox 1968 5319 3672 5392">
     <span class='ocr_line' id='line_1_107' title="bbox 1968 5319 3672 5392; baseline 0.001 -16"><span class='ocrx_word' id='word_1_755' title='bbox 1968 5321 2127 5378; x_wconf 91' lang='lat' dir='ltr'><strong>nitus</strong></span> <span class='ocrx_word' id='word_1_756' title='bbox 2176 5336 2299 5379; x_wconf 87' lang='lat' dir='ltr'><strong>esse</strong></span> <span class='ocrx_word' id='word_1_757' title='bbox 2350 5334 2700 5390; x_wconf 87' lang='lat' dir='ltr'><strong>concessam,</strong></span> <span class='ocrx_word' id='word_1_758' title='bbox 2764 5321 2999 5378; x_wconf 91' lang='lat' dir='ltr'><strong>tradunt</strong></span> <span class='ocrx_word' id='word_1_759' title='bbox 3046 5319 3380 5392; x_wconf 85' lang='lat' dir='ltr'><strong>scriptores;</strong></span> <span class='ocrx_word' id='word_1_760' title='bbox 3437 5327 3492 5376; x_wconf 88' lang='lat' dir='ltr'><strong>et</strong></span> <span class='ocrx_word' id='word_1_761' title='bbox 3550 5320 3672 5377; x_wconf 67' lang='lat' dir='ltr'><strong>haec</strong></span> 
     </span>
    </p>
   </div>
   <div class='ocr_carea' id='block_1_108' title="bbox 1969 5409 2614 5480">
    <p class='ocr_par' dir='ltr' id='par_1_108' title="bbox 1969 5409 2614 5480">
     <span class='ocr_line' id='line_1_108' title="bbox 1969 5409 2614 5480; baseline -0.002 -15"><span class='ocrx_word' id='word_1_762' title='bbox 1969 5409 2254 5480; x_wconf 90' lang='lat' dir='ltr'><strong>hodieque</strong></span> <span class='ocrx_word' id='word_1_763' title='bbox 2277 5416 2614 5480; x_wconf 90' lang='lat' dir='ltr'><strong>perseverat.</strong></span> 
     </span>
    </p>
   </div>
   <div class='ocr_carea' id='block_1_109' title="bbox 2034 5494 3670 5569">
    <p class='ocr_par' dir='ltr' id='par_1_109' title="bbox 2034 5494 3670 5569">
     <span class='ocr_line' id='line_1_109' title="bbox 2034 5494 3670 5569; baseline -0.001 -16"><span class='ocrx_word' id='word_1_764' title='bbox 2034 5496 2314 5554; x_wconf 75' lang='lat' dir='ltr'><strong>Caeterum</strong></span> <span class='ocrx_word' id='word_1_765' title='bbox 2349 5496 2492 5568; x_wconf 86' lang='lat' dir='ltr'><strong>quia</strong></span> <span class='ocrx_word' id='word_1_766' title='bbox 2518 5497 2844 5568; x_wconf 88' lang='lat' dir='ltr'><strong>complures</strong></span> <span class='ocrx_word' id='word_1_767' title='bbox 2870 5496 3064 5569; x_wconf 35' lang='lat' dir='ltr'><strong>in‘hoc</strong></span> <span class='ocrx_word' id='word_1_768' title='bbox 3113 5503 3463 5568; x_wconf 84' lang='lat' dir='ltr'><strong>argumento</strong></span> <span class='ocrx_word' id='word_1_769' title='bbox 3498 5494 3670 5552; x_wconf 87' lang='lat' dir='ltr'><strong>desu-</strong></span> 
     </span>
    </p>
   </div>
  </div>
