3922 6080
335 272 468 328 1023

1355 266 1468 320 AD.
1513 264 1667 320 OPP.
1709 261 1866 316 VEN.
1910 258 2234 315 GUIBEBTI
2277 256 2366 311 DE
2403 254 2807 312 NOVIGENTO

3711 246 3853 303 1024

329 405 492 461 dasse
520 403 656 468 scio,
689 409 863 471 atque
897 399 1036 454 adeo
1076 395 1421 465 multiplices
1452 399 1767 449 occurrunt
1799 389 2023 460 opinio-
2058 391 2105 443 A
2137 402 2472 458 ιταειξοηρω
2537 398 2768 456 dixem,
2801 398 3044 467 Quando
3120 396 3474 467 discooperto
3555 393 3738 450 calice
3792 409 3854 450 se

329 508 448 560 nes,
479 493 550 549 ab
585 491 670 546 his
701 489 853 545 haud
884 485 1202 543 inconsulto
1236 484 1447 554 (ampla
1500 484 1626 538 licet
1671 479 1828 537 fandi
1884 491 2025 546 sup-

330 588 483 652 petat
539 578 819 640 materies)
877 575 1298 645 expediendum
1365 587 1454 628 me
1501 570 1717 642 putavi.
1805 569 2019 637 Legant

331 671 431 741 qui
476 668 761 723 voluerint
812 665 1125 720 neotericos
1186 672 1465 727 auctores,
1512 659 1750 716 Hubert.
1802 656 2023 711 Morum

330 758 429 814 lib.
466 772 546 821 ιιι,
574 757 652 811 De
702 754 881 810 sacris
935 752 1323 814 unctionibus,
1382 763 1505 818 cap.
1562 751 1611 813 5,
1647 745 1749 818 qui
1790 743 2026 800 feliciter

329 845 640 900 admodum
692 842 760 912 (si
816 841 954 911 quid
1009 840 1229 910 judico)
1292 839 1398 893 hac
1454 838 1522 891 de
1574 850 1633 890 re
1680 833 1921 904 scripsit.
1955 832 2026 886 Et

328 932 552 989 Guillel.
614 933 702 987 Du
763 931 986 1000 Peyrat,
1045 929 1142 984 lib.
1199 943 1237 983 ιι
1270 927 1410 982 Hist.
1465 924 1945 992 Eccles.,cap.56
1970 928 2025 976 et

330 1036 448 1091 seq.
489 1022 652 1077 Ritus
684 1034 817 1074 vero
847 1018 946 1088 qui
975 1032 1079 1072 suo
1109 1031 1231 1073 avo
1259 1014 1555 1072 observari
1601 1012 1859 1068 solebant
1886 1023 2027 1065 exa-

329 1109 481 1166 ravit
554 1108 879 1177 Stephanus
946 1105 1013 1160 de
1080 1104 1260 1172 Conty
1333 1101 1690 1158 Corbeiensis
1744 1097 2026 1153 canobita

331 1197 688 1253 decretorum
762 1196 976 1257 doctor,
1050 1193 1292 1248 Historia
1337 1205 1439 1247 ms.
1516 1204 1719 1259 regum
1774 1188 2026 1242 Franco-

330 1300 462 1341 rum
496 1301 509 1339 :
545 1307 564 1334 ι
606 1284 861 1339 Pradicti
899 1297 1059 1352 reges
1100 1280 1446 1351 singulares,
1479 1278 1719 1349 quilibet
1774 1278 2025 1345 ipsorum

331 1375 460 1432 fecit
491 1373 705 1445 pluries
750 1371 1033 1428 miracula
1065 1370 1120 1425 in
1151 1370 1270 1425 vita
1296 1383 1420 1435 sua,
1455 1367 1717 1424 videlicet
1768 1365 2026 1421 sanando

328 1462 561 1518 omnino
608 1463 677 1517 de
725 1474 1034 1524 venenosa,
1068 1458 1249 1531 turpi,
1307 1465 1362 1514 et
1408 1456 1766 1513 incommoda
1814 1454 2021 1521 scabie,

329 1564 460 1620 qua
492 1548 702 1605 Gallice
747 1554 984 1604 vocatur
1036 1545 1365 1602 écrouelles.
1416 1547 1617 1603 Modus
1673 1544 1915 1602 sanandi
1943 1550 2028 1599 est

2135 504 2481 563 cognoscens
2518 502 2757 555 errasse,
2793 487 2989 558 positis
3018 486 3076 541 in
3115 485 3349 541 calicem
3404 483 3540 538 vino
3578 489 3635 536 et
3665 493 3853 551 aqua,

2133 595 2250 636 non
2281 579 2446 634 modo
2479 591 2653 647 super
2683 575 2938 641 calicem,
2971 588 3173 629 verum
3213 572 3383 627 etiam
3440 582 3614 639 super
3679 567 3856 637 panis

2133 670 2376 725 hostiam
2436 673 2844 732 consecratam,
2919 676 3083 719 sacra
3147 658 3589 717 consecrationis
3666 655 3856 711 verba

2133 757 2380 813 iteravit.
2445 757 2552 811 Pro
2618 768 2731 824 quo
2784 753 2927 807 facto
2987 751 3126 821 quid
3185 748 3364 814 vobis,
3414 746 3554 817 quid
3598 743 3683 799 illi
3729 757 3856 813 pre-

2134 847 2378 916 sbytero,
2407 844 2547 914 quid
2578 844 2646 898 de
2684 842 2781 897 illa
2822 842 3005 895 hostia
3055 838 3378 894 faciendum
3413 844 3504 902 snt,
3556 832 3849 904 quaritis.

2132 935 2244 991 Nos
2274 942 2463 990 autem
2523 946 2633 987 non
2664 945 2736 986 ex
2769 944 2938 986 sensu
2971 937 3162 984 nostro
3211 939 3428 981 novum
3460 922 3705 993 aliquid,
3750 921 3855 976 sed

2133 1023 2274 1093 quid
2313 1036 2347 1077 a
2378 1021 2762 1092 prudentibus
2792 1019 2932 1073 viris
2961 1032 3135 1087 super
3156 1015 3326 1070 simili
3362 1028 3501 1070 casu
3533 1011 3856 1067 consilium

2131 1109 2267 1164 olim
2322 1108 2673 1173 audivimus,
2726 1107 2833 1161 hac
2893 1118 2926 1159 a
2963 1103 3122 1159 vobis
3171 1102 3417 1172 quasita
3475 1098 3859 1169 responsione

2129 1210 2663 1254 commemoramus.
2697 1195 2840 1250 Cum
2889 1192 3040 1248 enim
3075 1191 3257 1247 simile
3290 1190 3503 1245 factum
3550 1187 3623 1243 ad
3672 1201 3856 1241 aures

2134 1285 2519 1355 quorumdam
2575 1283 2945 1354 prudentium
3005 1281 3373 1350 pervenisset,
3444 1277 3852 1347 presbyterum

2094 1372 2201 1427 .de
2254 1372 2609 1444 negligentia
2663 1369 3091 1440 corripiendum
3120 1369 3551 1439 judicaverunt,
3601 1371 3662 1419 et
3717 1378 3854 1419 con-

2134 1468 2374 1517 ventum
2408 1475 2510 1531 pro
2543 1461 2661 1529 ipso
2709 1467 3010 1515 oraturum
3046 1457 3443 1527 providerunt.
3492 1455 3610 1509 Hoc
3668 1453 3854 1523 igitur

2132 1549 2462 1618 exemplum
2519 1547 2706 1603 securi
2752 1546 3126 1613 consulimus,
3187 1553 3251 1600 ut
3303 1544 3596 1614 presbyter
3653 1550 3850 1596 vester

330 1636 474 1694 iste:
512 1638 820 1707 Postquam
863 1651 981 1727 rex
1025 1636 1249 1691 audivit
1305 1633 1558 1727 missam,
1601 1632 1850 1727 affertur
1894 1638 2025 1687 ante
2063 1674 2104 1727 Β
2135 1636 2206 1691 ad
2262 1646 2487 1708 tempus
2522 1635 2826 1692 oblationis
2882 1633 3067 1690 hostia
3132 1631 3432 1699 abstineat,
3491 1637 3548 1686 et
3605 1628 3843 1684 interim

328 1738 460 1781 eum
494 1739 597 1781 vas
625 1739 794 1795 aqua
828 1725 1079 1794 plenum,
1123 1727 1317 1779 statim
1351 1730 1490 1777 tunc
1518 1721 1651 1777 facit
1707 1719 2022 1775 orationem

329 1827 495 1870 suam
526 1822 657 1870 ante
689 1813 888 1881 altare,
920 1821 974 1869 et
1006 1821 1198 1883 postea
1246 1825 1423 1869 manu
1458 1811 1661 1866 dextra
1714 1810 1899 1880 tangit
1946 1809 2027 1863 in-

329 1900 677 1967 firmitatem,
705 1908 758 1957 et
789 1899 944 1956 lavat
982 1900 1041 1955 in
1073 1899 1223 1955 dicta
1262 1911 1434 1968 aqua.
1469 1896 1691 1953 Infirmi
1733 1909 1870 1952 vero
1923 1909 2025 1951 ac-

329 1990 599 2059 cipientes
636 1989 705 2045 de
733 1989 884 2045 dicta
913 2002 1087 2059 aqua,
1115 1995 1170 2044 et
1228 1995 1483 2057 potantes
1516 1999 1616 2056 per
1653 1999 1855 2041 novem
1905 1984 2025 2041 dies

322 2077 510 2149 jejuni
559 2091 691 2134 cum
739 2077 1056 2145 devotione,
1104 2077 1224 2133 sine
1282 2076 1393 2132 alia
1464 2075 1745 2131 medicina
1791 2074 2025 2130 omnino

327 2173 630 2222 sanantur.
691 2166 761 2222 Et
807 2173 886 2223 est
937 2167 1014 2222 rei
1064 2165 1293 2233 veritas,
1363 2164 1518 2236 quod
1574 2163 2025 2220 innumerabiles

328 2254 408 2309 sic
444 2254 513 2310 de
565 2254 717 2309 dicta
771 2253 1098 2309 inﬁrmitate
1145 2252 1383 2308 fuerunt
1439 2252 1626 2308 sanati
1657 2258 1782 2322 ‘per
1825 2252 2022 2321 plures

326 2355 487 2412 reges
515 2341 789 2398 Francia.
838 2364 859 2391 ι
896 2342 1136 2398 Vivebat
1181 2341 1510 2411 Stephanus
1559 2354 1713 2396 anno
1763 2341 1919 2394 1400.
1951 2343 2024 2395 At

332 2444 464 2486 vero
520 2429 803 2501 ejusmodi
851 2430 995 2487 ritus
1024 2429 1385 2498 obsolevisse,
1450 2429 1607 2486 testis
1661 2436 1743 2485 est
1790 2428 1892 2499 qui
1933 2443 2021 2484 su-

328 2524 431 2588 pra
454 2520 546 2575 Du
577 2521 800 2589 Peyrat,
848 2534 975 2589 cap.
1033 2522 1122 2573 61.
1157 2518 1264 2585 Qui
1295 2519 1532 2588 quidem
1587 2533 1711 2589 cap.
1765 2520 1852 2583 60,
1902 2524 2025 2588 post

328 2607 504 2675 med.,
535 2622 608 2663 ex
638 2607 832 2664 verbis
862 2607 1120 2663 Guiberti
1157 2621 1168 2661 :
1205 2608 1294 2661 Me
1322 2605 1376 2661 ei
1412 2607 1737 2669 coharenle,
1764 2608 1822 2660 et
1848 2608 2026 2660 eliam

326 2696 686 2767 prohibente,
736 2695 966 2765 conjicit
1021 2696 1093 2751 ab
1129 2695 1499 2766 eleemosynis
1545 2695 1719 2751 fuisse
1758 2696 1874 2765 regi
1907 2696 2025 2751 Lu—

327 2785 528 2841 dovico
552 2783 791 2841 Grosso:
823 2785 917 2841 cui
971 2784 1315 2855 conjectura
1353 2785 1666 2855 quominus
1727 2798 2026 2841 assensum

328 2873 614 2944 prabeam
676 2872 939 2943 prohibet
1010 2872 1249 2943 ipsemet
1328 2873 1683 2929 Guibertus:
1739 2873 2024 2944 siquidem

2135 1726 2351 1797 quibus
2392 1723 2764 1796 providebitis
2814 1722 2934 1779 sive
2977 1721 3357 1793 jejuniorum,
3390 1719 3509 1775 sive
3540 1717 3676 1773 aliis
3725 1731 3845 1772 cor-

2131 1815 2287 1883 poris
2325 1811 2816 1884 castigationibus,
2856 1816 2912 1865 et
2950 1823 3068 1865 non
3115 1807 3515 1864 tantummodo
3565 1807 3712 1871 suis,
3747 1818 3840 1859 ve-

2134 1915 2263 1957 rum
2286 1900 2457 1957 etiam
2500 1898 2726 1964 vestris,
2776 1897 3067 1967 totiusque
3113 1903 3432 1951 conventus
3476 1892 3843 1949 orationibus

2130 1990 2418 2061 expiatus,
2473 1996 2764 2045 mereatur
2818 1985 3042 2043 offerre.
3105 1985 3209 2042 Cui
3263 1993 3472 2048 tamen,
3510 1996 3628 2037 non
3661 1980 3732 2036 de
3761 1995 3840 2035 er-

2131 2079 2279 2135 roris
2321 2077 2686 2142 conscientia,
2720 2089 2871 2146 qua,
2922 2088 3054 2131 cum
3101 2080 3184 2129 est
3214 2079 3553 2138 contumax,
3606 2069 3838 2126 baresis

2130 2168 2361 2234 dicitur,
2391 2166 2489 2222 sed
2517 2180 2591 2222 ex
2637 2163 3020 2232 illusionibus,
3054 2176 3187 2233 qua
3234 2174 3384 2231 sape
3424 2167 3579 2215 recte
3611 2158 3839 2213 creden-

2130 2258 2277 2313 tium
2331 2254 2559 2310 lumbos
2618 2254 2875 2324 implent,
2944 2251 3129 2323 hujus
3193 2248 3498 2306 oblivionis
3557 2246 3837 2316 contingit

2130 2359 2340 2411 casus;
2396 2342 2625 2399 brevior
2675 2349 2946 2411 tempore,
3000 2338 3183 2405 initio,
3252 2338 3533 2408 passione,
3601 2338 3839 2405 castiga-

2132 2433 2285 2489 tione
2334 2431 2513 2502 hujus
2570 2429 2903 2501 poanitentia
2947 2428 3313 2499 poteritesse.
3366 2424 3656 2494 Quoniam
3704 2440 3837 2480 vero

2135 2522 2189 2577 in
2222 2520 2418 2587 altero,
2478 2519 2596 2576 sive
2650 2519 2834 2588 panis,
2890 2518 3011 2575 sive
3060 2516 3253 2572 calicis
3302 2521 3684 2580 sacramento,
3718 2520 3838 2583 post

2132 2610 2260 2665 illas
2290 2623 2422 2679 qua
2459 2621 2533 2662 ex
2575 2620 2729 2662 more
2761 2605 2907 2661 ﬁunt
2939 2619 3040 2675 per
3078 2603 3475 2675 presbyterum
3524 2601 3838 2672 consigna-

2132 2699 2335 2764 tiones,
2391 2702 2545 2752 totus
2593 2701 2677 2749 est
2730 2691 3011 2759 Christus,
3055 2705 3089 2746 a
3130 2690 3251 2762 jam
3310 2689 3626 2746 consecrati
3675 2690 3841 2758 panis

2133 2782 2627 2855 reconsignatione
2679 2781 2916 2837 omnino
2991 2779 3189 2835 debuit
3270 2779 3639 2842 abstinuisse,
3692 2786 3751 2832 et
3806 2791 3839 2830 a

2132 2872 2255 2928 vini
2284 2880 2338 2928 et
2367 2885 2535 2942 aqua
2578 2871 2633 2925 in
2667 2868 2840 2925 calice
2870 2870 3034 2939 prius
3088 2881 3294 2931 vacuo,
3331 2866 3637 2933 infusione,
3669 2865 3842 2921 satis-

330 2961 438 3016 hac
468 2961 574 3018 fuit
598 2961 879 3033 dignitate
927 2969 1152 3028 auctus,
1186 2976 1327 3016 num
1376 2961 1435 3016 in
1461 2962 1580 3017 vita
1620 2961 1723 3017 ubi
1780 2961 2027 3017 minuta—
2063 2973 2104 3029 ο
2134 2961 2319 3017 facere
2347 2958 2647 3030 potuit;et
2693 2958 2818 3013 sine
2857 2956 2955 3012 illa
2982 2969 3278 3012 sacrorum
3330 2955 3645 3010 verborum
3679 2954 3841 3008 itera-

330 3049 427 3104 tim
460 3062 596 3104 suos
627 3054 790 3104 actus
816 3047 1120 3118 percurrit,
1148 3047 1402 3105 ofﬁcium
1435 3049 1577 3106 illud
1621 3049 1961 3119 praterisset
1997 3050 2026 3105 ?

327 3135 453 3193 Non
484 3135 648 3192 facile
684 3135 839 3193 credi
869 3143 1066 3206 potest.

397 3220 725 3277 Notandum
779 3221 1004 3278 tandem
1057 3228 1161 3288 est,
1216 3229 1450 3278 auctore
1508 3228 1702 3277 nostro
1744 3221 2028 3293 antiquio-

328 3322 450 3366 rem
508 3307 785 3364 hactenus
840 3309 1014 3380 (quod
1071 3310 1270 3377 sciam)
1325 3310 1427 3380 qui
1483 3310 1551 3366 de
1599 3311 1772 3367 hacce
1821 3325 2019 3381 regum

326 3403 656 3452 nostrorum
713 3395 1095 3466 prarogativa
1156 3395 1479 3467 disputarit,
1543 3398 1781 3469 reperiri
1839 3399 2028 3455 nemi-

327 3498 479 3540 nem.

399 3571 620 3644 (9)0”.
662 3572 730 3627 ΙΙ.
766 3602 834 3613 -
858 3572 1076 3627 Mulier
1121 3574 1381 3646 quaedam
1412 3576 1494 3632 ad
1541 3575 1845 3631 ecclesiam
1893 3592 2024 3648 pro-

325 3662 516 3735 prium
556 3659 916 3727 infantulum
964 3661 1337 3734 suscipienda
1390 3679 1571 3720 causa
1611 3664 2028 3720 communionis

327 3751 668 3807 adduxerat.
700 3749 872 3805 Vides
898 3749 970 3805 ad
1032 3749 1181 3805 hanc
1225 3759 1618 3822 tempestatem
1647 3760 1703 3808 et
1733 3752 1885 3808 ultra
1912 3752 2025 3822 (uti

331 3854 460 3896 mox
520 3837 990 3905 demonstraturi)
1049 3838 1365 3895 infantibus
1405 3840 1865 3897 communionem
1909 3854 2030 3896 cor-

328 3929 481 4001 poris
502 3928 709 3986 Cbristi
751 3928 808 3983 in
840 3927 1077 3984 ecclesia
1131 3928 1612 3986 administratam.
1646 3929 1774 3997 Adi,
1807 3930 1851 3985 si
1905 3930 2025 4000 pla-

329 4025 434 4083 cet,
475 4017 537 4073 Β.
581 4015 887 4073 Lanfranci
943 4016 1106 4085 epist.
1153 4018 1241 4083 33,
1295 4024 1349 4073 et
1404 4017 1859 4073 observationem
1921 4032 2025 4073 no-

331 4114 509 4161 stram
541 4104 614 4161 ad
656 4103 946 4173 eamdem;
982 4103 1300 4160 Arcudium
1331 4104 1428 4161 lib.
1454 4120 1511 4159 ιιι
1545 4105 1624 4160 De
1655 4105 2027 4162 Eucharistia

330 4199 709 4247 sacramento.
760 4190 869 4254 Qui
920 4204 1055 4246 vero
1114 4191 1251 4262 ipsis
1305 4191 1625 4247 infantibus
1680 4205 1747 4247 ac
1799 4191 2026 4261 potissi-

2132 3050 2284 3106 tione
2329 3047 2388 3104 in
2444 3053 2806 3103 sacramento
2864 3043 3049 3114 panis,
3083 3044 3307 3099 Christo
3355 3042 3834 3107 communicasse,

2134 3136 2412 3209 quoniam
2442 3143 2495 3191 et
2546 3133 2709 3204 pueri
2762 3132 3033 3204 baptizati
3081 3131 3141 3187 in
3191 3131 3367 3188 solius
3407 3129 3620 3196 calicis,
3656 3138 3710 3184 et
3758 3129 3837 3184 in-

2135 3226 2285 3282 ﬁrmi
2317 3226 2376 3281 in
2404 3224 2586 3281 solius
2609 3223 2775 3294 panis
2805 3228 3164 3278 sacramento
3197 3234 3347 3289 sape
3386 3218 3828 3284 communicant,

2134 3322 2189 3372 et
2218 3313 2611 3380 nihilominus,
2664 3317 2950 3382 quantum
3008 3309 3080 3365 ad
3138 3322 3259 3364 rem
3321 3308 3503 3378 ipsam
3554 3314 3611 3362 et
3656 3307 3729 3361 ad
3758 3306 3831 3361 in-

2133 3401 2520 3472 corruptionis
2576 3399 2785 3456 futura
2832 3403 3277 3461 sacramentum,
3313 3395 3602 3465 accipiunt
3655 3408 3831 3465 quan-

2136 3500 2257 3547 tum
2290 3489 2371 3545 illi
2400 3502 2435 3544 a
2467 3488 2702 3559 quibus,
2745 3486 2806 3541 in
2832 3492 3102 3554 utroque,
3140 3483 3306 3553 panis
3340 3483 3554 3540 scilicet
3599 3491 3655 3538 et
3696 3482 3833 3537 cali-

2132 3579 2212 3636 cis
2258 3584 2636 3644 sacramento,
2686 3574 2744 3630 in
2804 3572 3050 3630 Ecclesia
3097 3572 3166 3628 de
3240 3572 3362 3642 ipsa
3410 3585 3607 3627 mensa
3652 3571 3836 3626 Domi-

2136 3666 2266 3722 nica
2336 3663 2599 3721 Christus
2660 3662 2995 3718 assumitur.
3072 3662 3202 3715 Hac
3256 3659 3327 3714 ad
3404 3658 3839 3729 inquisitionem

2132 3761 2404 3820 vestram,
2449 3758 2504 3807 et
2532 3750 2580 3806 si
2634 3749 2829 3806 minus
2854 3749 3041 3820 plene,
3088 3756 3276 3804 tamen
3318 3747 3558 3803 ﬁdeliter
3600 3761 3837 3817 respon-

2134 3841 2358 3908 demus,
2392 3839 2461 3895 de
2514 3847 2701 3894 vestra
2759 3837 3039 3894 charitate
3077 3836 3296 3903 conﬁsi,
3346 3850 3501 3907 qua,
3557 3836 3715 3906 quod
3747 3850 3843 3906 pa-

2134 3944 2264 3986 rum
2297 3937 2402 3992 est,
2437 3935 2666 3998 reputat
2698 3927 2967 3994 multum,
2997 3934 3053 3982 et
3101 3926 3255 3997 quod
3305 3924 3659 3989 mutilatum,
3718 3940 3837 3995 per~

2133 4019 2365 4075 fectum.
2398 4017 2686 4073 Addentes
2706 4016 2860 4087 quod
2889 4029 2993 4071 nos
3024 4014 3153 4085 ipsi,
3200 4028 3271 4069 ne
3314 4012 3644 4083 bujusmodi
3694 4012 3838 4068 obli-

2133 4107 2408 4164 vionibus
2445 4106 2565 4161 sive
2608 4104 3003 4160 ministrorum
3044 4109 3393 4168 nostrorum,
3448 4101 3570 4156 sive
3627 4103 3840 4157 nostris

2136 4196 2420 4266 possimus
2478 4192 2678 4263 decipi,
2738 4193 2920 4248 facere
2974 4190 3400 4247 consuevimus.
3471 4189 3618 4246 Cum
3682 4191 3838 4246 enim

331 4293 490 4335 mum
522 4292 718 4334 recens
753 4292 908 4348 aqua
959 4279 1281 4335 Christiana
1333 4279 1524 4335 tinctis
1579 4279 2023 4349 tradereturfsa-
2060 4270 2107 4325 Ι)
2138 4283 2386 4340 ministri
2426 4281 2601 4339 nostri
2666 4282 2873 4337 vinum
2918 4280 2974 4335 in
3022 4280 3255 4335 calicem
3312 4277 3560 4335 oblaturi
3618 4278 3840 4336 infude-

330 4384 429 4426 cra
457 4370 805 4436 communio,
836 4368 1100 4440 indigitat
1143 4370 1382 4440 epistola
1420 4370 1491 4426 ad
1531 4370 1586 4426 S.
1624 4369 1894 4426 Florentii
1925 4372 2027 4429 ab-

330 4458 517 4514 batem
569 4457 856 4514 Gilbertus
912 4456 1282 4513 Pictaviensis
1338 4459 1593 4525 antistes,
1646 4472 1820 4528 quam
1878 4465 2028 4515 504

330 4546 482 4617 quod
516 4545 833 4615 plurimum
866 4544 1221 4601 illustrandis
1273 4545 1537 4601 Ecclesia
1559 4546 1816 4619 antiquis
1861 4548 2029 4604 insti-

330 4632 651 4690 tutionibus
680 4632 932 4687 conferat
956 4632 1121 4689 edere
1143 4632 1374 4703 juvabit
1413 4646 1426 4687 :

399 4720 672 4793 Ερίειοια
701 4720 947 4779 Gilberli
968 4722 1270 4779 Porretani
1295 4724 1659 4781 Pictavorum
1682 4706 1955 4797 εὶοίεοορε.

405 4832 427 4859 ι
476 4810 817 4867 Gillebertus
900 4811 995 4866 Dei
1055 4813 1242 4882 gratia
1290 4812 1660 4870 Pictaviensis
1709 4815 2027 4884 episcopus,

330 4898 537 4957 dilecto
592 4899 649 4956 in
710 4900 934 4956 Christo
983 4901 1250 4958 Matthao
1329 4904 1528 4960 eadem
1598 4903 1787 4977 gratia
1836 4904 2029 4961 abbati

330 4987 519 5046 Sancti
559 4988 845 5056 Florentii,
879 4988 1124 5045 salutem
1154 4988 1214 5045 in
1253 4989 1495 5048 Christo.

407 5099 428 5126 ι
468 5074 689 5132 Placuit
714 5075 877 5132 vobis
905 5084 1161 5133 nostram
1221 5078 1519 5135 consulere
1570 5078 1909 5149 parvitatem
1940 5092 2033 5133 su-

330 5176 432 5233 per
460 5161 764 5233 cujusdam
812 5161 1119 5219 oblivionis
1146 5177 1303 5230 casu,
1341 5164 1444 5236 qui
1474 5179 1660 5235 nuper
1684 5165 1745 5220 in
1795 5164 2033 5220 ecclesia

330 5257 523 5306 vestra
553 5249 765 5305 dicitur
813 5250 1163 5321 contigisse:
1205 5252 1357 5322 quod
1401 5252 1666 5309 videlicet
1719 5266 1895 5321 super
1947 5252 2033 5309 al-

331 5346 452 5394 tare
495 5352 641 5407 pane
698 5339 878 5408 posito
932 5340 991 5395 in
1043 5340 1468 5397 Eucharistiam
1516 5340 1921 5408 consecrando,
1978 5349 2033 5398 et

331 5426 507 5481 calice
546 5442 729 5484 vacuo
779 5431 1074 5500 presbyter
1127 5431 1320 5487 omnia
1378 5432 1576 5499 verba,
1641 5447 1770 5502 qua
1839 5446 2031 5488 sacra-

336 5522 526 5571 mento
558 5518 720 5584 panis
748 5524 801 5573 et
861 5518 979 5574 vini
1031 5517 1336 5588 pertinent,
1391 5531 1575 5588 usque
1629 5518 1702 5574 ad
1743 5518 1907 5588 panis
1951 5519 2034 5575 in-

2138 4373 2274 4439 rint,
2304 4372 2373 4427 de
2405 4370 2697 4427 miscenda
2736 4369 2870 4425 vino
2899 4382 3055 4439 aqua
3094 4382 3210 4424 non
3256 4366 3338 4423 eis
3382 4366 3692 4435 credimus,
3734 4367 3836 4424 nisi

2132 4463 2253 4534 jam
2302 4459 2492 4517 oblato
2530 4459 2698 4515 nobis
2743 4471 2888 4528 pane
2934 4465 2989 4513 et
3028 4455 3316 4513 offerendo
3360 4454 3555 4522 calice,
3609 4455 3699 4511 vel
3737 4457 3839 4526 ipsi

2138 4564 2256 4621 pra
2282 4547 2465 4605 oculis
2488 4546 2700 4603 nostris
2729 4560 2942 4617 aquam
2973 4544 3303 4606 infundant,
3338 4543 3427 4599 vel
3473 4543 3641 4599 nobis
3668 4558 3842 4615 aqua—
3898 4592 3899 4611 η

2138 4638 2337 4693 manili
2383 4636 2611 4704 tradita,
2665 4648 2794 4691 eam
2836 4633 3000 4689 calici
3047 4631 3410 4688 misceamus.
3463 4631 3553 4688 Sic
3601 4632 3759 4688 enim
3790 4640 3842 4688 et
3898 4664 3899 4671 η

2139 4725 2399 4782 minister
2426 4724 2691 4780 sacerdos
2731 4730 2925 4779 manet
2975 4721 3270 4785 indubius,
3331 4728 3384 4776 et
3443 4720 3563 4776 sine
3612 4721 3843 4777 oblivio-

2137 4814 2229 4870 nis
2257 4813 2559 4885 cujusdam
2593 4826 2731 4868 casu
2753 4810 3057 4868 indemnis.
3096 4833 3122 4859 ››

2207 4900 2389 4968 Quam
2446 4898 2741 4971 epistolam
2830 4912 3056 4955 morum
3116 4899 3399 4969 gravitate
3466 4904 3647 4967 atque
3715 4913 3840 4955 eru-

2139 4989 2375 5056 ditione,
2441 4987 2788 5058 scriptisque
2839 4984 3194 5042 clarissimus
3247 4984 3518 5041 Nicolaus
3542 4984 3833 5049 Camusat,

2141 5078 2402 5135 Ecclesia
2477 5076 2772 5133 Trecensis
2847 5074 3177 5139 canonicus,
3242 5073 3383 5130 mihi
3454 5074 3836 5131 amicissimus

2140 5167 2291 5224 ultro
2339 5165 2662 5222 concessit:
2708 5172 2764 5221 et
2803 5164 2954 5220 hanc
2999 5178 3029 5219 θ
3059 5165 3235 5219 veteri
3281 5163 3433 5218 eruit
3460 5162 3834 5220 Grandimon-

2142 5254 2316 5311 tensis
2352 5252 2475 5309 ord.
2527 5252 2761 5308 Rituali.
2795 5250 3062 5307 Consona
3107 5251 3197 5306 his
3249 5250 3412 5306 docet
3462 5251 3635 5321 Hugo
3655 5251 3836 5308 Victo-

2141 5344 2308 5399 rinus
2335 5343 2415 5397 De
2461 5339 2837 5397 sacramentis
2869 5339 2968 5396 lib.
3002 5356 3037 5407 I,
3069 5354 3118 5395 c.
3151 5341 3221 5394 20
3252 5354 3265 5393 :
3301 5358 3331 5390 et
3385 5339 3587 5395 Pueris
3642 5354 3837 5397 recens

2143 5430 2291 5487 natis
2357 5430 2505 5486 idem
2577 5436 3003 5484 sacramentum
3065 5429 3123 5483 in
3176 5428 3362 5498 specie
3405 5428 3713 5499 sanguinis
3759 5438 3836 5485 est

2144 5517 2590 5575 ministrandum
2621 5517 2802 5588 digito
2839 5516 3190 5585 sacerdotis;
3244 5517 3385 5587 quia
3439 5516 3580 5573 tales
3610 5526 3836 5575 natura-
