3922 6080
130 269 267 323 1025

1407 268 1622 324 DOMNI
1667 269 1722 323 1..
1772 267 2109 324 D’ACHERY
2149 269 2369 324 NOTAE.

3503 273 3638 327 10‘26

124 407 254 463 liter
304 406 504 475 fugere
559 412 814 475 possunt,
849 427 868 453 ι
905 412 1007 460 etc.
1053 405 1214 460 Circa
1262 404 1620 460 inﬁrmorum
1675 419 1833 460 com-
1872 421 1918 472 Α
1946 405 2218 460 secedunt
2263 404 2466 460 deinde
2512 404 2584 460 ad
2637 404 2817 460 altare
2866 405 3058 461 Sancti
3109 405 3412 471 Benedicti,
3464 414 3518 461 et
3561 406 3638 461 ibi

125 498 460 551 munionem
516 495 823 550 observare
868 495 1113 564 pretium
1167 509 1353 563 opera
1401 503 1485 548 est
1516 494 1670 563 quod
1721 494 1827 549 Ar-

125 585 335 641 cudius
385 585 483 639 ubi
531 598 728 654 supra,
763 598 889 653 cap.
950 585 1034 650 56,
1083 583 1273 650 refert,
1323 583 1542 637 Graecos
1572 581 1831 637 sacratis-

123 673 332 728 simam
385 671 829 738 Eni‘haristiam,
867 685 1042 740 quam
1082 679 1405 740 praparant
1457 685 1556 739 pro
1591 669 1831 724 inﬁrmis

126 761 186 815 in
216 774 378 815 coena
423 761 647 815 Domini
683 775 782 830 per
826 759 1059 814 modum
1113 759 1326 825 viatici,
1386 758 1669 828 sanguine
1718 758 1829 811 Do-

123 850 267 904 mini
307 850 522 919 tingere
567 849 763 904 solere.
810 849 881 903 Et
913 862 1126 903 morem
1171 847 1340 902 istum
1387 847 1737 916 quibusdam
1773 845 1829 900 in

127 937 266 992 locis
318 937 584 994 Ecclesia
637 939 851 993 Latina
901 945 1192 1006 receptum
1227 943 1446 990 constat
1486 949 1558 991 ex
1590 934 1829 990 concilio

125 1026 449 1082 Turonensi
501 1027 695 1096 (refert
721 1027 1094 1082 Burchardus
1148 1025 1245 1080 lib.
1279 1040 1332 1091 v,
1383 1039 1504 1093 cap.
1559 1025 1607 1092 9)
1644 1039 1655 1077 :
1692 1046 1711 1072 ι
1760 1023 1829 1078 Ut

126 1116 426 1186 presbyter
467 1115 674 1171 habeat
706 1114 975 1184 pyxidem
1009 1121 1110 1169 aut
1155 1127 1255 1168 vas
1286 1120 1442 1168 tanto
1474 1120 1830 1168 sacramento

126 1204 396 1274 dignum,
431 1204 529 1259 ubi
576 1218 785 1273 corpus
817 1202 1176 1259 Dominicum
1227 1201 1532 1271 diligenter
1561 1201 1829 1257 reconda-

130 1300 246 1358 tur,
279 1292 349 1347 ad
385 1292 659 1348 viaticum
694 1291 1089 1347 recedentibus
1121 1305 1154 1345 a
1183 1290 1413 1346 saculo.
1451 1290 1588 1357 Qua
1636 1298 1826 1345 tamen

122 1395 288 1436 sacra
364 1381 574 1436 oblatio
650 1381 888 1436 intincta
968 1381 1134 1435 debet
1214 1393 1336 1434 esse
1410 1378 1469 1433 in
1543 1378 1828 1450 sanguine

123 1468 374 1528 Christi,
430 1475 491 1522 ut
547 1467 830 1522 veraciter
899 1467 1194 1536 presbyter
1246 1467 1418 1536 possit
1492 1467 1678 1522 dicere
1739 1467 1828 1520 in-

127 1557 294 1611 ﬁrmo
336 1573 348 1609 :
397 1571 607 1626 corpus
662 1564 714 1610 et
767 1556 1006 1626 sanguis
1056 1555 1284 1610 Domini
1332 1555 1591 1624 proﬁciat
1639 1555 1759 1610 tibi.
1798 1576 1819 1602 ι

122 1643 442 1699 Concilium
495 1643 883 1699 Bracharense
941 1660 1019 1708 ιιι,
1078 1643 1454 1698 nihilominus
1500 1657 1627 1698 can.
1681 1645 1824 1698 tin-

1938 501 2172 548 cantant
2221 493 2533 548 matutinas
2566 493 2781 558 laudes,
2821 496 3059 564 primam
3093 509 3325 564 quoque
3357 495 3548 562 simul,
3584 502 3638 550 et

1938 591 2148 651 septem
2213 583 2462 652 psalmos
2526 597 2658 638 cum
2714 583 2967 651 latania,
3037 583 3259 653 reliqua
3321 584 3638 653 psalmodia

1938 670 2164 725 interim
2195 671 2389 725 dilata.

2010 780 2036 806 «
2069 759 2283 815 Deinde
2316 760 2392 814 illi
2427 767 2538 815 tres
2570 760 2670 830 qui
2701 769 2834 815 sunt
2867 761 3113 830 alicujus
3137 761 3354 816 ordinis
3389 761 3637 816 induunt

1938 860 1998 900 se
2027 847 2190 910 albis,
2227 855 2282 902 et
2313 848 2730 913 humeralihus,
2768 857 2830 903 ut
2861 863 3039 917 supra
3068 849 3285 904 dictum
3317 857 3399 903 est
3448 850 3516 904 de
3546 848 3636 903 fa-

1939 935 2094 991 mulo
2131 952 2143 989 :
2179 944 2314 991 sunt
2342 936 2494 991 enim
2527 937 2688 1002 alba],
2723 945 2775 992 ct
2809 938 3052 992 amictus
3085 937 3321 1006 quidam
3355 937 3488 992 huic
3519 937 3634 992 solo

1938 1026 2166 1094 negotio
2197 1025 2492 1095 deputati;
2530 1041 2778 1096 quorum
2821 1041 2971 1082 unus
3003 1026 3248 1081 farinam
3283 1026 3631 1096 conspargit,

1936 1121 1990 1168 et
2022 1113 2510 1172 vehementissime
2558 1115 2869 1184 compingit
2898 1129 3072 1184 super
3118 1114 3371 1170 tabulam
3410 1115 3634 1170 nitidis-

1936 1202 2138 1256 simam
2165 1202 2468 1257 habentem
2493 1203 2732 1257 limbum
2756 1203 2809 1256 in
2834 1203 3099 1266 circuitu,
3125 1203 3554 1272 aliquantulum
3577 1203 3633 1257 in

1936 1289 2182 1346 circuitu
2231 1291 2531 1360 superlicie
2565 1291 2844 1358 altiorem,
2877 1306 2946 1346 ne
2977 1306 3132 1361 aqua
3161 1292 3396 1348 efﬂuere
3436 1291 3628 1360 possit.

1937 1380 2477 1449 Conspergunteam
2511 1394 2664 1450 aqua
2694 1380 2919 1449 frigida,
2943 1382 3080 1449 quia
3105 1380 3232 1436 inde
3265 1381 3412 1435 ﬁunt
3434 1380 3633 1435 hostia

1936 1467 2292 1523 candidiores
2325 1484 2337 1522 :
2375 1483 2408 1523 a
2445 1469 2674 1524 duobus
2710 1483 2844 1524 vero
2877 1468 3114 1537 reliquis
3147 1468 3345 1524 hostia
3377 1470 3632 1524 forman-

1937 1564 2052 1612 tur.
2071 1558 2244 1628 Aqua
2265 1571 2400 1612 vero
2426 1572 2540 1612 non
2565 1557 2621 1612 in
2643 1558 2754 1612 alio
2779 1571 2909 1612 vase
2931 1557 3204 1622 defertur,
3232 1571 3406 1626 quam
3434 1558 3489 1611 in
3516 1571 3632 1626 quo

1935 1645 2071 1700 solet
2102 1645 2174 1700 ad
2219 1645 2423 1700 missas
2475 1645 2680 1701 deferri
2733 1647 3189 1710 Ferramentum,
3247 1644 3302 1698 in
3349 1660 3465 1712 quo
3498 1653 3632 1699 sunt

127 1732 362 1787 terdixit
420 1732 831 1797 sacerdotibus,
890 1752 916 1779 «
972 1731 1395 1786 Eucharistiam
1454 1731 1588 1787 vino
1637 1733 1825 1787 madi—
1865 1716 1908 1772 Β
1937 1733 2272 1802 coquenda,
2305 1741 2722 1788 caracteratum
2761 1742 2908 1788 tenet
2939 1748 3270 1799 conversus,
3307 1747 3632 1803 manusque

125 1820 263 1874 dam
310 1819 536 1890 populis
581 1834 680 1889 pro
707 1819 1120 1889 complemento
1166 1819 1591 1874 communionis
1640 1821 1823 1890 porri-

126 1923 282 1979 gere.
323 1931 344 1955 -
380 1909 681 1979 Legendus
730 1909 836 1963 hac
883 1908 950 1963 de
982 1923 1041 1963 re
1089 1908 1430 1977 Radulphus
1473 1909 1540 1964 de
1589 1909 1728 1964 Rivo
1759 1909 1826 1964 de

123 2010 334 2052 canon.
391 1997 718 2052 observant.
781 1997 877 2052 lib.
945 1997 1175 2065 Propos.
1234 2011 1396 2064 χχιιι,
1475 1998 1584 2052 sub
1619 1997 1814 2066 linem;

125 2085 231 2155 qui
264 2083 482 2140 affatim
517 2084 837 2140 testimonia
869 2085 1290 2152 subministrat.

200 2173 490 2229 Statutum
521 2174 826 2244 adjicerem
861 2173 1077 2229 ordinis
1124 2175 1536 2242 Cluniacensis,
1570 2173 1628 2230 ni
1677 2175 1826 2230 infra

124 2263 198 2318 de
228 2271 409 2318 morte
462 2262 738 2332 proximis
788 2276 966 2334 agens
1013 2265 1299 2333 integrum
1355 2263 1606 2333 proferre
1651 2265 1824 2319 debe-

128 2365 275 2406 rem.
326 2351 664 2421 Temperare
723 2361 972 2407 attamen
1023 2348 1163 2406 mihi
1219 2366 1334 2406 non
1396 2366 1626 2420 possum
1680 2355 1823 2422 quin

123 2448 417 2510 quantum
467 2455 641 2508 cura,
673 2448 958 2511 quantum
1009 2440 1234 2506 nitoris,
1289 2449 1692 2511 quantumque
1737 2455 1827 2496 ve-

125 2528 444 2596 nerationis
498 2537 552 2584 et
616 2529 995 2584 observantia
1063 2536 1334 2597 prastare
1390 2527 1538 2584 soliti
1612 2529 1824 2584 fuerint

125 2619 482 2674 Benedictini
525 2633 662 2689 erga
693 2617 1171 2689 augustissimum
1220 2617 1599 2673 Eucharistia
1638 2632 1824 2674 sacra-

125 2714 410 2773 mentum,
446 2706 559 2762 huc
605 2713 875 2772 attexam,
911 2719 1115 2774 nempe
1139 2713 1312 2774 caput
1338 2705 1409 2759 55
1447 2703 1821 2776 antiquorum

123 2801 474 2851 statutorum
503 2794 967 2850 Cluniacensium
1003 2793 1209 2850 abbate
1253 2793 1306 2849 S.
1342 2795 1580 2864 Hugone
1619 2795 1822 2850 condi-

125 2890 340 2939 torum.

559 3011 630 3062 De
660 3005 888 3062 Hos-(iis
916 3006 1196 3078 quomodo
1217 3008 1392 3076 ﬁant.

199 3149 278 3204 De
304 3148 391 3204 his
422 3163 552 3219 qua
599 3148 884 3219 pertinent
915 3148 986 3204 ad
1022 3148 1443 3204 Eucharistiam
1475 3149 1821 3204 sacrosancti

123 3237 403 3308 mysterii,
442 3237 580 3307 quia
605 3237 844 3306 dignum
879 3244 980 3304 est,
1013 3242 1164 3292 565
1213 3244 1273 3292 ut
1311 3251 1444 3292 cum
1475 3251 1703 3292 summa
1733 3251 1820 3292 re-

118 3327 384 3382 verentia
411 3334 466 3380 et
492 3325 785 3395 diligentia
808 3334 1102 3395 gerantur,
1128 3339 1486 3395 consequens
1503 3333 1585 3380 est
1615 3332 1677 3380 ut
1705 3327 1823 3394 ipse

119 3415 586 3484 quo'.iescunque
615 3415 950 3483 oportuerit,
988 3428 1083 3469 eas
1125 3414 1246 3468 ﬁeri
1277 3415 1349 3468 sit
1380 3427 1624 3479 necesse,
1678 3428 1822 3483 pra-

119 3504 291 3571 cipue
323 3511 512 3557 tamen
559 3510 690 3557 ante
730 3503 954 3556 Domini
1000 3501 1281 3569 Natalem,
1335 3502 1420 3557 vel
1453 3511 1665 3557 sancta
1712 3503 1823 3556 Re-

119 3591 496 3647 surrectionis
544 3591 690 3646 diem
740 3590 864 3646 ﬁeri
906 3591 1104 3645 solent.
1141 3591 1281 3645 Cum
1327 3599 1515 3645 autem
1573 3589 1823 3645 brumali

121 3681 182 3735 in
221 3687 470 3749 tempore
519 3679 854 3752 prolixiores
897 3680 1007 3734 sint
1040 3687 1249 3745 noctes,
1287 3678 1414 3733 licet
1465 3685 1597 3733 ante
1642 3692 1822 3747 pran-

120 3769 286 3823 dium
341 3769 616 3824 fratribus
674 3768 900 3838 operari
951 3768 1235 3837 amplius;
1284 3781 1416 3821 nam
1473 3775 1594 3836 post
1646 3781 1819 3836 pran-

121 3857 288 3912 dium
320 3856 650 3927 hujusmodi
681 3870 828 3926 opus
858 3870 1055 3927 gerere
1086 3870 1199 3910 non
1232 3855 1386 3910 licet.

200 3967 228 3993 ‹‹
263 3946 640 4000 Frumentum
669 3945 738 3999 de
773 3959 888 4014 quo
918 3943 1187 3999 facienda
1221 3951 1357 3999 sunt
1393 3944 1610 4005 hostia,
1647 3958 1824 4013 quan-

123 4033 390 4090 tumlibet
440 4034 652 4089 bonum
718 4034 790 4088 sit
840 4033 1184 4088 naturaliter
1229 4040 1282 4088 et
1342 4047 1576 4102 purum,
1631 4042 1821 4089 tamen

123 4123 412 4193 granatim
444 4122 711 4192 eligitur;
764 4136 869 4176 nec
897 4135 999 4190 per
1029 4121 1170 4176 alias
1216 4136 1486 4191 personas
1517 4137 1692 4191 quam
1725 4137 1823 4193 per

123 4212 278 4282 ipsos
310 4212 512 4266 fratres
541 4211 859 4281 colligitur;
910 4210 1113 4265 deinde
1159 4211 1214 4264 in
1247 4225 1477 4265 saccum
1512 4225 1624 4265 non
1671 4226 1821 4280 qua-

1941 1822 2126 1877 induit
2182 1821 2501 1877 chirotecis.
2556 1822 2621 1876 In
2663 1820 3009 1878 ferramento
3057 1830 3292 1892 possunt
3340 1821 3628 1877 simul.....

1937 1909 2132 1966 hostia
2191 1911 2364 1980 poni;
2429 1911 2582 1968 unde
2646 1911 2794 1968 inter
2851 1912 3112 1983 bajulum
3178 1911 3525 1977 ferramenti,
3577 1917 3632 1965 et

1934 1998 2270 2055 formatores
2303 2000 2642 2063 hostiarum,
2683 2001 2912 2070 ponitur
2945 2002 3159 2065 tabula,
3192 2008 3244 2055 et
3274 2014 3449 2069 super
3481 1999 3630 2054 hanc

1935 2089 2050 2144 duo
2107 2096 2242 2144 sunt
2292 2089 2404 2157 pali
2468 2089 2652 2155 inﬁxi,
2705 2103 2879 2158 super
2911 2103 3055 2158 quos
3112 2089 3331 2158 lignum
3386 2089 3630 2144 habetur

1937 2184 2354 2239 transversum,
2411 2190 2587 2245 super
2633 2177 2784 2246 quod
2837 2179 3071 2246 ponitur
3102 2176 3511 2232 ferramentum
3557 2177 3628 2232 ad

1934 2265 2146 2319 hostias
2178 2264 2587 2333 imponendas;
2624 2279 2754 2334 qua
2787 2279 2900 2319 non
2937 2263 3148 2319 fuerint
3196 2273 3368 2319 cocta
3399 2264 3627 2319 cultello

1933 2353 2318 2418 abraduntur,
2369 2360 2422 2408 et
2471 2353 2686 2408 cadunt
2734 2353 2792 2407 in
2822 2352 2974 2408 disco
3024 2354 3290 2408 deorsum
3338 2353 3394 2406 in
3433 2352 3628 2408 tabula.

1936 2441 2211 2509 imposito,
2267 2448 2321 2496 et
2380 2441 2552 2497 linteo
2606 2441 2826 2512 jugiter
2875 2449 3169 2510 cooperto,
3229 2441 3338 2496 nisi
3393 2441 3627 2510 quando

1935 2529 2129 2584 hostia
2159 2529 2543 2584 abraduntur.

2004 2637 2031 2668 (ι
2059 2617 2287 2674 Canunt
2337 2617 2712 2686 psalmodiam
2744 2631 2876 2686 qua
2925 2615 3217 2682 remansit,
3257 2615 3387 2670 etsi
3429 2615 3628 2672 volue-

1932 2707 2048 2762 rint
2099 2707 2270 2762 horas
2295 2707 2362 2762 de
2411 2705 2617 2761 Sancta
2641 2706 2858 2773 Maria;
2905 2706 2974 2758 ad
3009 2704 3150 2759 alias
3176 2705 3407 2759 omnino
3457 2704 3628 2761 horas

1930 2801 2123 2849 tenent
2176 2794 2469 2850 silentium
2520 2809 2532 2848 :
2584 2801 2638 2848 et
2700 2807 3062 2861 summopere
3118 2801 3321 2847 cavent
3389 2800 3451 2848 ut
3509 2808 3626 2849 non

1930 2883 2096 2936 modo
2143 2883 2344 2950 saliva,
2393 2882 2489 2938 sed
2544 2897 2650 2937 nec
2682 2881 2854 2936 flatus
2901 2895 3099 2936 eorum
3155 2882 3521 2950 aliquomodo
3555 2882 3626 2936 ad

1859 2999 1899 3054 Ο
1933 2970 2143 3026 hostias
2201 2971 2522 3041 pertingere
2555 2970 2746 3040 possit.
2808 2969 2973 3024 Solus
3011 2984 3342 3035 conversus,
3389 2970 3436 3024 si
3486 2970 3626 3040 quid

1931 3075 2077 3130 opus
2116 3059 2306 3126 fuerit,
2343 3061 2591 3115 breviter
2630 3058 2860 3115 famulis
2905 3059 3243 3127 innotescit;
3277 3058 3375 3128 qui
3409 3059 3629 3114 faciunt

1931 3149 2120 3205 focum
2185 3149 2412 3204 nonnisi
2464 3149 2532 3204 de
2578 3149 2754 3203 aridis
2803 3147 2994 3218 lignis,
3037 3154 3091 3202 et
3139 3148 3209 3202 ad
3260 3148 3365 3202 hoc
3407 3148 3476 3203 de
3538 3148 3624 3202 in-

1931 3239 2153 3293 dustria
2203 3238 2551 3308 praeparatis.
2608 3239 2717 3307 Ipsi
2760 3246 2952 3292 autem
3010 3237 3328 3291 hostiarum
3381 3238 3625 3306 operarii

1929 3341 1994 3382 eo
2020 3328 2110 3382 die
2144 3342 2256 3382 non
2303 3343 2434 3382 cum
2481 3327 2775 3388 fratribus,
2811 3326 2904 3380 sed
2940 3326 3128 3394 potius
3158 3340 3288 3380 cum
3335 3325 3623 3380 servitori-

1933 3416 2040 3470 bus
2077 3415 2364 3478 reficiunt.
2396 3423 2450 3470 et
2498 3430 2598 3484 pro
2630 3415 2772 3470 tanti
2809 3414 3018 3468 laboris
3061 3414 3362 3480 levamine,
3417 3414 3626 3469 habent

1931 3504 1998 3557 de
2029 3503 2398 3572 apocrisiario
2445 3504 2514 3557 ad
2549 3503 2855 3571 prandium
2902 3503 3232 3572 pictantiam
3259 3513 3313 3557 et
3357 3501 3624 3570 pigmen-

1930 3597 2074 3655 tum,
2111 3610 2139 3640 ι)
2168 3599 2274 3646 etc.

2003 3681 2130 3734 Hac
2156 3693 2256 3732 oro
2296 3677 2616 3745 revolvant,
2666 3692 2734 3732 ac
2766 3685 2881 3732 tota
2932 3685 3120 3732 mente
3149 3677 3357 3732 tacitus
3405 3676 3623 3746 perspi-

1929 3767 2082 3822 ciant
2113 3767 2210 3837 qui
2245 3767 2500 3822 divinam
2535 3781 2651 3822 rem
2698 3767 2913 3822 hancce
2964 3766 3156 3820 minus
3191 3765 3619 3834 circumspecte,

1930 3854 2044 3910 imo
2095 3869 2209 3910 non
2241 3870 2402 3911 secus
2446 3863 2500 3911 et
2532 3863 2736 3911 caetera
2769 3853 2957 3908 saculi
3009 3851 3233 3922 negotia
3264 3860 3437 3920 atque
3471 3860 3624 3908 artes

1932 3943 2160 3998 inﬁmas
2191 3947 2557 4013 pertractant.

2002 4030 2092 4102 ('°)
2139 4032 2275 4087 CAP.
2325 4033 2397 4086 Il.
2445 4061 2512 4070 —
2556 4032 2638 4085 Et
2699 4028 2976 4101 puerulus
3014 4044 3205 4085 rerum
3253 4027 3440 4082 adhuc
3499 4043 3619 4083 om-

1927 4121 2089 4174 nium
2117 4120 2352 4187 inscius,
2386 4129 2515 4188 etc.,
2545 4119 2832 4174 exclamat
2862 4118 2939 4172 ad
2968 4121 3232 4183 matrem,
3264 4125 3370 4172 etc.
3395 4137 3422 4166 «
3452 4116 3618 4172 Simi-

1932 4209 2058 4262 liter
2109 4209 2299 4263 evenit
2357 4208 2413 4262 in
2453 4206 2846 4277 Andegavensi
2895 4206 3142 4272 civitate,
3191 4213 3378 4272 netc.,
3432 4204 3622 4274 inquit

120 4300 493 4370 lemcunque,
543 4299 637 4354 sed
670 4299 768 4369 qui
816 4299 885 4354 ad
936 4299 1043 4353 hoc
1094 4299 1276 4354 solum
1324 4299 1392 4354 de
1441 4300 1594 4355 bono
1628 4313 1816 4368 panno
1858 4311 1899 4364 ι)
1933 4299 2213 4353 [lobertus
2277 4297 2344 4352 de
2410 4296 2598 4352 Monte
2667 4297 2726 4350 in
2779 4295 3076 4350 Chronico.
3149 4294 3291 4351 Vide
3350 4294 3458 4348 sub
3523 4305 3623 4346 an-

120 4396 400 4444 consutus
429 4395 528 4454 est,
567 4395 911 4442 reservatur.
942 4387 1005 4442 In
1040 4402 1155 4457 quo
1179 4387 1509 4457 colligatum
1533 4400 1819 4441 commen-

119 4478 296 4533 datur
323 4476 423 4531 uni
458 4475 672 4530 famulo
704 4490 818 4530 non
871 4475 1102 4542 lascivo,
1141 4477 1240 4546 qui
1273 4485 1508 4545 portans
1563 4474 1714 4529 illico
1746 4474 1819 4529 ad

119 4565 513 4620 molendinum
564 4564 772 4620 molam
805 4564 959 4619 lavat
989 4572 1316 4633 utramque,
1350 4565 1650 4632 operitque
1681 4576 1819 4618 sur-

114 4667 247 4710 sum
306 4661 358 4708 et
390 4653 652 4709 deorsum
706 4652 976 4718 cortinis;
1034 4651 1282 4721 seipsum
1332 4651 1516 4708 induit
1563 4652 1715 4716 alba,
1764 4658 1818 4706 et

113 4755 294 4811 super
339 4749 509 4810 caput
559 4741 728 4796 mittit
783 4748 837 4796 et
886 4741 1084 4812 alligat
1128 4739 1602 4808 superhumerale
1669 4740 1818 4794 idem

112 4831 413 4896 amictum,
445 4839 507 4886 ut
541 4829 621 4884 nil
653 4831 721 4885 de
765 4829 906 4885 facie
938 4837 1142 4899 prater
1185 4827 1380 4884 oculos
1412 4828 1585 4896 possit
1631 4841 1816 4897 appa-

116 4932 264 4975 rere.
299 4919 381 4973 Ila
405 4933 544 4989 ergo
567 4917 725 4974 molit
758 4933 770 4972 :
797 4919 876 4974 ita
894 4917 1142 4973 farinam
1163 4915 1395 4983 cribrat,
1421 4915 1605 4984 primo
1626 4915 1816 4970 cribro

116 5021 354 5077 quoque
387 5006 688 5077 diligenter
718 5007 938 5063 abluto.

195 5116 216 5142 ι
253 5095 435 5165 Major
481 5094 732 5150 ecclesia
785 5103 976 5150 custos
1022 5095 1066 5150 si
1121 5108 1236 5150 non
1282 5099 1365 5149 est
1420 5091 1683 5148 sacerdos
1727 5091 1813 5148 vel

115 5184 415 5250 diaconus,
466 5183 749 5239 vicarium
798 5183 903 5238 sibi
934 5183 1140 5252 quarit
1175 5183 1247 5238 ad
1301 5182 1408 5239 hoc
1451 5196 1596 5251 opus
1646 5181 1813 5250 perﬁ-

115 5272 426 5343 ciendum;
459 5273 603 5328 duos
653 5273 824 5327 etiam
875 5271 1017 5326 alios
1043 5272 1111 5326 de
1151 5271 1239 5326 his
1267 5271 1590 5335 ordinibus,
1639 5269 1814 5338 hujus

119 5361 201 5416 rei
246 5374 456 5430 gnaros
512 5360 812 5430 perquirit,
876 5367 1108 5430 accepta
1162 5359 1391 5415 licentia
1439 5373 1473 5413 a
1527 5358 1713 5427 priore
1759 5363 1813 5412 et

116 5463 302 5505 unum
361 5463 703 5506 conversum
740 5465 752 5503 :
787 5449 846 5504 hi
895 5456 1148 5518 quatuor
1194 5447 1368 5502 ﬁnitis
1411 5445 1708 5501 nocturnis
1753 5458 1812 5500 se

116 5538 384 5602 calciant,
418 5539 587 5595 facies
630 5552 952 5608 manusque
981 5537 1199 5603 lavant,
1239 5543 1293 5592 et
1321 5535 1510 5606 capita
1539 5540 1805 5605 pexunt:

1925 4387 2255 4539 “timui:
2312 4470 2406 4535 IlI,
2459 4471 2557 4535 §I.
2613 4499 2678 4509 —
2717 4469 2792 4523 Ut
2838 4467 3013 4522 etiam
3071 4467 3286 4521 Matris
3323 4465 3621 4522 Dominica

1923 4573 2128 4627 corpus
2169 4558 2592 4613 resurrectione
2614 4555 3003 4628 glori/iculum
3032 4555 3218 4611 dicere
3247 4571 3356 4608 non
3385 4554 3616 4610 audeat.
3651 4595 3669 4612 .

1929 4644 2015 4700 Uti
2063 4646 2315 4713 produnt
2359 4645 2604 4714 antiqua
2651 4644 3058 4714 martyrologia
3113 4643 3381 4710 Usuardi,
3415 4643 3506 4698 die
3553 4646 3618 4697 lii

1923 4733 2167 4804 Augusti
2199 4749 2211 4786 :
2249 4755 2276 4782 «
2326 4735 2602 4789 Dormitio
2651 4743 2861 4788 sancta
2913 4732 3008 4787 Dei
3040 4731 3361 4801 {genitricis
3396 4731 3609 4787 Maria.

1924 4825 2100 4894 Cujus
2166 4825 2619 4879 sacratissimum
2685 4837 2919 4892 corpus,
2983 4821 3085 4876 etsi
3149 4835 3264 4875 non
3322 4820 3618 4876 invenitur

1923 4927 2095 4981 super
2143 4921 2374 4979 terram,
2425 4919 2613 4967 tamen
2642 4911 2735 4980 pia
2781 4918 2962 4966 mater
3001 4909 3251 4964 Ecclesia
3282 4908 3409 4978 ejus
3440 4923 3616 4965 vene-

1922 5001 2159 5056 rabilem
2217 5000 2548 5056 memoriam
2577 5000 2659 5055 sic
2709 5000 2968 5054 festivam
3008 4999 3145 5068 agit,
3182 5005 3245 5053 ut
3291 5011 3392 5066 pro
3417 4997 3614 5052 condi-

1924 5090 2072 5146 tione
2101 5089 2290 5144 carnis
2338 5103 2464 5144 eam
2499 5091 2774 5158 migrasse
2808 5101 2921 5142 non
2971 5087 3213 5142 dubitet.
3249 5088 3369 5149 Quo
3422 5093 3617 5141 autem

1921 5179 2247 5234 venerabile
2312 5178 2451 5233 illud
2498 5178 2741 5247 Spiritus
2789 5177 2970 5231 sancti
3035 5175 3313 5244 templum
3368 5180 3516 5228 nutu
3560 5179 3617 5228 et

1921 5267 2156 5322 consilio
2187 5267 2383 5322 divino
2427 5266 2778 5321 occultatum
2811 5264 2903 5330 sit,
2956 5264 3086 5333 plus
3119 5262 3290 5333 elegit
3335 5261 3617 5317 sobrietas

1922 5355 2185 5411 Ecclesia
2217 5371 2345 5411 cum
2379 5354 2586 5424 pietate
2613 5352 2848 5419 nescire,
2884 5366 3060 5422 quam
3089 5351 3308 5420 aliquid
3339 5349 3615 5407 frivolum

1919 5452 1975 5500 et
2003 5445 2395 5514 apocryphum
2419 5443 2549 5498 inde
2570 5441 2823 5499 docendo
2846 5449 3054 5498 tenere.
3089 5461 3110 5488 ι
3139 5440 3270 5494 Hac
3292 5437 3614 5496 Usuardus.

1921 5555 1949 5581 ‹‹
1978 5533 2154 5588 Porro
2185 5533 2284 5589 Dei
2327 5532 2579 5588 Ecclesia
2606 5551 2633 5584 ››
2679 5529 2878 5599 (infert
2924 5529 3207 5586 Baronins
3237 5535 3373 5586 nota
3404 5527 3618 5598 Marty-
