3932 6084
294 261 429 314 1027

1317 253 1412 306 AD
1453 252 1603 306 OPP.
1647 250 1802 306 VEN.
1845 248 2168 306 GUIBERTI
2205 247 2298 303 DE
2337 246 2737 304 NOVIGENTO

3651 247 3800 301 £028

290 391 470 462 rolog.
505 390 574 444 ad
628 390 775 445 hanc
818 388 992 451 diem)
1035 407 1062 435 ι(
1099 385 1152 440 in
1200 398 1326 440 eam
1379 393 1595 454 partem
1647 385 1979 454 propensior
2017 383 2289 449 Anium,
2357 383 2494 438 dum
2555 389 2788 437 sanctus
2856 380 2947 436 ille
3003 380 3237 436 antistes
3288 381 3579 451 capsulam
3646 396 3794 452 ape-

289 480 538 544 videtur,
574 485 636 532 ut
667 489 784 531 una
805 488 936 530 cum
967 487 1140 528 carne
1171 481 1467 542 assumpta
1495 472 1565 528 sit
1602 472 1654 526 in
1688 473 1916 527 cretum.
1954 491 1982 522 ι)

289 568 450 634 Quod
496 569 644 620 inter
673 564 810 618 alios
856 565 1026 632 (quos
1052 577 1118 617 eo
1158 562 1259 616 loci
1305 562 1456 630 apud
1487 561 1748 616 eumdem
1805 563 1984 616 Baro-

291 657 450 712 nium
516 653 744 724 legeris)
806 652 959 706 Beda
1023 650 1399 720 Ephemerid'c
1457 664 1636 704 mens.
1702 654 1848 719 Aug.
1922 651 1985 703 t8

290 743 526 800 Kalend.

433 842 646 894 Octava
677 841 729 894 et
760 836 984 891 decima
1009 836 1213 892 mundi
1245 836 1360 898 lux,
1373 835 1608 907 ﬂosque
1638 835 1834 907 Maria

430 909 712 982 Angelico
739 909 1016 963 comitata
1044 909 1213 962 choro
1237 906 1382 978 petit
1410 905 1620 962 ethera
1657 905 1839 977 Virgo.

288 1014 475 1080 Atque
503 1009 557 1064 id
588 1008 820 1078 quidem
861 1004 1078 1060 affabre
1126 1005 1380 1074 sciteque
1428 1005 1629 1074 probat
1677 1003 1986 1060 Guibertus

289 1106 633 1256 mitgbxp.
686 1184 780 1250 ΙΙΙ,
833 1186 860 1248 §
905 1197 962 1237 ιι.
1013 1213 1079 1220 -
1124 1184 1315 1252 Caput
1373 1179 1650 1250 Baptistae
1706 1178 1988 1234 Dominicz'

286 1293 416 1331 cum
461 1269 1098 1343 Conslanlinopolilani
1125 1270 1333 1325 habere
1362 1286 1424 1323 se
1445 1269 1660 1335 dicant,
1697 1269 1984 1339 Angeria-

289 1380 484 1420 censes
514 1361 787 1417 Monachi
812 1360 962 1414 idem
987 1376 1048 1412 se
1071 1359 1279 1414 habere
1309 1361 1610 1412 testantur.
1645 1358 1808 1412 Hisce
1837 1357 1905 1412 de
1927 1357 1978 1412 S.

289 1453 526 1510 Joannis
556 1451 738 1520 capite
781 1449 1187 1505 controversiis
1229 1448 1382 1502 haud
1416 1447 1727 1514 immorer;
1774 1447 1980 1502 etenim

288 1543 368 1598 nil
420 1543 558 1597 certi
593 1538 934 1609 quitstatui,
984 1537 1089 1591 nisi
1145 1537 1295 1606 quod
1347 1536 1541 1590 omnia
1593 1535 1844 1602 incerta;
1879 1550 1984 1588 nec

286 1646 403 1686 non
431 1639 486 1686 et
533 1643 566 1683 a
596 1626 948 1682 doctioribus
995 1632 1126 1680 ante
1163 1639 1251 1678 me
1295 1623 1489 1678 multis
1521 1623 1675 1678 ultro
1721 1623 1982 1691 citroque

2090 472 2316 537 ruisset,
2363 470 2698 526 attestanti?
2731 475 2818 525 An
2869 472 3145 526 monacho
3197 469 3610 536 Suessionensi,
3657 487 3790 525 cor—

2094 576 2202 630 pus
2267 561 2322 614 in
2361 560 2559 615 eadem
2613 559 2852 628 capsula
2917 559 3214 614 inventum
3257 559 3602 628 ipsissimum
3663 574 3796 614 esse

2094 650 2147 705 S.
2239 649 2476 704 Firmini
2542 657 2934 704 asseveranter
3005 649 3247 717 probare
3312 650 3590 704 conanti?
3649 649 3795 704 Rem

2092 739 2504 806 discutiamus;
2537 738 2664 804 erit,
2697 752 2878 807 spero,
2912 738 3104 793 lectori
3139 738 3294 793 haud
3325 739 3638 807 ingratum.

2163 828 2250 884 Sic
2313 827 2507 896 itaque
2561 842 2618 883 se
2681 841 2770 882 res
2831 827 2999 882 habet
3068 827 3160 882 hic
3206 827 3358 896 apud
3420 826 3793 881 Guibertum.

2097 938 2116 964 α
2154 916 2325 972 Plane
2385 915 2643 970 decessor
2702 930 2863 971 meus
2914 914 3314 970 Ambianensis
3346 915 3592 984 episcop.
3653 929 3795 969 cum

2092 1019 2301 1075 corpus
2351 1003 2587 1058 Firmini
2639 1012 2806 1059 mart.
2864 1011 2926 1059 ut
2958 1011 3141 1073 putat,
3188 1011 3477 1073 quatenus
3506 1004 3573 1058 de
3622 1003 3798 1058 theca

2093 1094 2149 1149 in
2181 1095 2403 1152 thecam
2454 1092 2699 1156 efferret,
2727 1092 2954 1148 nullum
3008 1092 3144 1146 inibi
3183 1091 3476 1162 pitacium,
3509 1107 3578 1146 ne
3610 1093 3800 1146 unius

2096 1183 2330 1252 quidem
2383 1184 2584 1238 Iitterze
2643 1181 3066 1248 testimonium,
3124 1181 3255 1250 quis
3293 1180 3498 1235 ibidem
3548 1181 3794 1250 jaceret,

2092 1270 2331 1326 invenit.
2394 1270 2518 1336 Qua
2564 1271 2633 1325 de
2692 1284 2752 1324 re
2806 1269 2968 1325 urbis
3017 1269 3318 1338 episcopus
3373 1268 3654 1337 plumbea:
3698 1268 3792 1322 la-

2091 1360 2260 1415 minae
2293 1374 2424 1415 mox
2476 1358 2784 1428 inscripsit,
2840 1359 2994 1427 quod
3041 1357 3156 1412 illic
3182 1357 3524 1413 conderetur
3570 1357 3795 1412 Firmi-

2090 1449 2224 1503 nius
2254 1457 2472 1516 martyr
2498 1447 2909 1502 Ambianorum
2944 1447 3183 1515 episcop.
3218 1468 3244 1494 »
3277 1447 3407 1501 Haec
3435 1445 3544 1500 ille.

2159 1537 2427 1606 Nicolaus
2459 1551 2590 1590 vero
2654 1536 2748 1590 lib.
2801 1551 2859 1599 tt,
2895 1549 3018 1605 cap.
3054 1538 3145 1600 26,
3201 1535 3341 1589 Vita:
3371 1535 3550 1588 sancti
3595 1535 3791 1589 Gode-

2093 1624 2243 1691 fridi,
2310 1633 2683 1693 posteaquam
2748 1623 2941 1678 retulit
3006 1625 3064 1676 Β.
3133 1623 3499 1678 Godefridum
3573 1624 3792 1678 multos

287 1719 645 1787 disputatum
675 1723 759 1770 est
793 1729 803 1768 :
837 1727 904 1768 ea
934 1713 1002 1768 de
1031 1727 1090 1767 re
1123 1712 1325 1766 lubens
1355 1711 1642 1766 calamum
1679 1710 1973 1765 subtraho.
2020 1695 2058 1748 Β
2093 1721 2223 1768 ante
2271 1713 2390 1768 dies
2421 1713 2722 1782 populum,
2771 1713 2850 1767 uti
2885 1726 3126 1767 munera
3171 1713 3240 1766 ad
3289 1712 3581 1780 capsulam
3638 1727 3787 1766 con-

289 1821 356 1862 ac
431 1807 588 1862 sileo.
659 1802 905 1859 Consule
973 1801 1282 1856 Baronium
1353 1799 1560 1854 Annal.
1630 1799 1841 1854 Eccles.
1909 1800 1980 1853 ad

287 1910 507 1950 annum
567 1896 658 1948 39f
697 1899 750 1946 et
803 1893 936 1944 t025
984 1904 1051 1944 ac
1096 1897 1212 1944 not.
1257 1889 1310 1942 in
1361 1888 1728 1958 Martyrolog.
1782 1888 1978 1942 Roma.

285 1985 375 2040 die
406 1986 473 2037 29
506 1981 770 2053 Augusti.

359 2074 639 2128 Czeterum
690 2068 996 2124 novissime
1035 2067 1315 2132 omnium,
1357 2066 1425 2121 de
1456 2065 1632 2120 variis
1677 2079 1856 2136 agens
1889 2065 1982 2118 in-

283 2160 673 2226 ventionibus,
729 2172 795 2212 ac
848 2155 1324 2212 translationibus
1383 2160 1533 2208 δοῦ
1581 2153 1783 2223 capitis
1841 2168 1979 2208 san-

283 2250 435 2305 ctiss.
474 2245 846 2319 praecursoris
878 2245 1179 2307 Henricus,
1210 2244 1555 2313 Spondanus
1585 2243 1872 2297 observat.
1907 2242 1977 2296 ad

284 2353 379 2395 an.
416 2338 552 2391 1024
596 2335 765 2406 epito.
822 2333 1027 2389 Annal.
1075 2333 1287 2387 Eccles.
1336 2331 1526 2387 subdit
1563 2330 1706 2385 ista:
1747 2354 1765 2379 ι
1804 2331 1976 2387 Deni-

283 2443 398 2498 que
449 2425 603 2497 quod
660 2425 901 2479 diversae
953 2421 1218 2476 Ecclesiae
1267 2421 1590 2490 gloriantur
1629 2420 1698 2475 de
1754 2434 1978 2489 posses-

282 2511 440 2567 sione
505 2509 758 2580 ejusdem
819 2507 1058 2575 capitis,
1120 2506 1196 2559 ita
1257 2518 1372 2559 rem
1442 2504 1733 2559 definitam
1796 2504 1978 2559 voluit

283 2601 568 2657 Robertus
611 2598 664 2651 le
737 2595 970 2660 Viseur,
1021 2594 1321 2662 theologus
1387 2592 1563 2647 Paris.
1613 2601 1668 2647 et
1711 2593 1971 2647 canonic.

279 2689 504 2743 Ambia.
557 2685 656 2754 qui
706 2683 1050 2753 peculiarem
1083 2695 1148 2735 ea
1195 2683 1262 2736 de
1306 2695 1365 2735 re
1397 2687 1700 2736 tractatum
1749 2680 1971 2747 habuit,

283 2785 347 2832 ut
375 2774 664 2845 Angeliaci
711 2770 880 2827 fuerit
925 2784 1057 2840 pars
1093 2769 1272 2824 cranii
1317 2769 1490 2822 missa
1519 2781 1552 2822 a
1599 2767 1973 2823 Constantino

281 2868 638 2933 Copronymo
674 2862 805 2928 imp.
846 2860 916 2914 ad
950 2858 1214 2927 Pipinum
1249 2869 1436 2926 regem
1487 2856 1688 2910 Franc.
1717 2856 1971 2924 ejusdem

2092 1802 2393 1857 ﬁciendam
2449 1801 2738 1867 offerrent,
2797 1809 3306 1870 praepararentque
3353 1814 3472 1855 sese
3515 1800 3586 1854 ad
3645 1801 3789 1854 reli-

2089 1890 2361 1960 quiarum
2432 1889 2898 1954 translationem,
2956 1888 3324 1944 adhortatum
3383 1887 3594 1953 fuisse,
3663 1889 3788 1942 haec

2087 1979 2282 2034 subdit
2311 1993 2322 2031 :
2357 2001 2378 2026 ι
2425 1978 2732 2046 Postquam
2761 1976 2984 2032 loculus
3032 1986 3299 2032 accurate
3329 1976 3618 2032 confectus
3653 1977 3782 2036 fuit,

2087 2068 2155 2122 ad
2205 2082 2330 2121 eam
2390 2067 2578 2131 diem,
2645 2081 2760 2135 quo
2809 2074 2974 2119 erant
3008 2066 3416 2121 transferendae
3479 2065 3780 2133 reliquize,

2086 2162 2286 2210 tantus
2329 2169 2394 2209 eo
2425 2152 2657 2208 advenit
2709 2153 3004 2208 hominum
3051 2162 3249 2220 coetus,
3299 2163 3360 2209 ut
3393 2161 3507 2208 tota
3551 2153 3782 2221 Europa

2087 2243 2435 2299 conﬂuxisse
2477 2242 2654 2297 videri
2706 2250 2906 2311 posset.
2947 2243 3093 2298 Tum
3135 2244 3436 2311 episcopus
3483 2256 3614 2296 cum
3653 2242 3782 2295 aliis

2085 2332 2477 2387 sacerdotibus
2543 2331 2777 2385 accessit
2831 2331 2901 2385 ad
2971 2330 3178 2397 locum,
3241 2331 3338 2385 ubi
3405 2329 3646 2384 caelestis
3690 2328 3781 2382 ille

2085 2421 2428 2476 servabatur
2495 2419 2839 2486 thesaurus,
2908 2433 3216 2488 sacrasque
3280 2419 3571 2488 reliquias,
3643 2430 3780 2470 cum

2083 2509 2264 2564 multo
2330 2517 2575 2564 tremore
2629 2506 2898 2562 omnibus
2963 2508 3228 2562 visendas
3280 2508 3576 2575 exposuit,
3640 2513 3777 2564 etc.,

2081 2598 2284 2653 deinde
2346 2595 2622 2666 populum
2684 2595 2934 2651 dimittit.
3007 2597 3152 2651 Huic
3199 2605 3391 2650 autem
3453 2593 3781 2664 spectaculo

2083 2702 2196 2742 non
2247 2685 2575 2749 interfuere,
2629 2683 2731 2752 qui
2782 2685 3182 2741 Ambianensis
3223 2685 3383 2740 urbis
3437 2683 3781 2738 suburbana

2082 2775 2204 2829 loca
2233 2775 2511 2829 habitant.
2550 2773 2835 2828 Accedunt
2870 2775 3047 2844 igitur
3085 2775 3154 2828 ad
3187 2773 3574 2836 Godefridum,
3606 2781 3780 2826 orant

2080 2871 2145 2918 ut
2193 2861 2327 2932 ipsis
2375 2876 2608 2931 quoque
2640 2862 2700 2917 B.
2737 2862 2970 2917 Firmini
3018 2876 3210 2917 sacras
3262 2860 3536 2929 reliquias
3578 2865 3779 2913 osten-

281 2950 716 3023 Angeriacensis
771 2946 1013 3002 coenobii
1071 2945 1446 3012 conditorem;
1517 2944 1708 2999 Romae
1765 2944 1821 2998 in
1873 2958 1971 2998 ec-

2128 2960 2200 3006 at.
2255 2955 2322 3006 At
2355 2952 2444 3007 ille
2498 2955 2663 3010 valde
2713 2951 3044 3008 admirans:
3081 2950 3206 3016 Ubi,
3259 2949 3466 3018 inquit,
3530 2949 3778 3002 nudius-

281 3042 452 3098 clesia
482 3039 536 3096 S.
580 3038 832 3095 Silvestri
870 3050 1000 3106 pars
1049 3035 1225 3089 altera
1257 3033 1468 3101 cranii;
1518 3033 1792 3103 Augusta
1825 3047 1975 3102 prae-

281 3131 440 3186 toriae
469 3130 523 3184 in
548 3127 758 3182 tinibus
787 3124 1247 3194 subalpinorum,
1284 3121 1519 3176 maxilla
1543 3121 1762 3190 altera;
1798 3121 1976 3177 altera

281 3217 594 3288 Lugduni;
643 3213 908 3271 Ambiani
955 3227 1126 3278 vero,
1185 3217 1419 3279 excepto
1468 3217 1676 3277 mento,
1738 3224 1772 3264 a
1824 3209 1974 3266 labio

281 3307 560 3377 superiori
592 3319 775 3373 usque
805 3304 876 3357 ad
909 3310 1124 3371 partem
1155 3300 1370 3354 frontis.
1418 3321 1437 3346 ι
1476 3299 1544 3353 Et
1572 3299 1769 3367 paucis
1803 3299 1972 3354 inter-

277 3397 442 3467 jectis
475 3410 486 3449 :
521 3414 548 3444 α
579 3397 724 3449 Cum
753 3392 822 3446 de
855 3391 942 3445 his
971 3389 1050 3444 nil
1083 3400 1504 3458 usquequaque
1535 3396 1752 3442 certum
1797 3387 1973 3442 asseri

282 3498 443 3554 posse
490 3481 774 3546 videatur,
809 3479 878 3533 de
926 3479 1012 3532 his
1039 3475 1265 3531 interim
1317 3475 1479 3530 liceat
1510 3479 1652 3544 (una
1695 3490 1826 3531 cum
1863 3476 1972 3530 Ba-

281 3573 443 3629 ronio
490 3571 546 3626 in
605 3568 805 3624 litteris
860 3567 929 3621 ad
986 3566 1250 3620 eumdem
1307 3563 1614 3618 Robertum
1663 3563 1972 3632 rescriptis)

281 3662 434 3733 quod
467 3661 600 3715 olim
658 3665 924 3727 prsetores
971 3655 1153 3710 edicto
1197 3653 1481 3722 proposito
1519 3652 1585 3706 iis
1615 3652 1716 3721 qui
1747 3667 1804 3706 se
1853 3666 1970 3706 rem

281 3751 536 3820 aliquam
570 3746 853 3817 possidere
902 3743 1258 3797 affirmarent
1289 3757 1301 3792 :
1340 3761 1361 3787 ε
1399 3739 1678 3794 Possidete
1711 3741 1791 3794 uti
1839 3754 1974 3808 pos-

281 3839 494 3895 sidetis.
534 3858 554 3885 ι
589 3833 903 3890 Laudanda
936 3845 1071 3886 vero
1098 3831 1277 3899 pietas
1304 3842 1502 3883 eorum
1535 3829 1632 3897 qui
1663 3827 1749 3882 his
1776 3841 1973 3882 sacro-

281 3927 496 3983 sanctis
528 3923 870 3994 pignoribus
900 3918 1139 3988 cupiunt
1172 3917 1279 3972 sibi
1313 3917 1598 3986 peculiare
1647 3917 1786 3971 tanti
1821 3929 1973 3986 prae-

281 4016 532 4071 cursoris
573 4010 955 4082 patrocinium
987 4006 1320 4062 adsciscere.
1353 4024 1381 4056 to
1426 4004 1548 4071 Quo
1578 4012 1831 4074 tempore
1862 4004 1970 4059 illae

279 4111 492 4160 sanctae
537 4099 770 4156 Joannis
813 4095 1072 4166 reliquize
1112 4094 1456 4150 Ambianum
1509 4093 1797 4148 translatae
1839 4092 1971 4148 fue-

281 4193 396 4249 rint
445 4189 642 4261 (nullae
684 4187 834 4243 enim
867 4185 1123 4241 Guiberti
1171 4197 1294 4239 aevo
1346 4181 1484 4238 inibi
1525 4180 1849 4251 exstabant)
1884 4181 1972 4235 vis

279 4281 494 4338 nosse?
547 4277 761 4347 inspice
818 4275 1121 4345 praefatum
1183 4271 1412 4328 Roberti
1465 4270 1519 4324 le
1579 4268 1784 4323 Viseur
1831 4269 1968 4324 Tra-

280 4376 601 4528 οιῗξξηὲλιδ.
647 4454 796 4519 III,§
854 4467 910 4506 tt.
944 4481 1013 4490 ——
1072 4449 1253 4503 Plane
1299 4447 1559 4501 decessor
1611 4462 1770 4499 meus
1823 4447 1968 4500 Am-

277 4543 572 4602 bianensis
626 4558 756 4596 cum
813 4555 1017 4610 corpus
1066 4535 1316 4593 Firmim'
1357 4532 1652 4605 martyris,
1703 4541 1812 4590 etc.
1848 4535 1970 4590 Duo

279 4633 471 4691 saeculi
520 4631 699 4702 hujus
746 4636 1026 4694 auctores,
1056 4624 1344 4682 contraria
1387 4623 1456 4678 de
1486 4631 1682 4677 saneto
1716 4621 1969 4676 Firmino

279 4727 616 4784 asserentes,
681 4722 998 4773 occurrunt
1038 4728 1048 4766 :
1094 4711 1405 4768 Guibertus
1434 4710 1611 4766 abbas
1640 4709 1969 4779 Novigenti-

278 4826 408 4878 nus,
468 4817 523 4864 et
571 4807 839 4862 Nicolaus
883 4802 935 4858 S.
1003 4800 1246 4870 Crispini
1295 4798 1713 4855 Suessionensis
1763 4811 1969 4853 mona-

278 4899 443 4956 chus.
495 4897 596 4952 Ille
653 4894 742 4948 vir
789 4890 982 4962 gravis
1012 4898 1066 4944 et
1127 4896 1367 4944 maturae
1417 4888 1636 4952 aetatis;
1688 4887 1780 4941 hic
1832 4886 1967 4941 ado-

280 4988 517 5053 lescens,
569 4983 670 5054 qui
726 4981 828 5036 vix
872 4977 1191 5048 pubertatis
1242 4991 1424 5032 annos
1473 4983 1793 5032 excesserat
1835 4989 1966 5029 cum

279 5076 550 5132 scriberet
597 5070 786 5126 :alter
833 5074 1193 5135 coaetaneus;
1235 5078 1453 5134 suppar
1499 5063 1678 5131 alter;
1732 5061 1970 5131 insignis

279 5163 540 5220 doctrina
596 5174 664 5215 ac
723 5157 998 5228 dignitate
1060 5154 1318 5224 primus;
1378 5152 1667 5207 secundus
1727 5149 1968 5219 simplex

280 5251 588 5316 ccenobita,
638 5256 692 5304 et
717 5255 888 5302 notus
913 5242 1268 5300 solummodo
1311 5255 1383 5296 ex
1412 5241 1542 5296 Vita
1579 5238 1758 5294 sancti
1790 5237 1967 5294 Gode-

279 5342 411 5398 fridi
475 5337 738 5395 Ambian.
785 5349 875 5404 ep.
926 5346 1103 5403 quam
1163 5337 1217 5385 et
1263 5329 1535 5386 relatione
1583 5326 1968 5397 quorumdam

279 5427 592 5485 contexuit.
626 5424 752 5481 Utri
795 5422 963 5477 fidem
1007 5417 1338 5475 adhibebo?
1375 5415 1720 5471 Guibertone
1750 5414 1966 5481 abbati,

278 5515 505 5572 nullum
562 5513 631 5568 de
687 5524 923 5580 corpore
948 5508 1002 5564 S.
1065 5505 1302 5562 Firmini
1352 5511 1642 5574 repertum
1707 5501 1968 5559 testimo-

2087 3040 2286 3096 tertius
2316 3041 2521 3109 fuistis,
2556 3043 2789 3114 quando
2817 3054 2942 3094 mea
2977 3053 3153 3093 manu
3190 3051 3287 3092 eas
3315 3038 3581 3092 omnibus
3611 3051 3777 3090 com-

2082 3129 2443 3198 templandas
2472 3131 2752 3188 exhibui?
2785 3127 3048 3184 Atlerunt
3077 3127 3169 3181 alii
3200 3125 3334 3192 alia,
3359 3133 3465 3180 etc.
3502 3123 3777 3178 Flectitur

2083 3217 2308 3273 tandem
2363 3218 2453 3272 vir
2497 3219 2626 3288 pius
2655 3227 2710 3274 et
2739 3218 2798 3272 in
2845 3214 3170 3270 celebritate
3215 3213 3483 3268 Omnium
3533 3210 3774 3265 Sancto-

2081 3318 2233 3370 rum,
2292 3307 2582 3374 praemisso
2629 3305 2869 3376 jejunio,
2918 3303 2997 3357 ait
3035 3317 3093 3356 se
3141 3300 3404 3370 precibus
3452 3299 3774 3353 satisfactu-

2083 3407 2232 3448 rum.
2271 3414 2290 3439 ι
2327 3393 2484 3458 Quod
2519 3394 2789 3458 effecisse,
2823 3405 3022 3455 necne,
3059 3391 3136 3444 nil
3173 3391 3376 3444 retexit
3403 3399 3620 3442 auctor.

2153 3481 2662 3538 Verumenimvero
2711 3481 2850 3551 quid
2899 3478 3242 3549 ejuscemodi
3294 3476 3505 3532 Nicolai
3554 3489 3768 3530 sermo-

2081 3569 2253 3624 nibus
2304 3569 2528 3640 colliget
2595 3571 2767 3626 lector
2815 3569 3098 3632 eruditus,
3153 3565 3258 3620 nisi
3320 3569 3469 3633 (mea
3535 3565 3769 3633 quidem

2081 3659 2383 3727 sententia)
2419 3659 2551 3714 istos
2591 3674 2663 3714 ex
2711 3659 2998 3713 industria
3050 3656 3390 3725 compositos
3442 3654 3523 3709 uti
3573 3652 3772 3706 fucum

2081 3745 2310 3811 faceret,
2340 3747 2705 3803 obnubilaret
2751 3747 3046 3802 veritatem
3068 3744 3095 3798 ?
3142 3746 3214 3799 At
3264 3743 3385 3797 meo
3416 3740 3604 3796 omnia
3636 3741 3775 3794 vin-

2080 3833 2176 3897 cit,
2208 3848 2384 3905 seque
2416 3837 2645 3892 tandem
2679 3836 2892 3906 profert
2922 3834 2976 3888 in
3009 3833 3289 3902 apricum.
3326 3831 3536 3900 Ecquze
3566 3829 3774 3883 amabo

2082 3920 2236 3976 illius
2284 3923 2636 3979 narrationis
2688 3921 3017 3979 connexio?
3046 3921 3312 3976 Testatur
3359 3917 3628 3974 credulus
3679 3917 3775 3971 ille

2079 4009 2347 4065 Nicolaus
2380 4018 2458 4066 tot
2501 4011 2741 4081 populos
2769 4011 3142 4072 Ambianum,
3192 4022 3307 4077 quo
3337 4019 3499 4062 sacra
3532 4005 3774 4060 Firmini

2081 4096 2318 4168 pignora
2357 4107 2789 4166 venerarentur,
2840 4097 3194 4161 convenisse,
3231 4115 3258 4146 (ι
3294 4087 3363 4150 υἱ
3391 4102 3504 4150 tota
3537 4094 3776 4162 Europa

2078 4185 2425 4242 confluxisse
2467 4187 2646 4242 videri
2693 4194 2895 4256 posset.
2949 4205 2976 4237 ι)
3029 4184 3242 4240 Deinde
3277 4199 3288 4236 :
3329 4205 3350 4230 ε
3399 4183 3543 4237 Huic
3575 4190 3772 4236 autem

2010 4279 2053 4334 D
2085 4273 2408 4342 spectaculo
2453 4290 2568 4331 non
2627 4275 2954 4338 interfuere,
2998 4273 3096 4343 qui
3146 4271 3551 4328 Ambianensis
3609 4269 3775 4325 urbis

2077 4361 2417 4418 suburbana
2465 4363 2590 4418 loca
2637 4363 2918 4418 habitant.
2957 4384 2977 4410 ι
3016 4361 3124 4428 Qui
3168 4374 3266 4416 oro
3319 4369 3372 4416 te
3401 4358 3630 4414 suaderi
3677 4373 3775 4428 po-

2078 4456 2183 4505 test
2213 4459 2275 4505 ut
2305 4459 2421 4507 tota
2467 4453 2702 4521 Europa
2743 4451 2813 4506 ad
2847 4451 3226 4520 reliquiarum
3276 4447 3502 4518 patroni
3540 4446 3776 4501 Ambia~

2077 4550 2285 4592 norum
2313 4539 2692 4594 ostensionem
2722 4537 3062 4602 conﬂuxisse
3083 4535 3264 4590 videri
3289 4537 3503 4605 posset,
3537 4547 3602 4588 ac
3627 4534 3771 4588 sub-

2077 4623 2289 4678 urbani
2359 4624 2734 4680 nihilominus
2787 4624 3044 4679 occlusas
3096 4622 3370 4677 continuo
3431 4621 3772 4676 habuissent

2077 4725 2268 4777 aures,
2329 4712 2570 4768 fuissent
2613 4712 2793 4768 oculis
2832 4712 3000 4781 capti,
3051 4709 3387 4766 inebriative
3442 4708 3772 4764 obdormis-

2077 4806 2202 4854 sent
2247 4805 2363 4854 toto
2393 4799 2500 4854 die.
2537 4799 2884 4854 Nutabunda
2931 4799 3132 4868 utique
3178 4794 3464 4852 narratio!
3502 4797 3583 4851 Ac
3627 4810 3770 4866 pro-

2076 4886 2210 4941 inde
2269 4886 2616 4950 Guibertus.
2679 4887 2768 4942 sin
2836 4887 2991 4943 testis
3033 4887 3334 4954 oculatus,
3408 4883 3493 4940 vel
3537 4899 3772 4940 coaevus

2077 4975 2282 5044 potiori
2330 4975 2462 5045 jure
2504 4976 2830 5032 audiendus
2879 4984 2998 5046 est;
3053 4975 3142 5031 vir
3169 4989 3307 5030 sane
3359 4975 3498 5045 justi
3534 4974 3772 5042 verique

2078 5061 2526 5130 amantissimus,
2570 5063 2669 5133 qui
2716 5064 2956 5132 nemini,
2987 5064 3084 5119 ubi
3135 5064 3362 5127 vitium,
3404 5064 3504 5120 ubi
3551 5064 3771 5119 falsita-

2079 5157 2227 5218 tem,
2285 5151 2383 5206 ubi
2445 5151 2738 5207 catholicae
2786 5151 2915 5208 fidei
2979 5153 3386 5222 corruptelam,
3437 5153 3534 5209 ubi
3583 5152 3772 5208 labem

2077 5238 2471 5295 ecclesiastica:
2539 5239 2819 5296 libertatis
2880 5243 3126 5310 reperit;
3203 5242 3282 5296 nil
3351 5255 3625 5311 parcere,
3690 5241 3774 5294 nil

2078 5327 2442 5383 dissimulare
2493 5328 2709 5393 nescit;
2757 5329 3243 5397 quemadmodum
3279 5329 3404 5385 luce
3454 5330 3776 5386 meridiana

2076 5414 2289 5471 clarius
2316 5416 2527 5486 scripta
2556 5417 2734 5486 ipsius
2761 5417 3048 5473 evolventi
3078 5425 3340 5486 patescet.

2149 5503 2272 5570 Quo
2307 5504 2538 5562 demum
2601 5506 2658 5560 in
2721 5505 2842 5561 loco
2890 5506 3200 5576 pretiosum
3265 5506 3503 5562 Firmini
3559 5507 3778 5576 pignus
