3922 6080
142 215 284 269 1029

138 454 327 504 mora,
368 463 388 487 υ
425 441 620 497 scribit
654 443 790 511 ipse,
828 463 853 490 «
891 442 944 496 in
974 443 1320 498 monasterio
1352 442 1538 498 Sancti
1592 444 1847 516 Dionysii

138 529 226 598 (in
261 531 523 599 Francia)
555 531 700 584 idem
733 531 1025 587 actitatur.
1066 533 1271 586 Parata
1311 533 1383 588 ab
1417 533 1624 588 abbate
1674 549 1844 590 orna-

141 618 278 672 tiori
307 633 477 688 capsa
508 619 646 674 dum
685 620 814 674 inde
844 620 1162 684 extollitur,
1203 621 1342 676 dum
1387 635 1516 676 cum
1578 623 1849 678 membris

139 715 320 775 caput
359 707 664 774 evolvitur,
709 709 1112 764 membranula
1165 709 1221 763 in
1278 711 1549 779 martyris
1609 712 1847 768 naribus

141 797 432 864 reperitur
466 796 523 849 in
569 809 684 866 qua
711 797 864 866 quod
907 805 1052 852 esset
1097 798 1388 853 Firminus
1446 799 1848 854 Ambianensis

140 893 366 954 martyr
393 886 773 955 expromitur.
815 908 842 933 »
875 886 946 941 At
1004 900 1075 941 ne
1120 894 1319 942 auctor
1350 887 1547 958 gratis,
1597 901 1698 944 seu
1737 888 1845 944 bile

141 979 299 1028 mota
347 972 542 1029 isthaec
589 987 838 1030 asserere
900 975 1032 1046 quis
1079 975 1292 1042 credat,
1360 976 1660 1045 antiquam
1707 976 1845 1034 libet

138 1073 344 1116 eruere
420 1063 870 1130 translationem,
962 1063 1280 1133 Dagoberto
1368 1065 1409 1130 l,
1493 1065 1841 1122 Francorum

138 1160 277 1217 rege
324 1149 684 1220 praecipiente
736 1151 964 1219 factam,
1018 1167 1049 1208 e
1096 1152 1516 1222 Piquiniacensi
1567 1163 1752 1210 castro
1783 1155 1841 1210 in

140 1234 659 1307 Sandionysianam
692 1240 1006 1295 ecclesiam.

215 1330 362 1378 εστ
411 1348 430 1374 ε
480 1328 753 1398 Tempore
803 1328 1031 1398 gloriosi
1063 1344 1130 1385 ac
1160 1330 1398 1400 piissimi
1458 1331 1609 1401 regis
1654 1332 1840 1387 Fran-

139 1427 345 1468 corum
407 1415 730 1486 Dagoberti,
792 1419 1138 1473 Hunnorum
1191 1434 1330 1489 gens
1386 1419 1553 1474 corde
1604 1419 1839 1476 ferocis-

139 1501 310 1567 sima,
346 1517 579 1572 procera
617 1520 872 1575 corpore,
903 1507 1064 1562 bellis
1120 1515 1365 1570 assueta,
1425 1507 1554 1575 plus
1585 1509 1653 1563 de
1703 1523 1838 1577 pro-

140 1590 286 1659 priis
317 1592 538 1648 viribus
567 1608 743 1664 quam
789 1595 857 1650 de
894 1595 1091 1650 divino
1118 1610 1473 1664 praesumens
1525 1596 1835 1666 adjutorio,

1425 216 1634 275 DOMNI
1679 219 1740 274 L.
1783 219 2127 275 D’ACHERY
2168 217 2395 278 ΝΟΤλλΕ.

141 351 490 421 requiescat,
576 353 776 422 paucis
839 352 1086 409 declarat
1164 354 1344 410 abbas
1390 364 1599 411 noster.
1654 380 1681 406 ‹‹
1733 356 1844 413 Nec
1882 392 1929 442 Α
1963 356 2219 413 tulerunt
2275 375 2287 412 :

3523 232 3540 282 1
3556 230 3661 285 030

2345 359 2504 423 Quod
2560 359 2770 415 idcirco
2835 360 3048 416 factum
3127 372 3211 419 est
3267 367 3409 436 quia
3452 367 3656 423 civitas

1961 459 2165 514 parum
2199 447 2424 502 munita
2447 456 2644 502 contra
2673 448 2824 518 regis
2856 448 3130 517 impetum
3185 452 3505 511 videbatur.
3549 457 3654 512 Ca-

1956 541 2141 589 strum
2171 542 2362 590 autem
2410 536 2572 602 illud,
2605 544 2659 592 et
2695 545 2904 591 natura
2933 537 3056 604 loci,
3112 547 3166 593 et
3211 545 3468 597 manuali
3511 547 3654 600 arti-

1959 621 2106 688 ﬁcio,
2154 629 2209 677 et
2267 622 2607 678 bellatorum
2663 624 2906 678 audacia
2961 623 3357 694 fortissimum,
3400 638 3454 683 et
3498 632 3655 688 velut

1957 709 2404 782 inexpugnabile
2454 713 2786 780 putabatur.
2822 713 2926 768 Sed
2967 734 2994 761 «
3052 729 3168 769 non
3201 724 3283 771 est
3325 718 3650 787 prudentia,

1956 813 2073 852 non
2106 806 2189 853 est
2217 799 2513 868 sapientia,
2547 815 2662 854 non
2707 808 2789 855 est
2845 801 3145 856 consilium
3203 812 3400 859 contra
3457 807 3654 862 Domi-

1954 900 2095 941 num
2131 908 2159 934 »
2191 887 2385 955 (Prov.
2414 901 2530 954 xxi,
2563 889 2674 956 30).

2025 996 2052 1022 «
2084 975 2205 1030 Rex
2239 975 2416 1045 igitur
2432 990 2563 1030 cum
2612 978 2964 1032 Francorum
3011 979 3290 1045 exercitu,
3326 979 3653 1048 praedictam

1951 1061 2150 1116 adiens
2189 1061 2494 1128 civitatem,
2530 1063 2728 1131 paucis
2755 1063 3136 1131 obstantibus,
3168 1066 3291 1120 sine
3320 1066 3500 1121 multa
3539 1067 3654 1122 dif-

1954 1149 2204 1204 ﬁcultate
2234 1148 2588 1219 ingreditur;
2648 1151 2836 1206 hostes
2871 1165 3005 1206 cum
3057 1153 3214 1222 regia
3261 1153 3653 1223 indignatione

1951 1237 2328 1307 aggreditur;
2377 1237 2656 1306 quosdam
2692 1239 2976 1304 interﬁcit,
3005 1239 3133 1294 aliis
3160 1240 3432 1295 carcerali
3461 1250 3650 1298 custo-

1949 1325 2056 1381 diae
2095 1326 2454 1395 mancipatis,
2501 1327 2763 1381 nonnulli
2813 1341 2945 1382 vero
2977 1328 3128 1398 fugae
3162 1328 3423 1398 praesidio
3455 1331 3654 1387 mortis

1951 1414 2268 1484 periculum
2299 1422 2626 1469 evaserunt.
2685 1416 2803 1472 Rex
2866 1415 3042 1486 igitur
3098 1417 3474 1487 Dagobertus,
3529 1419 3649 1489 glo-

1949 1498 2103 1552 riosa
2127 1498 2197 1552 de
2236 1498 2497 1553 hostibus
2527 1499 2740 1568 potitus
2787 1499 3040 1565 victoria,
3074 1514 3162 1566 ne,
3196 1502 3350 1570 quod
3378 1502 3546 1569 absit,
3578 1504 3650 1559 ad

1948 1586 2227 1655 gloriosos
2258 1594 2600 1655 protectores
2651 1601 2785 1642 suos
2846 1588 3213 1655 Maelianum,
3273 1589 3486 1646 scilicet
3514 1592 3647 1647 Dio-

138 1679 619 1750 circumjaccntes
676 1683 1002 1752 provincias
1057 1683 1164 1738 sibi
1214 1685 1510 1753 tyrannice
1557 1685 1836 1756 subjuga-
1877 1696 1918 1749 Β
1948 1675 2176 1744 ηγεῑωη
2207 1676 2504 1744 εοθίοείὶυθ
2533 1675 2681 1745 eius.
2717 1689 2850 1730 reus
2880 1675 3313 1744 ingl‘alimdiﬂis
3344 1688 3643 1746 remearet,

140 1767 272 1836 hat;
309 1783 412 1823 nec
461 1770 612 1825 istud
642 1771 690 1825 ei
740 1771 1033 1827 sufﬁciens
1081 1772 1405 1837 videbatur,
1453 1774 1548 1828 sed
1598 1775 1841 1830 audiens

139 1856 559 1925 przecellentem
621 1859 780 1930 regni
841 1860 1190 1916 Francorum
1252 1862 1519 1932 regisque
1575 1863 1836 1932 gloriam,

138 1945 289 1999 idem
323 1960 565 2016 regnum
599 1961 746 2003 ausu
778 1950 1076 2004 temerario
1107 1964 1211 2005 suo
1246 1951 1566 2006 dominatui
1597 1952 1838 2007 submit-

136 2041 260 2088 tere
281 2036 575 2104 proposuit
607 2052 620 2090 :
659 2037 916 2107 initoque
949 2037 1182 2094 consilio
1223 2052 1354 2094 cum
1391 2038 1838 2096 Flandrensibus

133 2135 234 2176 eos
263 2121 370 2177 sibi
402 2123 474 2177 ad
517 2124 787 2193 propositi
844 2125 1190 2180 consortium
1232 2125 1500 2181 facinoris
1553 2128 1836 2194 conciliat,

133 2209 283 2265 freta
314 2211 526 2281 pariter
556 2212 771 2267 civium
813 2213 973 2268 urbis
1015 2214 1497 2270 Arabianensium
1535 2216 1751 2270 auxilio
1784 2213 1838 2271 el

133 2311 447 2354 consensu.
495 2301 566 2355 Et
609 2315 738 2356 ecce
771 2303 1104 2371 praeparatis
1153 2303 1223 2357 ad
1282 2303 1430 2358 bella
1482 2305 1834 2371 necessariis,

131 2401 306 2442 casus
330 2387 436 2444 sibi
460 2388 640 2444 futuri
675 2390 885 2456 nescia,
913 2405 1042 2446 cum
1070 2391 1191 2446 suis
1229 2391 1604 2460 complicibus
1633 2407 1836 2448 versus

135 2475 442 2531 Franciam
504 2486 692 2533 movet
746 2487 953 2534 castra.
1010 2479 1170 2546 Quod
1211 2479 1444 2550 quidem
1501 2482 1834 2551 pervigilem

135 2564 293 2633 regis
323 2565 622 2634 Dagoberti
658 2567 1075 2634 providentiam
1105 2567 1280 2623 latere
1330 2582 1441 2623 non
1484 2569 1684 2638 potuit.
1728 2569 1835 2636 Qui

134 2666 460 2708 convocans
537 2653 924 2710 ﬁdelissimam
985 2655 1093 2710 sibi
1151 2655 1502 2712 Francorum
1575 2657 1832 2712 militiam

137 2747 319 2795 totum
361 2741 429 2796 de
459 2741 675 2808 divino,
705 2751 760 2798 et
789 2744 1049 2813 specialis
1080 2745 1170 2800 sui
1203 2745 1677 2816 Francorumque
1706 2762 1831 2816 pro-

135 2830 364 2885 tectoris
394 2831 684 2898 Macharii,
717 2832 928 2887 scilicet
958 2833 1211 2902 Dionysii
1273 2835 1674 2905 sociorumque
1708 2836 1834 2905 ejus

137 2919 476 2987 patrocinio,
509 2919 765 2975 celeriter
817 2922 939 2977 suis
971 2922 1221 2977 occurrit
1268 2922 1613 2978 adversariis
1642 2925 1712 2978 ad
1748 2924 1830 2979 lo-

136 2982 294 3073 cum,
329 3008 428 3077 qui
461 2982 567 3064 Leo
606 3017 746 3065 tunc
778 3012 1048 3080 temporis
1075 3011 1388 3066 dicebatur.
1418 3010 1562 3078 Quid
1604 3013 1771 3082 plura
1805 3012 1832 3068 7
1873 2982 1914 3036 Ο

136 3096 300 3150 venit
330 3097 450 3152 dies
493 3098 837 3166 certaminis,
871 3107 924 3154 et
955 3099 1054 3154 diu
1107 3100 1472 3170 multumque
1525 3101 1658 3156 hinc
1706 3101 1835 3157 inde

135 3192 418 3240 certatum
446 3193 546 3241 est.
581 3187 810 3241 Hunnis
843 3201 974 3242 cum
1005 3188 1169 3243 sociis
1219 3189 1592 3258 complicibus
1627 3189 1836 3245 acriter

134 3273 562 3329 decertantibus
617 3274 835 3330 fervore
891 3283 944 3330 et
991 3276 1270 3331 desiderio
1345 3278 1829 3344 consummandze,

136 3371 310 3431 prout
336 3363 716 3426 aestimabant,
772 3363 1064 3433 nequitiae,
1121 3363 1352 3418 Francis
1381 3366 1699 3420 econtrario
1733 3379 1832 3434 pro

135 3450 336 3521 patria
369 3451 646 3506 libertate.
681 3453 901 3506 Interea
931 3451 1128 3506 divina
1191 3452 1509 3518 clementia,
1553 3468 1683 3523 quae
1735 3469 1829 3508 su-

131 3539 323 3610 perbis
349 3541 577 3606 resistit,
613 3539 931 3594 humilibus
975 3548 1164 3595 autem
1215 3541 1310 3596 dat
1355 3540 1620 3611 gratiam,
1684 3541 1833 3612 regis

134 3629 607 3698 Francorumque
640 3628 806 3683 ﬁdem
838 3636 892 3684 et
943 3627 1121 3683 animi
1150 3629 1412 3698 pietatem
1449 3631 1831 3686 misericordi-

135 3725 220 3772 ter
259 3717 585 3786 respiciens,
645 3725 699 3772 et
757 3717 1031 3787 perﬁdam
1091 3717 1434 3772 Hunnorum
1482 3719 1827 3787 superbiam,

134 3806 375 3860 istorum
427 3805 664 3861 brachia
714 3805 1075 3871 confortavit,
1129 3805 1484 3860 adversarios
1543 3807 1829 3861 intantum

133 3892 470 3962 humilians,
504 3899 567 3949 ut
627 3894 726 3948 vix
775 3895 973 3949 saltem
1034 3908 1186 3948 unus
1244 3893 1509 3948 evaderet
1565 3894 1667 3962 qui
1699 3894 1828 3949 belli

129 3988 401 4036 eventum
431 3982 502 4037 ad
554 3983 796 4052 patriam
849 3990 1199 4052 reportaret;
1231 3989 1284 4037 et
1333 3982 1480 4037 facta
1535 3982 1698 4037 estin
1729 3997 1829 4039 eo-

131 4069 258 4124 dem
296 4069 416 4124 loco
448 4083 482 4122 a
512 4071 745 4125 Francis
775 4077 933 4126 tanta
991 4079 1226 4140 strages,
1279 4077 1552 4140 tantaque
1586 4070 1830 4125 Hunno-

130 4171 266 4212 rum
304 4157 602 4228 sanguinis
658 4157 881 4225 efl'usio,
919 4165 982 4214 ut
1029 4159 1174 4214 idem
1207 4158 1366 4213 locus
1398 4159 1499 4227 qui
1532 4159 1692 4228 prius
1722 4159 1829 4214 Leo

129 4245 467 4312 vocabatur,
499 4260 571 4301 ex
604 4253 742 4302 tunc
772 4255 827 4302 et
854 4246 1119 4316 deinceps
1151 4246 1334 4317 gentis
1366 4247 1522 4302 illius
1561 4247 1826 4304 idiomate

129 4334 416 4390 diceretur
440 4335 971 4406 Lyons-en-sanlez.
1014 4335 1169 4405 quod
1191 4334 1390 4390 Latine
1419 4334 1504 4391 leo
1536 4336 1592 4391 in
1624 4344 1826 4407 stagno

127 4422 432 4492 sanguinis
462 4431 638 4492 potest
672 4423 803 4478 diei.

206 4533 226 4560 ε
273 4511 499 4567 Hunnis
529 4520 594 4567 ut
647 4512 865 4569 dictum
903 4519 987 4568 est
1019 4513 1247 4582 penitus
1305 4513 1672 4581 interemplis,
1722 4527 1827 4568 nec

125 4600 208 4656 sic
235 4607 424 4655 tamen
481 4600 786 4671 Dagoberti
843 4600 993 4672 regis
1040 4601 1125 4656 ira
1173 4601 1478 4666 deferbuit,
1529 4601 1708 4656 donec
1758 4601 1826 4656 de

126 4688 348 4743 civibus
375 4689 538 4744 urbis
576 4688 1072 4757 Ambianensium,
1105 4691 1206 4760 qui
1240 4690 1586 4745 Hunnorum
1627 4696 1826 4744 contra

124 4791 188 4831 se
219 4775 512 4846 tyrannidi
537 4786 960 4845 consenserant,
1008 4778 1352 4844 condignam
1409 4778 1685 4847 acciperet
1729 4777 1823 4832 ul-

124 4865 338 4920 tionem
374 4880 386 4918 :
422 4866 577 4935 quod
605 4866 830 4922 eosdem
862 4867 1016 4922 cives
1046 4881 1160 4921 non
1192 4865 1379 4931 latuit,
1431 4865 1532 4935 qui
1563 4880 1676 4921 non
1712 4866 1826 4921 im—

124 4952 327 5008 merito
359 4953 727 5010 vehementer
772 4954 1106 5020 tremefacti,
1169 4955 1401 5024 propria
1453 4969 1548 5008 eos
1604 4969 1826 5010 remor-

124 5042 292 5098 dente
321 5042 685 5110 conscientia,
721 5056 839 5112 qua
876 5057 935 5097 se
956 5039 1160 5112 judice
1178 5057 1344 5097 nemo
1384 5056 1595 5097 nocens
1638 5042 1822 5098 absol-

121 5131 299 5198 vitur,
381 5131 802 5187 communicato
871 5132 1021 5186 inter
1083 5145 1142 5185 se
1191 5130 1447 5198 consilio,
1525 5132 1824 5200 episcopus

122 5220 375 5291 ejusdem
411 5221 675 5287 civitatis,
710 5227 766 5276 et
811 5220 1015 5287 clerus,
1047 5227 1100 5275 et
1143 5220 1412 5288 populus,
1453 5234 1661 5290 corpus
1702 5220 1822 5291 glo-

123 5308 256 5363 riosi
285 5307 574 5376 martyris,
625 5315 680 5362 et
731 5307 981 5376 episcopi
1032 5307 1288 5376 ejusdem
1350 5309 1512 5363 urbis
1559 5308 1818 5375 Firmini,

124 5395 380 5465 aliasque
411 5395 688 5466 reliquias
717 5409 849 5451 cum
882 5394 1168 5451 thesauris
1215 5395 1483 5461 ecclesia),
1535 5396 1606 5450 ad
1637 5396 1819 5466 quod-

123 5483 250 5538 dam
284 5483 688 5552 municipium,
720 5484 871 5555 quod
898 5483 1381 5555 Pinquigniacum
1411 5483 1642 5549 dicitur,
1676 5492 1824 5540 tran-

1949 1761 2142 1816 divino
2192 1770 2378 1818 tactus
2436 1765 2778 1833 speramine,
2851 1764 2953 1818 hoc
2982 1764 3317 1821 deliberavit
3363 1767 3518 1837 apud
3564 1782 3644 1836 se,

1948 1851 2103 1921 quod
2136 1865 2351 1906 munus
2379 1852 2480 1919 eis,
2508 1853 2665 1906 omni
2703 1853 2970 1907 thesauro
2998 1852 3320 1921 pretiosius,
3354 1855 3411 1909 in
3437 1871 3648 1911 recom-

1949 1940 2338 2008 pensationem
2371 1941 2446 1995 ab
2484 1941 2562 1995 eis
2595 1942 2836 2010 impensi
2891 1941 2995 1996 sibi
3029 1942 3315 1998 manifesti
3349 1945 3648 2014 patrocinii

1947 2036 2282 2097 reportaret.
2341 2029 2500 2084 Unde
2551 2029 2836 2099 dispositis
2876 2044 2949 2085 ex
3008 2040 3164 2100 parte
3210 2033 3368 2102 regia
3413 2033 3649 2102 imprae-

1947 2115 2060 2170 fata
2106 2116 2336 2172 civitate
2385 2117 2678 2184 custodiis,
2738 2132 2938 2175 versus
2992 2119 3435 2190 Piquigniacum
3476 2122 3648 2178 vertit

1945 2204 2285 2273 exercitum,
2320 2205 2419 2261 ubi
2449 2206 2760 2273 certissime
2806 2208 2878 2263 ab
2930 2208 3128 2264 incolis
3173 2210 3463 2278 didicerat,
3509 2225 3646 2281 pro-

1946 2301 2069 2362 pter
2113 2302 2328 2349 metum
2388 2294 2561 2365 regite
2637 2296 2966 2367 majestatis,
3047 2298 3371 2353 venerabile
3441 2314 3646 2369 corpus

1941 2382 2289 2437 sanctissimi
2319 2385 2588 2454 martyris
2628 2394 2682 2440 et
2716 2385 2965 2455 episcopi
3014 2387 3272 2455 Firmini,
3333 2402 3466 2443 cum
3518 2389 3645 2444 aliis

1943 2470 2114 2526 fuisse
2163 2471 2423 2540 reliquiis
2471 2473 2842 2528 occultatum.
2901 2473 3007 2528 Sed
3061 2475 3201 2544 quid
3261 2476 3510 2532 facerent
3535 2491 3643 2533 cu-

1941 2559 2128 2614 stodes
2184 2561 2481 2629 municipii
2537 2562 2813 2631 ejusdem,
2849 2562 2958 2616 nisi
2991 2564 3145 2632 quod
3175 2563 3296 2632 ipsa
3323 2579 3519 2620 rerum
3549 2581 3645 2622 ne-

1942 2647 2171 2702 cessitas
2235 2649 2419 2704 facere
2475 2649 2882 2718 compellebat?
2934 2663 3096 2705 arma
3144 2652 3458 2720 deponunt,
3498 2668 3558 2709 se
3589 2663 3644 2712 et

1940 2749 2046 2791 sua
2095 2736 2265 2806 regiae
2321 2736 2602 2792 voluntati
2663 2739 2997 2808 subjiciunt,
3043 2740 3160 2808 ipse
3219 2754 3350 2796 vero
3423 2743 3638 2798 miseri-

1941 2825 2188 2880 corditer
2243 2839 2382 2895 erga
2434 2825 2583 2894 ipsos
2645 2840 2704 2881 se
2764 2827 2983 2895 habuit,
3020 2828 3169 2883 sicut
3199 2831 3415 2899 regiam
3450 2831 3507 2885 in
3541 2831 3637 2886 tali

1941 2913 2183 2969 articulo
2214 2914 2404 2970 decuit
2435 2914 2791 2985 dignitatem.

2018 3021 2046 3054 α
2078 3002 2342 3073 Subjecto
2400 3003 2507 3058 sibi
2556 3005 2790 3072 praefato
2847 3004 3182 3076 municipio,
3215 3021 3316 3063 rex
3368 3009 3642 3079 providus

1945 3099 1999 3146 et
2029 3092 2328 3158 discretus,
2379 3100 2444 3148 ut
2484 3106 2653 3162 opere
2705 3093 3011 3162 compleret
3043 3097 3197 3166 quod
3249 3105 3418 3153 antea
3455 3107 3642 3154 mente

1943 3189 2296 3250 conceperat,
2343 3180 2477 3251 jure
2533 3181 2766 3236 victoris
2829 3192 3011 3251 utens,
3068 3185 3240 3255 cujus
3269 3195 3405 3245 sunt
3447 3189 3640 3242 omnia

1944 3283 2076 3338 quae
2107 3270 2331 3324 fuerant
2371 3269 2747 3336 devictorum,
2798 3272 3013 3327 accedit
3045 3273 3116 3328 ad
3151 3275 3335 3330 locum
3389 3276 3487 3331 ubi
3512 3291 3638 3346 pre-

1944 3357 2116 3411 tiosas
2145 3366 2475 3412 sanctorum
2509 3359 2780 3427 reliquias
2813 3361 3088 3429 repositas
3118 3362 3291 3418 fuisse
3346 3365 3638 3432 didicerat,

1943 3459 2265 3514 corpusque
2314 3445 2640 3501 venerabile
2699 3447 3041 3503 sanctissimi
3104 3451 3375 3520 martyris
3426 3461 3480 3508 et
3528 3454 3642 3524 epi-

1942 3533 2096 3602 scopi
2138 3534 2398 3601 Firmtni,
2455 3549 2585 3590 cum
2623 3537 2777 3591 omni
2809 3539 3130 3593 reverentia
3190 3540 3340 3595 levat
3376 3541 3446 3596 de
3502 3541 3643 3598 late-

1942 3622 2079 3689 bris,
2116 3622 2711 3693 indignumjudicans
2742 3639 2868 3679 ossa
2912 3627 3052 3681 tanti
3110 3630 3377 3697 martyris
3422 3629 3641 3686 diutius

1942 3712 2000 3766 in
2029 3711 2279 3767 tenebris
2317 3712 2611 3766 occultari.
2667 3713 2882 3769 Deinde
2919 3718 3242 3771 convocatis
3270 3719 3639 3788 magnatibus

1947 3801 2299 3856 Francorum
2350 3801 2655 3867 exercitus,
2688 3803 2769 3858 eis
2797 3805 3135 3860 auctoritate
3163 3807 3320 3876 regia
3350 3808 3635 3878 praecepit,

1941 3897 2004 3945 ut
2063 3890 2193 3944 inde
2237 3889 2684 3945 sacratissimum
2739 3905 2948 3962 corpus
2996 3907 3129 3949 cum
3188 3895 3399 3950 honore
3450 3896 3638 3952 debito

1939 3991 2304 4048 summoque,
2351 3978 2421 4032 ad
2453 3977 2713 4034 dilectam
2749 3979 2853 4034 sibi
2888 3995 3005 4049 prae
3061 3982 3279 4037 caeteris
3342 3983 3638 4040 ecclesiam

1938 4069 2334 4135 transferrent,
2396 4067 2513 4136 ipso
2563 4082 2693 4123 cum
2742 4068 2862 4124 suis
2914 4070 3298 4127 familiaribus
3345 4072 3639 4130 humiliter

1938 4155 2346 4226 subsequente.

2011 4266 2038 4291 ‹‹
2074 4245 2431 4301 Venerabilis
2473 4254 2663 4301 autem
2719 4255 3038 4302 conventus
3065 4247 3320 4318 ejusdem
3372 4250 3636 4306 Ecclesia:

1935 4333 2177 4389 audiens
2206 4349 2395 4405 regem
2427 4349 2559 4391 cum
2593 4334 2768 4390 nobili
2810 4336 3103 4406 triumpho
3159 4346 3536 4394 revertentem
3567 4339 3636 4396 de

1936 4422 2148 4491 praelio,
2223 4437 2537 4494 secumque
2606 4425 2884 4494 pretiosas
2938 4425 3281 4481 deferentem
3333 4427 3630 4497 reliquias,

1933 4511 2183 4565 occurrit
2234 4512 2285 4565 ei
2349 4512 2695 4579 solemniter,
2746 4513 3053 4583 ipsumque
3105 4529 3237 4570 cum
3293 4515 3524 4585 hymnis
3580 4524 3635 4573 et

1934 4595 2223 4664 laudibus,
2251 4600 2400 4654 sicut
2427 4601 2640 4670 regiam
2693 4604 3046 4674 majestatem
3103 4603 3394 4672 decuerat,
3450 4605 3506 4660 in
3535 4621 3632 4661 ec-

1932 4685 2162 4740 clesiam
2239 4687 2580 4743 introduxit.
2647 4691 2768 4746 Rex
2822 4707 2956 4748 vero
3005 4693 3373 4749 sacratissimi
3418 4709 3628 4764 corpus

1932 4775 2221 4844 martyris,
2283 4775 2438 4845 quod
2491 4791 2683 4834 secum
2725 4781 3025 4849 detulerat,
3062 4781 3240 4837 veluti
3293 4783 3630 4840 thesaurum

1931 4863 2386 4933 impretiabilem,
2444 4879 2620 4934 super
2677 4867 2855 4924 altare
2917 4879 3249 4926 sanctorum
3307 4873 3628 4942 Martyrum

1930 4952 2174 5022 propriis
2205 4953 2473 5008 manibus
2521 4955 2762 5009 devotus
2807 4957 3044 5027 obtulit;
3102 4960 3257 5030 quod
3313 4966 3631 5018 conventus

1929 5054 2059 5094 cum
2088 5039 2362 5096 ineffabili
2394 5041 2604 5111 gaudio
2625 5043 2964 5113 suscipiens,
2997 5061 3172 5116 super
3201 5049 3380 5106 altare
3412 5049 3630 5107 Sanctae

1928 5129 2244 5197 Trinitatis,
2275 5131 2430 5201 quod
2480 5131 2538 5186 in
2596 5131 2770 5186 choro
2829 5136 3244 5192 monachorum
3305 5139 3478 5196 situm
3523 5149 3629 5209 est,

1928 5219 2249 5275 sublimiter
2277 5228 2330 5275 et
2361 5219 2671 5276 honoriﬁce
2693 5219 3008 5277 collocavit.
3049 5245 3069 5270 ι

1999 5313 2148 5362 588
2193 5308 2504 5378 Hucusque
2557 5315 2721 5364 vetus
2769 5309 2946 5365 codex
3008 5324 3118 5367 ms.
3180 5313 3541 5373 Bibliothecaa
3573 5318 3629 5376 S.

1929 5397 2178 5454 Victoris
2209 5397 2381 5453 Paris.
2413 5397 2483 5453 Et
2524 5398 2673 5453 hanc
2706 5397 2953 5467 profecto
3007 5401 3432 5460 translationem
3474 5407 3636 5465 Nico-

1929 5485 2087 5542 laum
2135 5484 2371 5542 Gillium
2419 5499 2454 5540 a
2498 5487 2752 5543 Francis.
2797 5487 3137 5545 Belforestro
3183 5491 3495 5551 adauctum
3530 5499 3637 5554 mi-
