3932 6084
192 225 328 279 1033

1427 227 1652 284 DOMNI
1692 229 1756 285 L.
1806 227 2154 286 D’ACHERY
2195 231 2421 289 NOTAE.

3547 244 3687 299 1034-

261 360 540 416 Praterea
589 359 744 415 haud
778 360 1082 417 verisimile
1124 369 1206 418 est
1249 362 1534 429 abbatem,
1569 366 1665 434 qui
1719 373 1879 434 pote-
1918 371 1962 418 Α
1995 380 2251 432 manum,
2300 375 2406 421 etc.
2469 376 2745 436 regnante
2797 368 2850 424 in
2903 377 3242 439 perpetuum
3295 373 3532 431 Domino
3574 377 3686 431 Deo

189 449 322 504 stati
369 449 602 504 suberat
658 448 824 515 nulli,
880 458 1263 520 praterquam
1318 452 1553 507 Romani
1601 447 1884 522 pontiﬁcis

189 539 276 609 (ut
306 537 548 593 antehac
594 538 664 592 de
709 538 1079 592 Ambiauensi
1112 540 1376 608 episcopo
1421 541 1587 610 dixi),
1634 543 1882 610 pseudo-

187 635 540 682 conventum
603 627 970 690 Remensem,
1036 628 1106 682 ad
1169 629 1446 684 tuendum
1505 629 1602 699 jus
1668 645 1880 699 suutn,

187 722 243 769 et
304 715 731 786 querimoniam
785 714 852 769 de
907 714 958 769 S.
1006 714 1305 771 Godefrido
1363 717 1723 786 habendam,
1783 734 1885 789 pe—

191 803 370 858 tiisse.

259 893 378 962 Age
410 905 565 956 vero,
618 889 716 960 qui
755 889 874 944 fieri
924 897 1124 959 potest,
1153 899 1216 946 ut
1247 893 1304 946 Β.
1353 893 1674 964 episcopus,
1711 918 1730 944 σ
1769 896 1886 951 Ve-

191 987 273 1035 ste
304 993 410 1034 sua
440 978 642 1033 leviter
689 977 1038 1048 abstergens,
1083 980 1444 1036 membranas
1472 990 1527 1038 et
1574 991 1885 1039 attramen-

193 1075 315 1122 tum
372 1067 838 1136 scripturamque
893 1067 1056 1134 plane
1113 1069 1399 1138 recentia,
1475 1085 1577 1127 nec
1633 1072 1887 1127 Romano

195 1168 351 1210 more
403 1155 702 1224 obsignata
750 1175 770 1202 ι
815 1155 1268 1209 demonstrarit?
1327 1157 1541 1213 Recens
1585 1159 1798 1229 quippe
1828 1160 1885 1214 in

193 1243 546 1299 membranis
606 1251 845 1299 exarata
906 1259 1024 1298 non
1093 1243 1202 1298 levi
1263 1245 1611 1301 abstersione
1668 1254 1890 1316 queunt

195 1331 391 1398 deleri,
445 1333 556 1386 imo
592 1332 875 1387 inharent
921 1332 1197 1397 tenacius,
1231 1332 1520 1389 difficilius
1572 1334 1890 1390 obliteran—

197 1428 312 1475 tur.
345 1420 398 1474 Si
448 1429 636 1476 autem
686 1419 862 1475 infers
893 1420 1157 1475 debuisse
1192 1433 1388 1490 rugas,
1443 1421 1724 1476 tinearum
1776 1421 1891 1475 bla-

197 1514 506 1577 tarumque
552 1506 728 1571 rixas,
777 1521 892 1576 pra
945 1521 1003 1562 se
1035 1506 1179 1563 ferre
1236 1507 1618 1574 membranas,
1656 1507 1890 1576 imperi-

197 1603 319 1650 tum
355 1604 406 1650 te
441 1596 685 1665 profers;
736 1603 964 1651 centum
1017 1597 1298 1666 siquidem
1332 1610 1619 1651 annorum
1666 1605 1887 1652 atatem

198 1698 374 1754 prope
418 1698 531 1739 non
576 1683 966 1754 excedebant;
999 1685 1298 1740 Benedicto
1345 1683 1555 1740 sciliCet
1600 1699 1747 1754 papa
1793 1685 1889 1739 VII

200 1773 284 1842 (ut
329 1771 561 1841 quidem
615 1772 873 1841 conjicio,
926 1786 1056 1826 cum
1095 1786 1254 1842 papa
1305 1786 1510 1826 nomen
1577 1773 1893 1828 monachus

197 1858 622 1918 Suessionensis
656 1860 896 1915 tacuerit
926 1874 996 1914 ex
1047 1858 1377 1926 iudustria,)
1405 1859 1634 1916 sedente
1679 1861 1890 1924 Roma,

198 1963 314 2018 quo
375 1957 623 2017 tempore
683 1948 1066 2003 instauratum
1122 1957 1344 2004 constat
1401 1947 1588 2004 Sancti
1648 1949 1894 2005 Valerici

199 2037 610 2092 monasterium
643 2037 715 2091 ab
747 2037 984 2107 Hugone
1009 2036 1172 2100 duce,
1208 2045 1331 2106 post
1361 2051 1493 2106 rege
1518 2038 1890 2105 Francorum,

198 2135 374 2194 atque
431 2125 546 2194 ipso
598 2133 816 2194 petente
869 2124 1092 2180 indulta
1140 2124 1459 2195 privilegia.
1521 2124 1592 2179 At
1652 2139 1782 2194 qua
1838 2125 1893 2180 id

199 2213 384 2269 atatis
424 2212 634 2268 habent
689 2212 1037 2267 membrana
1083 2211 1468 2280 (potissimum
1501 2211 1655 2281 quod
1704 2213 1895 2282 ejusce

201 2303 471 2358 momenti
540 2301 800 2372 religiose
866 2309 919 2356 et
997 2300 1233 2356 sollicite
1301 2300 1584 2355 asservari
1655 2300 1894 2367 soleant)

201 2392 354 2447 vices
411 2404 477 2446 ae
534 2389 874 2444 detrimenta
933 2397 1250 2458 temporum
1308 2389 1546 2443 sentisse
1599 2395 1896 2458 nequeunt

203 2478 472 2549 agnosci,
529 2477 1016 2548 quemadmodum
1075 2476 1131 2531 in
1185 2476 1303 2532 dies
1364 2475 1751 2544 experimento
1810 2475 1894 2531 di-

202 2568 437 2622 scimus.

275 2655 400 2720 Sed,
456 2653 700 2724 inquies,
762 2653 1180 2709 monachorum
1230 2651 1640 2707 immunitates.
1709 2674 1730 2699 ε
1782 2651 1897 2707 Nec

203 2743 458 2798 Romano
511 2756 668 2797 more
716 2742 1070 2813 obsignatas,
1120 2742 1440 2812 meritoque
1494 2740 1832 2811 rejiciendas
1864 2760 1892 2790 »

204 2831 738 2886 animadverterunt
801 2821 1068 2900 episcopi.
1135 2831 1227 2896 (Et
1284 2830 1376 2885 hic
1435 2830 1626 2896 cardo,
1682 2829 1769 2883 vel
1837 2828 1895 2883 in

1989 462 2201 518 nostro,
2234 469 2385 517 anno
2439 455 2802 524 pontificatus
2856 457 3049 513 domui
3083 459 3287 515 Marini
3342 463 3686 520 universalis

1992 556 2153 611 papa
2186 544 2386 611 primo,
2421 544 2728 601 indictione
2757 547 2958 615 prima.
3004 571 3023 594 »ι

2062 629 2547 700 Subsequentium
2571 648 2804 702 quoque
2833 634 3163 704 pontificum
3197 637 3686 708 subscriptionum

1991 717 2266 774 formulas
2323 719 2659 776 referamus.
2709 721 2889 792 Sergii
2935 737 3094 792 papa
3149 724 3275 780 1V:
3322 747 3349 774 ‹‹
3398 726 3685 796 Scriptum

1991 820 2090 875 per
2132 822 2340 863 manus
2398 809 2634 864 Joannis
2691 811 2976 865 scriniarii
3024 810 3078 866 S.
3138 813 3204 868 R.
3240 815 3303 867 Ε.
3360 814 3418 868 in
3487 830 3680 872 mense

1990 895 2180 962 Juuio,
2215 897 2330 950 ind.
2366 911 2420 952 x.
2455 897 2662 953 Datum
2695 913 2769 952 xv
2801 899 2926 954 Kal.
2968 899 3104 954 Julii
3138 914 3238 969 per
3267 915 3525 970 manum,
3556 912 3688 970 etc.,

1993 997 2165 1050 anno,
2227 985 2464 1040 Domino
2507 987 2771 1056 propitio,
2824 987 3190 1057 pontificatus
3243 989 3455 1045 domini
3512 991 3690 1062 Sergii

1997 1073 2062 1126 IV
2095 1086 2272 1141 papa,
2307 1072 2365 1126 in
2413 1074 2794 1130 sacratissima
2823 1076 2952 1130 sede
2997 1076 3058 1130 B.
3094 1076 3240 1132 Petri
3273 1080 3534 1147 apostoli,
3570 1080 3688 1136 iud.

1995 1173 2051 1213 x.
2093 1181 2113 1208 ι
2151 1160 2220 1215 Et
2267 1168 2392 1230 post
2420 1161 2552 1227 alia,
2603 1163 2734 1218 item
2767 1163 2964 1218 altera.
2998 1164 3286 1234 Scriptum
3333 1182 3432 1236 per
3463 1182 3688 1238 manus,

1994 1255 2098 1302 etc.
2137 1248 2345 1303 Datum
2379 1263 2478 1318 per
2510 1264 2737 1318 manus,
2769 1261 2899 1317 etc.,
2950 1251 3317 1320 pontificatus
3342 1253 3556 1308 domini
3589 1269 3691 1310 no-

1996 1335 2094 1390 stri
2145 1336 2431 1391 Benedicti
2487 1338 2696 1392 summi
2739 1339 2961 1407 pontif.,
3010 1348 3064 1394 et
3120 1340 3462 1397 universalis
3509 1343 3693 1398 octavi

1999 1437 2179 1492 papa,
2217 1425 2272 1478 in
2320 1425 2632 1480 sacrastiss.
2670 1427 2799 1481 sede
2834 1428 2894 1480 B.
2949 1427 3096 1482 Petri
3150 1438 3330 1498 apost.
3362 1446 3438 1497 tv,
3476 1431 3693 1499 imperii

1997 1511 2210 1566 domini
2264 1512 2489 1568 Henrici
2541 1514 2672 1582 imp.
2724 1515 2874 1584 Aug.
2927 1529 3080 1570 anno
3130 1515 3312 1583 tertio,
3369 1536 3396 1568 ι)
3431 1525 3533 1573 etc.
3583 1521 3696 1573 Has

1999 1599 2217 1655 videbis
2273 1600 2720 1669 subscriptiones
2772 1610 2904 1657 tom.
2967 1605 3012 1656 II
3055 1604 3259 1658 Annal.
3318 1605 3567 1673 Baronii,
3622 1607 3696 1661 ad

2001 1702 2136 1743 ann.
2206 1689 2362 1754 t012,
2412 1698 2466 1745 et
2495 1690 2728 1745 Bullarii
2780 1699 2915 1746 tom.
2949 1694 2988 1756 I,
3045 1706 3173 1762 pag.
3210 1695 3277 1746 50
3311 1694 3366 1748 in
3424 1694 3694 1765 Gregorio

2001 1776 2124 1832 VII.
2170 1799 2197 1826 «
2248 1778 2456 1833 Datum
2507 1778 2798 1844 Laurenti,
2846 1795 2901 1834 ιιι
2933 1780 3078 1836 Νυη.
3137 1781 3446 1851 Septemb,
3497 1782 3694 1838 indict.

2003 1864 2303 1932 incipiente
2345 1879 2439 1919 xv.
2475 1886 2503 1913 ››
2551 1866 2688 1920 Item
2739 1880 2865 1937 pag.
2899 1870 2986 1935 52,
3031 1882 3103 1922 ex
3148 1869 3449 1939 privilegio
3499 1870 3700 1926 Vallis-

2003 1949 2287 2006 umbrosa
2343 1952 2776 2022 congregationi
2838 1952 3108 2008 indulto:
3151 1972 3178 2003 α
3227 1954 3437 2008 Datum
3504 1955 3697 2010 Roma

2006 2051 2105 2107 per
2149 2051 2357 2092 manus
2404 2039 2640 2094 Joannis
2671 2039 2724 2094 S.
2777 2040 2841 2095 Β.
2879 2042 2945 2096 Ε.
2995 2040 3140 2094 diae.
3197 2041 3498 2108 cardinal.,
3545 2056 3696 2098 anno

2006 2125 2318 2180 Dominica
2384 2127 2672 2181 Incarnat.
2748 2129 2920 2194 1090,
2974 2128 3168 2182 indict.
3239 2143 3379 2196 xm,
3449 2145 3546 2184 vui
3613 2131 3693 2185 Id.

2003 2213 2185 2284 April.
2225 2237 2250 2262 ››
2288 2216 2356 2270 Ει
2407 2229 2536 2285 pag.
2572 2215 2638 2268 53
2672 2230 2683 2269 :
2721 2237 2747 2264 «
2784 2215 2903 2287 Ego
2954 2216 3242 2272 Paschalis
3271 2218 3479 2274 cathol.
3513 2219 3700 2274 Eccle-

2004 2317 2103 2358 SIEB
2132 2316 2451 2372 episcopus.
2493 2325 2512 2350 ι

2076 2411 2103 2440 ‹‹
2133 2391 2254 2461 Ego
2304 2391 2642 2446 Lambertus
2696 2390 2966 2447 Ostiensis
3013 2392 3310 2462 episcopus
3358 2393 3591 2450 interfui
3643 2403 3699 2452 et

2004 2478 2338 2548 subscripsi,
2377 2500 2396 2525 ι
2432 2486 2538 2534 etc.

2078 2588 2105 2616 «
2140 2567 2355 2622 Datum
2393 2567 2651 2622 Laterani
2684 2581 2783 2636 per
2812 2581 3020 2623 manus
3060 2569 3222 2624 Joan.
3257 2569 3308 2624 S.
3345 2571 3408 2626 Β.
3449 2571 3514 2625 Ε.
3548 2571 3696 2627 diae.

2005 2655 2161 2710 card.
2213 2668 2280 2708 ac
2325 2654 2758 2720 bibliothecarii,
2801 2671 2854 2709 Vl
2902 2656 3026 2710 Kal.
3078 2657 3229 2722 Jan.,
3263 2679 3289 2704 »
3324 2666 3429 2713 etc.
3463 2659 3700 2715 Coavus

2005 2751 2195 2798 autem
2227 2751 2350 2797 erat
2405 2743 2689 2798 Paschalis
2720 2743 2773 2799 S.
2822 2744 3158 2813 Godefrido;
3190 2754 3244 2800 et
3292 2746 3413 2800 hac
3463 2747 3697 2816 quidem

2004 2830 2439 2900 subscriptionis
2498 2831 2744 2886 formula
2796 2831 2962 2902 longe
3020 2832 3304 2902 discrepat
3355 2848 3389 2889 a
3436 2833 3699 2904 superio—

208 2927 391 2975 mente
449 2919 687 2986 Nicolai,
751 2920 926 2974 totius
978 2917 1378 2988 difficultatis.)
1437 2918 1583 2984 Quid
1634 2918 1756 2972 ita?
1793 2917 1894 2972 Bi-
1935 2952 1975 3007 Ο
2007 2919 2188 2973 ribus.

205 3007 395 3074 desne,
429 3021 502 3062 an
548 3007 694 3062 serio
743 3004 1043 3075 loqueris?
1088 3006 1254 3061 Prius
1293 3005 1494 3074 utique
1541 3012 1897 3059 constantem

205 3094 510 3150 traditione
555 3093 890 3149 continuata
930 3107 1142 3147 morem
1201 3091 1463 3148 Ecclesia
1493 3093 1784 3155 Romana,
1837 3091 1896 3145 in

205 3182 581 3253 obsignandis
622 3181 1105 3251 subsignaudisve
1152 3181 1352 3236 litteris
1382 3180 1743 3249 probandum
1774 3179 1897 3234 fue-

207 3280 296 3328 rat
334 3271 645 3339 exstitisse;
697 3277 783 3325 ast
814 3271 1004 3339 potius
1056 3270 1232 3324 maris
1262 3283 1446 3339 aquas
1488 3269 1681 3325 ebibes
1719 3281 1896 3338 quam

208 3360 361 3415 istud
410 3360 780 3414 demonstres.
843 3356 1051 3414 Contra
1106 3357 1315 3426 passim
1370 3366 1624 3412 mutasse
1683 3355 1897 3425 stylum

206 3463 461 3506 summos
509 3446 802 3518 pontiﬁces
843 3445 1060 3501 affatim
1116 3453 1430 3515 suppetunt
1474 3445 1770 3514 exempla,
1825 3457 1898 3498 ex

207 3536 526 3592 innumeris
576 3535 986 3605 propemodum
1043 3547 1247 3602 pauca,
1309 3533 1500 3601 lector,
1556 3547 1628 3587 ne
1681 3539 1899 3587 stoma—

206 3626 380 3681 chum
427 3638 780 3689 moveamus,
840 3622 1171 3693 seligamus.
1215 3621 1424 3677 Concil.
1478 3619 1598 3676 Gal.
1642 3628 1776 3675 tom.
1826 3620 1895 3687 If,

208 3729 342 3784 pag.
378 3717 465 3780 75,
519 3711 815 3783 privilegio
846 3711 1129 3777 Remensi,
1173 3711 1327 3780 quod
1358 3709 1581 3779 Tilpino
1613 3708 1901 3778 inscripsit

205 3803 498 3858 Adrianus
528 3815 691 3870 papa,
738 3802 818 3856 sic
864 3800 1033 3855 ﬁnem
1085 3799 1354 3868 imposuit
1387 3813 1399 3852 :
1439 3820 1459 3847 ‹
1493 3799 1641 3852 Bene
1690 3796 1832 3851 vale.
1869 3817 1896 3844 »

207 3891 558 3959 Subscriptio
603 3889 884 3959 privilegii
935 3887 990 3943 S.
1025 3886 1298 3955 Dionysii,
1332 3885 1538 3942 ibidem
1585 3900 1717 3955 pag.
1750 3886 1849 3938 114
1883 3897 1896 3937 :

213 4002 234 4028 ι
268 3979 553 4050 Scriptum
599 3992 700 4047 per
726 3991 963 4032 manum
1002 3975 1388 4044 Christophori
1439 3973 1648 4029 notarii
1681 3976 1735 4028 et
1759 3971 1899 4028 scri~

208 4069 376 4124 uiarii
408 4067 557 4123 sedis
586 4074 813 4132 nostra,
847 4065 906 4119 in
953 4077 1146 4119 mense
1175 4063 1366 4128 Junio,
1399 4061 1596 4117 indict.
1644 4073 1715 4116 tx.
1754 4061 1902 4116 Bene

208 4157 419 4212 valete.
469 4155 593 4210 Dat.
650 4152 776 4208 Kal.
807 4151 974 4207 Juliis
1027 4165 1126 4220 per
1156 4164 1394 4206 manum
1443 4147 1731 4205 Anastasii
1780 4148 1904 4218 pri-

2078 3007 2166 3061 Ex
2199 3006 2288 3061 his
2342 3005 2537 3076 itaque
2585 3007 2853 3063 omnibus
2899 3007 3079 3078 liquet
3129 3009 3413 3065 Romanos
3464 3011 3698 3080 pontiﬁ-

2006 3110 2098 3150 ces
2126 3094 2381 3149 variasse
2429 3109 2564 3150 suas
2604 3095 2947 3164 obsignandi
2994 3097 3304 3163 formulas;
3337 3107 3512 3169 atque
3560 3100 3699 3154 adeo

2005 3181 2304 3237 Nicolaum
2352 3182 2551 3238 stolide
2593 3184 2907 3252 scripsisse,
2954 3184 3160 3240 idcirco
3205 3186 3404 3256 synodi
3454 3188 3701 3242 Remen-

2008 3270 2084 3324 sis
2113 3270 2306 3325 Patres
2341 3270 2707 3341 privilegium
2731 3271 3308 3329 Sauvallericensium
3339 3276 3698 3343 amandasse,

2007 3357 2159 3428 quod
2191 3374 2295 3412 nec
2336 3359 2597 3412 Romano
2629 3376 2783 3413 more
2816 3351 3004 3415 'fuerit
3034 3361 3418 3432 obsignatum.
3464 3365 3703 3433 Insuper

2007 3445 2104 3500 illo
2169 3445 2352 3500 sancti
2417 3446 2700 3501 Godefridi
2764 3455 2939 3516 atque
3005 3450 3389 3504 anterioribus
3453 3452 3700 3520 saculis,

2005 3537 2156 3586 510
2218 3533 2513 3602 pontifices
2560 3534 2790 3601 summi,
2841 3549 2945 3590 nec
2994 3551 3109 3591 non
3174 3550 3338 3606 reges
3377 3551 3444 3592 ac
3488 3538 3701 3606 princi-

2007 3633 2136 3688 pes,
2198 3619 2504 3689 diplomata
2572 3622 2942 3690 epistolarum
3006 3623 3187 3678 instar
3241 3624 3411 3693 (unde
3476 3624 3700 3694 littera,

2007 3707 2347 3779 rescriptum
2423 3709 2866 3779 nuncupantur)
2923 3711 3262 3780 sapiuscule
3318 3713 3707 3770 transmittere

2009 3798 2282 3854 solebant.
2343 3798 2539 3866 Neque
2571 3798 2647 3852 ita
2693 3806 2812 3852 tum
2869 3798 3141 3868 frequens
3188 3814 3328 3855 usus
3364 3801 3494 3867 fuit,
3547 3801 3705 3858 velut

2010 3885 2380 3955 sequioribus
2424 3885 2484 3939 Β.
2515 3884 2800 3940 Godefridi
2848 3884 3100 3939 maxime
3145 3884 3517 3954 temporibus,
3572 3886 3707 3942 bul-

2011 3971 2114 4037 las,
2149 3973 2267 4028 sive
2300 3972 2489 4028 icones
2519 3972 2818 4042 plumbeas
2848 3973 3172 4042 apostolicis
3201 3973 3403 4028 litteris
3436 3974 3706 4045 afﬁgere;

2014 4061 2170 4130 quod
2202 4075 2274 4116 ex
2303 4074 2481 4130 supra
2515 4061 2710 4130 positis
2738 4061 3017 4131 exemplis
3048 4062 3413 4130 perspicuum
3441 4062 3706 4118 habetur.

2013 4147 2247 4204 Diutule
2299 4148 2622 4204 notioribus
2675 4149 2980 4214 immorati,
3027 4149 3097 4204 ad
3152 4157 3357 4205 caetera
3404 4149 3713 4205 refellenda

209 4243 448 4304 micerii,
496 4249 772 4311 regnante
822 4239 1063 4294 Domino
1111 4245 1304 4293 nostro
1343 4246 1397 4294 et
1437 4237 1728 4293 Salvatore
1770 4237 1903 4292 Jesu
1941 4245 1984 4298 ι)
2017 4249 2458 4306 prosequamur.

210 4333 433 4391 Christo
481 4345 610 4386 cum
646 4331 758 4385 Deo
787 4329 953 4384 Patre
999 4325 1384 4396 omnipotente
1418 4333 1473 4381 et
1519 4325 1735 4396 Spiritu
1765 4339 1899 4380 san-

211 4431 300 4478 cto
330 4435 430 4491 per
478 4420 701 4475 inﬁnita
749 4417 978 4484 sacula,
1025 4430 1196 4483 anno,
1233 4417 1347 4470 Deo
1401 4414 1668 4485 propitio,
1718 4413 1903 4482 ponti-

214 4512 421 4566 ﬁcatus
487 4507 705 4564 domini
767 4505 942 4562 nostri
1020 4504 1079 4559 in
1143 4503 1452 4573 apostolica
1523 4501 1906 4557 sacratissima

215 4599 370 4655 Beati
419 4597 568 4653 Petri
612 4595 745 4652 sede
791 4609 886 4660 xv,
926 4593 1121 4648 indict.
1153 4606 1228 4658 IX,
1264 4611 1291 4642 »
1325 4598 1461 4647 tom.
1516 4591 1610 4644 III.
1647 4588 1906 4644 Indidem

214 4703 350 4760 pag.
382 4690 484 4742 217
519 4702 531 4740 :
567 4707 594 4735 «
642 4684 930 4754 Scriptum
982 4696 1080 4752 per
1110 4695 1320 4736 manus
1363 4679 1651 4734 Zacharia
1700 4677 1908 4733 notarii

215 4775 548 4848 regiouarii,
605 4782 661 4830 et
708 4770 971 4828 scrinarii
1022 4768 1083 4824 S.
1142 4769 1207 4824 R.
1253 4768 1318 4823 Ε.
1375 4767 1434 4822 in
1463 4781 1655 4823 mense
1707 4765 1905 4834 Aprili,

219 4866 414 4921 indict.
449 4880 525 4920 x1.
576 4863 724 4919 Bene
755 4860 902 4916 vale.
937 4859 1063 4914 Dat.
1113 4871 1168 4912 IV
1202 4855 1326 4912 Kal.
1359 4855 1510 4923 Maii,
1555 4869 1653 4924 per
1701 4867 1911 4909 manus

218 4953 447 5024 Tyberii
507 4948 817 5022 primicerii
863 4954 1073 5002 sancta
1126 4944 1275 5001 sedis
1330 4943 1670 5013 apostolica,
1723 4941 1911 5010 impe-

219 5047 384 5096 rante
430 5037 685 5108 piissimo
729 5034 964 5090 domino
1022 5033 1158 5101 imp.
1209 5034 1468 5101 Augusto
1524 5028 1829 5096 Ludovico,
1879 5041 1912 5082 a

221 5131 337 5185 Deo
394 5133 684 5192 coronato,
747 5136 978 5192 magno,
1029 5119 1300 5189 paciﬁco,
1352 5115 1577 5186 imperii
1633 5130 1728 5171 an.
1785 5130 1909 5182 xw,

221 5217 417 5272 indict.
466 5229 544 5270 x1.
603 5214 740 5282 Pag.
790 5212 913 5264 481.
959 5210 1103 5263 Data
1147 5222 1210 5263 Ill
1257 5205 1382 5261 Kal.
1416 5203 1779 5274 Septembris,
1834 5204 1915 5258 iu-

221 5305 354 5360 dict.
413 5318 495 5371 x1,
551 5301 763 5357 Trecis.
800 5298 936 5368 Pag.
996 5297 1119 5350 485.
1163 5294 1451 5363 Scriptum
1505 5307 1604 5362 per
1644 5305 1852 5348 manus
1881 5312 1910 5341 »

222 5400 354 5459 etc.,
418 5398 482 5448 ut
544 5390 603 5444 in
648 5384 1061 5457 superioribus.
1127 5383 1225 5438 sed
1284 5381 1644 5451 imperatoris
1700 5379 1913 5435 mentio

223 5496 341 5538 non
400 5479 668 5537 habetur.
723 5478 859 5546 Pag.
926 5471 1177 5541 denique
1225 5471 1318 5523 521
1359 5483 1372 5523 ;
1409 5487 1437 5519 α
1487 5467 1776 5537 Scriptum
1814 5481 1918 5537 per

577 5578 856 5642 PATROL.
911 5570 1113 5638 CLVI.

2085 4324 2276 4396 Pergit
2312 4325 2582 4382 Nicolaus
2621 4340 2746 4395 cap.
2781 4327 2846 4379 14
2877 4341 2890 4380 :
2925 4347 2953 4375 «
2997 4326 3260 4382 Monachi
3293 4340 3426 4382 vero
3470 4327 3711 4383 Romam

2011 4412 2277 4479 veniunt,
2326 4427 2571 4469 munera
2601 4413 2951 4484 largiuntur,
2984 4415 3226 4470 redeunt
3258 4415 3329 4469 ad
3358 4428 3465 4469 sua
3517 4415 3629 4469 lati
3660 4421 3714 4469 et

2015 4501 2253 4566 alacres,
2305 4501 2576 4557 omnibus
2640 4517 2740 4570 pro
2803 4510 2936 4558 voto
2999 4502 3314 4571 impetratis
3365 4516 3398 4556 a
3457 4503 3713 4557 Romano

2017 4589 2305 4659 pontiﬁce,
2358 4609 2386 4638 »
2437 4597 2544 4645 etc.
2594 4590 2894 4646 Ridiculat
2947 4590 3148 4656 Semel,
3208 4589 3415 4644 iterum
3447 4595 3501 4644 et
3550 4589 3714 4644 tertio

2018 4675 2208 4732 Sancti
2256 4677 2503 4733 Valerici
2554 4677 2818 4734 abbatem
2871 4678 3167 4733 insimulat
3209 4677 3302 4732 hic
3346 4684 3566 4744 auctor,
3617 4690 3714 4732 ca-

2018 4764 2255 4820 nonicos
2290 4765 2724 4834 Ambianenses,
2777 4767 3071 4822 Remensis
3117 4771 3426 4821 conventus
3461 4765 3716 4820 celeber-

2017 4849 2156 4906 rimi
2203 4852 2492 4921 prasnles,
2540 4861 2715 4924 atque
2746 4854 3053 4924 ipsummet
3083 4854 3406 4909 maximum
3453 4853 3715 4909 Ecclesia

2023 4939 2404 5007 bierarcham,
2452 4941 2728 5009 pecuniis,
2780 4941 3124 4997 muneribus
3156 4941 3482 5011 corrupisse
3530 4956 3598 4997 ac
3625 4941 3717 4997 de-

2022 5028 2235 5094 linisse,
2296 5042 2412 5097 quo
2462 5028 2757 5084 veritatem
2803 5029 3092 5097 susdeque
3141 5029 3438 5097 haberent,
3495 5038 3549 5086 et
3595 5044 3715 5084 mo-

2024 5114 2185 5170 lestia
2231 5121 2496 5170 sanctum
2543 5115 2733 5171 virum
2787 5116 3096 5184 afﬁcerent,
3149 5117 3444 5186 privarent
3478 5119 3610 5188 jure
3651 5131 3719 5172 ac

2024 5201 2260 5272 proinde
2289 5203 2547 5272 corrupti
2575 5217 2770 5259 omnes
2795 5212 2849 5260 et
2878 5205 3288 5260 abominabiles
3317 5204 3531 5261 fuerint
3561 5205 3719 5270 facti,

2024 5298 2089 5346 ut
2134 5304 2264 5346 cum
2317 5290 2621 5346 Psalmista
2673 5292 2899 5363 loquar.
2961 5293 3136 5359 Quasi
3193 5294 3592 5350 cauobiarcha
3629 5294 3722 5350 ille

2025 5378 2321 5435 immensis
2349 5378 2526 5436 Crasi
2567 5381 2768 5450 opibus
2818 5381 3156 5449 afﬁnxisset,
3190 5391 3254 5437 ut
3301 5383 3511 5453 quavis
3557 5396 3723 5439 occa-

2029 5466 2190 5523 sione
2219 5468 2298 5523 sic
2330 5466 2601 5537 pecunias
2630 5468 2966 5527 effunderct.

3328 5576 3411 5632 33
