3922 6080
256 229 393 283 1035

1286 222 1379 276 AD
1421 222 1573 277 OPP.
1618 221 1773 275 VEN.
1816 218 2143 275 GUIBERTI
2186 219 2277 274 DE
2321 216 2713 274 NOVIGENTO

3526 182 3543 189 4
3616 218 3760 273 1036

326 362 539 420 Deinde
574 361 631 416 in
680 360 941 416 animum
990 356 1151 412 facile
1181 356 1314 427 quis
1344 355 1654 423 induxerit,
1685 354 1948 411 abbatem
1988 356 2034 409 A
2058 361 2202 409 sunt.
2226 352 2617 409 immunitates
2664 351 3100 419 monachorum,
3131 351 3413 422 ingestam
3449 353 3759 423 perspicio,

254 461 309 509 et
357 450 687 517 monachos,
742 445 951 516 insigni
991 444 1194 501 techna
1223 458 1421 500 eorum
1472 445 1650 515 (quod
1681 444 1806 499 vult
1854 444 1946 498 Ni-

254 538 470 609 colaus)
516 535 703 592 Remis
750 533 1080 604 propalata,
1116 532 1256 587 adeo
1302 532 1541 587 frontem
1586 541 1642 587 et
1702 545 1765 587 os
1812 545 1942 600 per-

253 628 534 692 fricuisse,
591 632 656 679 ut
710 620 1001 690 extemplo
1059 621 1297 676 Romam
1358 619 1546 684 ierint,
1603 633 1635 674 a
1692 620 1947 675 Romano

255 714 523 785 pontifice
589 709 877 782 quidquid
911 708 1369 778 expostulassent
1420 706 1777 762 obtinuerint
1844 719 1948 760 ne-

254 802 407 874 gotio
454 798 747 870 perfacili?
796 812 898 854 nec
950 796 1108 851 ulls-.s
1157 810 1226 850 ex
1279 794 1632 851 celeberrimo
1675 795 1950 848 conventu

252 888 537 961 perversis
586 886 917 942 hominibus
947 891 1291 950 occurreret,
1324 898 1511 953 neque
1555 883 1695 938 tanti
1728 882 1949 937 facino-

252 978 333 1034 ris
409 975 846 1046 praemonuisset
928 986 1221 1027 summum
1291 978 1614 1041 pastorem;
1686 970 1830 1040 quin
1895 975 1950 1023 et

253 1073 512 1122 actutum
541 1064 678 1134 ipse,
714 1062 910 1133 ignota
943 1074 1179 1130 prorsus
1204 1073 1401 1125 causa,
1432 1072 1724 1114 assensum
1759 1070 1950 1113 mona-

253 1153 375 1211 chis
422 1152 750 1223 praebuerit,
804 1158 859 1206 et
905 1149 977 1205 ab
1008 1148 1328 1204 obedientia
1368 1162 1465 1204 eos
1500 1147 1777 1203 exemerit
1824 1145 1951 1217 epi-

258 1241 491 1312 scopali.
526 1245 721 1310 Apage
754 1239 874 1294 haec
898 1237 1308 1294 deliramenta!

329 1330 526 1400 Capite
556 1322 825 1395 vero'lﬁ,
877 1329 961 1394 16,
998 1329 1067 1382 20
1100 1335 1152 1381 et
1183 1327 1270 1392 21,
1313 1325 1553 1381 Romam
1582 1316 1649 1378 ea
1676 1323 1745 1378 de
1776 1334 1952 1378 causa

254 1419 482 1489 petiisse
554 1420 816 1472 sanctum
882 1412 1291 1479 Godefridum,
1353 1421 1529 1483 atque
1587 1426 1621 1466 a
1685 1409 1952 1480 pontifice

254 1506 510 1562 maximo
542 1503 836 1573 repulsam
885 1516 1117 1572 passum
1158 1501 1511 1572 biographus
1552 1506 1823 1568 enarrat;
1854 1498 1951 1554 sed

256 1594 442 1661 Bario,
479 1607 595 1663 quo
638 1598 874 1646 venerat
904 1591 1019 1646 voti
1052 1590 1310 1645 solvendi
1345 1603 1540 1655 causa,
1577 1588 1678 1644 ubi
1712 1588 1951 1643 Romam

2048 442 2220 512 juvat
2246 441 2485 497 omnino
2537 438 2819 510 privilegii
2855 440 3336 510 subscriptionem
3369 455 3488 510 qua
3517 442 3586 497 de
3629 440 3758 511 agi-

2056 538 2171 597 tur,
2223 542 2473 599 quaeque
2520 541 2719 584 ansam
2776 528 3005 584 Nicolao
3046 528 3292 599 praebuit
3347 529 3628 585 fabricam
3681 529 3762 584 fa-

2056 615 2285 683 bellam,
2345 615 2609 686 adjicere.
2671 616 2749 672 De
2790 615 3023 672 bullatis
3080 616 3366 673 Paschalis
3424 618 3471 673 II
3530 616 3758 683 litteris,

2056 704 2268 773 quippe
2316 703 2405 759 vel
2466 718 2751 759 consensu
2812 704 3276 760 adversariorum
3328 706 3450 761 sine
3505 705 3684 761 dubio
3725 719 3760 759 a

2057 792 2315 847 Romana
2362 792 2490 847 sede
2520 800 2655 847 sunt
2686 791 2906 847 emissae
2951 792 3028 847 nil
3060 794 3452 848 attexendum.
3500 794 3757 849 Alexan-

2056 880 2145 935 dri
2196 893 2330 935 vero
2383 880 2458 935 IlI
2510 880 2812 951 integram,
2869 888 3063 950 utpote
3102 894 3233 951 quae
3288 882 3619 936 universam
3671 884 3759 950 (ut

2057 976 2223 1023 antea
2254 967 2611 1038 monuimus)
2643 967 2861 1023 dirimit
2892 969 3068 1034 litem,
3101 969 3489 1024 describemus
3520 976 3760 1025 senten-

2057 1058 2213 1111 tiam.
2267 1055 2493 1111 Habent
2545 1055 2721 1127 igitur
2767 1055 2984 1112 hancce
3029 1056 3312 1112 Benedicti
3344 1070 3507 1127 papa:
3547 1053 3762 1113 litterae

2057 1143 2560 1213 subscriptionem.

2132 1253 2159 1281 ‹‹
2193 1232 2478 1301 Scriptum
2509 1245 2610 1301 per
2639 1246 2877 1288 manum
2900 1232 3159 1303 Hugonis
3183 1232 3392 1288 notarii
3422 1231 3759 1303 regionarii,

2058 1327 2113 1376 et
2157 1320 2444 1376 scriniarii
2496 1319 2556 1376 S.
2598 1322 2663 1377 R.
2714 1320 2777 1375 Ε.
2831 1320 2889 1375 in
2936 1334 3127 1377 mense
3174 1320 3377 1391 Aprili,
3440 1320 3639 1376 indict.
3677 1335 3756 1375 1x.

2060 1408 2209 1463 Bene
2240 1407 2441 1463 valete.
2503 1409 2713 1464 Datum
2758 1407 2884 1463 Kal.
2922 1409 3132 1478 Aprilis
3189 1423 3288 1479 per
3344 1423 3582 1464 manum
3628 1409 3757 1464 Ste-

2060 1495 2237 1565 phani
2267 1495 2515 1566 episcopi
2544 1495 2598 1552 S.
2635 1496 2700 1552 R.
2735 1497 2825 1563 E.,
2860 1497 3044 1566 primo
3074 1496 3442 1566 pontificatus
3470 1497 3760 1553 Benedicti

2060 1583 2402 1639 sanctissimi
2449 1584 2672 1653 septimi
2724 1598 2885 1654 papae
2918 1583 2978 1639 in
3009 1585 3139 1640 sede
3172 1585 3232 1639 B.
3287 1585 3436 1640 Petri
3490 1587 3761 1655 septimo,

254 1652 573 1747 redivisset,
608 1679 677 1734 de
708 1679 833 1749 ejus
866 1678 1192 1748 prudentia,
1238 1652 1580 1742 eruditione,
1629 1676 1948 1743 sanctitate,
1990 1652 2032 1706 Β
2064 1674 2199 1743 imp.
2254 1673 2463 1728 domno
2517 1652 2741 1740 Ottone,
2792 1652 2825 1728 a
2884 1674 3124 1730 Domino
3182 1683 3488 1738 coronato,
3542 1652 3763 1744 magno

250 1769 370 1838 jam
423 1768 632 1824 certior
674 1767 860 1822 factus
904 1765 1195 1821 Paschalis
1239 1780 1408 1835 papa,
1443 1766 1515 1820 ab
1551 1764 1645 1820 illo
1696 1763 1948 1831 veniam,

254 1856 410 1929 quod
469 1854 616 1911 male
656 1869 788 1909 eum
845 1853 1177 1923 excepisset,
1242 1852 1515 1922 exposcit.
1562 1874 1589 1902 ‹‹
1634 1852 1781 1907 Tum
1839 1852 1951 1907 Pa—

253 1944 465 2000 schalis
520 1942 775 2013 pontifex
825 1941 975 2010 (infit
1018 1941 1282 1996 Nicolans
1329 1955 1453 2010 cap.
1501 1939 1590 2009 2i)
1657 1939 1870 1995 litteras
1900 1937 1950 1994 ei

257 2030 453 2094 tradit,
488 2028 704 2097 quibus
734 2026 883 2082 inter
911 2026 1023 2081 alia
1054 2026 1477 2092 continebatur,
1512 2026 1776 2081 abbatem
1807 2028 1951 2080 San-

254 2118 328 2174 cti
360 2116 604 2174 Valerici
647 2129 779 2170 cum
811 2114 1107 2170 monachis
1148 2114 1289 2180 suis,
1329 2113 1701 2169 Ambianensi
1734 2113 1946 2183 episco-

253 2220 342 2276 po,
374 2204 606 2275 perinde
635 2212 810 2273 atque
841 2202 984 2272 patri
1016 2210 1071 2257 et
1100 2202 1334 2272 pastori,
1368 2202 1427 2256 in
1454 2201 1724 2257 omnibus
1752 2214 1951 2270 parere

254 2296 476 2351 debere.
532 2292 629 2348 Ille
679 2292 876 2361 igitur,
921 2310 948 2342 ι)
983 2298 1089 2346 etc.
1138 2288 1297 2346 Itane
1331 2288 1511 2346 vero?
1564 2289 1725 2345 Unde
1774 2288 1950 2359 igitur

256 2382 316 2437 in
372 2380 707 2437 ventilanda
773 2380 937 2434 toties
993 2386 1047 2433 et
1122 2377 1446 2433 rcfricanda
1499 2376 1568 2431 de
1633 2375 1949 2446 privilegiis

252 2470 669 2526 monachorum
737 2466 1318 2524 Sanvallericensium
1372 2465 1778 2526 controversia,
1840 2464 1949 2520 ha-

254 2566 454 2613 ctenus
489 2556 898 2613 Ambianenses
926 2553 1175 2623 episcopi
1225 2553 1283 2608 in
1326 2552 1577 2608 medium
1631 2552 1948 2621 producere

254 2645 491 2703 Romani
543 2643 828 2715 pontificis
855 2655 1001 2712 quas
1032 2640 1334 2711 praetendit
1365 2640 1455 2696 ille
1486 2640 1705 2696 litteras
1736 2641 1946 2709 nequi-

251 2733 507 2791 verunt?
556 2735 672 2788 Hac
704 2731 916 2786 scilicet
973 2729 1068 2784 via
1110 2729 1396 2785 universa
1445 2743 1679 2798 prorsus
1734 2728 1945 2798 sopitae,

254 2823 368 2878 imo
428 2828 483 2876 et
546 2819 844 2875 OXSIIDCIEB
904 2818 1347 2886 permansissent
1405 2816 1721 2872 discordia.
1792 2817 1946 2888 Ergo

254 2909 544 2966 Paschalis
592 2907 809 2997 litteras
842 2905 903 2960 B.
952 2904 1253 2997 Bodefrido
1284 2919 1575 2975 nusquam
1603 2904 1784 2970 datas,
1837 2919 1945 2960 ne-
1982 2942 2023 2997 ρ

252 3012 366 3064 mo,
398 3011 524 3052 mea
553 2994 834 3052 sententia
868 2993 969 3064 qui
1000 3008 1115 3048 non
1146 2994 1427 3049 advertat.

323 3086 613 3142 Postremo
682 3082 910 3137 tandem
978 3081 1281 3136 historicus
1354 3081 1444 3136 ille
1508 3080 1942 3151 opinatissimus

252 3173 463 3231 fabula:
510 3185 630 3228 suae
693 3170 1064 3239 colophonem
1104 3168 1321 3225 addidit
1365 3169 1423 3224 in
1472 3169 1629 3224 hunc
1684 3169 1938 3236 modum,

251 3276 378 3332 cap.
410 3262 478 3315 24
513 3275 524 3314 :
560 3279 587 3311 α
620 3258 841 3315 Abbate
891 3256 1083 3313 Sancti
1115 3257 1361 3314 Valerici
1410 3271 1616 3312 rursus
1645 3257 1824 3313 accito
1876 3258 1939 3313 Β.

249 3349 547 3420 episcopus
603 3346 815 3416 profert
877 3345 1092 3401 litteras
1150 3344 1442 3401 Paschalis
1502 3344 1803 3415 pontificis,
1844 3345 1942 3401 dat

247 3451 343 3494 eas
408 3435 620 3492 Simoni
686 3433 987 3505 praeposito
1051 3432 1238 3503 palam
1307 3432 1648 3501 recitandas,
1700 3428 1817 3488 etc.
1857 3434 1941 3489 Ad

248 3526 420 3597 pedes
466 3525 527 3580 B.
561 3522 846 3580 Godefridi
896 3536 953 3577 se
996 3521 1277 3592 abjiciunt
1328 3520 1529 3591 (abbas
1557 3528 1611 3576 et
1649 3521 1938 3591 monachi)

246 3613 477 3670 veniam
528 3624 825 3681 perperam
871 3616 1163 3680 gestorum
1214 3616 1435 3678 petunt,
1483 3623 1584 3664 nec
1633 3608 1941 3665 difficulter

247 3701 579 3772 impetrant,
621 3711 883 3769 congrua
934 3696 1016 3753 eis
1046 3696 1229 3753 multa
1278 3696 1548 3767 irrogata.
1585 3697 1672 3752 Ex
1701 3711 1766 3752 eo
1811 3705 1941 3753 tem-

246 3804 383 3861 pore
415 3788 647 3845 abbatia
677 3785 731 3841 S.
765 3784 1009 3842 Valerici
1028 3792 1186 3855 paret
1211 3786 1471 3855 episcopo
1492 3785 1881 3841 Ambianensi.
1909 3806 1935 3834 ››

245 3877 405 3945 Quod
437 3876 482 3932 si
515 3876 592 3931 ita
621 3889 679 3931 se
708 3888 797 3929 res
826 3872 1016 3939 habet,
1046 3886 1227 3943 quare
1268 3888 1381 3928 non
1411 3873 1592 3928 multo
1623 3880 1745 3942 post
1790 3881 1936 3928 tem-

245 3979 381 4036 pore
426 3962 771 4034 gravissima
828 3960 896 4015 lis
937 3967 1038 4024 est,
1095 3959 1508 4016 Ambianenses
1568 3960 1716 4016 inter
1762 3968 1936 4030 atque

246 4050 781 4115 Sanvallericenses,
831 4047 1126 4104 excitata?
1179 4048 1364 4113 Quam
1415 4049 1486 4104 ob
1530 4063 1648 4105 rem
1702 4048 1936 4104 arbitris

244 4142 305 4198 in
352 4140 615 4212 partibus
663 4140 750 4209 (ut
814 4137 998 4208 aiunt)
1032 4152 1316 4193 asummo
1366 4137 1560 4208 judice
1607 4137 1934 4193 Alexandro

2062 1761 2404 1831 imperatore
2436 1776 2557 1828 xm,
2592 1761 2785 1817 indict.
2822 1776 2995 1817 nona.
3028 1765 3225 1817 Amen.
3260 1783 3287 1810 »

2133 1849 2503 1905 Insultabunt
2568 1849 2760 1905 forsan
2835 1850 3068 1919 aemuli,
3147 1850 3759 1921 occlamitabnntqne,

2060 1935 2282 2006 imperii
2337 1937 2559 1994 Ottonis
2601 1939 2649 1992 II
2703 1946 2970 1994 octavum
3025 1939 3312 1994 duntaxat
3364 1952 3585 1995 annum
3636 1938 3760 2010 (cui

2059 2026 2337 2095 septimus
2375 2027 2625 2097 quadrat
2669 2026 2956 2082 Benedicti
3002 2040 3163 2097 papae
3198 2026 3321 2097 VII)
3370 2025 3489 2082 fore
3519 2041 3759 2097 compu-

2061 2113 2323 2168 tandum.

2128 2200 2349 2264 Quibus
2374 2216 2479 2272 ego
2511 2216 2623 2258 non
2648 2202 2787 2258 meis
2818 2200 3064 2272 pretium
3095 2216 3281 2272 operae
3314 2202 3486 2259 fuerit
3516 2216 3757 2273 respon-

2058 2287 2210 2355 dere,
2278 2296 2337 2344 at
2369 2288 2653 2345 illnstriss.
2713 2290 3022 2346 cardinalis
3062 2290 3288 2345 Baronii
3347 2290 3557 2357 verbis,
3627 2293 3758 2361 qui,

2059 2390 2193 2431 cum
2222 2391 2329 2432 sua
2378 2377 2611 2432 minime
2641 2379 2868 2445 referat,
2916 2383 3008 2431 5!
3035 2386 3064 2432 I
3103 2379 3429 2435 audiendus
3456 2388 3558 2446 est,
3612 2389 3755 2435 tom.

2059 2467 2080 2518 1
2124 2465 2386 2521 videlicet
2440 2466 2648 2521 Annal.
2683 2467 2754 2522 ad
2795 2481 2888 2521 an.
2923 2467 3026 2520 974
3072 2467 3182 2522 sub
3223 2466 3419 2535 finem,
3453 2468 3600 2523 hanc
3651 2483 3759 2538 pe-

2056 2553 2162 2609 rite
2213 2567 2448 2609 remorre
2498 2554 2765 2609 umbram
2818 2554 3046 2623 expedit
3083 2569 3095 2609 :
3130 2575 3158 2604 «
3192 2554 3474 2611 Defuncto
3524 2555 3753 2623 Ottone,

2055 2640 2264 2711 inquit,
2296 2640 2423 2711 ejus
2454 2641 2605 2697 filius
2632 2642 2761 2698 Otto
2785 2642 2987 2714 junior
3015 2643 3170 2699 solus
3200 2644 3411 2712 incepit
3445 2644 3752 2713 imperare,

2056 2729 2156 2797 qui
2198 2730 2320 2799 jam
2366 2743 2500 2785 cum
2550 2738 2710 2800 patre
2769 2731 3140 2787 inchoaverat
3186 2745 3407 2788 annum
3457 2740 3689 2789 sextum
3736 2750 3751 2788 :

2054 2831 2188 2872 nam
2236 2817 2355 2889 ipse
2397 2817 2454 2872 in
2520 2819 2927 2888 diplomatibus
2989 2819 3146 2875 hunc
3190 2833 3409 2876 annum
3478 2830 3754 2879 numerat

2053 2904 2144 2960 sui
2176 2905 2399 2975 imperii
2446 2906 2541 2976 (ut
2598 2907 2891 2976 apparebit
2945 2906 3205 2979 inferius)
3274 2915 3521 2975 sextum,
3561 2933 3582 2955 -
3632 2918 3749 2965 etc.

2050 2993 2250 3064 Itaque
2300 2994 2371 3049 ad
2419 3007 2638 3050 annum
2688 2997 2783 3051 981
2824 3010 2836 3050 ;
2878 3020 2898 3044 α
2953 2999 3155 3053 Exstat
3201 2996 3307 3053 hoc
3360 2998 3558 3053 eodem
3587 3011 3752 3054 anno

2048 3080 2248 3138 datum
2302 3081 2556 3151 diploma
2594 3083 2814 3140 Ottonis
2850 3084 2899 3140 lI
2954 3084 3331 3155 imperatoris,
3379 3094 3484 3141 etc.
3518 3086 3580 3141 In
3632 3085 3751 3143 ﬁne

2048 3178 2242 3225 autem
2277 3185 2291 3223 :
2322 3169 2571 3235 Joannes
2625 3171 3024 3238 cancellarius,
3086 3172 3171 3226 ad“
3206 3173 3389 3228 vicem
3440 3173 3586 3228 Petri
3638 3174 3747 3229 Pa-

2044 3256 2256 3326 piensis
2292 3258 2538 3327 episcopi
2570 3258 3059 3315 archicancellarii
3081 3300 3097 3327 ,
3130 3260 3438 3331 recognovi
3498 3269 3553 3316 et
3601 3262 3747 3317 sub-

2046 3343 2267 3414 scripsi.
2324 3346 2528 3400 Datum
2557 3361 2592 3401 ν
2639 3347 2722 3402 Id.
2756 3350 3108 3418 Aug.,.anno
3164 3349 3230 3403 D.
3266 3350 3551 3405 lncarnat.
3603 3364 3750 3405 non-

2047 3434 2359 3503 gentesimo
2406 3434 2753 3507 octogesimo
2802 3436 3006 3506 primo,
3040 3436 3235 3491 indict.
3285 3451 3361 3504 ix,
3396 3439 3556 3509 regni
3607 3452 3746 3495 vero

2046 3519 2259 3576 domini
2306 3520 2527 3579 Ottonis
2571 3536 2697 3591 xx1,
2733 3523 2956 3593 imperii
3008 3538 3145 3579 vero
3183 3539 3301 3593 VIII,
3336 3525 3530 3581 indict.
3565 3540 3743 3581 nona.

2044 3608 2194 3665 Inest
2240 3610 2495 3682 sigillum
2543 3611 2821 3682 ejusdem,
2852 3612 3083 3683 aliaque
3126 3612 3440 3682 diplomata
3480 3613 3743 3684 ejusdem

2045 3696 2268 3767 generis
2331 3698 2631 3770 privilegia
2691 3699 3043 3755 continentia
3096 3699 3304 3755 ibidem
3350 3708 3616 3764 exstant.
3678 3712 3745 3760 ut

2045 3783 2186 3839 illud
2241 3784 2443 3841 datum
2504 3794 2666 3843 sexto
2728 3787 2859 3843 idus
2912 3786 3107 3844 Octob.
3155 3788 3262 3843 hoc
3325 3789 3520 3845 eodem
3582 3802 3745 3847 anno

2044 3872 2437 3943 Redemptoris
2493 3877 2616 3943 98f,
2674 3875 2981 3931 indictione
3026 3891 3083 3944 x,
3138 3876 3405 3932 inchoata
3454 3877 3749 3947 imperiia

2043 3967 2294 4030 tempore
2357 3963 2742 4019 coronationis
2799 3963 3017 4019 decimo
3078 3974 3307 4034 quarto,
3369 3980 3470 4035 per
3526 3979 3749 4022 manus

2042 4049 2296 4119 ejusdem
2360 4051 2593 4107 Joannis
2648 4051 2994 4109 cancellarii.
3055 4072 3082 4105 ι)
3150 4053 3439 4110 Hactenus
3503 4054 3748 4111 Baronii

2039 4137 2234 4193 verba.

242 4229 536 4300 delcgatis,
583 4234 639 4283 et
669 4225 988 4283 rationibus
1016 4226 1088 4283 ab
1136 4226 1274 4297 ipsis
1307 4228 1579 4296 utrinque
1620 4226 1834 4281 auditis
1865 4240 1932 4281 ac
1969 4234 2014 4288 ι)
2108 4224 2328 4291 Quibus
2370 4241 2437 4285 ac
2494 4227 2780 4285 similibus
2830 4236 3049 4285 constat
3102 4229 3208 4287 hoc
3256 4231 3571 4301 praisertim
3621 4246 3743 4288 sae-

238 4316 564 4390 ponderatis
589 4314 770 4385 (quod
801 4329 931 4369 mox
965 4330 1167 4370 sumus
1210 4312 1737 4384 commonstraturi)
1781 4328 1929 4383 pon-

240 4407 377 4463 tifex
407 4406 661 4473 demum,
692 4409 815 4472 post
858 4403 1052 4458 varias
1081 4416 1148 4457 ac
1177 4402 1430 4472 prolixas
1459 4401 1711 4471 partium
1743 4401 1927 4457 disce-

236 4494 538 4567 ptationes,
586 4492 852 4548 abbatem
899 4498 955 4546 et
1006 4490 1317 4546 monachos
1369 4489 1424 4545 S.
1478 4489 1742 4557 Valerici,
1788 4491 1927 4561 quia

237 4589 363 4653 post
393 4580 691 4638 hominum
745 4578 1083 4635 memoriam
1132 4591 1165 4632 a
1191 4577 1323 4649 jure
1368 4578 1675 4649 episcopali
1724 4593 1925 4635 exem-

235 4678 362 4742 ptos
408 4668 608 4726 arbitri
661 4672 1075 4737 compererant,
1152 4664 1208 4720 in
1265 4667 1609 4735 possessione
1666 4667 1919 4724 retinnit.

232 4759 423 4830 Atque
483 4757 624 4812 adeo
682 4752 1103 4810 evidentissima
1168 4753 1379 4809 Nicolai
1435 4754 1856 4810 conclusionem
1907 4770 1919 4809 :

235 4869 265 4898 «
295 4848 385 4903 Ex
413 4860 479 4902 eo
524 4853 775 4914 tempore
818 4841 1050 4897 abbatia
1088 4840 1144 4897 S.
1190 4840 1431 4898 Valerici
1479 4849 1637 4912 paret
1665 4843 1923 4913 episcopo

229 4932 627 4999 Ambianensi,
681 4952 708 4981 »
758 4929 1197 5000 supposititiam,
1243 4929 1354 4985 nisi
1399 4929 1681 5001 impotens
1721 4930 1921 5000 animi,

227 5029 387 5093 puto,
420 5021 525 5077 ibit
556 5019 795 5075 inficias.
1682 5089 1698 5101 θ

294 5109 541 5167 Tametsi
592 5121 876 5179 parergon
906 5106 1058 5163 istud
1098 5108 1365 5164 omnibus
1397 5106 1538 5163 mihi
1562 5106 1761 5163 videar
1802 5122 1920 5164 nu-

226 5198 400 5254 meris
428 5196 757 5264 absolvisse,
803 5204 859 5251 et
889 5204 1082 5266 aperte
1116 5196 1251 5251 boni
1284 5195 1438 5251 illius
1466 5195 1598 5262 viri,
1634 5193 1915 5276 fictitiam,

226 5298 403 5355 quam
451 5285 608 5341 haud
655 5284 828 5341 dubie
874 5284 948 5340 ab
994 5283 1404 5355 impostoribus
1450 5290 1763 5352 acceperat,
1825 5283 1917 5339 di-

223 5372 400 5429 luisse
428 5373 965 5437 narratiunculam;
1020 5382 1210 5430 tamen
1250 5372 1407 5444 quod
1439 5371 1728 5429 crambem
1755 5372 1917 5429 toties

224 5466 505 5516 recoctam
536 5461 609 5517 ab
638 5461 899 5518 osoribus
941 5460 1069 5529 illis,
1102 5460 1318 5533 quibus
1364 5459 1598 5517 minime
1625 5460 1920 5533 stomacho,

2036 4312 2200 4379 culo,
2269 4329 2403 4370 cum
2471 4315 2859 4386 imperatores,
2923 4326 3047 4374 tum
3106 4333 3269 4390 reges
3327 4321 3687 4377 Francorum
3724 4364 3741 4390 ,

2036 4400 2258 4471 imperii
2286 4402 2405 4458 sive
2430 4405 2592 4474 regni
2624 4419 2806 4461 annos
2836 4419 2868 4460 a
2899 4406 2988 4462 die
3031 4406 3496 4478 inaugurationis
3533 4408 3745 4467 solitos

2034 4492 2321 4561 auspicari
2353 4507 2799 4573 nonnunquam.
2834 4494 3109 4564 Sequitur
3137 4496 3368 4552 tandem

2211 4579 2504 4636 Sententia
2528 4580 2847 4636 deeretorz'a
2876 4582 3205 4639 Alexandri
3230 4599 3399 4656 papa:
3422 4586 3546 4641 III.

2104 4668 2432 4725 Alexander
2463 4669 2784 4739 episcopus,
2816 4685 3021 4727 servus
3070 4686 3371 4729 servorum
3423 4674 3541 4742 Dei,
3583 4674 3738 4733 dile-

2030 4754 2135 4810 ctis
2166 4755 2297 4811 filiis
2347 4756 2602 4814 Asselino
2641 4757 2857 4825 abbati,
2901 4769 2957 4815 et
3002 4759 3277 4817 fratribus
3324 4759 3514 4817 Sancti
3559 4763 3744 4821 Wal-

2030 4842 2209 4911 lerici,
2261 4845 2505 4901 salutem
2562 4853 2617 4901 et
2667 4847 3029 4916 apostolicam
3086 4848 3559 4906 benedictionem.
3624 4853 3745 4907 Di-

2029 4945 2210 5000 gnum
2249 4940 2333 4989 est
2369 4941 2424 4989 et
2467 4933 2674 4989 rationi
2713 4935 3059 4992 conveniens
3108 4945 3189 5004 ut,
3241 4951 3373 4993 cum
3421 4938 3491 4994 ad
3531 4939 3741 4997 sedem

2028 5020 2396 5089 apostolicam
2460 5023 2801 5091 quaestiones
2879 5023 3090 5094 aliquae
3161 5024 3533 5095 deferuntur,
3612 5036 3734 5085 etc.

2026 5107 2268 5180 Reliqua
2294 5109 2420 5164 vide
2447 5109 2611 5177 infra
2639 5110 2702 5164 in
2735 5111 3067 5169 Alexandro
3093 5115 3220 5181 III,
3251 5113 3328 5168 ad
3353 5131 3452 5168 an.
3489 5118 3617 5171 1181
3641 5159 3654 5170 .

2101 5196 2180 5252 Ad
2231 5197 2354 5253 haec
2425 5199 2671 5268 pertinet
2743 5199 3113 5271 privilegium
3183 5201 3439 5272 ejusdem
3510 5206 3734 5262 summi

2025 5290 2184 5354 pont.
2235 5285 2434 5342 datum
2481 5286 2679 5343 eodem
2727 5287 3066 5356 anno.Qnod
3118 5290 3267 5346 inter
3304 5291 3417 5347 alia
3471 5293 3740 5353 continet

2024 5386 2160 5443 quae
2214 5381 2546 5444 sequuntur
2603 5389 2616 5429 :
2671 5395 2698 5425 ‹‹
2744 5375 2832 5432 Ad
2882 5377 3178 5448 exemplar
3237 5378 3739 5448 praedecessorum

2021 5468 2357 5518 nostrorum
2414 5461 2521 5532 piae
2581 5464 2995 5523 recordationis
3059 5471 3210 5522 an
3268 5466 3604 5538 Benedicti,
3678 5480 3739 5529 et
