3922 6080
147 290 276 343 I037

135 514 335 562 nostra
388 506 732 575 protectione
789 508 1156 576 suscipimus,
1213 516 1266 563 et
1314 518 1616 580 praesentes
1666 510 1835 580 privi-

135 596 284 666 legio
324 598 765 651 communimus.
812 595 1121 664 Imprimis,
1168 618 1188 644 ι
1230 604 1335 652 etc.
1381 599 1593 654 Deinde
1637 599 1832 654 multis

136 684 451 755 interjectis
483 698 495 736 :
538 706 559 731 ι
592 684 884 739 Sententia
917 699 1152 755 quoque
1192 685 1340 741 inter
1378 700 1475 742 vos
1511 696 1565 742 et
1598 687 1831 742 Ambia-

137 786 375 828 nensem
444 772 757 827 Ecclesiam
838 787 1011 842 super
1076 773 1436 843 impositione
1485 775 1708 831 abbatis
1774 776 1831 830 in

137 861 471 917 cathedram
534 860 824 916 electionis
884 869 1158 931 tempore,
1217 870 1271 917 et
1317 863 1385 917 de
1430 877 1573 918 cura
1617 862 1833 918 anima-

138 964 293 1017 rum,
340 963 562 1005 necnon
611 957 666 1005 et
704 950 773 1005 de
821 949 980 1005 omni
1026 951 1159 1020 jure
1200 951 1513 1020 parochiali
1562 953 1732 1007 castri
1774 952 1828 1007 S.

136 1038 405 1101 Valerici,
457 1052 491 1093 a
529 1038 693 1093 nobis
747 1038 957 1093 auditis
1010 1039 1143 1094 hinc
1199 1039 1330 1095 inde
1377 1041 1696 1096 rationibus
1742 1041 1832 1095 al—

136 1126 637 1197 legationibusque
687 1134 741 1183 et
795 1126 1124 1197 juratorum
1172 1128 1400 1184 testium
1451 1128 1832 1198 dispositioni-

136 1216 250 1271 bus
265 1216 634 1270 decommuni
655 1215 900 1271 fratrum
924 1224 1247 1272 nostrorum
1271 1217 1652 1283 consiliolata,
1678 1217 1831 1273 unde

136 1318 241 1359 vos
268 1303 638 1369 absolvimus,
696 1312 751 1360 et
792 1304 1159 1361 Ambianensi
1192 1305 1458 1360 Ecclesia
1489 1313 1829 1375 perpetuum

135 1390 425 1448 silentium
488 1392 886 1462 imposuimus.
946 1392 1122 1449 Vobis
1178 1400 1230 1449 et
1287 1393 1550 1449 Ecclesia
1604 1401 1825 1457 vestra,

136 1480 286 1535 sicut
327 1481 384 1534 in
428 1479 873 1549 scripto'nostro
917 1480 1126 1536 exinde
1172 1481 1316 1536 facto
1362 1481 1618 1536 noscitur
1658 1480 1832 1536 conti-

137 1578 291 1631 nere,
321 1564 660 1619 auctoritate
688 1564 995 1633 apostolica
1024 1566 1454 1631 confirmamus,
1490 1586 1517 1615 »
1543 1574 1649 1621 etc.

211 1652 514 1723 Privilegia
541 1660 595 1707 et
635 1653 1025 1708 immunitates
1066 1652 1642 1712 Sanvallericensium
1684 1669 1831 1710 com-

1392 293 1609 348 DOMNI
1650 293 1708 348 L.
1746 292 2087 347 D’ACHERY
2131 294 2350 349 ΝΟΤΑ-Ῑ.

137 417 428 474 Paschalis
475 419 861 474 Romanorum
916 420 1269 488 pontificum,
1314 423 1420 478 sub
1481 422 1542 477 B.
1595 423 1738 477 Petri
1786 430 1840 477 et
1878 428 1919 479 Α

3498 304 3635 360 1038

2017 420 2104 493 (¹⁴)
2165 423 2297 479 CAP.
2366 424 2462 491 ΙΙΙ,
2520 424 2548 495 §
2603 440 2678 480 ιιι.
2726 453 2799 467 -—
2852 427 3002 482 Dum
3049 444 3180 483 ossa
3219 430 3485 502 vulgaria
3528 450 3634 504 pro

1940 514 2274 565 sanctorum
2302 512 2638 582 pignoribus
2667 514 3048 570 venundanda
3070 516 3432 588 dispertiunt.
3466 521 3635 578 Noles

1942 601 2110 655 velim
2164 601 2506 671 sacrilegum
2559 602 2663 657 hoc
2705 618 2827 658 avo
2876 604 2945 659 de
2995 605 3174 661 sacris
3221 606 3311 662 SS.
3374 609 3635 680 reliquiis

1942 688 2267 743 venditione
2311 703 2500 743 usum.
2551 690 2709 745 Unde
2757 705 2861 745 nec
2910 692 3123 748 mirum
3170 695 3217 748 si
3262 706 3464 752 auctor
3517 698 3635 766 ipse

1942 782 2056 829 tam
2096 775 2303 831 acriter
2355 790 2450 831 eos
2497 778 2597 846 qui
2650 777 2931 847 ejusmodi
2985 780 3246 848 pestifero
3292 785 3631 840 commercio

1940 862 2353 918 incumbebant
2406 864 2795 934 insequatur:
2863 868 3098 936 proinde
3166 871 3366 926 merito
3425 873 3625 928 concil.

1941 950 2275 1006 Pictavense
2306 966 2363 1017 ιι,
2396 966 2463 1006 ea
2496 961 2828 1022 tempestate
2860 962 3075 1023 actum,
3108 970 3260 1012 anno
3304 960 3456 1026 1109,
3500 974 3626 1030 cap.

1943 1041 2007 1091 l2
2049 1039 2249 1094 statuit
2276 1057 2305 1090 α
2357 1040 2427 1095 Ut
2465 1049 2797 1097 sanctorum
2840 1043 3115 1113 reliquias
3156 1059 3332 1101 causa
3372 1048 3629 1116 pecunia

1938 1132 1994 1180 et
2036 1135 2293 1195 quastus
2346 1127 2829 1197 circumferentes,
2883 1132 2954 1186 ad
3001 1133 3462 1202 pradicationem
3510 1150 3628 1191 non

1938 1214 2337 1270 admittantur.
2376 1237 2396 1264 ι
2452 1217 2523 1272 Et
2577 1231 2702 1288 cap.
2770 1222 2906 1275 Cum
2965 1237 3033 1274 ea:
3087 1236 3173 1289 eo,
3237 1224 3314 1278 De
3358 1223 3521 1294 reliq.
3572 1230 3628 1279 et

1939 1309 2192 1357 venerat.
2244 1312 2621 1360 sanctorum:
2677 1326 2705 1355 «
2756 1308 2898 1362 Cum
2942 1322 3015 1363 ex
3070 1322 3137 1365 eo
3180 1310 3333 1379 quod
3390 1310 3627 1381 quidam

1938 1396 2269 1445 sanctorum
2320 1388 2597 1461 reliquias
2638 1404 2937 1462 exponunt
2976 1395 3225 1464 venales,
3266 1405 3320 1452 et
3361 1412 3455 1453 eas
3506 1411 3629 1468 pas-

1937 1479 2040 1532 sim
2088 1478 2415 1547 ostendunt,
2467 1480 2804 1536 Christiana
2857 1482 3120 1553 religioni
3177 1485 3495 1542 detractum
3556 1489 3628 1542 sit

1938 1565 2179 1634 sapius;
2236 1581 2307 1623 ne
2369 1567 2743 1637 imposterum
2796 1569 3153 1639 detrahatur,
3213 1575 3477 1642 prasenti
3531 1576 3626 1630 de-

1939 1660 2091 1707 creto
2138 1655 2448 1711 statuimus
2492 1663 2555 1712 ut
2606 1656 2861 1726 antiqua
2910 1658 3168 1729 reliquia
3219 1661 3423 1717 amodo
3464 1670 3630 1717 extra

138 1717 459 1810 probaruth
512 1741 722 1795 summi
780 1741 973 1810 pontif.
1028 1741 1394 1797 Innocentius
1460 1742 1553 1809 ΙΙΙ,
1611 1741 1826 1813 Grego-
1869 1717 1909 1771 Β
1938 1754 2167 1810 capsam
2208 1743 2540 1800 nullatenus
2587 1717 2982 1813 ostendantur,
3022 1717 3077 1800 et
3121 1756 3488 1817 exponantur
3530 1763 3628 1805 ve-

136 1829 262 1885 rius
291 1830 389 1895 IX,
426 1838 481 1884 et
510 1828 627 1896 alii,
662 1844 807 1898 quos
850 1843 1141 1884 recensere
1187 1845 1301 1884 non
1347 1830 1513 1885 modo
1552 1831 1829 1900 prolixior

136 1918 458 1988 descriptio,
515 1919 607 1972 sed
666 1924 722 1972 et
788 1917 981 1973 lectori
1046 1918 1338 1973 onerosior
1392 1919 1676 1986 evaderet,
1736 1918 1829 1974 fle-

136 2013 341 2075 retque
394 2005 639 2061 fastidio.
698 2005 897 2074 Itaque
948 2006 1016 2060 de
1068 2004 1155 2061 his
1210 2006 1307 2073 ita,
1375 2014 1436 2062 ut
1489 2006 1591 2077 qui
1646 2006 1828 2062 sancti

136 2094 377 2149 Valerici
430 2092 742 2163 privilegiis
790 2093 1065 2163 derogare
1119 2093 1358 2162 (Nicolai
1418 2102 1643 2150 tantum
1700 2094 1828 2150 fulti

136 2181 487 2251 narratione)
545 2189 600 2236 et
660 2181 818 2236 toties
881 2181 1167 2237 oblatrare
1225 2196 1293 2237 ac
1347 2181 1453 2237 sibi
1511 2189 1829 2251 temperare

135 2277 452 2340 nequeunt.
500 2268 706 2324 Saltem
752 2284 811 2324 se
866 2270 922 2323 in
972 2269 1190 2329 lumine
1241 2270 1447 2339 positos
1491 2284 1606 2325 non
1666 2284 1830 2340 posse

134 2358 332 2414 videre
379 2357 736 2425 erubescant,
768 2358 841 2426 {et
886 2356 970 2412 vel
1025 2357 1227 2412 amodo
1266 2358 1539 2413 claudant
1587 2372 1708 2425 ora,
1759 2371 1831 2413 ne

136 2454 357 2502 rectum
389 2460 710 2515 verumque
736 2445 1067 2502 amantibus
1092 2446 1399 2515 opprobrio
1432 2447 1589 2502 fiant.

213 2531 307 2602 (‘3)
350 2532 482 2588 CAP.
538 2532 627 2596 Ill,
669 2532 695 2598 §
743 2546 821 2586 ιιι.
856 2562 923 2570 --
974 2534 1159 2585 Tanla
1198 2530 1631 2587 indissimililer
1669 2532 1831 2595 Γαδία

134 2619 343 2691 ubique
382 2618 494 2675 loci
531 2618 815 2673 memoria
851 2635 989 2674 mea
1033 2617 1367 2688 subjiciunt.
1411 2620 1693 2675 Fraudem
1723 2619 1829 2674 im-

137 2709 291 2779 piam
350 2708 640 2768 Adelberti
693 2707 862 2763 deflet
925 2713 1160 2762 sanctus
1213 2706 1541 2762 Bonifacius
1597 2707 1834 2778 Mogun-

138 2797 392 2854 tinorum
433 2795 793 2867 archiepisc.,
858 2795 1018 2865 epist.
1068 2794 1190 2862 135,
1238 2796 1309 2850 ad
1354 2795 1690 2850 Zachariam
1745 2809 1835 2864 pa-

138 2901 313 2957 pam:
380 2907 401 2934 ι
438 2887 499 2941 In
559 2887 832 2955 primava
885 2892 1051 2939 atate
1103 2883 1403 2953 hypocrita
1455 2884 1583 2951 fuit,
1639 2884 1833 2940 dicens

136 2974 292 3063 quod
365 2972 471 3028 sibi
543 2972 787 3063 angelus
845 2971 1090 3063 Domini,
1182 2971 1504 3063 in‘specie
1560 2972 1828 3063 hominis,
1868 3005 1908 3063 ρ

134 3062 381 3131 reliquia
426 3060 723 3126 attulisset,
772 3068 827 3115 et
870 3060 1077 3115 exinde
1127 3058 1399 3129 potuisset
1435 3060 1627 3115 omnia
1672 3074 1832 3130 qua-

134 3165 369 3221 cunque
413 3156 662 3220 posceret
711 3163 746 3204 a
788 3149 902 3204 Deo
952 3150 1275 3219 impetrare.
1312 3150 1381 3204 Et
1415 3156 1555 3204 tunc
1597 3149 1829 3204 demum

135 3250 239 3306 per
312 3237 466 3292 illam
528 3235 974 3303 simulationem,
1038 3237 1187 3292 sicut
1259 3236 1549 3306 apostolus
1617 3236 1832 3290 Paulus

136 3324 421 3395 praedixit,
472 3324 790 3394 penetravit
839 3324 1158 3380 multorum
1210 3322 1427 3390 domos,
1474 3330 1527 3378 et
1578 3322 1832 3391 captivas

138 3415 308 3470 duxit
368 3420 490 3482 post
557 3426 616 3468 se
682 3411 1072 3480 mulierculas,
1138 3419 1404 3468 oneratas
1450 3412 1710 3480 peccatis,
1777 3419 1833 3466 et

58 3498 75 3507 '
138 3502 565 3559 multitudinem
597 3502 964 3568 rusticorum,
1005 3500 1318 3555 dicentium
1357 3498 1512 3569 quod
1548 3499 1666 3568 ipse
1689 3504 1835 3554 esset

140 3589 234 3645 vir
253 3588 574 3658 apostolica
612 3587 949 3650 sanctitatis.
981 3595 1036 3642 et
1065 3588 1232 3657 signa
1272 3594 1326 3642 et
1365 3586 1622 3656 prodigia
1650 3585 1835 3641 multa

142 3676 384 3733 fecisset.
430 3698 451 3723 ι
498 3676 567 3731 Ει
602 3675 773 3745 paulo
812 3681 936 3744 post
970 3689 982 3728 :
1021 3695 1042 3723 ι
1095 3672 1351 3744 Ungulas
1396 3686 1551 3738 suas,
1583 3679 1638 3727 et
1667 3672 1834 3741 capil-

141 3766 226 3822 los
272 3778 406 3822 suos
446 3764 600 3819 dedit
640 3763 712 3818 ad
764 3762 1185 3828 honorandum,
1219 3768 1272 3816 et
1313 3761 1658 3830 portandum
1687 3760 1832 3829 lcum

141 3854 403 3925 reliquiis
460 3853 514 3909 S.
589 3852 737 3908 Petri
812 3850 1090 3921 principis
1162 3848 1571 3919 apostolorum,
1634 3869 1655 3896 ι
1723 3854 1829 3903 etc.

142 3943 371 4013 Legeris
419 3949 476 3997 et
524 3941 646 3997 hac
693 3941 840 3995 inter
878 3937 1117 3994 concilia
1167 3937 1275 3993 sub
1318 3937 1515 3993 eodem
1558 3936 1835 3991 Zacharia

141 4029 446 4087 celebrata.
489 4028 733 4099 Magnus
764 4028 934 4082 etiam
980 4025 1290 4096 Gregorius
1315 4024 1602 4080 Bonifacio
1645 4023 1835 4079 senior

142 4119 244 4175 lib.
300 4133 378 4183 ιιι,
436 4117 600 4187 epist.
656 4118 743 4175 30.
804 4115 874 4170 de
926 4113 1137 4170 Gracis
1188 4126 1383 4184 agens,
1442 4112 1546 4183 qui
1598 4126 1836 4181 corpora

142 4213 506 4263 mortuorum
564 4203 624 4259 in
678 4215 880 4272 campo
920 4199 1172 4271 jacentia
1216 4198 1580 4263 effodiebam,
1630 4213 1834 4255 recon-

1937 1829 2116 1896 nales,
2147 1848 2175 1881 ιο
2208 1838 2315 1885 etc.

2009 1919 2100 1988 (υ)
2133 1919 2265 1973 CAP.
2298 1918 2394 1987 1V,
2424 1920 2451 1986 §
2487 1934 2524 1974 ι.
2560 1948 2629 1960 -
2658 1921 2982 1993 Nunquam
3025 1922 3231 1994 legisse
3274 1940 3364 1977 me
3393 1924 3632 1979 memini

1936 2006 2095 2076 quod
2143 2005 2347 2060 loculis
2395 2006 2589 2061 aureis
2639 2024 2741 2062 seu
2794 2013 3083 2081 argenteis
3135 2026 3433 2067 marmora
3481 2029 3630 2083 pura

1935 2095 2247 2148 mutarent.
2281 2093 2418 2160 Qua
2457 2095 2654 2151 hacin
2697 2110 2757 2151 re
2795 2098 3047 2153 Guiberti
3098 2112 3261 2154 mens
3301 2099 3472 2155 fuerit
3514 2114 3629 2156 non

1937 2179 2119 2236 habeo
2168 2190 2547 2251 perspectum,
2599 2197 2797 2238 verum
2836 2183 2883 2238 si
2937 2184 3298 2255 conjecturas
3344 2200 3629 2256 exponere

1935 2265 2120 2334 liceat,
2182 2268 2395 2337 duplici
2456 2260 2523 2325 de
2576 2284 2752 2326 causa
2816 2272 3082 2341 capsulas
3154 2287 3363 2330 aureas
3420 2288 3626 2346 argen-

1940 2361 2123 2411 teasve
2178 2355 2501 2425 improbare
2559 2358 2825 2414 videtur:
2886 2361 2975 2415 vel
3041 2361 3195 2417 enim
3243 2362 3384 2432 quia
3436 2365 3627 2418 statim

1939 2450 2115 2513 atque
2144 2458 2217 2500 ex
2252 2446 2358 2501 hac
2396 2446 2716 2502 colluvione
2762 2448 2818 2502 in
2867 2448 3073 2505 coelum
3112 2450 3489 2506 discesserant
3524 2466 3630 2507 suo

1940 2538 2191 2602 tempore
2266 2534 2341 2603 pii
2401 2534 2535 2600 viri,
2609 2534 2867 2604 ipsorum
2927 2550 3167 2606 corpora
3236 2538 3296 2592 in
3352 2538 3630 2609 sepulcris

1940 2621 2132 2676 aureis
2163 2628 2236 2676 et.
2267 2623 2551 2691 argenteis
2590 2623 3084 2693 recondebantur;
3136 2626 3288 2694 quod
3333 2640 3625 2696 nusquam

1940 2707 2001 2762 in
2040 2706 2293 2762 Ecclesia
2336 2717 2647 2779 receptum,
2688 2731 2707 2758 ι
2742 2710 2885 2765 Cum
2924 2711 3022 2766 Dei
3072 2711 3248 2767 ﬁilius
3294 2726 3434 2769 saxo
3480 2713 3631 2768 vilis-

1940 2795 2083 2850 simo
2132 2795 2484 2864 obstruatur,
2545 2798 2651 2853 fert
2697 2806 2915 2854 auctor.
2964 2798 3068 2865 Qui
3116 2807 3171 2855 et
3218 2800 3467 2870 idipsum
3513 2815 3628 2856 non

1941 2883 2019 2939 ita
2044 2883 2286 2940 obscure
2316 2885 2527 2940 indicat
2568 2886 2655 2940 his
2695 2886 2884 2941 verbis
2918 2901 2931 2940 :
2970 2908 2991 2935 ι
3026 2886 3163 2953 Qua
3208 2888 3305 2943 Dei
3334 2889 3627 2944 amulatio

1940 2980 2043 3039 est,
2083 2981 2215 3041 etc.,
2268 2982 2458 3028 nostro
2502 2982 2751 3044 tempore
2797 2983 3232 3039 commentetur,
3279 2977 3432 3047 quod
3482 2976 3627 3032 nulli

1935 3074 2240 3131 nunquam
2271 3060 2553 3132 religioni,
2590 3062 2761 3117 nullis
2787 3076 3034 3134 usquam
3066 3064 3280 3120 divitiis
3306 3063 3631 3121 exhibitum

1938 3161 1973 3202 a
2029 3147 2236 3203 saculo
2291 3150 2690 3218 comperimus.
2752 3172 2774 3198 ι
2840 3151 2930 3206 Vel
2986 3151 3058 3206 ob
3114 3166 3447 3221 perversum
3505 3160 3625 3208 tum

1935 3236 2239 3305 probatum
2281 3236 2567 3307 plerisque
2614 3253 2849 3306 morem,
2893 3247 2949 3294 et
2989 3247 3296 3309 quastum.
3338 3239 3489 3307 Quos
3527 3240 3625 3295 Dei

1936 3325 2052 3380 zelo
2083 3338 2357 3381 accensus
2393 3340 2642 3395 magnus
2680 3327 3007 3383 Bernardus
3046 3342 3222 3398 quam
3265 3329 3629 3385 vehementer

1937 3411 2227 3483 objurgat,
2288 3413 2550 3484 apologia
2604 3414 2677 3469 ad
2732 3413 3101 3470 Guillelmum
3161 3415 3446 3482 abbatem,
3518 3414 3627 3471 sub

1940 3499 2110 3555 ﬁnem
2147 3514 2159 3553 :
2195 3520 2223 3547 ‹‹
2257 3501 2327 3556 Et
2372 3509 2434 3556 ut
2480 3508 2671 3570 aperte
2702 3501 2925 3571 loquar,
2977 3515 3051 3556 an
3099 3502 3204 3558 hoc
3265 3510 3445 3558 totum
3499 3503 3632 3562 facit

1940 3586 2206 3654 avaritia,
2240 3601 2371 3657 qua
2400 3594 2484 3643 est
2519 3588 2799 3643 idolorum
2842 3590 3106 3655 servitus,
3147 3596 3202 3645 et
3245 3604 3358 3645 non
3392 3592 3633 3661 requiri-

1941 3690 2075 3730 mus
2104 3675 2376 3742 fructum,
2408 3676 2503 3731 sed
2535 3676 2777 3731 datum?
2807 3675 2861 3731 Si
2887 3676 3101 3746 quaris
3124 3678 3431 3748 quomodo,
3462 3679 3629 3749 miro,

1941 3763 2203 3833 inquam,
2256 3763 2440 3818 modo.
2490 3762 2611 3817 Tali
2645 3764 2898 3833 quadam
2938 3771 3056 3819 arte
3103 3766 3394 3835 spargitur
3444 3782 3521 3823 as
3565 3776 3632 3825 ut

1942 3851 2371 3921 multiplicetur,
2425 3850 2771 3920 expenditur
2819 3859 2883 3907 ut
2955 3860 3259 3923 augeatur,
3318 3861 3372 3909 et
3427 3854 3629 3912 effusio

1939 3939 2162 4009 copiam
2193 3940 2357 4008 parit.
2402 3939 2530 4009 Ipso
2570 3939 2786 4009 quippe
2817 3940 2949 3995 visu
2986 3947 3479 4010 sumptuosarum,
3533 3944 3630 3999 sed

1942 4027 2341 4083 mirandarum
2379 4028 2702 4082 vanitatum
2733 4029 3129 4084 accenduntur
3163 4028 3421 4085 homines
3449 4032 3634 4103 magis

1942 4114 2012 4169 ad
2050 4113 2406 4170 offerendum
2458 4127 2634 4182 quam
2684 4113 2754 4168 ad
2820 4114 3203 4170 adorandum.
3264 4115 3421 4171 Auro
3474 4118 3634 4175 tectis

1945 4202 2206 4273 reliquiis
2267 4202 2612 4273 saginantur
2662 4201 2832 4269 oculi,
2907 4211 2961 4258 et
3035 4202 3204 4258 loculi
3267 4204 3629 4273 aperiuntur.

140 4296 514 4365 debantque:
561 4315 583 4341 ι
649 4291 920 4359 Quicum
970 4289 1332 4359 deprehensi,
1396 4310 1418 4337 ι
1462 4295 1662 4344 narrat
1718 4287 1829 4353 ille,
1871 4277 1916 4331 Ῑ)
1944 4291 2280 4347 Ostenditur
2309 4290 2697 4360 pulcherrima
2738 4289 2923 4346 forma
2961 4290 3140 4346 sancti
3191 4291 3279 4347 vel
3320 4300 3548 4360 sancta,
3580 4300 3633 4348 et

146 4405 175 4434 «ι
207 4390 263 4440 et
314 4397 422 4438 cur
460 4382 566 4437 hoc
619 4381 890 4447 facerent,
938 4377 1241 4450 diligenter
1289 4378 1528 4433 fuissent
1571 4376 1832 4443 discussi,

142 4471 386 4529 confessi
443 4478 580 4527 sunt
637 4469 789 4540 quod
851 4468 949 4523 illa
1004 4481 1133 4523 ossa
1190 4466 1261 4522 ad
1316 4466 1596 4523 Graciam
1648 4467 1838 4520 essent

140 4569 426 4629 tanquam
465 4565 793 4614 sanctorum
840 4554 1114 4626 reliquias
1147 4554 1459 4624 portaturi!
1497 4573 1525 4603 ›
1558 4553 1837 4608 Praetereo

141 4647 432 4705 nefarium
479 4645 785 4717 quemdam
823 4644 1210 4714 impostorem,
1249 4642 1419 4712 cujus
1453 4640 1838 4696 exsecrandas

142 4734 635 4809 pseudomartyris
685 4734 829 4789 Iusti
886 4731 1265 4802 reliquiarum
1321 4729 1633 4795 nundinas,
1684 4727 1838 4783 testis

142 4825 432 4893 oculatus,
520 4821 797 4893 graphica
872 4817 1249 4888 descriptione
1332 4815 1565 4887 sugillat
1633 4815 1839 4871 Glaber

143 4911 488 4982 Rodulphus
534 4909 632 4965 lib.
682 4924 755 4977 iv,
805 4921 928 4978 cap.
965 4909 996 4962 3
1040 4920 1110 4960 τι
1153 4903 1313 4972 Quod
1362 4904 1605 4974 peccatis
1654 4903 1837 4960 homi-

142 5015 288 5058 num
343 4999 727 5072 exigentibus,
792 4997 1027 5053 Domino
1081 4993 1459 5065 permittente,
1494 5006 1527 5047 a
1586 5006 1840 5063 nequam

142 5088 444 5159 spiritibus
498 5086 812 5157 aliquando
861 5084 1001 5139 ﬁant
1048 5081 1347 5137 miracula.
1394 5102 1421 5130 »
1472 5080 1715 5136 Abunde
1768 5079 1837 5135 ad

145 5179 309 5235 hunc
350 5177 583 5233 modum
622 5174 889 5243 exempla
924 5170 1250 5241 suppeditat
1297 5167 1604 5225 Menardus
1650 5174 1842 5223 noster

150 5266 214 5322 in
269 5279 395 5336 cap.
459 5268 489 5319 3
538 5262 815 5321 Concord.
866 5274 985 5329 reg.
1037 5272 1167 5328 pag.
1229 5259 1348 5324 l25,
1407 5269 1580 5326 quem
1635 5255 1748 5323 adi,
1794 5255 1840 5310 si

145 5354 328 5422 lubet,
374 5368 481 5409 nec
525 5365 641 5407 non
682 5347 984 5407 Amulonis
1038 5345 1218 5416 Lugd.
1257 5344 1509 5414 archiep.
1558 5341 1719 5413 epist.
1770 5342 1842 5398 ad

147 5442 459 5499 Theobald.
509 5441 751 5511 Lingon,
809 5436 1054 5506 episcop.
1106 5447 1140 5489 a
1196 5432 1524 5489 Camuzatio
1579 5430 1843 5488 Trecensi

148 5532 429 5592 canonico
449 5530 662 5588 editam
696 5528 853 5582 1633.

1942 4393 2012 4435 eo
2059 4379 2313 4435 creditur
2358 4379 2630 4447 sanctior,
2689 4392 2807 4449 quo
2851 4378 3169 4434 coloratior.
3225 4379 3482 4436 Currunt
3527 4380 3635 4436 ho-

1944 4466 2128 4523 mines
2158 4481 2223 4523 ae
2260 4466 2661 4534 osculandum,
2698 4466 3022 4522 invitantur
3067 4467 3137 4521 ad
3169 4467 3546 4535 adorandum,
3583 4476 3637 4523 et

1942 4555 2128 4625 magis
2184 4553 2470 4609 mirantur
2495 4553 2736 4623 pulchra
2772 4567 2946 4624 quam
2989 4562 3343 4609 venerantur
3386 4567 3568 4610 sacra.
3606 4576 3635 4603 ››

1944 4641 2033 4696 Ab
2120 4641 2228 4697 hoc
2311 4641 2537 4697 doctore
2601 4640 2982 4705 sanctissimo,
3042 4640 3309 4709 Alvarus,
3381 4655 3445 4696 eo
3506 4641 3636 4698 licet

1945 4727 2180 4783 inferior
2224 4728 2423 4795 multo,
2459 4728 2692 4784 minime
2746 4729 3027 4798 discrepat
3071 4728 3168 4783 lib.
3202 4742 3241 4781 ιι
3288 4728 3367 4784 De
3402 4728 3635 4798 planctu

1943 4816 2209 4872 Ecclesia
2262 4829 2387 4886 cap.
2445 4818 2512 4870 76
2568 4838 2589 4864 ι
2654 4816 2814 4872 Multi
2870 4820 3018 4870 573
3082 4815 3339 4872 homines
3394 4818 3637 4874 veniunt

1945 4904 2017 4960 ad
2058 4903 2353 4959 ecclesiam
2412 4905 2594 4975 magis
2650 4911 2714 4960 ut
2767 4904 3121 4960 delectentur
3170 4912 3223 4959 et
3274 4904 3637 4962 admirentur

1945 4992 2187 5062 pulchra
2237 4992 2479 5048 adificia
2529 4999 2583 5047 et
2639 4991 2934 5063 imagines,
2990 5005 3166 5062 quam
3228 4999 3292 5048 ut
3344 4994 3637 5063 corrigant

1945 5078 2104 5135 vitia.
2153 5080 2377 5136 Aurum
2428 5079 2601 5135 trahit
2649 5093 2879 5147 aurum,
2932 5080 3142 5149 politus
3193 5079 3366 5149 lapsis
3421 5080 3637 5149 lapides

1948 5168 2221 5238 pretiosos
2269 5168 2460 5223 trahit.
2521 5168 2703 5238 Magis
2747 5166 2984 5223 offertur
3038 5168 3300 5238 reliquiis
3345 5168 3639 5226 deauratis

1950 5270 2127 5327 quam
2157 5256 2451 5325 pannosis,
2482 5277 2505 5304 ι
2540 5262 2643 5311 etc.

2023 5345 2126 5400 Hic
2167 5345 2527 5413 perversitas,
2581 5357 2697 5399 non
2744 5341 2941 5412 pietas,
2991 5343 3322 5401 damnatur.
3364 5344 3641 5417 Alioquin

1950 5432 2193 5488 inficiari
2252 5440 2432 5502 potest
2488 5446 2672 5499 nemo,
2732 5430 2896 5488 cultu
2942 5431 3137 5488 divino
3202 5433 3480 5505 impulsos
3540 5437 3647 5507 qui

1951 5521 2185 5592 primas,
2249 5528 2366 5578 tum
2423 5521 2741 5589 sanctitate,
2793 5527 2917 5577 tum
2972 5521 3251 5592 dignitate
3308 5530 3648 5597 tenuerunt,
