3922 6080
300 256 440 314 1039

1337 251 1431 306 AD
1470 250 1620 306 OPP.
1664 249 1820 307 VEN.
1863 249 2185 305 GUIBERTI
2230 247 2317 302 DE
2357 245 2754 303 NOVIGENTO

3663 244 3812 298 1040

298 400 630 450 sanctorum
657 389 902 448 exuvias
939 387 1244 444 identidem
1278 393 1534 470 argento,
1565 398 1726 449 auro,
1760 383 1999 455 gemmis
2037 387 2083 438 A
2183 381 2562 459 Nihilosecius
2589 380 2724 436 olim
2752 387 2806 435 et
2838 380 2894 434 in
2935 379 3093 435 hunc
3122 393 3308 450 usque
3347 378 3494 434 diem
3543 377 3812 433 diversas

298 479 755 538 circumvestisse
812 483 866 532 et
925 476 1252 531 adornasse.
1331 472 1610 542 Exempla
1676 478 1992 554 suppetunt

296 570 639 633 innumera;
682 579 812 636 quae
867 563 1160 620 brevitatis
1201 576 1336 633 ergo
1366 569 1619 616 attexere
1652 559 1991 630 supersede-

297 672 448 713 mus.
501 657 690 710 Instar
745 653 861 708 sint
913 652 1172 708 omnium
1231 650 1284 704 8.
1346 647 1572 705 Salvius
1620 647 1988 702 Ambianens.

299 765 327 796 α
358 744 462 809 Qui
510 742 840 812 sepulcrum
872 740 926 796 8.
983 739 1218 795 Firmiui
1264 751 1406 793 auro
1448 737 1806 808 gemmisque
1835 734 1993 789 nobi-

295 832 424 889 liter
467 831 776 886 decoravit.
812 849 839 877 »
886 828 1032 884 Vitae
1072 827 1124 882 8.
1178 826 1348 881 Salvii
1391 839 1516 894 cap.
1561 827 1607 878 3.
1662 824 1732 878 Et
1773 823 1826 878 8.
1868 822 1990 878 Διι-

295 921 514 976 doenus
543 917 601 972 in
632 918 762 975 Vita
793 915 846 972 8.
901 913 1072 986 Eligii
1107 914 1200 969 lib.
1235 929 1274 974 ι.
1306 927 1430 981 cap.
1487 915 1553 966 32
1588 927 1598 964 :
1633 933 1660 961 «
1711 909 1814 967 Hic
1844 910 1988 964 idem

290 1010 383 1065 vir
413 1009 634 1073 beatus,
683 1007 828 1060 inter
860 1011 1063 1060 caetera
1107 1003 1388 1057 bonorum
1429 1013 1666 1069 operum
1724 998 1988 1069 insignia,

291 1096 476 1152 multa
508 1101 840 1150 sanctorum
872 1104 1015 1147 auro
1046 1096 1402 1160 argentoque
1433 1095 1488 1143 et
1511 1087 1792 1158 genmmis
1822 1085 1992 1140 fabri-

293 1184 446 1238 cavit
492 1181 775 1251 sepulcra,
829 1179 883 1233 id
922 1185 1008 1234 est
1049 1176 1336 1243 Germani,
1394 1174 1670 1240 Severini,
1724 1173 1990 1236 Piatonis,

291 1269 570 1338 Quintiui,
607 1267 782 1334 Lucii,
817 1265 1136 1331 Genovefae,
1194 1265 1504 1330 Columbae,
1552 1260 1890 1318 Maximiani
1935 1267 1990 1314 et

291 1358 533 1424 Loliani,
589 1364 644 1412 et
693 1355 929 1420 Iuliani,
981 1353 1171 1408 adhuc
1226 1361 1281 1408 et
1339 1353 1585 1407 aliorum
1651 1349 1985 1415 multorum,

291 1447 387 1503 sed
449 1445 736 1516 praecipue
785 1441 1015 1498 Martini
1066 1440 1312 1496 Turonis
1368 1439 1620 1505 civitate,
1675 1445 1779 1493 etc.
1832 1437 1987 1493 Prae-

290 1541 447 1589 terea
491 1530 715 1601 Eligius
777 1527 1083 1583 fabricavit
1119 1533 1174 1581 et
1227 1527 1582 1581 mausoleum
1624 1524 1676 1580 S.
1727 1524 1991 1594 Martyris

293 1619 547 1689 Dionysii
603 1619 857 1673 Parisius
916 1615 1164 1682 civitate,
1221 1623 1274 1670 et
1322 1616 1625 1683 tugurium
1676 1627 1849 1682 super
1900 1613 1986 1682 ip-

290 1722 419 1764 sum
470 1720 858 1762 marmoreum
887 1705 1044 1775 [miro
1083 1718 1251 1772 opere
1307 1703 1375 1759 de
1423 1716 1565 1757 auro
1596 1709 1650 1756 et
1700 1703 1986 1772 gemmis:

291 1797 524 1850 cristam
557 1808 791 1865 quoque
819 1801 874 1848 et
911 1794 1124 1861 species
1155 1792 1223 1845 de
1253 1790 1437 1845 fronte
1485 1789 1788 1859 magnifice
1836 1803 1987 1844 com-

291 1884 516 1954 posuit;
552 1897 656 1937 nec
680 1896 794 1936 non
825 1887 879 1936 et
911 1894 1049 1935 axes
1079 1879 1137 1934 in
1167 1879 1415 1934 circuitu
1454 1877 1670 1946 altaris,
1709 1899 1730 1925 ι
1765 1885 1870 1933 etc.
1906 1879 1990 1932 lta

287 1986 393 2027 ms.
429 1971 608 2026 codex
639 1969 963 2026 Corbeiens.

361 2061 534 2116 Porro
588 2058 644 2112 id
697 2070 880 2127 genus
926 2057 1220 2110 thecarum
1276 2067 1422 2109 auro
1469 2061 1524 2108 et
1570 2060 1808 2124 argento
1847 2067 1989 2107 con-

287 2149 593 2212 fectarum,
630 2154 804 2214 atque
853 2143 1096 2214 gemmis
1140 2144 1381 2213 sparsim
1429 2149 1790 2208 ornatarum,
1831 2141 1987 2197 auti-

287 2236 487 2306 quitus
539 2235 594 2288 in
641 2233 894 2288 Ecclesia
941 2246 1111 2287 usum
1156 2230 1466 2285 invaluisse
1522 2229 1759 2284 tradunt
1815 2232 1989 2286 Sozo—

287 2337 492 2377 menus
532 2322 630 2377 lib.
683 2336 759 2387 1x,
808 2333 932 2388 cap.
974 2324 1026 2384 2,
1075 2319 1128 2373 in
1184 2318 1330 2386 fine;
1372 2317 1671 2386 Nicephor.
1723 2317 1818 2372 lib.
1869 2331 1984 2383 xxv,

287 2424 413 2480 cap.
450 2413 558 2480 45;
591 2409 895 2464 Aimoinus
935 2408 1012 2462 De
1045 2407 1243 2462 mirae.
1283 2405 1570 2461 Benedict.
1611 2405 1708 2460 lib.
1759 2421 1816 2472 ii,
1858 2417 1982 2474 cap.

292 2501 356 2552 19
388 2498 498 2553 sub
531 2498 722 2552 ﬁnem.

360 2586 548 2642 Solere
596 2593 788 2641 autem
842 2584 1090 2639 Francos
1139 2582 1196 2636 in
1244 2581 1440 2637 abside
1487 2580 1737 2636 ecclesiae
1786 2593 1988 2648 capsas

287 2682 621 2729 sanctorum
696 2671 959 2741 reliquiis
1029 2670 1266 2725 refertas
1329 2669 1627 2735 collocare,
1701 2668 1867 2738 queis
1932 2676 1988 2722 et

286 2761 487 2827 lintea,
555 2773 623 2814 ac
683 2759 866 2814 serica
919 2757 1093 2827 pallia
1138 2756 1632 2826 supponebantur,
1696 2755 1850 2810 testis
1906 2762 1989 2809 est

288 2847 589 2918 Eginhart.
637 2860 762 2914 cap.
825 2846 929 2900 ult.
991 2844 1088 2899 lib.
1148 2844 1227 2898 De
1277 2844 1535 2900 translat.
1595 2842 1686 2898 SS.
1740 2843 1886 2898 Petri
1935 2849 1989 2897 et

288 2935 626 3001 Marcellini,
656 2933 810 3004 apud
845 2932 1075 2988 Surium
1104 2932 1173 2986 ad
1205 2932 1352 2987 diem
1380 2934 1412 2985 2
1441 2931 1618 2987 Junii.

359 3024 445 3079 Ad
500 3023 638 3092 quid
700 3022 930 3076 demum
992 3019 1333 3091 ejuscemodi
1387 3019 1444 3074 in
1501 3019 1752 3089 capsulis
1809 3033 1985 3074 sacrae

287 3111 548 3182 reliquiae
576 3117 962 3174 asserventur,
1005 3109 1165 3164 docet
1194 3107 1532 3162 Theofridus
1567 3107 1745 3162 abbas
1800 3121 1985 3162 sermo

289 3201 358 3255 de
387 3198 664 3268 reliquiis,
700 3205 832 3252 ante
865 3197 1032 3251 finem
1064 3213 1076 3249 :
1117 3217 1136 3244 ι
1175 3197 1238 3250 In
1279 3195 1647 3264 dispositione
1698 3209 1836 3250 sane
1886 3194 1986 3249 Dei

286 3296 446 3344 tanta
499 3286 666 3356 quasi
735 3284 1160 3356 patrisfamilias
1212 3285 1398 3349 domo,
1456 3297 1596 3339 vasa
1653 3283 1710 3337 in
1770 3283 1984 3338 honore

283 3389 407 3432 esse
459 3388 526 3430 ac
576 3374 753 3430 fuisse
815 3373 974 3428 electi
1033 3371 1396 3440 creduntur;
1466 3372 1590 3426 ideo
1663 3379 1718 3426 et
1781 3385 1981 3426 eorum

281 3463 541 3534 reliquiae
599 3463 653 3516 in
687 3461 842 3517 vasis
893 3460 1084 3515 aureis
1127 3467 1300 3528 atque
1357 3460 1669 3529 argenteis,
1720 3467 1774 3514 et
1831 3473 1985 3530 gem-

280 3553 470 3618 matis,
503 3566 569 3605 ac
599 3549 657 3604 in
699 3548 966 3603 omnibus
995 3561 1126 3616 quae
1168 3547 1415 3616 pretiosa
1458 3555 1611 3612 sunt,
1659 3538 1982 3602 recondun-

282 3647 400 3706 tur,
438 3661 458 3688 ι
493 3646 597 3693 etc.
655 3637 770 3692 Nec
829 3636 900 3690 ab
949 3635 1038 3690 his
1087 3635 1388 3690 dissimilia
1445 3633 1652 3691 effatus
1704 3643 1786 3689 est
1847 3642 1980 3690 ante

279 3727 650 3783 Theofridum
679 3724 731 3780 S.
788 3725 990 3781 Petrus
1023 3725 1306 3792 Damiaui,
1353 3738 1612 3780 sermone
1643 3724 1710 3778 de
1741 3723 1978 3778 transla-

285 3817 436 3872 tione
467 3814 519 3870 8.
557 3813 780 3880 Hilarii,
817 3812 1000 3869 initio.

353 3902 439 3974 (’5)
468 3905 600 3959 CAP.
652 3901 804 3966 IV,§
851 3916 989 3954 1.-
1038 3902 1206 3953 Certe
1262 3896 1315 3951 si
1358 3902 1688 3952 sanctorum
1737 3913 1981 3969 corpora

277 4007 387 4045 sua
435 3990 602 4056 juxta
650 3991 872 4040 natura:
945 3986 1195 4040 debitum
1251 3985 1399 4051 loca,
1455 3983 1516 4038 id
1569 3989 1654 4038 est
1709 3986 1979 4056 sepulcra

275 4079 621 4142 servassenf,
653 4083 759 4130 etc.
813 4075 893 4129 Eo
923 4074 1027 4130 loci
1061 4077 1287 4144 propter
1316 4073 1556 4142 impium
1583 4074 1978 4128 tantummodo

278 4164 704 4230 commercium,
761 4171 816 4217 et
870 4162 1071 4218 falsam
1125 4162 1426 4217 hominum
1493 4160 1851 4232 religionem,
1913 4175 1981 4216 ac

278 4252 562 4318 fraudem,

275 4339 695 4407 translationes,
778 4338 1246 4407 divisionesque:
1325 4351 1503 4408 quam
1583 4337 1654 4392 ob
1737 4351 1970 4392 causam

278 4429 478 4485 beatus
520 4427 885 4499 Augustinus
919 4427 986 4482 de
1033 4440 1204 4496 opere
1243 4426 1655 4481 Monachorum
1695 4439 1819 4494 cap.
1852 4427 1921 4480 28
1954 4440 1966 4479 :

280 4538 309 4566 ‹‹
339 4517 546 4572 Multos
575 4515 902 4585 hypocritas
930 4514 1038 4569 sub
1072 4513 1272 4568 habitu
1303 4513 1715 4567 monachorum
1753 4527 1971 4582 usque-

276 4619 512 4676 quaque
540 4604 804 4674 dispersit
858 4601 1124 4672 (dzemon)
1168 4601 1591 4656 circumeuntes
1623 4601 1968 4669 provincias,

276 4707 568 4765 nusquam
601 4693 820 4758 missos,
855 4703 1147 4760 nusquam
1181 4689 1345 4755 ﬁxos,
1390 4703 1681 4759 nusquam
1736 4696 1969 4757 stantes,

275 4795 564 4852 nusquam
587 4781 882 4845 sedentes;
918 4779 1012 4834 alii
1039 4778 1294 4834 membra
1327 4786 1666 4848 martyrum,
1703 4777 1746 4832 si
1782 4787 1969 4834 tamen

274 4877 596 4938 martyrum
676 4867 954 4932 membra,
1060 4866 1379 4930 venditant,
1487 4872 1594 4921 etc.
1680 4865 1973 4936 Siquidem

274 4957 681 5012 callidissimus
731 4955 908 5011 hostis
947 4954 1224 5025 (loquitur
1267 4954 1572 5023 Baronius)
1613 4955 1837 5010 studuit
1886 4955 1972 5010 in-

271 5044 491 5100 famare
538 5043 924 5100 clarissimum
983 5042 1395 5098 monachorum
1448 5055 1676 5097 nomen.
1733 5063 1754 5089 »
1812 5041 1972 5108 Quod

270 5132 582 5190 Theodosio
639 5131 771 5200 imp.
835 5129 1155 5186 sancienda;
1221 5130 1464 5200 hujusce
1519 5129 1663 5200 legis
1712 5129 1819 5184 fuit
1879 5144 1972 5185 oc-

271 5223 466 5277 casio:
499 5243 519 5269 ι
558 5221 872 5275 Humatum
911 5232 1118 5287 corpus
1160 5233 1326 5274 nemo
1372 5219 1441 5273 ad
1491 5218 1736 5274 alterum
1784 5217 1972 5273 locum

272 5309 623 5365 transferat:
677 5321 842 5362 nemo
888 5314 1202 5376 martyrem
1251 5306 1553 5371 distrahat,
1603 5320 1771 5362 nemo
1810 5319 1972 5361 mer-

269 5405 449 5465 cetur,
490 5415 512 5444 ι
545 5402 651 5451 etc.
684 5394 742 5450 C.
797 5395 832 5450 l.
867 5395 971 5452 ult.
1016 5395 1092 5450 De
1137 5393 1388 5464 sepulcr.
1435 5393 1629 5450 violat.
1671 5393 1730 5448 C.
1783 5395 1969 5450 Theo-

267 5484 485 5542 dosius.

2103 485 2202 540 per
2245 471 2526 526 Ecclesias
2569 470 2742 525 unius
2793 467 3040 539 alicujus
3085 467 3265 522 sancti
3304 481 3430 522 ossa
3477 467 3805 536 dispertire,

2101 559 2303 628 quoin
2337 558 2604 614 eumdem
2645 557 2838 626 populi
2871 564 3182 627 augeretur
3225 556 3447 610 devotio
3493 562 3547 610 et
3585 555 3805 622 cultus,

2098 647 2358 702 stabilem
2380 646 2758 715 permansisse
2779 644 3252 700 consuetudinem
3278 643 3527 712 produnt
3545 643 3812 698 Evodius

2099 736 2178 788 De
2209 736 2405 789 mirae.
2437 734 2489 789 S.
2523 733 2816 802 Stephani,
2850 732 2948 787 lib.
2983 747 3019 798 ι,
3048 746 3173 800 cap.
3199 735 3262 800 2;
3296 731 3447 800 apud
3470 733 3720 800 August.
3751 731 3809 786 in

2099 823 2358 892 Append.
2390 830 2525 878 tom.
2554 822 2600 876 X
2627 839 2642 888 ;
2675 821 3009 876 Theodoret.
3046 819 3186 874 Hist.
3219 819 3316 874 lib.
3342 834 3399 885 v,
3423 833 3544 888 cap.
3582 822 3687 886 36;
3714 819 3812 874 Ni-

2098 911 2326 980 cephor.
2354 911 2451 966 lib.
2480 925 2575 972 vn.
2593 924 2718 980 cap.
2740 910 2827 962 49.
2844 907 2994 972 Quin
3008 907 3177 964 etiam
3191 906 3496 976 scriptores
3515 914 3811 962 testantur

2096 998 2249 1054 viros
2305 998 2579 1067 religione
2637 996 2976 1066 conspicuos
3027 1008 3255 1051 summa
3306 1009 3440 1050 cum
3498 995 3813 1050 devotione

2096 1093 2427 1140 sanctorum
2482 1092 2730 1155 gestasse
2783 1082 3076 1152 reliquias,
3145 1082 3303 1136 velut
3360 1081 3414 1136 8.
3475 1081 3813 1137 Germanus

2097 1173 2605 1228 Autissiodurensis
2632 1179 2770 1227 teste
2803 1171 2980 1240 ipsius
3013 1170 3330 1241 biographo
3360 1169 3516 1239 apud
3559 1169 3810 1225 Surium

2099 1264 2166 1316 30
2202 1261 2315 1316 Jul.
2367 1261 2458 1316 SS.
2496 1261 2833 1316 Benedictus
2873 1267 2926 1315 et
2974 1261 3227 1326 Maurus,
3279 1259 3554 1315 referente
3589 1259 3814 1314 Fausto

2099 1350 2158 1405 in
2190 1350 2318 1407 Vita
2359 1349 2410 1406 S.
2448 1349 2655 1416 Mauri,
2687 1363 2812 1419 cap.
2863 1351 2916 1416 3,
2967 1357 3142 1419 atque
3201 1348 3296 1403 alii
3331 1361 3511 1418 quam
3540 1347 3806 1417 plurimi.

2098 1439 2170 1494 At
2229 1453 2382 1506 vero,
2447 1460 2468 1487 α
2525 1439 2632 1493 Per
2679 1438 2784 1493 hoc
2849 1437 3110 1508 (gemens
3187 1437 3386 1492 scribit
3453 1436 3544 1490 hic
3604 1444 3808 1491 uoster

2099 1528 2427 1594 Guibertus)
2487 1527 2640 1596 quod
2686 1542 2716 1582 e
2773 1526 3014 1582 tumulis
3065 1534 3374 1592 eruuntur,
3435 1525 3806 1580 membratim

2099 1615 2214 1670 huc
2271 1615 2530 1685 illucque
2582 1613 2866 1678 feruntur,
2932 1621 2985 1668 et
3045 1628 3178 1669 cum
3242 1613 3466 1682 pietatis
3525 1613 3810 1668 obtentus

2029 1679 2070 1732 Β
2101 1694 2328 1759 occasio
2378 1703 2827 1758 circumlationis
2863 1702 3162 1769 exstiterit,
3218 1702 3288 1756 ad
3349 1701 3454 1757 hoc
3512 1703 3810 1757 subeunte
3859 1744 3862 1746 -

2099 1792 2358 1860 nequitia
2388 1789 2716 1860 detorqueri
2749 1797 2933 1858 coepta
2961 1799 3042 1844 est
3073 1789 3401 1844 intentionis
3430 1790 3741 1844 rectitudo.
3784 1811 3804 1837 ι

2097 1878 2286 1945 Quare
2341 1878 2594 1948 synodus
2651 1878 2877 1932 Bracar.
2932 1893 3010 1944 ιιι,
3073 1881 3301 1947 cap.6:
3361 1895 3389 1926 (ι
3437 1877 3810 1946 Aguovimus

2099 1967 2378 2037 quosdam
2460 1968 2530 2022 de
2611 1966 2901 2036 episcopis,
2971 1966 3128 2036 quod
3202 1967 3258 2020 in
3341 1965 3809 2020 solemnitatibus

2100 2064 2419 2124 martyrum
2469 2054 2543 2108 ad
2589 2054 2884 2110 ecclesiam
2936 2055 3296 2124 progressuri
3340 2054 3621 2123 reliquias
3660 2054 3806 2109 collo

2097 2157 2203 2198 suo
2249 2143 2565 2211 imponant,
2613 2149 2668 2197 et
2721 2149 2785 2198 ut
2837 2143 3069 2212 majoris
3112 2142 3292 2196 fastus
3334 2142 3489 2212 apud
3538 2142 3805 2197 homines

2099 2230 2280 2301 gloria
2343 2231 2726 2285 intumescant
2800 2231 2985 2299 (quasi
3043 2229 3150 2298 ipsi
3216 2231 3330 2284 sint
3413 2227 3802 2299 reliquiarum

2099 2321 2254 2388 arca)
2283 2316 2488 2372 Levitae
2535 2317 2681 2372 albis
2710 2316 2895 2372 induti
2959 2318 3015 2372 in
3058 2317 3276 2372 sellulis
3329 2332 3422 2372 eos
3470 2318 3798 2387 deportant.

2096 2408 2232 2470 Quae
2284 2406 2620 2461 detestanda
2677 2405 3050 2475 praesumptio
3114 2405 3382 2475 abrogari
3449 2420 3551 2475 per
3602 2408 3804 2461 omnia

2097 2495 2282 2562 debet,
2330 2508 2402 2549 ne
2451 2494 2560 2549 sub
2617 2493 2938 2549 sanctitatis
2992 2493 3177 2562 specie
3234 2495 3507 2549 simulata
3568 2495 3805 2549 vanitas

2098 2583 2217 2638 sola
2247 2581 2578 2652 pravaleat,
2630 2604 2651 2629 ι
2697 2589 2801 2637 etc.
2855 2581 3088 2638 Minime
3131 2589 3322 2636 autem
3364 2582 3535 2636 hocce
3571 2582 3805 2637 decreto

2099 2671 2377 2740 reliquias
2405 2683 2439 2724 a
2466 2670 2677 2740 populo
2708 2669 2836 2732 coli,
2872 2669 2957 2725 vel
2993 2671 3143 2733 ipsas
3170 2670 3378 2724 deferri
3407 2669 3482 2724 ab
3518 2670 3810 2740 episcopis

2099 2759 2478 2829 improbatur.
2539 2782 2558 2806 ε
2615 2758 2776 2824 Quod
2833 2759 2880 2812 si
2924 2758 3093 2813 etiam
3142 2760 3446 2828 episcopus
3494 2759 3805 2827 (subinfert

2097 2847 2352 2916 synodus
2389 2847 2609 2913 eadem)
2648 2847 2925 2916 reliquias
2966 2860 3064 2916 per
3108 2861 3166 2901 se
3202 2847 3502 2916 deportare
3537 2847 3801 2917 elegerit,

2099 2949 2210 2990 non
2247 2937 2361 3004 ipse
2404 2948 2438 2988 a
2486 2935 2825 2990 diaconibus
2860 2935 2917 2989 in
2965 2935 3201 3001 sellulis,
3237 2935 3332 2990 sed
3374 2935 3562 3005 potius
3607 2937 3802 3005 pedis-

2095 3038 2277 3093 sequa
2323 3037 2407 3090 eo,
2463 3037 2583 3078 una
2639 3038 2772 3079 cum
2831 3024 3058 3094 populis
3133 3025 3526 3094 progressione
3579 3038 3801 3094 prece-

2094 3109 2280 3176 dente,
2343 3131 2363 3157 ι
2419 3117 2527 3164 etc.
2605 3109 2826 3165 Videsis
2888 3110 2960 3164 ad
3035 3111 3224 3180 ipsum
3307 3117 3482 3179 caput
3557 3111 3800 3166 adnota-

2096 3197 2326 3252 tionem.

2163 3285 2334 3340 Abest
2379 3300 2556 3354 quam
2603 3285 2932 3356 longissime
2971 3286 3044 3342 ab
3078 3286 3283 3356 synodi
3325 3286 3478 3342 illius
3516 3286 3794 3356 religione

2091 3379 2147 3427 et
2202 3373 2318 3427 zelo
2378 3387 2540 3428 mens
2598 3388 2798 3429 eorum
2860 3375 2963 3444 qui
3025 3375 3490 3443 ecclesiasticam,
3553 3376 3671 3431 imo
3741 3384 3790 3430 et

2091 3461 2394 3516 arctiorem
2426 3462 2602 3516 vitam
2647 3462 2900 3530 professi,
2945 3464 3133 3518 nescio
3174 3477 3293 3533 qua
3344 3465 3568 3533 pietate,
3615 3478 3794 3534 prope

2090 3550 2350 3605 dixeram
2383 3549 2692 3618 impietate,
2727 3549 2904 3614 ducti,
2948 3551 3254 3620 purissima
3282 3552 3795 3622 sacratissimaque

2090 3641 2423 3693 sanctorum
2464 3652 2593 3692 ossa
2631 3639 2956 3694 minutatim
3007 3639 3356 3709 discerpunt,
3398 3648 3463 3695 ut
3514 3655 3659 3696 auro
3692 3649 3796 3696 aut

2089 3732 2345 3795 argento,
2427 3739 2495 3780 ac
2566 3728 2807 3795 gemmis
2884 3735 3142 3782 contecta
3216 3727 3575 3783 mulierculis
3649 3729 3796 3783 fiant

2089 3821 2450 3880 ornamenta,
2500 3814 2758 3876 monilia,
2815 3815 3086 3878 ludibria,
3135 3821 3191 3870 et
3232 3815 3466 3884 perditis
3502 3830 3568 3871 ac
3607 3817 3796 3872 disso-

2089 3900 2225 3957 lutis
2251 3916 2397 3971 saepe
2427 3902 2568 3957 viris
2611 3902 2893 3958 scelerum
2947 3903 3166 3971 species
3195 3911 3248 3958 et
3295 3904 3581 3959 obtentus.
3630 3905 3792 3960 Heul

2087 3990 2293 4060 ecquid
2342 3997 2556 4060 ageret,
2612 3991 2828 4058 quibus
2884 3991 3076 4046 verbis
3134 3991 3516 4047 574.abbas
3573 4003 3793 4060 noster,

2090 4078 2398 4148 Patresque
2439 4077 2653 4148 praefati
2709 4079 2931 4148 synodi,
2978 4093 3095 4150 quo
3141 4080 3418 4136 nefariam
3475 4080 3616 4136 adeo
3671 4097 3794 4138 rem

2086 4179 2117 4219 e
2146 4166 2329 4220 medio
2361 4166 2641 4234 tollerent,
2677 4175 2998 4224 uterentur.
3024 4169 3199 4224 Pareo
3230 4168 3476 4239 scriptis,
3527 4183 3600 4224 ne
3645 4170 3795 4240 quid

647 4250 920 4307 Guiberto
993 4265 1106 4305 non
1201 4251 1519 4320 probantur
1602 4249 1980 4318 reliquiarum
2017 4254 2344 4323 Dgravius.

2154 4341 2422 4397 Audeant
2464 4342 2850 4398 nihilominus
2874 4344 2973 4414 qui
3009 4353 3122 4400 tam
3172 4345 3400 4401 funesta
3443 4353 3599 4415 peste
3638 4346 3795 4403 labo-

2091 4437 2241 4493 rant,
2317 4437 2371 4486 et
2447 4432 2615 4487 corde
2685 4432 3021 4501 percipiant,
3096 4434 3165 4488 de
3242 4441 3396 4489 recto
3450 4441 3791 4491 sanctorum

2084 4515 2428 4585 pignoribus
2458 4518 2622 4573 cultu
2650 4519 2999 4588 exhibendo,
3047 4535 3343 4591 quamque
3373 4521 3633 4592 religiose
3675 4525 3794 4579 sint

2082 4605 2435 4660 asservanda
2483 4607 2621 4676 quid
2686 4609 2982 4676 edoceant,
3039 4610 3470 4680 decernantquc
3515 4612 3790 4679 concilia,

2080 4700 2135 4748 et
2175 4694 2382 4748 summi
2427 4694 2678 4749 ecclesiae
2743 4704 3005 4752 rectores.
3056 4696 3268 4753 Concil.
3328 4699 3670 4768 Epaonense
3721 4704 3790 4756 A.

2081 4781 2141 4836 C.
2176 4784 2278 4834 517
2308 4781 2679 4849 celebratum,
2722 4797 2846 4853 cap.
2895 4787 3008 4839 25:
3054 4807 3074 4833 ι
3123 4786 3464 4842 Sanctorum
3521 4787 3792 4858 reliquiae

2081 4868 2140 4924 in
2191 4870 2453 4926 oratoriis
2496 4871 2800 4928 villaribus
2845 4888 2959 4928 non
3025 4883 3339 4943 ponantur,
3371 4875 3481 4930 nisi
3543 4875 3788 4934 forsitan

2079 4955 2313 5013 clericos
2385 4958 2787 5030 cujuscunque
2841 4959 3128 5030 parochiaa
3184 4963 3404 5018 vicinos
3461 4965 3786 5036 contingat,

2081 5045 2183 5114 qui
2229 5045 2406 5100 sacris
2449 5046 2741 5104 cineribus
2787 5049 3064 5118 psallendi
3114 5050 3438 5121 frequentia
3489 5052 3786 5109 famulen-

2082 5139 2195 5187 tur.
2259 5154 2285 5180 »
2336 5133 2519 5189 Caroli
2580 5136 2772 5206 Magni
2821 5139 2990 5208 capit.
3051 5141 3081 5194 3
3153 5139 3364 5195 Eccles.
3429 5153 3558 5210 cap.
3623 5163 3648 5189 ‹
3714 5143 3784 5200 Ut

2081 5219 2490 5290 unusquisque
2545 5225 2810 5279 sacerdos
2866 5226 3161 5283 ecclesiam
3215 5241 3380 5284 suam
3431 5231 3588 5285 omni
3642 5231 3782 5286 dili-

2081 5308 2273 5378 gentia
2302 5309 2563 5376 aaditicet,
2597 5319 2652 5367 et
2691 5311 2966 5382 reliquias
3003 5323 3334 5372 sanctorum
3375 5332 3505 5373 cum
3549 5331 3781 5375 summo

2081 5396 2270 5452 studio
2319 5397 2650 5468 vigiliarum
2704 5401 2884 5467 noctis
2937 5409 2992 5458 et
3051 5403 3264 5459 divinis
3305 5404 3508 5460 officiis
3545 5420 3782 5464 conser-

2082 5489 2196 5539 vet.
2236 5504 2256 5531 ι
2289 5483 2600 5555 Gregorius
2642 5487 2792 5558 Mag.
2849 5489 2946 5545 lib.
2994 5503 3050 5558 v,
3095 5490 3259 5560 epist.
3299 5494 3390 5562 51,
3431 5492 3624 5550 missis
3682 5495 3776 5551 SS.
