3922 6080
197 239 327 293 1041

183 460 402 529 reginae
430 458 627 513 scribit
661 472 672 512 :
707 480 727 505 ι
760 457 862 512 Sed
921 464 983 513 ut
1029 458 1086 512 in
1137 458 1322 512 vobis.
1349 459 1535 528 magis
1583 459 1884 528 magisque

183 543 493 602 laudabilis
521 553 576 602 et
606 545 867 615 religiosa
910 547 1084 614 possit
1133 547 1347 601 clarere
1390 547 1636 613 devotio,
1690 547 1881 615 provi-

181 633 436 689 dendum
473 634 632 688 vobis
656 641 736 688 est
769 641 830 688 ut
860 641 1188 689 sanctorum
1227 635 1501 689 beneﬁcia
1550 650 1679 690 cum
1730 649 1882 690 reve-

182 722 368 776 rentia
425 730 479 776 et
540 723 752 776 honore
805 722 1148 786 condantur,
1198 730 1252 776 et
1299 723 1609 777 servientes
1674 723 1879 778 ibidem

181 808 361 862 nullis
399 808 689 872 oneribus,
737 807 1031 876 nullisque
1083 807 1353 862 molestiis
1400 809 1755 878 afﬂigantur,
1811 823 1882 863 ne

178 896 415 952 forsitan
503 897 831 951 necessitate
911 896 1168 951 exterius
1243 896 1576 951 imminente
1663 899 1720 951 in
1777 897 1875 951 Dei

174 987 410 1040 servitio
462 986 692 1040 inutiles
747 993 801 1039 et
853 999 1055 1054 segnes
1100 985 1436 1050 reddantur,
1478 993 1532 1040 et
1581 985 1874 1055 injuriam,

172 1073 332 1142 quod
401 1073 584 1128 absit!
673 1073 1114 1142 neglectumque
1189 1073 1463 1128 beneﬁcia
1543 1082 1876 1128 sanctorum

171 1161 449 1216 collocata
481 1160 823 1226 sustineant,
865 1182 886 1208 ι
941 1169 1046 1215 etc.
1105 1162 1238 1215 Item
1278 1161 1374 1216 lib.
1431 1177 1524 1216 vn.
1576 1163 1734 1230 epist.
1789 1166 1874 1224 l2,

171 1250 245 1304 de
304 1249 575 1318 Reliquiis
628 1248 720 1304 SS.
775 1249 1078 1316 Hermetis,
1125 1249 1452 1318 Hyacinthi,
1506 1257 1560 1305 et
1616 1250 1872 1317 Maximi,

173 1337 528 1392 collocandis
586 1338 642 1392 in
693 1337 930 1392 ecclesia
981 1337 1033 1392 S.
1093 1338 1284 1393 Mariae
1335 1339 1694 1408 Spoletanae:
1751 1362 1770 1388 α
1808 1341 1878 1394 Et

172 1425 322 1490 ideo,
393 1423 569 1479 frater
612 1423 964 1488 charissime,
1001 1425 1045 1479 si
1093 1426 1146 1480 in
1197 1426 1393 1481 eodem
1462 1426 1584 1482 loco
1645 1425 1872 1482 nullum

171 1527 386 1582 corpus
432 1520 654 1567 constat
717 1512 1041 1578 humatum,
1095 1515 1426 1568 sanctuaria
1471 1514 1872 1582 praedictorum

172 1608 496 1670 martyrum
524 1613 654 1654 cum
688 1600 1008 1653 reverentia
1033 1601 1156 1655 sine
1185 1601 1563 1670 ambiguitate
1609 1609 1870 1669 suscepta

168 1687 479 1756 diligenter
529 1685 910 1741 consecrabis.
952 1708 971 1734 ι
1016 1687 1168 1742 Idem
1215 1688 1510 1743 constituit
1540 1689 1733 1744 eodem
1771 1689 1865 1744 lib.

173 1791 274 1838 vn,
324 1775 485 1843 epist.
536 1775 623 1827 87.
665 1782 717 1829 et
766 1773 863 1830 lib.
929 1789 985 1837 ll,
1041 1791 1127 1844 ep.
1171 1778 1258 1829 20.
1315 1777 1570 1846 Denique
1622 1777 1716 1832 lib.
1771 1793 1868 1843 vn,

170 1861 334 1930 epist.
391 1863 478 1926 88,
543 1861 613 1916 ad
682 1861 1119 1917 Constantinum
1180 1864 1652 1920 Mediolanensem
1701 1866 1870 1934 episc.

174 1971 202 1996 «
239 1948 589 2003 Fraternitas
633 1963 769 2018 ergo
815 1957 1005 2004 vestra
1053 1950 1218 2004 solito
1274 1951 1462 2006 studio
1521 1954 1870 2021 perscrutari

175 2053 290 2093 non
327 2038 573 2103 differat,
609 2046 898 2108 quatenus
948 2039 1002 2092 in
1057 2038 1191 2092 locis
1237 2039 1452 2108 quibus
1497 2042 1870 2098 recondendae

167 2133 306 2180 sunt
353 2124 633 2194 (reliquiae
686 2125 777 2180 SS.
833 2125 1012 2190 Pauli,
1058 2128 1191 2191 etc.)
1244 2125 1573 2193 luminaria,
1630 2128 1716 2182 vel
1767 2128 1869 2182 ali-

165 2211 373 2267 moniae
405 2211 613 2267 ibidem
666 2213 779 2268 Deo
822 2213 1215 2276 servientium,
1269 2217 1399 2267 ante
1447 2213 1862 2269 dedicationem

165 2299 273 2354 loci
347 2299 527 2368 ipsius
600 2299 844 2354 debeant
909 2300 1155 2364 erOgari,
1231 2307 1284 2355 et
1348 2309 1486 2356 tunc
1541 2301 1596 2355 in
1651 2301 1868 2356 eisdem

165 2385 308 2440 locis
350 2385 565 2441 directa
605 2386 956 2450 sanctuaria,
1002 2387 1092 2442 sui
1144 2401 1275 2442 cum
1330 2389 1648 2444 reverentia
1693 2389 1864 2444 collo-

163 2481 392 2528 centur.
427 2495 454 2522 »

239 2561 326 2615 Ex
359 2561 574 2631 quibus
606 2561 841 2631 planum
889 2571 973 2616 est
1018 2569 1346 2618 sanctorum
1398 2564 1638 2619 exuvias
1688 2565 1868 2620 haud-

164 2662 466 2718 quaquam
501 2648 558 2703 in
592 2649 726 2705 locis
757 2649 1028 2719 profanis,
1063 2649 1422 2706 solummodo
1464 2652 1518 2705 in
1566 2651 1701 2707 locis
1749 2654 1864 2708 Deo

162 2739 422 2798 sacratis.
475 2738 574 2793 ubi
626 2737 836 2793 divinae
881 2738 1082 2792 laudes
1133 2738 1352 2792 soleant
1408 2737 1508 2792 diu
1571 2748 1864 2809 noctuque

162 2825 478 2890 decantari,
546 2840 667 2880 esse
737 2825 1144 2889 recondendas,
1206 2839 1545 2894 quanquam
1617 2827 1864 2882 insolens

1456 239 1667 294 DOMNI
1709 239 1768 292 L.
1811 237 2154 293 D’ACHERY
2195 239 2414 293 NOTAE.

187 369 335 425 Petri
369 376 422 425 et
454 368 613 424 Pauli
654 367 930 437 reliquiis,
984 369 1064 423 sic
1113 369 1466 424 Brunichildi
1521 370 1874 425 Francorum
1912 373 1958 425 Α
1987 369 2226 424 crimine
2299 368 2547 425 aliorum
2619 369 2950 439 prospexit;

3557 244 3694 297 1042

3016 369 3425 440 prolatumque
3480 384 3692 440 corpus

1994 456 2052 510 in
2113 456 2364 512 medium
2430 456 2852 526 inspiciendum
2907 457 3195 524 exhibuit,
3243 457 3359 528 ipso
3399 472 3434 514 a
3483 459 3688 528 capite,

1993 549 2272 602 monacho
2298 561 2400 601 suo
2440 561 2471 601 a
2525 547 2764 616 pedibus
2826 547 3106 601 trahente.
3137 567 3164 594 »
3202 547 3267 602 Et
3302 555 3425 616 post
3456 562 3642 618 pauca
3671 563 3684 602 :

1994 635 2165 690 «Vix
2211 637 2524 690 orationem
2576 635 2820 698 ﬁnierat,
2867 649 2996 689 cum
3035 650 3161 690 ecce
3213 636 3518 691 ambarum
3561 651 3690 691 ma-

1992 735 2172 775 nuum
2208 722 2389 789 digiti,
2421 721 2508 776 vel
2533 729 2682 776 retro
2719 720 3120 776 miserabiliter
3150 723 3364 788 retorti,
3406 723 3496 777 vel
3543 723 3687 778 vola;

1991 811 2388 864 miserabiliter
2423 810 2604 873 infixi,
2660 824 2844 878 prena,
2891 823 3066 878 quam
3118 819 3441 879 rogaverat,
3493 811 3686 866 virum

1985 898 2352 953 mulctavere.
2436 899 2562 952 Post
2623 898 2792 953 etiam
2849 897 2975 952 aliis
3034 898 3422 955 debilitatibus
3490 913 3686 954 corre-

1989 993 2140 1053 ptus,
2170 1007 2197 1034 »
2231 995 2336 1041 etc.
2383 987 2480 1042 His
2511 985 2859 1055 astipulatur
2882 986 3200 1041 Florentius
3224 987 3458 1056 Vigorn.
3485 987 3554 1042 ad
3586 1001 3681 1042 an.

1992 1076 2142 1128 4097.
2208 1075 2329 1129 Non
2389 1090 2624 1144 prorsus
2670 1075 2932 1129 absimile
2983 1075 3273 1129 Auxenlio
3311 1076 3572 1144 episcopo
3624 1075 3683 1129 in

1984 1161 2108 1216 Vita
2138 1163 2193 1216 S.
2223 1161 2429 1217 Nicetze
2475 1170 2642 1217 mart.
2686 1163 2840 1231 apud
2889 1162 3123 1218 Surium
3176 1162 3266 1217 die
3315 1167 3378 1216 15
3428 1161 3681 1231 Septem-

1985 1247 2125 1313 bris,
2191 1249 2421 1303 evenit:
2503 1249 2701 1302 «Cum
2778 1249 2927 1302 enim
3009 1262 3316 1318 aggressus
3363 1255 3507 1304 esset
3558 1249 3684 1320 ejus

1984 1335 2498 1405 (Nicetaz)rorporis
2553 1334 2771 1404 aliquid
2823 1335 3094 1403 dividere,
3147 1343 3201 1391 et
3257 1337 3531 1405 accipere,
3601 1336 3682 1392 nil

1985 1423 2217 1493 quidem
2279 1423 2496 1492 accepit
2547 1437 2745 1479 eorum
2790 1437 2921 1492 quae
2969 1424 3228 1489 volebat;
3300 1438 3432 1480 eum
3488 1432 3680 1480 autem

1984 1525 2095 1566 non
2159 1525 2374 1581 parvus
2422 1511 2632 1566 invasit
2691 1519 2897 1575 metus,
2954 1526 3060 1565 nec
3103 1511 3402 1581 ejusmodi,
3455 1517 3519 1566 ut
3565 1524 3679 1566 non

1982 1608 2241 1669 apertum
2275 1600 2545 1669 prodiret,
2581 1605 2682 1654 aut
2713 1597 2935 1666 lateret,
2975 1599 3072 1654 sed
3119 1599 3246 1669 ejus
3287 1598 3484 1652 anima
3531 1612 3676 1668 quo-

1983 1703 2094 1758 que
2126 1688 2294 1744 fuerit
2345 1687 2512 1743 valde
2559 1687 2796 1759 agitata,
2841 1695 2895 1742 et
2937 1686 3078 1742 alios
3124 1686 3382 1742 docuerit
3423 1685 3490 1740 iis
3546 1700 3679 1755 qua;

1981 1777 2124 1832 vidit
2155 1784 2210 1831 et
2241 1785 2455 1832 terrore
2482 1791 2598 1846 quo
2646 1783 2731 1832 est
2783 1775 3041 1840 affectus,
3093 1783 3156 1830 ut
3204 1789 3370 1830 nemo
3414 1773 3680 1843 deinceps

1983 1879 2221 1920 manum
2277 1865 2553 1920 audacem
2606 1865 2941 1934 porrigeret,
2995 1877 3182 1933 neque
3228 1863 3406 1918 ullam
3458 1870 3678 1932 partem

1978 1953 2104 2024 ejus
2178 1954 2451 2022 corporis,
2501 1967 2632 2008 cum
2681 1960 2826 2007 esset
2895 1960 3099 2020 praeter
3142 1952 3270 2020 ejus
3310 1951 3674 2016 sententiam,

1979 2041 2268 2106 avelleret,
2307 2063 2326 2089 ι
2357 2049 2462 2096 etc.
2497 2039 2618 2106 Quo
2647 2040 2767 2108 ipso
2806 2053 2978 2094 sensu
3028 2036 3241 2093 affatur
3284 2036 3676 2092 Constantiam

1977 2131 2297 2200 Augustam
2326 2129 2379 2183 S.
2414 2128 2723 2198 Gregorius
2752 2140 2918 2196 papa,
2963 2125 3056 2182 lib.
3089 2141 3169 2186 In,
3214 2125 3378 2194 epist.
3417 2127 3505 2179 30.
3553 2125 3674 2178 «In

1979 2216 2252 2273 Romanis
2321 2229 2594 2285 namque,
2663 2213 2753 2268 vel
2808 2213 2980 2269 totius
3021 2211 3342 2269 Occidentis
3389 2211 3670 2281 partibus,

1974 2306 2209 2362 omnino
2270 2303 2626 2360 intolerabile
2669 2310 2752 2358 est
2811 2309 2986 2372 atque
3031 2300 3394 2371 sacrilegum,
3451 2299 3496 2354 si
3546 2313 3674 2354 san-

1974 2402 2199 2450 ctorum
2270 2405 2513 2462 corpora
2578 2391 2892 2461 quisquam
2950 2396 3186 2459 tangere
3253 2387 3492 2443 fortasse
3569 2401 3670 2442 vo-

2153 2501 2230 2534 .))

2153 2522 2165 2534 ,
2202 2501 2230 2529 ))

1975 2481 2406 2625 ιῗῐςηωθῐὶυΜ
2448 2569 2524 2624 Ili
2567 2569 2662 2624 DE
2703 2566 3127 2624 PIGNORIBUS
3167 2564 3621 2622 SANCTORUM.

2042 2643 2242 2713 Tertio.
2262 2657 2367 2713 hoc
2418 2657 2472 2711 in
2525 2655 2714 2712 libello
2766 2655 2958 2712 lectori
3008 2653 3405 2710 vehementius
3447 2652 3670 2708 fortean

1970 2753 2025 2800 et
2077 2745 2442 2801 aemulatione
2489 2759 2786 2810 accensus,
2837 2743 3358 2800 Sanmedardenses
3402 2741 3669 2797 insectari

1970 2833 2260 2888 videbitur
2321 2840 2539 2899 auctor,
2596 2846 2663 2888 ac
2721 2831 2926 2886 limites
2980 2829 3348 2900 praetergredi
3401 2828 3669 2884 fraternae

162 2911 517 2982 quibusdam
585 2913 865 2983 singulari
942 2927 1166 2967 morum
1240 2914 1517 2982 probitate
1575 2915 1860 2986 insignitis
1903 2940 1943 2994 ε
1975 2919 2328 2976 dilectionis:
2361 2933 2562 2976 verum
2597 2921 2640 2974 si
2677 2919 2746 2975 ad
2778 2918 3093 2975 sanctuarii
3128 2916 3351 2986 pondus
3380 2930 3669 2972 sermones

166 3001 446 3070 reliquias
477 3001 714 3068 deferre,
745 3001 919 3056 nolim
952 3015 1222 3066 asserere,
1253 3017 1384 3056 cum
1419 3017 1507 3058 me
1537 3019 1650 3076 non
1693 3003 1865 3060 lateat

163 3089 410 3159 probare
453 3097 718 3144 sanctum
766 3089 1062 3155 Thomam,
1115 3089 1262 3144 inter
1305 3089 1466 3155 alios,
1519 3094 1607 3159 22,
1656 3099 1858 3161 quiest.

159 3179 256 3243 96,
290 3177 450 3232 artic.
487 3178 540 3244 4,
572 3177 640 3232 ad
673 3180 725 3244 3,
760 3177 813 3232 id
846 3177 1035 3233 licere.

234 3262 324 3334 ('7)
357 3266 490 3319 lntn.
523 3295 592 3305 --
625 3264 798 3336 Apud
825 3262 1356 3334 splendidissimum
1381 3280 1600 3336 papam
1639 3268 1861 3339 Grego-

157 3351 332 3408 rium.
365 3353 516 3408 Libri
549 3354 715 3419 tertii,
749 3355 909 3423 epist.
964 3351 1050 3420 30,
1096 3353 1433 3424 dignissima
1477 3370 1608 3424 quae
1649 3363 1861 3412 attente

161 3442 514 3508 revolvatur,
548 3441 620 3496 ab
653 3440 760 3496 illis
792 3440 1072 3510 praecipue
1093 3441 1194 3511 qui
1217 3449 1544 3497 sanctorum
1588 3443 1862 3512 reliquias

159 3530 436 3600 sacrilege
466 3529 903 3598 nundinantur;
948 3542 1150 3584 eorum
1183 3528 1537 3600 pruriginem
1577 3530 1860 3599 mitigabit

163 3615 322 3670 haud
353 3614 546 3670 dubie.

235 3704 333 3773 (η)
364 3706 493 3759 lein.
522 3735 577 3744 —
620 3705 755 3758 Non
807 3707 938 3770 Deo,
998 3720 1114 3758 non
1165 3702 1386 3758 sanctis
1428 3703 1573 3775 ipsis
1606 3721 1856 3777 unquam

152 3792 347 3858 fuisse
374 3791 679 3864 placitum.
716 3793 976 3860 Consule,
1013 3792 1059 3848 si
1107 3793 1309 3862 placet,
1362 3793 1589 3848 beatum
1644 3793 1855 3865 Grego-

159 3894 313 3950 rium
352 3880 472 3935 loco
503 3880 695 3935 citato.

234 3966 324 4039 (‘9)
356 3967 491 4022 IBtn.
526 3998 592 4006 —
624 3968 694 4023 Se
733 3982 969 4038 prorsus
1021 3966 1082 4022 id
1120 3983 1234 4022 non
1281 3966 1495 4022 audere
1538 3969 1853 4039 respondit.

161 4077 190 4106 ‹‹
223 4056 366 4111 Nam
407 4063 572 4110 vetus
598 4056 876 4120 Romanae,
905 4055 1166 4110 Ecclesiae
1199 4057 1556 4111 consuetudo
1589 4071 1701 4112 non
1737 4065 1857 4113 tan-

163 4152 285 4200 tum
325 4144 632 4200 abhorruit
676 4151 739 4200 ut
777 4157 1018 4214 corpora
1059 4152 1390 4200 sanctorum
1444 4145 1623 4201 Roma
1661 4153 1856 4200 trans-

1973 3006 2156 3076 ipsius
2200 3008 2573 3075 reducantur,
2625 3007 2672 3063 si
2724 3021 2928 3077 nempe
2977 3005 3366 3076 quorumdam
3410 3004 3670 3060 ecclesia-

1971 3095 2248 3150 sticorum
2299 3097 2534 3149 Patrum
2602 3103 3053 3164 sanctorumque
3125 3097 3278 3146 ὅτε
3343 3091 3662 3158 doctorum,

1976 3182 2324 3251 Hieronymi,
2397 3180 2725 3251 Augustini,
2784 3178 3058 3236 Bernardi
3128 3177 3400 3245 maxime,
3454 3183 3666 3232 attente

1970 3269 2183 3339 scripta
2212 3269 2624 3336 revolvantur;
2654 3281 2772 3337 qua
2803 3275 3008 3333 mente,
3041 3281 3158 3336 quo
3199 3265 3340 3331 zelo,
3382 3265 3666 3334 perversis

1970 3358 2247 3423 moribus,
2282 3357 2660 3426 nefandisque
2684 3354 3203 3410 consuetudinibus
3241 3366 3464 3422 sponsae
3501 3353 3663 3409 Chri-

1968 3445 2040 3499 sti
2094 3445 2394 3507 unitatem,
2452 3444 2784 3513 puritatem,
2834 3442 3098 3512 pietatem
3164 3440 3660 3507 labefactantibus,

1971 3538 2092 3586 tum
2127 3530 2310 3594 dictis,
2357 3537 2482 3585 tum
2535 3528 2762 3597 scriptis
2813 3527 3214 3593 occurrebant,
3270 3525 3658 3581 conabantur-

1969 3633 2082 3689 que
2112 3633 2180 3673 ea
2209 3619 2330 3688 ipsa
2361 3617 2637 3673 radicitus
2677 3615 2940 3684 evellere,
2994 3617 3053 3671 in
3100 3616 3436 3672 memoriam
3490 3617 3659 3672 redu-

1967 3714 2151 3773 catur,
2186 3721 2290 3762 nec
2336 3719 2450 3761 non
2494 3705 2804 3774 sacrilegas
2853 3703 2977 3760 illas
3024 3704 3404 3774 reliquiarum
3452 3703 3664 3760 nundi-

1966 3795 2226 3851 nationes
2273 3793 2455 3866 (velut
2512 3793 2650 3849 satis
2699 3805 2992 3862 superque
3039 3800 3330 3848 ostensum
3373 3792 3478 3862 est)
3530 3808 3660 3864 quae

1967 3883 2072 3939 hoc
2134 3881 2345 3938 saeculo
2411 3873 2664 3952 pietatis'
2701 3879 2970 3950 equidem
3046 3881 3254 3949 specie,
3316 3880 3412 3936 sed
3465 3895 3661 3950 reapse

1965 3973 2152 4042 turpis
2213 3971 2358 4028 lucri
2426 3971 2613 4042 gratia
2651 3969 3095 4036 exercebantur,
3143 3969 3348 4025 merito
3395 3983 3529 4025 suos
3582 3970 3659 4025 De

1965 4059 2302 4130 pignoribus
2364 4066 2694 4114 sanctorum
2755 4056 2952 4123 libros,
3017 4056 3248 4112 tertium
3315 4057 3656 4126 praesertim,

1964 4157 2118 4204 casto
2189 4146 2369 4203 divini
2442 4145 2635 4202 cultus
2691 4158 2885 4200 amore
2938 4143 3182 4200 edidisse
3238 4143 3402 4200 fateri
3453 4158 3658 4201 neces-

160 4233 296 4289 ferri
327 4240 638 4302 pateretur.
690 4246 893 4288 verum
944 4246 1046 4287 nec
1093 4239 1295 4288 tenues
1338 4232 1614 4303 reliquias
1659 4249 1730 4290 ex
1771 4235 1853 4292 eis
1891 4231 1936 4286 D
1967 4251 2095 4292 sum
2125 4243 2230 4292 est.

158 4320 381 4376 detrahi
423 4334 660 4390 quoquo
709 4319 874 4374 modo
924 4320 1260 4390 permisit.»
1312 4321 1502 4377 Refert
1549 4322 1850 4386 Baronius,

159 4409 218 4464 in
252 4409 377 4464 Not.
427 4407 794 4478 martyrolog.
829 4408 898 4462 ad
929 4407 1076 4464 diem
1113 4413 1131 4462 ί
1169 4409 1345 4475 Junii,
1389 4409 1542 4479 quod
1592 4410 1855 4479 pluribus

160 4496 371 4566 probat
399 4495 628 4560 ibidem,
666 4496 915 4550 maxime
954 4510 1025 4551 ex
1073 4497 1306 4566 epistola
1356 4496 1540 4553 sancti
1585 4497 1854 4554 Germani

157 4598 226 4638 ac
279 4585 406 4654 ejus
459 4583 707 4652 collegae,
761 4583 1080 4653 legatorum
1133 4584 1426 4654 apostolic.
1486 4586 1554 4640 ad
1603 4587 1858 4642 Hormis-

157 4673 292 4728 dam
322 4684 527 4741 papam
559 4684 652 4724 an.
700 4673 840 4724 520:
897 4671 1296 4742 Reliquiarum
1333 4673 1452 4729 loco
1500 4673 1697 4742 lintea,
1751 4690 1853 4731 seu

159 4759 469 4823 velamina,
511 4758 783 4822 brandea,
834 4766 1192 4829 nuncupata,
1242 4760 1545 4817 mittebant
1589 4762 1854 4819 Ecclesize

155 4847 448 4904 catholicae
500 4847 814 4917 pontiﬁces.
865 4846 1011 4915 Quid
1063 4848 1432 4904 brandeum?
1479 4849 1722 4919 explicat
1763 4850 1855 4906 ille

156 4951 223 4991 eo
255 4935 394 4991 loco.

231 5023 319 5093 (³ο)
353 5024 488 5078 ιθιι).
517 5033 590 5064 —
617 5023 780 5078 Abba
799 5022 1034 5094 quidam
1059 5024 1185 5093 ejus
1215 5024 1326 5080 loci
1349 5024 1482 5096 plus
1499 5041 1655 5096 aqua
1673 5024 1854 5080 curio-

156 5127 270 5166 sus.
328 5111 596 5165 Leftanus
654 5113 900 5168 nomine.
960 5113 1284 5182 Historiam,
1345 5126 1464 5182 qua
1514 5114 1584 5169 de
1635 5115 1847 5185 agitur,

160 5201 236 5255 ita
273 5198 871 5256 exbibetGuillelmus
903 5201 1194 5257 Malmesb.
1237 5203 1314 5257 De
1367 5202 1566 5272 pontif.
1617 5203 1847 5274 Anglo.,

159 5287 258 5343 lib.
339 5303 395 5353 ll,
458 5288 514 5340 in
577 5289 860 5358 episcopis
909 5289 1167 5344 oriental.
1226 5291 1430 5360 Anglo.
1491 5291 1598 5344 sub
1656 5291 1848 5346 ﬁnem.

161 5396 188 5426 (ι
222 5375 343 5440 Hic,
381 5373 670 5441 Leftanus,
705 5376 1052 5446 quibusdam
1087 5379 1154 5432 de
1204 5379 1628 5448 incorruptione
1669 5379 1850 5434 sancti

159 5461 496 5532 (Edmundi)
538 5464 684 5519 male
726 5464 974 5520 credulis
1023 5464 1169 5521 male
1211 5465 1534 5534 consulens,
1585 5481 1690 5523 suo
1736 5467 1850 5523 dis-

2037 4325 2314 4380 Przeterea
2346 4322 2424 4379 nil
2452 4336 2616 4392 opus,
2648 4329 2712 4378 ut
2732 4321 2964 4392 quidem
2995 4320 3196 4387 sentio,
3230 4327 3332 4377 aut
3360 4322 3660 4377 necessita-

1968 4413 2038 4468 tis
2069 4425 2316 4468 asserere
2347 4411 2445 4466 Dei
2474 4410 2746 4478 Verbum,
2775 4416 2970 4465 nostra
3023 4407 3382 4464 humanitate
3410 4408 3658 4464 circum-

1966 4501 2250 4568 volutum,
2315 4499 2509 4554 morbo
2576 4498 2670 4554 illo
2736 4497 3102 4567 septennium
3155 4495 3486 4560 infantium,
3540 4511 3656 4565 quo

1965 4591 2159 4646 dentes
2191 4588 2376 4654 lactei,
2411 4596 2474 4643 ut
2503 4595 2728 4652 vocant,
2758 4585 3036 4641 excidunt
3083 4589 3454 4652 recentesque
3495 4583 3658 4639 vicis-

1965 4678 2071 4733 sim
2119 4683 2512 4742 succrescunt,
2563 4675 2892 4743 laborasse;
2939 4672 3083 4742 quin
3135 4669 3341 4740 potius,
3389 4671 3653 4740 quando-

1965 4765 2197 4836 quidem
2258 4763 2330 4819 sit
2377 4763 2636 4819 omnium
2684 4762 2920 4817 Patrum
2967 4765 3236 4815 constans
3289 4759 3504 4829 opinio,
3551 4759 3651 4813 do-

1965 4853 2168 4919 ctrina,
2204 4851 2360 4918 ﬁdes,
2396 4849 2603 4906 Filium
2657 4849 2779 4916 Dei,
2822 4848 2965 4918 lapsi
3016 4845 3266 4901 hominis
3313 4858 3655 4916 quanquam

1964 4941 2240 5007 miserias,
2273 4947 2567 5010 peccatum
2609 4938 2655 4993 si
2705 4936 2980 5006 excipias,
3025 4934 3420 5004 assumpserit,
3478 4933 3657 5003 ipsius

1965 5038 2155 5085 tamen
2186 5043 2396 5099 corpus
2431 5025 2894 5098 :egritudinibus,
2947 5023 3112 5094 queis
3157 5021 3347 5078 caeteri
3395 5021 3656 5077 homines

1962 5117 2290 5174 addemnati
2327 5117 2482 5171 fuere
2523 5127 2622 5184 per
2668 5111 3084 5182 protoparentis
3123 5109 3652 5180 praevaricationem

1964 5219 2257 5275 nusquam
2296 5202 2610 5260 obnoxium
2660 5199 2962 5256 exstitisse.
3018 5198 3329 5254 Enimvero
3377 5197 3653 5254 vicariam

1963 5294 2114 5349 illam
2143 5293 2402 5349 dentium
2431 5291 2868 5353 succretionem,
2891 5286 3126 5356 aliquod
3153 5285 3518 5355 aegritudinis
3535 5301 3656 5344 esse

1963 5394 2164 5451 genus,
2196 5387 2280 5435 est
2309 5378 2463 5448 apud
2494 5377 2742 5432 medicos
2774 5375 2830 5429 in
2858 5375 3136 5440 confesso,
3169 5373 3432 5445 nihilque
3456 5374 3514 5428 in
3537 5374 3658 5430 dies

1964 5481 2077 5523 non
2103 5467 2496 5538 experimento
2529 5464 2826 5536 probatur.
2883 5461 3025 5520 Paul
3072 5461 3357 5534 ngineta,
3407 5461 3488 5518 De
3536 5470 3660 5519 arte
