3932 6084
274 172 412 229 1043
440 196 445 197 ί

1306 175 1401 228 AD
1440 174 1591 230 OPP.
1632 172 1789 229 VEN.
1830 172 2156 229 CUIBERTI
2196 172 2286 226 DE
2321 170 2727 227 NOVIGENTO

3636 168 3797 225 1044

274 306 561 375 medendi,
594 305 692 364 lib.
728 324 766 374 ι,
815 320 941 378 cap.
997 309 1068 376 9;
1128 307 1357 364 Aristot.
1419 309 1496 364 De
1540 313 1793 379 generat.
1846 307 1963 363 ani-
1997 307 2410 365 Asententiam
2450 319 2611 377 papae
2661 305 2979 362 Innocentii
3030 305 3127 374 ΙΙΙ,
3175 304 3274 362 lib.
3324 321 3400 362 ιν.
3457 306 3537 362 De
3583 305 3786 362 missae

276 395 428 465 mal;
456 395 554 452 lib.
594 409 650 463 v,
703 408 829 465 cap.
877 394 1022 464 ult.;
1074 394 1424 465 Hippocrat.,
1471 405 1605 452 sect.
1654 395 1751 452 lib.
1798 411 1860 452 ιιι
1891 396 1967 452 De

278 485 569 549 carnibus,
601 491 731 539 ante
760 482 907 539 med.

352 572 478 627 Huc
508 571 751 640 pertinet
803 570 957 640 quod
1009 571 1250 627 tradunt
1291 579 1554 629 auctores
1604 572 1732 642 ipsi,
1784 572 1967 628 haud-

279 672 575 730 quaquam
598 658 793 714 dentes
813 659 1091 728 quosdam
1113 658 1423 715 infantium
1444 660 1776 716 necessitate
1808 669 1973 716 natu-

276 746 405 812 rali,
477 747 573 803 sed
648 749 1045 804 tantummodo
1101 762 1174 803 ex
1225 748 1628 805 alimentorum
1658 749 1974 805 mutatione

280 834 722 904 corruptioneve
749 835 1028 891 excidere.
1062 835 1206 902 Quid
1239 835 1416 907 igitur
1444 852 1652 903 causae,
1693 838 1834 907 quid
1866 852 1973 893 ne-

281 921 556 977 cessitatis
586 922 791 978 Christi
834 923 891 977 in
922 938 1174 992 corpore,
1227 924 1320 979 cui
1370 925 1469 980 illa
1514 927 1806 996 corruptio
1856 940 1972 981 non

280 1010 653 1079 competebat,
714 1024 923 1066 novam
968 1011 1222 1067 dentium
1272 1011 1478 1067 factam
1543 1013 1974 1082 productionem

282 1099 581 1153 asserere?
619 1098 702 1154 Ac
733 1098 969 1168 proinde
998 1098 1308 1155 Guibertus
1338 1100 1575 1156 minime
1620 1108 1704 1156 est
1754 1101 1807 1156 in
1859 1102 1977 1157 cul-

281 1199 412 1255 pam
438 1192 492 1241 et
538 1185 758 1241 crimen
795 1186 1190 1251 adducendus,
1238 1189 1338 1257 qui
1390 1188 1617 1244 dentem
1667 1188 1977 1246 Salvatoris

280 1272 470 1330 ullum
516 1273 576 1329 in
629 1272 1104 1330 Sanmedardensi
1158 1275 1417 1331 cmnobio
1481 1276 1641 1332 haud
1713 1291 1977 1348 unquam

280 1361 584 1429 exstitisse,
639 1370 696 1418 at
748 1362 888 1418 falso
947 1363 1051 1418 hoc
1094 1362 1326 1418 nomine
1389 1372 1728 1421 veneratum
1792 1366 1979 1436 potius

286 1450 451 1507 beato
480 1450 731 1520 cuipiam
762 1450 1194 1506 attribuendum
1226 1452 1535 1507 contendit.

2077 394 2401 466 mysteriis:
2482 417 2502 443 ι
2535 394 2682 461 Quid
2756 394 2826 449 de
2881 393 3318 450 circumcisione
3380 392 3654 464 praeputii
3690 393 3783 449 vel

2081 485 2336 542 umbilici
2397 484 2727 555 praecisione
2776 483 3046 539 dicetur?
3103 498 3180 538 an
3234 482 3292 539 in
3358 484 3783 539 resurrectione

2077 574 2283 632 Christi
2327 574 2588 629 similiter
2634 572 2801 628 rediit
2848 572 2921 627 ad
2970 572 3266 627 veritatem
3317 571 3586 626 humana:
3626 569 3783 625 sub-

2078 664 2348 721 stantia?
2378 664 2639 719 Creditur
2675 662 2825 715 cnim
2887 662 2945 716 in
2996 662 3357 717 Lateranensi
3408 659 3648 716 basilica
3697 671 3784 713 re-

2077 753 2314 820 servari,
2349 753 2477 808 licet
2505 765 2538 806 a
2567 753 2916 820 (ιιιὶὺιὶδ.ξεσῖ11
2961 750 3187 805 dicatur
3226 749 3381 818 quod
3422 747 3781 818 praeputium

2081 844 2188 899 fuit
2218 842 2274 897 in
2308 839 2662 896 Hierusalem
2692 838 2942 894 delatum
2970 838 3043 893 ab
3075 838 3283 909 Angelo
3313 837 3513 893 Carolo
3539 836 3778 905 Magno,

2081 931 2182 1001 qui
2214 927 2507 985 transtulit
2546 926 2688 982 illud
2728 926 3112 996 Aquisgrani;
3163 927 3259 980 sed
3313 933 3432 994 post
3483 938 3517 977 a
3566 921 3780 977 Carolo

2081 1019 2252 1075 Calvo
2284 1017 2534 1086 positum
2560 1014 2621 1069 in
2650 1014 2885 1070 ecclesia
2914 1013 3228 1068 Salvatoris
3257 1012 3411 1081 apud
3439 1010 3772 1067 Carosium.

2084 1105 2286 1163 Melius
2313 1110 2618 1158 esttamen
2655 1102 2767 1155 Deo
2815 1108 2994 1155 totum
3042 1100 3394 1155 committere
3439 1112 3614 1168 quam
3671 1094 3781 1151 ali-

2085 1192 2223 1262 quid
2270 1200 2481 1247 temere
2522 1188 2791 1245 detinere.
2825 1208 2845 1235 ι
2897 1187 3141 1243 Consule
3185 1189 3374 1243 Titum
3422 1187 3781 1241 Bostrensem

2083 1287 2139 1335 et
2167 1276 2570 1347 Theophylact.
2608 1274 2667 1330 in
2700 1288 2827 1344 cap.
2874 1289 2912 1331 ιι
2943 1278 3130 1341 Lucae,
3178 1288 3245 1329 ac
3295 1274 3652 1338 Bollandum,
3701 1272 3783 1327 De

2086 1366 2242 1422 Actis
2272 1373 2625 1430 sanctorum,
2675 1372 2809 1420 tom.
2857 1365 2900 1431 Ι,
2954 1365 3026 1420 ad
3075 1365 3224 1419 diem
3276 1366 3297 1417 l
3355 1360 3636 1427 Januarii,
3677 1374 3781 1430 qui

2086 1453 2410 1511 testimonia
2465 1454 2523 1508 in
2580 1452 2731 1507 hanc
2776 1466 2895 1507 rem
2939 1452 3312 1522 antiquorum
3365 1457 3422 1506 et
3466 1448 3781 1505 recentium

354 1537 445 1606 ('1)
469 1538 600 1593 Car.
625 1538 670 1604 Ι,
697 1537 724 1608 §
747 1553 805 1593 ιι.
825 1567 894 1577 -
910 1537 1214 1609 Capillum
1229 1538 1298 1591 de
1311 1537 1706 1609 capitenostro
1726 1556 1838 1595 non
1848 1557 1981 1611 per-
2019 1586 2059 1640 Β
2088 1557 2245 1613 perm
2256 1543 2375 1598 ulta
2406 1541 2627 1597 retexit.

280 1623 497 1680 iturum
515 1625 761 1682 dixerat.
788 1626 851 1681 In
873 1626 1216 1682 sententiam
1244 1628 1323 1682 ire
1347 1628 1572 1683 videtur
1592 1628 1743 1684 beati
1766 1633 1975 1699 Augu-

284 1713 440 1778 stini,
464 1714 752 1769 Enchirid.
786 1728 911 1783 cap.
937 1717 1003 1768 87
1024 1720 1079 1770 et
1100 1728 1240 1783 seq..
1272 1716 1559 1785 praecipue
1582 1730 1716 1772 vero
1736 1716 1833 1771 lib.
1858 1731 1976 1773 xxu

288 1800 367 1856 De
394 1801 634 1858 Civitate
666 1802 783 1870 Dei,
815 1816 942 1871 cap.
979 1804 1043 1856 19
1072 1810 1126 1857 et
1154 1805 1241 1856 20.
1277 1802 1497 1859 Scilicet
1529 1818 1643 1859 non
1686 1804 1977 1860 membro-

285 1902 438 1956 rum,
463 1904 576 1945 non
601 1890 849 1959 partium
863 1891 1117 1959 corporis
1136 1892 1537 1960 quantitatem,
1557 1892 1653 1947 sed
1668 1906 1978 1949 numerum

292 1976 556 2032 instituta
580 1990 685 2032 sua
715 1976 983 2047 professis
1012 1977 1273 2034 Christus
1301 1993 1360 2033 se
1409 1976 1519 2034 illis
1559 1979 1748 2035 verbis
1799 1980 1981 2035 reddi-

289 2072 489 2120 turum
535 2064 852 2134 pollicetur.
901 2065 1155 2136 Corpora
1202 2066 1487 2136 siquidem
1551 2067 1853 2123 beatorum
1922 2069 1979 2123 in

290 2153 727 2221 resurrectione,
759 2168 892 2209 cum
922 2154 1038 2209 sint
1081 2153 1341 2209 ultimam
1395 2155 1793 2224 perfectionem
1840 2170 1978 2212 con-

292 2243 581 2305 secutura,
614 2243 670 2293 et
701 2238 755 2291 in
792 2237 1113 2293 substantia
1156 2238 1381 2307 integra
1423 2246 1763 2308 reparentur
1808 2253 1975 2309 opor-

291 2332 389 2392 tet,
442 2332 616 2396 atque
668 2325 808 2380 adeo
852 2325 1020 2397 longe
1066 2326 1267 2395 potiori
1300 2325 1433 2396 jure
1486 2326 1591 2381 hoc
1636 2328 1692 2381 in
1758 2327 1981 2382 Christo

290 2413 638 2484 completum
687 2421 770 2470 est
818 2415 1054 2484 quando
1097 2414 1432 2480 resurrexit,
1482 2423 1676 2485 utpote
1722 2416 1981 2471 omnium

291 2502 587 2571 exemplar
640 2501 1138 2571 perfectissimum.
1187 2503 1241 2558 S.
1291 2503 1490 2559 Thom.
1544 2504 1601 2558 in
1652 2504 1686 2557 4
1730 2511 1875 2559 sent.
1923 2503 1978 2558 d.

291 2591 379 2657 44,
411 2605 467 2660 q.
526 2593 595 2657 l.,
647 2590 810 2646 artic.
861 2592 914 2644 2.
962 2590 1282 2661 Caeterique
1330 2591 1385 2645 in
1445 2592 1712 2647 eumdem
1768 2591 1983 2647 librum

293 2676 559 2748 theologi.
1458 2730 1465 2736 .

362 2765 538 2820 Porro
601 2765 741 2821 dens
802 2765 893 2822 ille
949 2766 1265 2822 Salvatoris
1334 2767 1388 2821 in
1449 2776 1602 2823 terra
1655 2768 1982 2832 derelictus,

2161 1628 2252 1700 (")
2276 1629 2409 1685 CAP.
2443 1629 2537 1695 ΙΙΙ,
2572 1627 2600 1699 §
2628 1642 2704 1683 tv.
2737 1657 2805 1669 —
2843 1626 3005 1682 Sicut
3032 1625 3296 1682 Laudum'
3339 1625 3496 1697 apud
3538 1642 3645 1679 nos
3690 1626 3781 1680 lac

2083 1716 2267 1789 ipsius
2300 1715 2619 1770 Benedicta
2644 1714 2707 1769 in
2732 1715 2996 1772 columba
3018 1714 3368 1768 cristallina.
3401 1714 3524 1769 Non
3560 1713 3666 1768 abs
3711 1727 3769 1768 re

2089 1808 2289 1876 utique
2322 1805 2414 1859 hic
2442 1804 2705 1859 nonnihil
2731 1805 3006 1859 adnotare
3034 1803 3358 1858 absterreor
3385 1816 3453 1857 ac
3486 1802 3775 1869 detrecto;

2086 1893 2296 1950 etenim
2330 1890 2596 1962 plurimis
2621 1892 2676 1946 in
2709 1890 2961 1946 ecclesiis
3006 1890 3363 1945 Gallicanum
3412 1903 3509 1959 per
3556 1890 3774 1953 orbem,

2087 1990 2142 2037 et
2170 1979 2325 2045 alibi,
2368 1979 2626 2049 guttulas
2669 1978 2830 2034 lactis
2868 1984 3018 2033 ὅπα
3059 1978 3313 2046 Deiparae
3362 1976 3622 2045 religiose
3672 1975 3777 2031 coli

2088 2070 2260 2125 audio
2320 2069 2579 2139 legoque.
2638 2066 2950 2122 Guibertus
3016 2074 3250 2120 econtra
3315 2072 3643 2120 constanter
3716 2065 3774 2119 Β.

2085 2155 2379 2225 Virginem
2412 2168 2656 2223 usquam
2682 2169 2713 2209 e
2741 2154 2917 2210 sacris
2944 2153 3218 2210 uberibus
3268 2153 3354 2209 lac
3402 2153 3771 2221 expressisse,

2089 2242 2245 2312 quod
2274 2240 2629 2297 venerationi
2652 2240 2796 2296 foret
2817 2240 3151 2310 aliquando,
3176 2248 3366 2310 negat.
3394 2239 3578 2306 Quam
3603 2240 3781 2307 igitur

2092 2329 2150 2384 in
2200 2335 2420 2398 partem
2478 2326 2875 2397 propendam?
2927 2326 3241 2394 Utrobique
3287 2340 3427 2380 sane
3466 2326 3778 2395 negotium,

2092 2416 2402 2486 utrobique
2430 2415 2741 2485 scrupulus
2772 2428 2965 2469 meum
2996 2414 3249 2469 lancinat
3277 2412 3557 2467 animum.

2161 2504 2369 2559 Verum
2399 2502 2553 2557 enim
2586 2514 2720 2557 vero
2748 2500 2953 2556 volunt
2984 2499 3185 2569 aliqui,
3218 2507 3272 2554 et
3302 2498 3533 2568 quidem
3565 2500 3788 2569 gravis-

2091 2590 2221 2647 simi
2245 2591 2568 2659 scriptores,
2601 2588 2689 2644 lac
2718 2586 2861 2643 illud
2885 2594 3285 2642 conservatum
3310 2585 3785 2641 candidissimum

2091 2694 2211 2736 esse
2258 2677 2560 2747 liquorem,
2603 2675 2703 2745 qui
2755 2689 2790 2730 a
2844 2675 2904 2729 Β.
2949 2673 3181 2743 Virgine
3226 2673 3349 2742 jam
3398 2672 3455 2727 in
3504 2672 3645 2727 caelo
3698 2688 3786 2727 re-

2093 2776 2327 2839 gnante,
2351 2766 2474 2823 suis
2492 2780 2551 2821 se
2568 2765 2736 2821 unice
2757 2763 3088 2819 amantibus
3105 2760 3378 2817 diffusum
3399 2767 3501 2816 est.
3524 2761 3594 2815 Et
3608 2759 3788 2815 hocin

292 2850 383 2907 vel
417 2859 701 2921 putrescet
729 2853 1043 2923 aliquando
1073 2853 1245 2918 (sicut
1273 2863 1476 2924 argute
1509 2856 1708 2924 probat
1735 2856 1979 2925 auctor),
2021 2875 2062 2931 ρ
2094 2864 2281 2912 vetere
2309 2853 2746 2909 Carnotensium
2776 2864 3172 2920 episcoporum
3189 2848 3333 2905 serie
3353 2848 3785 2918 consignatum,

293 2939 382 2995 vel
411 2954 545 2995 eum
576 2949 824 2997 resumet
855 2942 1115 2998 Christus
1144 2950 1266 3011 post
1311 2950 1633 2998 extremum
1671 2944 1977 3014 judicium,

294 3034 353 3083 at
383 3027 719 3084 utrumlibet
746 3029 1064 3085 absurdum
1100 3028 1217 3084 fore
1248 3043 1349 3099 per
1376 3044 1435 3085 se
1466 3038 1635 3099 patet.

361 3116 487 3173 Non
519 3130 656 3172 sane
686 3131 789 3187 par
814 3123 896 3172 est
926 3116 1070 3171 ratio
1105 3116 1174 3172 de
1216 3116 1425 3173 Christi
1471 3124 1644 3187 atque
1690 3117 1760 3173 de
1812 3127 1984 3174 caete-

291 3214 493 3257 rorum
520 3202 818 3259 hominum
850 3202 1223 3273 corporibus;
1257 3203 1347 3259 ille
1381 3217 1633 3274 namque
1681 3207 1986 3275 resumptis

295 3301 410 3342 non
441 3288 605 3343 modo
637 3304 767 3358 quae
795 3290 867 3345 ad
915 3289 1319 3360 integritatem,
1369 3290 1465 3346 sed
1511 3292 1681 3347 etiam
1733 3308 1864 3362 quae
1913 3294 1984 3349 ad

292 3375 566 3445 majorem
595 3377 687 3432 sui
716 3391 969 3448 corporis
1018 3378 1415 3448 perfectionem
1470 3379 1986 3449 pulchritudinem-

293 3477 408 3532 que
436 3464 698 3532 attinent,
732 3466 976 3535 seipsum
1012 3480 1047 3521 a
1072 3467 1315 3522 mortuis
1358 3466 1557 3521 divina
1601 3468 1816 3525 virtute
1859 3484 1983 3525 sus-

292 3550 509 3607 citavit.
547 3553 617 3608 Hi
647 3567 781 3610 vero
811 3568 944 3610 cum
975 3555 1231 3610 nondum
1280 3568 1314 3609 a
1344 3555 1585 3610 mortuis
1613 3554 1865 3624 excitati,
1896 3556 1987 3610 id-

293 3638 444 3693 circo
488 3639 775 3710 quidquid
820 3640 1073 3711 corporis
1118 3639 1309 3709 fuerit,
1353 3649 1490 3697 sunt
1533 3649 1695 3697 extra
1742 3642 1984 3697 dubium

293 3726 576 3794 recepturi
602 3726 660 3782 in
686 3726 889 3797 judicii
921 3727 1048 3797 die;
1085 3742 1152 3784 ac
1178 3736 1478 3797 propterea
1508 3744 1816 3799 corporum
1849 3743 1986 3800 par-

292 3819 375 3868 tes
426 3813 711 3870 universae
758 3814 817 3869 iu
872 3815 1131 3871 futuram
1183 3814 1275 3870 hic
1321 3826 1695 3872 asservantur
1740 3830 1989 3873 resurre-

295 3900 558 3958 ctionem.
1482 3960 1491 3967 .
1630 3956 1631 3959 η

364 3986 454 4059 (²²)
507 3988 640 4045 CAP.
695 3989 738 4054 Ι,
775 3987 803 4058 §
838 4005 915 4044 ιιι.
966 4020 1034 4030 -
1063 3990 1199 4045 Νοη
1228 3989 1418 4044 minus
1447 3989 1652 4044 elenim
1680 3990 1751 4045 de
1800 3990 1984 4045 umbi-

294 4073 423 4140 lico,
456 4078 511 4129 et
539 4075 610 4129 de
634 4075 852 4130 cetera}:
878 4092 1000 4147 quae
1022 4077 1092 4131 de
1118 4077 1247 4148 ipso
1271 4077 1483 4132 habere
1503 4076 1790 4143 dicuntur,
1813 4094 1987 4148 quam

2091 2957 2163 2999 ex
2194 2957 2313 3013 qua
2338 2942 2748 3012 fragmentum,
2782 2938 3054 2995 beneﬁcio
3082 2940 3289 2993 Joann.
3322 2937 3483 3006 Bapt.
3519 2934 3788 2992 Soucheti
3894 2952 3895 2987 ί

2092 3032 2249 3090 omni
2280 3032 2605 3088 litteratura
2632 3030 2801 3095 docti,
2834 3029 3148 3085 emittimus
3191 3027 3250 3081 in
3301 3026 3484 3081 lucem
3519 3040 3532 3079 :
3585 3046 3616 3074 ‹‹
3644 3024 3786 3080 Ful-

2095 3123 2311 3186 bertus,
2342 3127 2472 3184 etc.,
2526 3120 2711 3188 ipsum
2760 3118 2821 3173 B.
2878 3117 3047 3188 Virgo
3095 3124 3373 3185 tanquam
3426 3114 3781 3185 praecipuum

2089 3206 2392 3261 alumnum
2427 3204 2486 3259 in
2517 3203 2770 3273 quadam
2799 3201 3145 3272 aegritudine
3187 3198 3557 3270 personaliter
3588 3198 3783 3253 visita-

2092 3294 2197 3360 vit,
2228 3299 2285 3348 et
2326 3292 2588 3361 linguam
2633 3290 2760 3361 ejus
2804 3289 2926 3359 jam
2973 3301 3133 3343 sacro
3185 3287 3315 3357 igne
3362 3292 3780 3354 consumptam,

2092 3378 2257 3436 lactis
2286 3378 2354 3434 de
2394 3375 2648 3432 mamilla
2679 3382 2934 3431 recenter
2963 3373 3204 3430 extracti
3232 3373 3513 3429 inlusione
3543 3370 3781 3427 sanavit

2096 3467 2257 3524 Unde
2287 3464 2491 3522 accidit
2530 3472 2646 3520 tres
2701 3470 2895 3534 guttas
2940 3461 3101 3517 lactis
3150 3475 3320 3529 super
3373 3460 3517 3515 facie
3565 3472 3785 3514 reman-

2091 3556 2248 3619 sisse,
2284 3565 2432 3622 quas
2484 3549 2793 3619 recollegit,
2851 3556 2906 3605 et
2960 3546 3018 3602 in
3080 3549 3322 3617 pretioso
3365 3559 3501 3601 vase
3556 3545 3631 3600 ad
3676 3545 3781 3600 hoc

2096 3650 2229 3712 apto
2254 3639 2512 3710 reponit;
2540 3652 2671 3709 quae
2699 3651 2887 3709 usque
2912 3635 2983 3693 ad
3017 3635 3342 3705 praesensin
3372 3634 3623 3689 Ecclesia
3670 3648 3791 3689 cer-

2096 3732 2168 3786 tis
2199 3727 2554 3798 temporibus
2583 3732 2954 3781 venerantur.
2989 3744 3009 3771 ι
3047 3723 3194 3778 Huic
3232 3723 3311 3777 rei
3347 3722 3634 3778 calculum
3680 3722 3793 3776 ad-

2092 3818 2216 3890 jicit
2241 3814 2466 3873 Guillcl.
2498 3811 2902 3873 Malmesburi..
2936 3809 3035 3866 lib.
3068 3826 3129 3866 tu
3155 3811 3231 3865 De
3255 3818 3400 3880 gest.
3441 3808 3791 3880 Anglorum.
3894 3808 3895 3885 l

2167 3904 2289 3959 Non
2328 3901 2600 3957 dissimile
2641 3899 2785 3970 quid
2833 3900 3047 3954 factum
3090 3898 3188 3953 lib.
3242 3898 3681 3953 membranaceo
3711 3899 3794 3952 De

2098 3988 2393 4048 miraculis
2425 3990 2484 4044 Β.
2519 3987 2733 4054 Mariae,
2752 4001 2904 4044 anno
2939 3986 3161 4043 circiter
3188 3986 3320 4039 H00
3369 3984 3592 4054 scriptis
3614 3998 3792 4039 man-

2098 4080 2319 4143 datum,
2369 4094 2495 4149 cap.
2538 4081 2640 4133 76:
2686 4082 2763 4133 De
2817 4076 3091 4132 monacho
3145 4075 3310 4142 cujus
3354 4073 3553 4127 ulcera
3609 4070 3797 4143 Virgo

295 4158 365 4212 de
387 4159 554 4215 dente
581 4162 738 4232 apud
762 4180 866 4217 nos
893 4167 1106 4235 agitur.
1140 4165 1236 4221 Nm
1272 4179 1377 4235 ego
1409 4164 1548 4233 quid
1604 4165 1672 4219 de
1719 4164 1986 4219 umbilico
2028 4168 2068 4222 D
2096 4169 2263 4224 beata
2287 4169 2436 4223 lacte
2465 4183 2568 4222 suo
2596 4165 2824 4238 rigavit.
2865 4187 2886 4213 ι
2922 4166 3060 4220 Erat
3090 4163 3323 4233 quidam
3359 4162 3532 4216 frater
3578 4159 3684 4229 qui
3732 4160 3797 4216 in

296 4247 575 4316 proferam
608 4263 711 4305 nec
759 4250 959 4317 habeo,
1014 4266 1119 4308 nec
1166 4253 1351 4308 video.
1401 4252 1632 4318 Verum,
1690 4259 1753 4307 ut
1802 4251 1989 4306 dicam

297 4336 449 4404 quod
498 4337 698 4400 sentio,
750 4339 983 4407 quando
1027 4354 1142 4394 non
1186 4340 1387 4395 eadem
1437 4340 1530 4394 via
1581 4353 1699 4409 qua
1747 4338 1991 4394 infantes

296 4422 410 4489 alii,
443 4438 516 4478 ex
552 4424 807 4495 virgineo
828 4426 1075 4483 claustro
1106 4427 1164 4482 in
1190 4425 1375 4482 lucem
1408 4426 1677 4495 prodierit
1705 4426 1985 4494 Christus,

295 4511 588 4567 dissonum
620 4520 674 4568 et
725 4513 1042 4569 abhorrens
1084 4514 1224 4569 mihi
1272 4514 1518 4577 videtur,
1574 4522 1697 4570 tum
1744 4528 1777 4569 a
1814 4514 1988 4571 Matre

294 4599 544 4670 Virgine,
579 4608 699 4655 tum
729 4600 901 4656 etiam
948 4601 1020 4655 ab
1072 4599 1441 4657 immaculata
1490 4603 1988 4673 mundissimaquc

297 4687 420 4743 Filii
477 4686 792 4753 nativitate,
848 4688 1108 4744 excisum
1152 4704 1183 4744 e
1235 4703 1471 4757 corpore
1522 4691 1702 4760 ipsius
1750 4691 1985 4747 umbili-

295 4790 425 4831 cum
452 4774 690 4832 edicere.
723 4776 968 4845 Ecquid,
996 4790 1092 4832 oro
1126 4786 1195 4842 te,
1228 4777 1345 4833 haec
1388 4777 1510 4847 ipsa
1565 4778 1818 4834 umbilici
1861 4794 1983 4836 am-

297 4864 532 4933 putatio,
565 4863 848 4934 siquidem
892 4863 1009 4932 ipse
1039 4864 1173 4921 solis
1199 4864 1378 4921 instar
1406 4866 1550 4922 radii
1573 4866 1787 4923 vitrum
1822 4881 1986 4936 pene-

294 4952 517 5019 trantis,
567 4966 640 5008 ex
707 4958 867 5006 utero
912 4950 1161 5021 Virginis
1197 4952 1554 5008 sanctissimo
1595 4954 1813 5022 absque
1865 4953 1984 5008 ulla

293 5040 558 5111 puritatis
588 5039 816 5097 laesione
842 5038 1089 5096 exierit?
1121 5039 1208 5096 Ab
1236 5039 1324 5096 his
1355 5055 1490 5111 ergo
1530 5055 1769 5097 manum
1808 5048 1983 5098 retra-

292 5129 521 5186 hamus.

361 5214 439 5272 De
467 5216 749 5287 praeputio
777 5216 1008 5285 pariter,
1039 5217 1193 5287 quod
1228 5217 1414 5287 ipsum
1464 5231 1522 5272 se
1574 5216 1784 5273 habere
1831 5231 1977 5272 non-

290 5304 434 5360 nulli
465 5305 802 5377 glorientur,
830 5305 1201 5376 scribantque
1228 5312 1491 5362 auctores
1518 5319 1632 5360 non
1674 5305 1841 5375 pauci
1885 5304 1977 5361 di-

289 5393 471 5447 versis
500 5394 555 5448 in
581 5391 722 5449 locis
745 5394 1026 5450 asservari
1088 5402 1340 5451 statuere
1383 5392 1464 5450 nil
1515 5394 1727 5455 ausim,
1770 5402 1978 5464 praeter

2096 4258 2354 4313 cmnobio
2381 4256 2662 4312 militabat
2690 4254 2965 4312 ccelorum
2998 4253 3252 4318 Domino,
3299 4251 3398 4306 Dei
3442 4249 3603 4305 Matri
3655 4257 3799 4304 tan-

2096 4358 2274 4415 quam
2306 4354 2361 4400 et
2389 4344 2550 4406 Filio,
2583 4343 2913 4399 decreverat
2942 4341 3158 4396 servire
3196 4338 3415 4394 sedulo.
3469 4337 3610 4393 Cum
3659 4350 3801 4391 con-

2094 4439 2304 4487 ventus
2335 4431 2427 4486 illa
2461 4430 2684 4486 tinierat
2723 4444 2854 4499 quae
2905 4436 3139 4483 cantare
3180 4433 3343 4481 nocte
3390 4432 3799 4489 consueverat,

2094 4534 2285 4577 coram
2318 4534 2421 4576 ara
2452 4518 2545 4575 hic
2569 4518 2725 4575 solus
2755 4518 2972 4579 aderat,
3004 4516 3153 4572 hera:
3192 4528 3312 4569 suae
3357 4513 3584 4567 solvens
3628 4513 3798 4581 quod

2093 4616 2351 4665 voverat.
2375 4608 2472 4663 Die
2494 4622 2628 4663 vero
2653 4620 2751 4676 per
2774 4606 2942 4661 horas
2961 4602 3241 4673 singulas,
3269 4609 3394 4670 post
3413 4599 3673 4669 expletas
3696 4600 3802 4654 ho-

2093 4712 2187 4753 ras
2221 4696 2546 4761 canonicas,
2590 4693 2852 4765 gloriosa:
2901 4693 3092 4748 Mariae
3137 4689 3399 4760 proprias
3443 4689 3799 4746 decantabat

2091 4783 2290 4839 laudes
2317 4790 2372 4838 et
2427 4781 2659 4852 gratias.
2710 4781 2882 4835 Multo
2918 4777 3151 4849 quidem
3200 4777 3307 4832 hoc
3342 4776 3458 4847 egit
3509 4784 3795 4843 tempore,
3894 4804 3895 4819 ι

2091 4884 2206 4925 non
2238 4869 2551 4940 negligens,
2587 4867 2683 4923 sed
2714 4866 3097 4929 devotissime,
3117 4864 3299 4919 donec
3320 4863 3570 4934 quadam
3593 4870 3797 4920 tentus

2089 4959 2404 5030 gravedine
2473 4971 2589 5012 non
2634 4955 2862 5011 valebat
2915 4953 3172 5010 debitum
3216 4952 3482 5021 reddere;
3547 4951 3797 5008 morbus

2089 5045 2303 5116 quippe
2327 5044 2570 5101 nimium
2602 5043 2868 5107 afﬂuens,
2904 5041 2981 5097 ita
3011 5049 3214 5112 guttur
3255 5048 3422 5097 extra
3471 5040 3795 5098 interiusve

2086 5140 2483 5202 occupaverat,
2535 5140 2599 5187 ut
2645 5145 2833 5200 neque
2873 5129 3015 5185 cibis
3060 5142 3247 5197 neque
3298 5127 3526 5196 potibus
3566 5133 3793 5195 pateret

2086 5218 2315 5285 aditus;
2373 5218 2471 5274 sed
2518 5226 2572 5275 et
2626 5225 2817 5287 partes
2866 5215 3040 5271 totius
3088 5214 3340 5284 corporis
3400 5213 3551 5269 infra
3609 5213 3792 5271 breve

2086 5307 2336 5376 spatium
2368 5307 2639 5377 temporis
2665 5305 3014 5360 videbantur
3052 5305 3216 5374 quasi
3265 5304 3585 5367 exanimes.
3620 5311 3793 5360 tanta

2083 5403 2208 5451 erat
2237 5395 2323 5450 vis
2352 5393 2732 5465 aegritudinis.
2767 5393 3119 5449 Praevalente
3148 5391 3343 5447 dolore
3393 5391 3640 5447 febrium
3697 5391 3792 5447 la-
