3922 6080
198 212 333 267 1045

1469 214 1686 270 DOMNI
1728 215 1785 268 L.
1828 213 2176 268 D’ACHERY
2216 213 2429 268 ΝΟΤιιΕ.

3562 212 3695 266 1046

194 342 435 398 borabat
463 342 555 398 vir
583 342 677 398 Dei
709 343 977 410 nimium,
1006 351 1069 399 ut
1101 344 1355 400 dicerent
1380 342 1879 400 circumstantium
1922 347 1967 399 A
1997 343 2086 398 vel
2135 342 2333 412 aliqua
2380 342 2620 398 dulcedo
2677 356 2943 413 superna
3003 341 3501 412 contemplationis
3552 342 3694 399 solet

193 429 432 500 quidam
466 445 478 484 :
513 430 619 486 [ste
645 429 764 501 jam
813 431 1011 487 reddet
1038 432 1342 501 spiritum;
1378 433 1548 503 cujus
1578 434 1656 486 rei
1692 431 1890 487 audito

193 516 420 583 nuntio,
452 526 607 574 totus
644 527 965 575 conventus
995 520 1150 575 adest
1182 520 1349 587 illico,
1385 529 1439 576 et
1487 535 1587 589 pro
1622 520 1795 575 fratre
1828 528 1892 576 ut

194 608 365 661 morti
402 606 665 676 proximo
696 606 833 662 ﬂent
859 616 914 662 et
940 616 1128 675 orant,
1165 616 1444 679 tingentes
1474 622 1604 663 eum
1637 609 1780 663 oleo.

270 714 297 742 ‹‹
330 694 586 764 Expletis
632 694 737 761 his,
786 703 1084 764 coeperunt
1132 695 1390 764 psallere,
1428 704 1491 751 ut
1530 696 1587 749 in
1622 695 1720 751 tali
1773 710 1892 751 mos

191 789 278 836 est
330 782 698 847 discrimine,
754 783 1106 837 admirantes
1177 783 1380 838 tandiu
1456 783 1650 838 vivere
1716 797 1887 853 quem

194 884 301 925 nec
345 864 541 925 flatum
596 870 867 926 videbant
912 871 1155 927 trahere.
1193 870 1505 927 Oculorum
1552 871 1766 927 defecto
1802 872 1888 927 lu-

194 958 351 1013 mine
381 959 666 1014 desierant
697 958 910 1015 moveri
945 959 1249 1029 palpehra,
1278 960 1397 1028 jam
1440 959 1651 1030 pallore
1685 960 1893 1016 infecta

194 1045 359 1112 facie,
408 1047 666 1102 membra
696 1048 893 1102 mortis
923 1048 1186 1118 rigebant
1232 1048 1463 1118 frigore.
1496 1047 1557 1103 lu
1588 1062 1719 1104 arca
1749 1063 1891 1103 con-

193 1148 389 1204 spersa
432 1136 622 1190 cinere
669 1133 1020 1191 festinabant
1069 1136 1272 1191 fratres
1321 1144 1572 1191 sternere
1616 1137 1887 1204 cilicium,

192 1222 298 1277 ubi
330 1236 363 1276 a
396 1237 628 1292 corpore
676 1223 928 1294 egressio
960 1224 1112 1279 ﬁeret
1147 1224 1371 1279 anima.
1421 1225 1729 1281 Dicebatur
1775 1223 1891 1281 fere

192 1310 267 1365 ab
299 1311 608 1367 omnibus:
647 1311 799 1367 Heu!
835 1325 1013 1381 quam
1046 1311 1192 1367 male
1226 1311 1604 1376 tardavimus,
1638 1327 1751 1367 non
1788 1313 1888 1367 ha-

196 1399 392 1455 bentes
438 1400 590 1468 quod
625 1414 772 1469 opus
817 1407 898 1455 est
950 1399 1070 1455 istis
1119 1399 1500 1469 patrantibus.
1532 1398 1657 1454 Non
1686 1398 1891 1453 videtis

193 1485 336 1555 quia
365 1494 448 1541 est
474 1494 736 1542 mortuus
762 1488 789 1541 ?

267 1590 296 1626 α
331 1574 552 1629 Interea
592 1574 814 1630 cunctis
862 1574 1222 1630 ululantibus
1268 1582 1323 1629 et
1354 1589 1455 1644 pro
1509 1574 1645 1630 boni
1692 1572 1889 1629 fratris

190 1676 432 1717 excessu
468 1676 631 1718 voces
678 1663 954 1733 lugubres
994 1663 1406 1730 emittentihus,
1434 1677 1505 1717 en
1535 1675 1712 1718 causa
1755 1662 1884 1717 uni-
1926 1636 1966 1691 Β

194 1750 434 1804 versalis
483 1749 728 1819 pietatis,
762 1750 929 1805 beata
957 1749 1171 1805 scilicet
1201 1750 1362 1820 virgo
1390 1751 1589 1816 Maria,
1638 1749 1886 1820 gloriosa

190 1843 373 1891 mater
428 1837 858 1901 misericordia,
918 1837 1007 1892 sui
1057 1836 1334 1906 capellam
1400 1847 1553 1892 mota
1600 1837 1883 1905 suspiriis,

189 1923 423 1995 indigne
454 1924 557 1979 fert
589 1924 751 1981 illum
785 1925 882 1980 tali
912 1925 1133 1979 diutius
1165 1927 1442 1996 languore
1479 1924 1699 1980 vexari.
1736 1927 1883 1980 Dum

186 2012 341 2067 enim
397 2012 516 2068 hac
562 2013 771 2069 liunta
820 2013 1116 2079 fratribus,
1171 2028 1299 2068 ecce
1333 2014 1549 2069 interea
1604 2013 1738 2068 felix
1790 2012 1887 2068 illa

188 2114 496 2170 puerpera,
530 2101 706 2157 nullis
737 2101 1086 2165 videntibus,
1120 2109 1356 2169 excepto
1386 2115 1450 2156 eo
1481 2100 1581 2170 qui
1616 2099 1886 2156 morieba-

189 2194 306 2249 tur,
339 2202 398 2242 se
435 2188 671 2243 collocat
696 2188 870 2259 juxta
902 2189 1027 2259 ejus
1056 2188 1289 2255 cubilia,
1339 2189 1592 2257 speciosa
1622 2186 1795 2243 nimis
1826 2187 1886 2242 in

186 2282 345 2330 veste
393 2275 657 2343 candida,
710 2284 787 2344 et,
835 2284 897 2332 ut
947 2277 1051 2331 sibi
1106 2276 1429 2342 videbatur,
1476 2290 1596 2330 sua
1656 2276 1886 2330 admota

185 2362 360 2418 fronti
407 2364 662 2429 dextera,
707 2363 1052 2434 loquebatur
1098 2378 1292 2418 secum
1329 2363 1463 2418 talia
1500 2378 1511 2415 :
1546 2363 1615 2417 Mi
1662 2362 1881 2430 dilecte,

185 2450 330 2521 quid
362 2450 541 2507 facis?
568 2451 759 2507 Nimia
791 2452 1025 2508 attritus
1051 2467 1111 2507 es
1144 2452 1244 2507 diu
1279 2451 1557 2507 molestia.
1591 2450 1881 2522 Injustum

182 2545 270 2594 est
314 2546 374 2594 ut
403 2539 493 2595 his
522 2539 814 2595 doloribus
846 2547 897 2594 te
949 2540 1133 2609 patiar
1165 2538 1360 2594 vexari
1405 2538 1675 2608 amplius,
1709 2553 1881 2608 quem

181 2635 239 2683 et
295 2642 400 2698 ego
455 2636 510 2683 et
569 2643 732 2685 meus
788 2628 964 2684 Filius
1022 2637 1135 2683 tam
1196 2628 1467 2683 devotum
1523 2627 1685 2683 nobis
1741 2642 1883 2682 con-

182 2716 497 2786 speximus.
560 2717 679 2788 Ego
730 2718 908 2773 Mater
966 2717 1365 2773 misericordia
1409 2716 1704 2785 capellano
1759 2730 1881 2772 meo

182 2818 522 2861 succurrere
553 2806 667 2861 huc
709 2806 935 2871 adveni,
988 2820 1147 2861 nunc
1178 2805 1249 2861 ad
1300 2820 1387 2860 tne
1419 2806 1652 2874 respice,
1688 2818 1759 2860 ne
1808 2804 1875 2860 ti-

1998 431 2269 501 exprimi.
2329 431 2490 487 Unde
2528 440 2583 486 et
2630 431 2934 501 Apostolus
2968 436 3112 485 ειη
3162 431 3240 486 ait
3272 445 3284 484 :
3320 452 3349 479 «
3390 431 3693 501 Tanquam

2000 520 2259 590 parvulis
2311 519 2369 574 in
2434 519 2657 576 Christo
2716 518 2803 574 lac
2877 518 3038 574 vobis
3095 526 3292 588 potum
3350 520 3517 585 dedi,
3580 533 3696 574 non

1997 622 2221 674 escam;
2255 626 2280 657 η
2317 608 2371 662 id
2413 616 2495 663 est
2546 607 2991 662 misericordiam
3048 606 3268 662 leviora
3312 606 3693 677 praecipiendo

2001 696 2232 751 indulsi.
2269 695 2413 762 Quid
2448 695 2626 766 igitur
2678 696 2889 749 mirum
2921 694 2967 748 si
2999 694 3247 764 gloriosa
3296 694 3458 764 virgo
3489 694 3692 759 Maria,

1998 792 2182 839 mater
2211 783 2396 839 omnis
2447 784 2669 853 pietatis
2698 790 2751 838 et
2780 782 3204 850 misericordia,
3241 797 3342 851 per
3366 781 3693 837 similitudi-

2000 886 2129 928 nem
2166 871 2327 927 lactis
2385 872 2559 927 ubere
2605 886 2708 926 suo
2756 885 2937 937 sacro,
2988 870 3064 925 ita
3096 870 3544 926 misericordiam
3597 869 3694 925 de-

2000 968 2131 1016 voto
2155 975 2262 1015 suo
2309 960 2584 1029 impendit
2630 960 2862 1021 famulo,
2912 958 3079 1028 cujus
3123 972 3285 1013 sacro
3318 959 3460 1014 lacte
3496 965 3694 1013 tenera

2002 1048 2182 1119 ipsius
2237 1048 2681 1113 misericordia,
2743 1048 2875 1102 Jcsu
2932 1046 3139 1102 Christi
3196 1046 3407 1101 scilicet
3464 1044 3689 1100 Domini

1999 1137 2180 1192 nostti
2204 1178 2219 1203 ,
2265 1137 2525 1191 nutritur
2554 1136 2814 1200 infantia,
2848 1134 2947 1204 qui
2990 1135 3159 1190 etiam
3195 1143 3389 1203 postea
3421 1135 3693 1202 dignatus

1998 1234 2081 1281 est
2116 1239 2217 1295 pro
2251 1224 2643 1295 peccatoribus
2671 1222 3112 1279 misericorditer
3156 1222 3344 1278 crucis
3385 1221 3527 1277 ferre
3553 1235 3691 1291 sup-

2000 1313 2164 1385 plicia
2187 1313 2214 1368 ‘I

2071 1423 2098 1453 α
2133 1403 2339 1457 Fertur
2385 1414 2618 1471 quoque
2667 1400 2718 1454 in
2769 1398 2947 1455 Gestis
2983 1398 3131 1455 beati
3162 1398 3417 1469 Dionysii
3469 1406 3692 1467 marty-

1997 1489 2096 1558 ris,
2130 1490 2368 1545 Athena
2418 1488 2650 1558 quidem
2695 1488 2875 1557 prius,
2906 1495 3097 1555 postea
3129 1501 3263 1542 vero
3304 1487 3416 1542 Deo
3443 1486 3692 1541 donante

1996 1579 2343 1635 Parisiorum
2406 1576 2855 1646 archiprasulis,
2915 1575 3037 1645 ipso
3094 1576 3256 1631 beato
3307 1574 3574 1643 Dionysio
3632 1574 3692 1628 in

1994 1667 2118 1724 suis
2145 1666 2398 1737 epistolis
2438 1665 2734 1732 referente,
2766 1663 2906 1733 quia
2952 1663 3092 1718 dum
3119 1676 3152 1717 a
3175 1662 3525 1732 quibusdam
3554 1661 3694 1718 fides

1995 1762 2206 1811 sancta
2232 1754 2447 1810 violata
2496 1752 2695 1808 fuisset
2743 1749 3027 1815 Ecclesia,
3075 1749 3278 1807 beatus
3321 1749 3542 1819 Carpus
3572 1764 3695 1819 pre-

1996 1844 2191 1913 sbyter
2221 1842 2538 1911 benignum
2559 1841 2749 1895 Jesum
2791 1838 3084 1895 Christum
3119 1844 3452 1908 precaretur
3479 1843 3545 1892 ut
3571 1850 3692 1893 sua

1995 1930 2285 2001 potestatis
2310 1929 2618 1984 vindictam
2674 1927 2732 1982 in
2774 1925 2901 1982 illos
2933 1926 3201 1989 vibraret,
3249 1924 3519 1994 apparuit
3546 1924 3596 1979 ei
3638 1931 3694 1979 et

1996 2020 2281 2091 benignus
2319 2020 2481 2074 Jesus
2526 2017 2585 2072 in
2614 2014 2973 2071 orationibus
3002 2020 3286 2083 soporato,
3332 2025 3461 2068 sum
3491 2010 3688 2066 multi-

1994 2109 2193 2166 tudine
2226 2106 2586 2178 angelorum,
2640 2104 2738 2174 qui
2773 2117 3009 2159 manum
3060 2116 3181 2157 sua
3211 2108 3422 2157 sancta
3461 2099 3691 2155 miseri-

1994 2198 2201 2255 cordia
2250 2195 2388 2266 ipsis
2465 2193 2703 2259 miseris,
2754 2191 2922 2262 quasi
2983 2190 3042 2246 in
3092 2189 3338 2246 carceris
3397 2187 3688 2259 profunda

1992 2284 2246 2355 dilapsis,
2295 2282 2616 2353 porrigens,
2648 2290 2823 2352 atque
2864 2279 3205 2350 angelorum
3254 2276 3587 2344 ministerio,
3622 2290 3690 2331 ea

1992 2380 2342 2435 sustentans,
2391 2371 2471 2425 ait
2500 2369 2664 2425 beato
2714 2369 2892 2437 Carpo
2927 2384 2939 2421 :
2971 2369 3172 2436 Carpe,
3223 2380 3404 2421 manu
3434 2364 3493 2419 in
3535 2364 3687 2431 istos,

1990 2457 2514 2516 immisericorditer
2562 2456 2891 2523 constituta,
2938 2463 2992 2511 et
3040 2469 3154 2509 non
3212 2468 3313 2524 per
3357 2452 3689 2508 misericor-

1990 2548 2143 2606 diam
2193 2554 2456 2611 retracta,
2492 2551 2725 2615 percute
2772 2544 3079 2599 adversum
3114 2556 3222 2597 me.
3258 2541 3404 2597 Nam
3452 2547 3690 2609 paratus

1988 2650 2117 2692 sum
2146 2629 2247 2705 pro
2289 2633 2619 2689 hominibus
2659 2631 3018 2688 resalvandis
3051 2637 3255 2686 iterum
3288 2628 3426 2699 pati,
3457 2635 3513 2684 et
3541 2641 3691 2684 com-

1990 2723 2181 2794 placeo
2227 2736 2402 2792 super
2457 2721 2543 2777 his
2596 2720 2780 2792 magis
2828 2733 3005 2790 quam
3036 2731 3211 2787 super
3253 2716 3380 2772 aliis
3433 2716 3535 2787 qui
3568 2730 3685 2772 non

1993 2817 2392 2882 peccaverunt.
2452 2809 2599 2876 Quid
2647 2823 2783 2879 ergo
2829 2806 3055 2863 dubitat
3108 2805 3276 2861 homo
3326 2804 3687 2861 miserrimus

186 2907 360 2960 meas,
393 2894 600 2949 evades
643 2895 872 2964 Optime.
926 2895 1034 2950 Res
1067 2893 1330 2948 miranda
1356 2903 1410 2948 ei
1441 2894 1663 2949 cunctis
1705 2907 1882 2948 δεδοα-
1920 2930 1961 2985 C
1989 2900 2292 2971 gloriosam
2347 2898 2580 2954 Matrem
2638 2894 3042 2952 misericordia
3068 2937 3081 2958 ,
3140 2893 3200 2976 in
3248 2892 3684 2949 similitudinem

185 2981 257 3036 lis
305 2983 593 3051 prioribus
638 2981 934 3038 inaudita!
983 2982 1124 3037 Nam
1170 2988 1231 3037 ut
1269 2981 1378 3037 sibi
1427 2981 1728 3037 videbatur
1758 2981 1881 3051 ipsa

184 3078 367 3127 mater
398 3073 510 3142 pia,
559 3086 690 3142 qua
743 3079 826 3128 est
858 3072 1198 3128 miserorum
1254 3070 1544 3126 miseratio
1596 3077 1876 3137 materna,

181 3162 493 3216 extrahens
537 3161 704 3232 quasi
751 3174 783 3215 e
813 3160 946 3215 sinu
998 3159 1197 3225 ubera,
1239 3173 1371 3229 qua
1421 3159 1574 3214 circa
1602 3173 1665 3213 os
1717 3162 1883 3215 erant

184 3248 542 3318 perhorrida,
588 3262 752 3304 sacro
785 3249 950 3315 lacte,
985 3248 1144 3320 agri,
1180 3247 1393 3303 scilicet
1433 3246 1716 3316 capellani
1765 3246 1876 3314 sui,

181 3336 411 3408 rigabat
462 3337 671 3394 ulcera.
729 3336 851 3404 Quo
902 3337 1069 3404 facto,
1129 3335 1318 3392 statim
1373 3336 1599 3392 recessit
1659 3343 1874 3402 mater,

180 3439 356 3496 seque
407 3425 461 3480 in
510 3425 817 3496 stelligera,
867 3425 1035 3495 quasi
1074 3424 1390 3479 tumultum
1438 3423 1681 3479 fratrum
1733 3423 1880 3480 ferre

180 3527 297 3569 non
327 3515 616 3571 sustinens
638 3555 653 3581 ,
689 3514 900 3583 recepit
930 3512 1160 3582 palatia.
1216 3511 1384 3567 Prius
1438 3514 1631 3567 tamen
1671 3510 1879 3581 adjecit

180 3602 489 3674 paululum
543 3603 671 3670 hoc,
730 3602 1001 3672 inquiens
1043 3600 1256 3657 :Nunc
1311 3599 1517 3656 habeto
1575 3599 1878 3669 pramium

178 3692 253 3748 ob
284 3692 605 3760 impensum
657 3691 796 3747 mihi
837 3689 1158 3756 servitium,
1194 3701 1562 3759 possessurus
1611 3702 1724 3743 non
1754 3695 1879 3757 post

179 3780 429 3837 multum
486 3794 737 3851 perenne
784 3779 1084 3851 gaudium.
1145 3776 1290 3833 Nam
1337 3777 1437 3847 qui
1486 3791 1609 3832 meo
1664 3776 1878 3832 servire

179 3865 321 3922 Filio
366 3866 695 3923 studuerint
738 3873 793 3921 et
833 3865 973 3921 mihi
1003 3865 1222 3931 sedulo,
1277 3864 1460 3920 securi
1495 3863 1608 3919 sint
1648 3864 1716 3919 de
1745 3861 1876 3919 facti

174 3954 392 4032 servitii
425 3955 678 4024 pramio,
715 3955 833 4010 vita
864 3954 1060 4009 vivent
1092 3967 1223 4024 qua
1251 3959 1405 4008 caret
1433 3952 1692 4007 termino.

250 4061 279 4093 α
310 4043 449 4098 Tam
489 4042 843 4099 admiranda
873 4043 955 4098 rei
1005 4040 1204 4097 audito
1233 4041 1461 4107 nuntio,
1510 4041 1740 4097 animus
1771 4055 1874 4110 pa-

179 4144 315 4186 vore
366 4130 714 4199 percellitur,
765 4129 1115 4199 obstupescit
1162 4129 1400 4185 auditus
1437 4135 1493 4185 et
1535 4130 1641 4185 hoc
1668 4142 1873 4185 verum

1991 2970 2154 3045 lactis
2213 2986 2663 3043 m.sericordiam
2725 2992 2998 3055 prastare
3050 2970 3207 3050 suis,
3269 2981 3506 3053 quando
3565 2981 3688 3051 ipsa

1991 3076 2403 3142 misericordia,
2438 3075 2726 3145 benignus
2754 3073 2965 3129 scilicet
2994 3074 3157 3127 Jesus
3190 3070 3467 3127 Dominus
3496 3076 3688 3125 noster

1989 3164 2092 3237 qui
2125 3165 2278 3221 sedet
2326 3164 2395 3218 ad
2429 3164 2723 3219 dexteram
2754 3162 2956 3225 Patris,
3009 3159 3108 3231 qui
3152 3166 3392 3215 mortem
3415 3157 3551 3214 vicit
3582 3171 3689 3212 nec

1983 3254 2104 3325 jam
2152 3253 2402 3323 amplius
2455 3251 2607 3307 valet
2651 3250 2817 3316 mori,
2875 3249 3021 3306 mori
3049 3263 3109 3305 se
3163 3247 3307 3303 velle
3336 3246 3538 3303 asserit
3582 3260 3685 3316 pro

1990 3341 2221 3412 perfidis
2239 3342 2266 3395 ?
2290 3341 2500 3396 Verum
2532 3340 2638 3395 hoc
2659 3339 2871 3394 dixisse
2896 3337 3146 3393 sufficiat
3166 3335 3237 3392 ad
3260 3334 3687 3404 comprobanda

1989 3430 2088 3486 Dei
2139 3427 2319 3484 nostri
2378 3436 2433 3483 et
2485 3441 2605 3483 sua
2653 3434 2865 3481 sancta
2913 3424 3105 3480 Matris
3164 3420 3474 3493 magnalia.
3516 3420 3684 3476 Nunc

1985 3517 2166 3589 igitur
2213 3516 2515 3572 redeamus
2557 3514 2627 3569 ad
2659 3514 3050 3569 narrationem
3096 3518 3381 3578 nostram,
3424 3508 3519 3565 ubi
3552 3509 3679 3578 glo-

1986 3606 2195 3662 riosam
2228 3605 2464 3661 Matrem
2496 3602 2752 3658 diximus
2784 3608 2908 3671 post
2938 3599 3322 3656 visitationem
3356 3596 3447 3653 sui
3477 3590 3679 3651 famuli

1984 3708 2044 3751 se
2074 3693 2351 3763 recepisse
2378 3691 2437 3747 in
2469 3692 2703 3747 athera.

2061 3803 2083 3832 ι
2117 3781 2289 3852 Eger
2335 3793 2469 3835 vero
2529 3778 2844 3848 plurimum
2893 3775 3247 3831 confortatus
3292 3780 3377 3831 est
3424 3786 3456 3828 a
3501 3773 3680 3829 Matre

1987 3870 2233 3936 Domini,
2268 3881 2401 3924 mox
2433 3874 2609 3937 caput
2633 3865 2822 3937 erigit,
2858 3879 2960 3920 nec
2980 3864 3101 3935 jam
3130 3876 3285 3935 ager
3313 3876 3347 3917 a
3380 3863 3518 3918 lecto
3550 3876 3676 3931 pro-

1984 3957 2117 4024 silit,
2149 3965 2204 4013 et
2235 3956 2639 4013 medicandum
2684 3967 2977 4024 nusquam
3006 3951 3253 4021 respicit,
3304 3951 3426 4007 hac
3453 3950 3680 4021 ejulans

1987 4046 2281 4102 Fratribus
2332 4045 2527 4101 intulit
2560 4059 2572 4098 :
2614 4043 2716 4099 Hic
2745 4042 2929 4098 adfuit
2962 4041 3183 4112 Regina
3220 4040 3416 4111 gloria
3445 4053 3676 4095 servum

1982 4150 2156 4191 suum
2187 4149 2275 4190 me
2325 4133 2555 4190 salvum
2604 4130 2810 4190 facere.
2843 4138 2898 4186 et
2942 4143 3044 4185 vos
3072 4128 3215 4183 nihil
3243 4127 3295 4184 ei
3342 4124 3677 4182 reverentia

177 4232 299 4274 esse
351 4232 512 4274 mens
560 4218 978 4274 inconsiderata
1012 4218 1274 4288 trepidat,
1327 4233 1392 4273 eo
1440 4217 1593 4289 quod
1644 4217 1873 4272 miseri-
1911 4225 1955 4279 D
1983 4223 2338 4288 exhibentes,
2378 4219 2650 4292 peccastis
2680 4219 2904 4290 utique,
2933 4218 3073 4273 dum
3107 4215 3327 4271 vidistis
3356 4214 3502 4286 quid
3534 4213 3677 4270 mihi

179 4306 408 4363 cordem
474 4307 749 4362 Altissimi
814 4305 1159 4363 Genitricem
1224 4307 1311 4364 sui
1373 4305 1656 4377 capellani
1712 4319 1874 4360 sacro

181 4396 325 4451 lacte
366 4396 584 4467 rigasse
626 4395 743 4451 dixi
777 4395 991 4463 ulcera,
1044 4395 1186 4465 quia
1214 4409 1319 4451 nec
1365 4401 1538 4450 tanta
1579 4392 1875 4463 dignitatis

182 4497 442 4554 persona,
486 4498 590 4539 nec
638 4492 799 4540 tanta
828 4483 1203 4554 philosophia
1246 4481 1338 4538 vel
1372 4497 1606 4552 precum
1657 4480 1875 4537 accedit

178 4572 529 4643 eloquentia,
575 4587 706 4642 qua
743 4572 818 4628 ab
847 4571 1331 4628 excellentissima
1373 4571 1553 4626 Matre
1598 4570 1694 4624 Dei
1731 4567 1873 4638 quid

180 4661 293 4718 tale
331 4661 534 4718 debeat
584 4660 935 4731 promereri;
985 4659 1081 4715 sed
1130 4659 1174 4715 si
1208 4660 1281 4715 ad
1314 4658 1645 4713 memoriam
1692 4656 1872 4713 dedu-

180 4749 387 4816 cimus,
445 4749 731 4820 quomodo
786 4746 1108 4803 Altissimus
1137 4747 1315 4802 Filius
1372 4746 1499 4817 ejus
1545 4745 1874 4817 virgineum

181 4836 524 4893 descendere
571 4837 843 4908 dignatus
883 4844 967 4891 est
1014 4837 1075 4891 in
1107 4843 1338 4891 uterum
1367 4842 1423 4891 et
1454 4841 1648 4905 postea
1692 4834 1871 4900 nasci,

181 4924 537 4992 circumcidi,
607 4924 834 4991 tentari,
902 4938 937 4979 a
994 4924 1414 4980 Pharisaorum
1476 4921 1695 4978 insidiis
1739 4935 1874 4991 per-

181 5013 369 5084 sequi,
402 5026 471 5069 ac
499 5012 728 5069 demum
762 5025 863 5081 pro
899 5012 1295 5082 peccatoribus
1340 5011 1623 5081 crucifigi,
1671 5010 1876 5067 deinde

182 5101 427 5172 sepeliri,
484 5114 785 5173 resurgere
839 5114 873 5156 a
922 5100 1167 5157 mortuis
1217 5107 1391 5170 atque
1442 5099 1512 5155 ad
1572 5098 1873 5155 dexteram

184 5189 367 5245 Patris
430 5189 789 5246 ascendendo
836 5188 1112 5244 collocare
1171 5188 1444 5258 dignatus
1478 5193 1577 5244 'est
1633 5187 1873 5243 formam

183 5285 392 5334 nostra
445 5277 821 5341 mortalitatis,
868 5290 1037 5332 omne
1077 5276 1314 5331 discedit
1345 5276 1708 5346 ambiguum,
1739 5288 1873 5331 cum

186 5380 285 5435 pro
316 5366 709 5435 peccatoribus
735 5372 893 5420 tanta
922 5364 1115 5420 fecisse
1144 5363 1447 5420 recolimus
1476 5364 1676 5419 Deum.

259 5474 286 5505 κ(
343 5455 553 5510 Verum
608 5454 837 5510 nomine
890 5454 1053 5510 lactis
1106 5452 1420 5524 aliquando
1465 5452 1873 5523 misericordia,

1981 4312 2208 4378 faceret,
2264 4319 2319 4367 et
2371 4308 2704 4381 neglexistis
2758 4321 2960 4378 parare
3014 4306 3113 4362 ubi
3166 4304 3542 4361 recumberet.
3600 4303 3671 4358 Et

1983 4403 2194 4466 putans
2223 4394 2374 4466 quod
2429 4394 2534 4464 ipsi
2576 4392 2858 4458 similiter,
2889 4392 3038 4447 sicut
3082 4390 3202 4460 ipse
3230 4388 3450 4444 viderat
3498 4386 3672 4442 visio-

1982 4478 2135 4551 nem,
2182 4483 2475 4549 vidissent,
2525 4482 2651 4538 ait:
2687 4482 2812 4538 Heu
2862 4494 2951 4536 me
3001 4468 3512 4545 miseruml‘quia
3559 4489 3672 4529 non

1984 4572 2063 4628 fui
2118 4571 2318 4627 valens
2380 4570 2681 4627 Salvatrici
2740 4583 2878 4625 mea
2951 4578 3155 4637 parare
3213 4562 3445 4633 aliquod
3499 4561 3677 4619 sedile

1983 4658 2461 4729 pulcherrimum,
2512 4673 2644 4729 qua
2676 4656 2959 4713 immerito
3001 4652 3144 4710 mihi
3174 4658 3345 4707 tanta
3386 4650 3676 4720 sospitatis

1982 4747 2261 4817 impendit
2316 4746 2583 4802 solatium
2621 4760 2634 4800 :
2672 4745 2719 4800 si
2766 4744 2920 4801 enim
2978 4740 3265 4797 tumultus
3319 4746 3505 4795 vester
3558 4752 3673 4793 non

1982 4834 2162 4902 fieret,
2195 4848 2308 4890 non
2339 4841 2451 4889 tam
2482 4834 2592 4890 cito
2624 4834 2816 4888 forsan
2852 4830 3156 4886 recederet.

2055 4941 2083 4973 α
2114 4922 2360 4988 Fratres,
2394 4922 2516 4977 viso
2559 4919 2714 4991 quod
2750 4919 2830 4975 sic
2858 4923 3193 4974 surrexerat
3236 4929 3409 4986 quem
3457 4913 3673 4971 defun-

1981 5018 2138 5068 ctum
2171 5010 2420 5080 quisque
2463 5015 2785 5078 putaverat,
2831 5014 3015 5063 terror
3059 5005 3261 5076 ingens
3295 5016 3495 5059 omnes
3524 5016 3676 5073 pra-

1981 5106 2242 5169 occupat,
2271 5098 2605 5169 ignorantes
2634 5096 2789 5167 quod
2821 5095 3036 5151 factum
3084 5093 3288 5150 fuerat.
3324 5092 3513 5149 Verba
3542 5092 3675 5147 Fra-

1982 5189 2089 5244 tris
2111 5187 2311 5244 nullus
2351 5185 2746 5256 perpenderat,
2777 5191 2973 5240 tantus
3017 5195 3307 5252 quemque
3337 5188 3540 5251 stupor
3584 5183 3671 5236 in-

1983 5284 2225 5332 vaserat.
2254 5274 2586 5331 Psalmodia
2606 5287 2721 5328 vox
2741 5271 2903 5328 nulla
2928 5277 3174 5336 resonat,
3196 5269 3298 5339 qui
3321 5284 3478 5326 nunc
3503 5269 3676 5326 ﬂebat

1983 5378 2101 5435 pra
2128 5372 2284 5420 metu
2334 5372 2578 5420 resonat.
2614 5362 2838 5417 Interea
2880 5366 3216 5429 recuperata
3262 5359 3477 5414 virtute
3521 5372 3675 5431 ager

1988 5452 2048 5509 in
2075 5467 2134 5508 se
2168 5452 2353 5518 rediit,
2403 5458 2457 5507 et
2503 5450 2644 5522 quid
2670 5463 2810 5519 erga
2854 5464 2914 5506 se
2944 5449 3156 5505 factum
3187 5446 3260 5504 sit
3301 5448 3671 5518 recognoscit,
