3922 6080
242 214 380 276 1047

243 451 424 513 gerat,
457 444 651 512 sicque
679 449 896 497 mentes
923 456 1123 497 eorum
1171 452 1416 498 revocat.
1449 443 1822 514 Superfluum
1851 451 1933 498 est

242 531 408 586 nobis
438 545 697 600 qumrere
749 531 793 585 si
826 545 974 600 quas
1015 530 1215 586 laudes
1262 531 1329 587 de
1358 536 1517 587 tanta
1549 532 1786 603 Virgine
1821 539 1935 587 stu-

243 619 496 674 duerunt
558 619 614 673 hi
675 627 814 674 tunc
869 633 1157 687 exercere,
1217 620 1317 688 qui
1382 620 1652 676 videbant
1700 620 1934 675 fratrem

243 706 537 774 dilectum,
567 720 741 778 quem
773 715 1069 763 mortuum
1103 715 1466 778 putaverant,
1495 708 1633 764 satis
1664 706 1935 763 membris

241 807 458 850 Vivere.

391 948 419 975 «
452 927 748 983 Benedicta
774 928 847 982 sit
876 927 1005 982 talis
1037 928 1296 995 Domina,

387 1014 524 1081 Qua-'3
553 1015 633 1070 sic
663 1015 784 1070 suis
813 1015 917 1070 fert
949 1016 1351 1083 medicamina,

387 1104 513 1171 Ipsa
543 1103 706 1158 nobis
737 1103 834 1157 ﬁat
863 1103 1110 1172 propitia

388 1191 619 1246 Donans
646 1191 814 1246 nobis
842 1191 974 1246 vitae
1006 1192 1256 1246 remedia

387 1279 519 1336 Nati
549 1279 660 1345 sui,
690 1293 941 1348 suosque
967 1279 1248 1343 servulos,

391 1369 438 1423 A
472 1368 716 1437 peccatis
747 1368 917 1422 faciat
948 1368 1184 1434 liberos;

387 1455 619 1524 Nosque
641 1470 739 1524 per
769 1463 1107 1510 cunctorum
1136 1456 1359 1511 dierum
1392 1456 1703 1522 curricula,

392 1541 522 1597 Suis
545 1541 836 1610 obsequiis
865 1541 1067 1596 reddat
1097 1541 1327 1596 idoneos
1359 1557 1372 1596 :

389 1630 501 1685 Deo
533 1643 682 1698 pura
711 1644 814 1684 nos
846 1629 1197 1696 habitacula,

391 1717 562 1785 Aptet
592 1717 839 1792 mundos
867 1716 939 1771 ab
971 1716 1129 1771 omni
1161 1716 1410 1784 macula,

396 1805 466 1859 Ut
499 1812 620 1872 post
645 1804 824 1874 hujus
862 1806 992 1859 vitae
1013 1805 1327 1870 curricula,

391 1892 758 1948 Gaudeamus
785 1908 976 1948 secum
1006 1893 1061 1948 in
1094 1893 1326 1949 saecula.

397 1981 539 2049 Ejus
567 1996 691 2050 ope,
726 1981 851 2050 ejus
881 1981 1153 2046 antidoto,

393 2070 606 2126 Mundo
635 2070 792 2125 salus
824 2071 988 2125 rediit
1017 2071 1272 2139 perdito;

394 2157 508 2226 Ipsi
539 2157 684 2224 laus,
720 2171 838 2212 una
863 2171 995 2213 cum
1029 2158 1274 2228 glorioso
1301 2173 1406 2214 suo
1434 2158 1598 2223 Filio,

395 2245 607 2310 Honor,
636 2245 841 2310 virtus,
875 2252 1049 2313 atque
1072 2245 1358 2312 jubilatio,

393 2332 669 2402 Tempore
699 2341 990 2402 perpetuo.
1022 2335 1225 2388 Amen.
1265 2354 1291 2382 ι

323 2467 634 2534 [lucusque
656 2464 832 2519 codex
865 2479 969 2519 ms.
1006 2464 1363 2520 Corbeiensis
1394 2467 1748 2522 monasterii.

325 2555 434 2608 Lac
472 2561 525 2608 et
568 2553 628 2608 Β.
686 2553 973 2607 Bernardo
1022 2553 1424 2608 Clarevallensi
1472 2555 1729 2610 eamdem
1774 2555 1950 2611 coelo-

252 2657 385 2698 rum
432 2642 710 2712 Reginam
758 2641 1035 2697 infudisse
1084 2641 1278 2697 ferunt
1311 2643 1614 2712 scriptores
1647 2644 1948 2714 nonnulli,

252 2730 347 2784 sed
382 2744 499 2799 quo
549 2727 862 2783 fulciantur
900 2742 1034 2783 vero
1075 2729 1354 2798 judicent,
1393 2729 1492 2799 qui
1547 2738 1704 2800 gesta
1736 2730 1888 2786 illius
1916 2745 1950 2786 a

255 2818 440 2872 tribus
495 2815 838 2886 synchronis
890 2816 1222 2872 auctoribus
1275 2825 1515 2872 exarata
1573 2818 1948 2888 (quibuscum

255 2919 530 2975 perquam
599 2903 956 2959 familiariter
1029 2905 1353 2960 Bernardus
1413 2914 1497 2960 est
1555 2908 1947 2974 conversatus)
1989 2939 2029 2994 ο

253 2993 628 3049 excusserint.
665 2991 791 3058 Quo
822 2992 1032 3048 etenim
1063 2993 1230 3048 modo
1265 2992 1385 3048 ﬁeri
1433 3001 1611 3062 potest
1644 3001 1705 3049 ut
1737 2995 1947 3060 relatis,

254 3081 408 3137 ultra
439 3087 689 3148 centum,
745 3080 1056 3147 miraculis,
1106 3080 1212 3134 hoc
1262 3089 1375 3136 tam
1426 3081 1647 3152 insigne
1679 3081 1952 3136 oblivioni

255 3169 642 3225 tradiderint?
689 3170 774 3224 Ita
801 3169 968 3224 Joan.
1018 3168 1294 3224 Bertelius
1327 3169 1402 3225 lib
1438 3185 1533 3224 Vlll
1569 3171 1622 3224 in
1673 3171 1950 3241 Regulam

257 3257 308 3312 S.
375 3256 699 3326 Benedicti;
749 3271 922 3326 quem
980 3257 1361 3325 Chrysostom.
1419 3257 1772 3327 Henricqucz
1819 3272 1952 3312 con-

256 3344 403 3400 futat
431 3343 489 3398 iu
525 3344 839 3414 Meuologio
873 3344 1094 3399 Cistert.
1128 3343 1201 3398 ad
1231 3343 1380 3398 diem
1419 3347 1479 3397 l3
1512 3344 1664 3411 Maii,
1695 3353 1750 3400 et
1772 3348 1955 3415 Ange-

258 3431 350 3488 lus
379 3430 700 3502 Manrique,
733 3431 939 3486 Annal.
971 3430 1318 3487 Cistertiens.
1357 3439 1490 3487 tom.
1526 3433 1596 3498 Il,
1630 3447 1766 3488 ann.
1794 3437 1950 3501 1153,

257 3534 381 3590 cap.
420 3522 505 3574 l2.

1273 221 1368 274 AD
1405 221 1560 276 OPP.
1602 222 1758 276 VEN.
1800 218 2138 277 GUIBERTI
2173 221 2261 274 DE
2302 218 2704 276 NOVIGENTO

239 365 414 428 atque
455 356 728 412 fratribus
757 353 954 410 recitat
1002 368 1103 424 per
1133 354 1412 421 ordinem,
1442 355 1590 412 sicut
1620 370 1708 412 res
1746 355 1925 412 conti-
1963 358 2010 409 A

3600 215 3752 270 1048

2111 355 2190 424 (³⁸)
2223 354 2357 410 CAP.
2410 354 2509 419 III,
2570 356 2597 421 §
2650 368 2724 408 tv.
2783 383 2851 392 —
2897 351 3041 418 Quid
3083 355 3212 424 post
3262 350 3746 405 resurrectionem

2038 443 2275 498 vulnera
2290 442 2400 496 illa
2419 444 2710 496 reservata
2722 440 3143 512 portenderent.
3170 441 3216 496 N
3221 456 3286 510 eq
3298 454 3408 510 uaq
3419 454 3550 494 nam
3569 439 3745 508 plane

2043 545 2202 585 mens
2242 529 2498 585 Guiberti
2547 537 2650 597 est,
2685 537 2748 585 ut
2790 529 2848 583 in
2885 529 3092 584 Christi
3147 543 3381 598 corpore
3425 527 3745 581 vulnerum

2043 618 2334 672 cicatrices
2371 618 2733 683 remansisse,
2766 618 2860 672 sed
2895 632 3015 672 eam
3055 616 3450 672 tantummodo
3479 615 3550 670 ob
3590 628 3748 669 cau-

2043 720 2163 760 sam
2199 714 2382 775 neget,
2436 720 2552 775 qua
2585 707 2855 760 nimii-mn
2901 705 3053 759 Patri
3087 705 3200 759 sint
3249 703 3425 758 veluti
3464 703 3630 772 signa
3675 715 3748 755 ac

2045 794 2263 848 stimuli
2304 794 2372 848 ad
2427 792 2757 848 memoriam
2802 807 3000 847 eorum
3050 792 3430 847 refricandam
3475 805 3604 860 quae
3645 789 3750 844 Fi-

2047 882 2160 936 lius
2189 881 2374 952 gratia
2406 881 2630 952 generis
2661 881 2898 936 humani
2927 880 3177 950 pertulit,
3207 889 3260 935 et
3293 880 3362 933 ad
3394 886 3755 948 extorquen-

2047 970 2179 1024 dam
2211 970 2283 1024 ab
2314 983 2378 1024 eo
2427 968 2876 1024 misericordiam
2913 983 2925 1021 :
2961 989 2988 1016 ‹‹
3020 968 3140 1022 Non
3174 968 3323 1022 enim
3371 966 3756 1036 cogitationes

2049 1071 2208 1122 meae,
2258 1057 2627 1128 cogitationes
2673 1064 2873 1112 vestrae
2908 1071 2919 1110 :
2953 1071 3140 1126 neque
3193 1057 3300 1110 viae
3353 1063 3571 1120 vestrae,
3641 1053 3756 1107 via:

2048 1159 2206 1211 meae,
2243 1166 2270 1192 »
2308 1161 2318 1199 :
2354 1159 2450 1200 ore
2477 1145 2768 1214 quondam
2804 1145 2961 1199 Isaiae
2993 1159 3116 1213 cap.
3155 1159 3224 1198 LV
3267 1143 3559 1212 inquiebat
3591 1142 3760 1196 Deus

2050 1234 2187 1303 ipse.
2220 1233 2348 1288 Sola
2390 1235 2517 1304 ejus
2559 1233 2779 1287 inﬁnita
2828 1233 3074 1300 bonitas,
3109 1232 3228 1287 sola
3275 1230 3482 1287 Christi
3532 1229 3759 1285 sufﬁcit

2050 1323 2402 1389 humanitas,
2455 1336 2569 1391 quo
2616 1329 2850 1390 paterne
2903 1321 3130 1376 veniam
3177 1319 3572 1390 peccatoribus
3625 1318 3759 1373 lar-

2051 1408 2262 1479 giatur,
2293 1407 2508 1478 gratias
2536 1412 2684 1460 5'38
2718 1405 2930 1461 affatim
2964 1406 3223 1461 effundat
3252 1405 3599 1461 hominibus.

2121 1496 2319 1566 Neque
2369 1496 2580 1565 pariter
2620 1495 2775 1564 quod
2823 1494 3184 1565 objectabant
3229 1493 3760 1549 Sanmedardenses

2052 1585 2346 1654 approbat,
2379 1597 2584 1652 nempe
2613 1583 2853 1638 vulnera
2883 1582 3093 1638 idcirco
3125 1591 3244 1652 post
3274 1580 3759 1637 resurrectionem

1984 1647 2470 1743 Bperseverasse,
2525 1671 2799 1741 quoniam
2867 1671 3076 1726 Christi
3146 1685 3357 1740 corpus
3418 1669 3760 1723 omnimoda

2051 1761 2319 1818 ultimum
2369 1760 2798 1830 postjudicium
2843 1759 3022 1830 gloria
3053 1759 3126 1814 sit
3166 1759 3519 1813 donandum.
3556 1757 3761 1812 Befel-

2053 1849 2116 1904 lit
2145 1857 2197 1904 et
2231 1848 2620 1918 quarumdam
2667 1848 2868 1903 deliria
2894 1847 3244 1914 vetularum,
3297 1861 3426 1916 quae
3457 1845 3759 1915 ﬁngebant

2053 1938 2361 1994 Salvatoris
2417 1936 2512 1992 illa
2568 1937 2690 2005 ipsa
2739 1935 3013 1991 continuo
3060 1950 3181 1990 esse
3237 1943 3432 2005 aperta
3479 1933 3755 1999 vulnera,

2052 2027 2387 2096 saniemque
2419 2037 2674 2079 manare.

2123 2115 2272 2183 Non,
2308 2115 2566 2184 inquam,
2620 2112 2915 2182 praefracte
2947 2111 3227 2166 diffitetur
3275 2117 3494 2174 auctor,
3552 2109 3758 2164 Domi—

2055 2218 2198 2259 num
2255 2202 2436 2257 instar
2491 2202 2942 2272 margaritarum
3013 2200 3296 2270 passionis
3351 2199 3624 2269 stigmata
3696 2199 3757 2252 in

2055 2293 2194 2348 cmlo
2222 2306 2378 2347 nunc
2425 2291 2671 2359 habere;
2723 2288 2983 2359 alioquin
3029 2289 3086 2343 in
3119 2287 3210 2343 SS.
3262 2288 3455 2342 Patres
3494 2301 3617 2342 sese
3650 2287 3761 2342 eri-

2056 2395 2206 2451 gere,
2243 2393 2309 2434 ac
2340 2393 2505 2434 suam
2532 2379 2872 2434 sententiam
2901 2378 3181 2432 anteferre
3203 2377 3493 2431 videretur
3521 2375 3758 2443 (absit')

2057 2467 2268 2522 sanctis
2314 2465 2574 2520 videlicet
2624 2464 2941 2526 Ambrosio,
3001 2464 3098 2519 lib.
3161 2457 3301 2518 x'in
3362 2463 3569 2516 Lucam
3622 2478 3760 2532 cap.

2056 2570 2193 2610 xxxv
2222 2562 2353 2608 ante
2385 2554 2574 2619 linem,
2608 2553 2799 2618 Leoni,
2833 2567 3095 2608 sermone
3130 2556 3178 2614 l,
3223 2553 3289 2606 de
3318 2552 3672 2615 Resur'rect.,
3706 2559 3765 2606 et

2058 2644 2203 2698 aliis.
2267 2641 2454 2709 Quare
2501 2656 2639 2713 ergo
2695 2641 3002 2697 vulnerum
3061 2639 3399 2696 cicatrices?
3460 2640 3528 2695 Ut
3580 2639 3762 2694 fidem

2058 2732 2346 2796 roborent,
2378 2731 2634 2786 solentur
2665 2729 2879 2798 ﬁdeles,
2913 2729 3071 2798 impii
3101 2728 3414 2798 aliquando
3439 2726 3768 2797 ignominia

2058 2819 2490 2875 suﬁundantur.
2528 2819 2612 2873 Ita
2652 2822 2897 2888 August.
2947 2817 3046 2873 lib.
3077 2831 3194 2872 χχιι
3233 2817 3301 2871 de
3341 2816 3579 2870 Civitate
3627 2816 3762 2880 Dei,

2059 2923 2182 2977 cap.
2222 2911 2284 2961 19
2331 2916 2385 2963 et
2414 2909 2511 2973 20;
2559 2907 2769 2962 Euseb.
2804 2905 3080 2973 Gallican,
3114 2907 3234 2961 sive
3277 2905 3616 2970 Eucherius,
3655 2920 3766 2960 seu

2059 2996 2226 3050 etiam
2283 2996 2476 3050 Faust.
2535 2995 2795 3064 Regiens.
2830 2994 3027 3048 homil.
3076 2994 3229 3049 feriae
3260 2996 3288 3048 3
3336 3001 3456 3062 post
3510 2993 3760 3059 Pascha,

2061 3082 2340 3138 Caesarius
2370 3083 2602 3147 Arelat.,
2658 3081 2851 3136 homil.
2884 3084 2971 3136 23.
3010 3081 3112 3136 Sed
3146 3090 3200 3136 et
3245 3082 3553 3136 Guibertus
3585 3094 3766 3150 aper-

2061 3170 2272 3226 tissime
2300 3170 2356 3224 id
2389 3167 2639 3225 affirmat
2681 3183 2804 3237 cap.
2837 3173 2866 3223 3
2896 3169 3147 3238 epistolae
3180 3170 3254 3223 De
3295 3171 3531 3224 veritate
3564 3168 3761 3223 Domi-

2063 3259 2172 3313 nici
2204 3257 2476 3327 corporis,
2515 3271 2646 3328 pag.
2698 3258 2820 3312 284.
2859 3257 2916 3310 C.
2953 3277 2980 3308 (ι
3009 3256 3153 3322 Quid
3187 3258 3338 3326 quod
3387 3257 3444 3310 in
3473 3257 3615 3312 caelo
3654 3271 3763 3324 po-

2062 3347 2208 3402 situs
2237 3361 2309 3401 ne
2339 3346 2584 3401 vulnera
2613 3346 2845 3416 quidem
2889 3359 2995 3400 sua
3023 3345 3325 3410 obducere,
3359 3352 3459 3400 aut
3487 3343 3761 3398 servilem

2063 3435 2342 3501 formam,
2400 3448 2576 3504 quam
2637 3435 2695 3488 in
2748 3433 2946 3490 futuro
2998 3433 3428 3503 repraesentabit
3494 3431 3762 3502 judicio,

2062 3537 2277 3580 exuere
2301 3522 2502 3590 voluit,
2534 3543 2562 3572 »
2597 3529 2702 3578 etc.

721 3816 906 3916 AD
979 3815 1497 3921 LIBROS
1574 3817 2256 3922 GUIBEBTI
2338 3819 2524 3920 DE
2592 3819 2927 3920 VITA
2993 3817 3294 3922 SUA.

335 4120 495 4186 Quod
545 4118 1070 4190 splendidissimum
1117 4122 1272 4178 orbis
1314 4123 1548 4178 oculum
1581 4124 1639 4178 B.
1691 4125 1960 4194 Augusti-
1997 4126 2040 4178 D
2073 4124 2517 4194 haereticamque
2553 4125 2912 4194 pravitatem,
2951 4124 3395 4182 Manichaeorum
3433 4123 3565 4179 faece
3600 4125 3776 4179 exci-

267 4221 409 4263 num
471 4206 643 4262 fuerit
693 4207 1002 4263 Guibertus
1055 4210 1316 4279 exemplo
1385 4210 1644 4279 proxime
1701 4219 1953 4278 secutus,

265 4295 398 4350 vitae
439 4294 618 4363 ipsius
665 4295 906 4365 priorem
939 4296 1154 4352 librum
1208 4299 1308 4367 qui
1361 4297 1576 4367 legerit,
1614 4298 1780 4368 plane
1831 4298 1956 4355 ani-

268 4384 603 4439 madvertet.
651 4383 1015 4454 Augustinus
1049 4384 1192 4440 libro
1235 4386 1329 4440 cui
1378 4387 1611 4441 titulum
1659 4387 1785 4442 fecit
1817 4389 1958 4444 Con-

249 4471 563 4541 fessiones,
623 4471 754 4527 vitae
807 4486 928 4527 sua
980 4472 1196 4527 deflens
1249 4480 1413 4528 actus
1469 4475 1750 4542 percurrit
1803 4491 1820 4528 :
1869 4475 1960 4530 hic

269 4560 484 4629 pariter
530 4559 692 4615 libris
738 4560 808 4615 de
862 4560 982 4615 vita
1027 4573 1153 4626 sua,
1204 4561 1380 4628 priori
1443 4562 1711 4630 maxime,
1763 4578 1960 4633 geme-

269 4647 500 4702 bundus
554 4649 729 4702 vitam
783 4647 977 4702 recolit
1023 4654 1380 4717 anteactam;
1417 4649 1508 4704 ille
1551 4664 1807 4706 summas
1849 4652 1961 4707 Deo

268 4743 588 4806 grates‘pro
631 4735 870 4790 inﬁnitis
902 4735 959 4789 in
991 4749 1050 4789 se
1097 4735 1318 4791 collatis
1362 4736 1650 4793 beneficiis
1693 4741 1809 4810 agit
1841 4754 1853 4793 :
1884 4739 1959 4794 si-

268 4823 476 4878 militer
516 4830 569 4878 et
602 4824 741 4892 iste;
775 4822 945 4877 matri
978 4822 1015 4877 S
1085 4825 1450 4894 Augustinus
1483 4826 1554 4881 ab
1605 4827 1865 4896 improba
1907 4835 1963 4882 et

270 4911 537 4966 haeretica
557 4909 977 4966 consuetudine
994 4919 1329 4967 revocatum
1351 4928 1490 4979 sese,
1505 4911 1614 4969 fert
1630 4923 1926 4984 acceptum
1945 4930 1956 4970 :

266 4999 579 5056 Guibertus
631 4998 687 5053 in
723 4999 880 5053 hunc
930 4999 1182 5068 modum,
1218 5001 1372 5070 quod
1403 5017 1433 5056 e
1481 5003 1764 5072 corruptis
1796 5004 1962 5059 mori-

270 5088 379 5144 bus
425 5101 460 5142 a
512 5095 695 5142 matre
769 5087 1071 5142 traductus
1125 5088 1316 5151 fuerit,
1394 5089 1644 5159 ingenue
1709 5091 1959 5159 fatetur;

270 5177 426 5245 prior
470 5181 711 5230 matrem
763 5175 905 5231 mire
961 5175 1196 5247 laudat;
1248 5176 1326 5232 ita
1355 5185 1408 5232 et
1439 5178 1714 5245 posterior
1759 5192 1960 5250 suam;

271 5263 459 5319 verbis
502 5269 677 5331 atque
707 5262 935 5332 scriptis
976 5263 1173 5319 doctor
1207 5264 1298 5319 ille
1340 5264 1684 5321 Manichaeos
1720 5272 1774 5321 et
1804 5275 1965 5323 caete-

270 5365 384 5420 ros,
415 5349 518 5419 qui
549 5363 654 5404 suo
682 5351 892 5406 saeculo
921 5361 1292 5418 emerserant,
1326 5352 1618 5408 haeretices
1652 5354 1963 5411 insectatus

266 5446 350 5496 est
385 5453 397 5491 :
431 5435 614 5491 abbas
664 5451 898 5508 quoque
936 5447 1128 5496 noster
1175 5449 1238 5495 ut
1288 5440 1588 5496 Iudaicam
1639 5441 1958 5512 perﬁdiam,

2068 4219 2266 4278 tatam,
2316 4211 2602 4280 evelleret,
2655 4220 2710 4268 et
2745 4227 2939 4268 coram
2993 4212 3325 4282 disputavit,
3377 4221 3431 4267 et
3480 4221 3780 4269 tractatus

2067 4300 2263 4356 edidit.

2139 4389 2422 4444 Cmterum
2463 4403 2580 4444 non
2627 4388 2858 4444 defuere
2907 4389 3158 4445 celebres
3207 4397 3261 4444 et
3291 4388 3385 4444 alii
3433 4390 3776 4458 scriptores,

2070 4477 2169 4547 qui
2231 4491 2300 4533 ea
2381 4491 2512 4546 qua
2587 4485 2880 4548 gesserant
2955 4477 3299 4546 scripserant
3365 4477 3776 4546 potissimum,

2071 4563 2380 4633 posteritati
2426 4565 2875 4634 consignarunt;
2909 4565 3067 4619 velut
3098 4566 3494 4633 Hieronymus,
3529 4563 3782 4620 Genna-

2071 4651 2221 4717 dius,
2256 4652 2425 4719 Beda,
2463 4651 2807 4722 Sigebertus,
2837 4660 2968 4716 etc.,
3004 4652 3058 4707 id
3093 4661 3363 4722 praestare
3395 4667 3505 4707 non
3536 4653 3645 4708 abs
3691 4669 3780 4712 re.

2071 4741 2333 4810 quinimo
2362 4739 2729 4810 profuturum
2763 4740 3001 4796 duxere.

2547 4829 2641 4882 AD
2682 4829 2944 4885 LIBRUM
2984 4827 3286 4884 PRIMUM.

2144 4917 2226 4988 (π’)
2255 4917 2385 4972 CAP.
2420 4917 2461 4971 Ι.
2490 4947 2557 4956 -
2592 4919 2738 4970 Cum
2767 4916 2914 4987 quod
2944 4932 3203 4982 emanas,
3253 4914 3514 4969 omnibus
3539 4914 3778 4971 debeas.

2074 5007 2191 5061 Hoc
2235 5013 2334 5067 est,
2370 5004 2571 5076 gratiae
2619 5018 2686 5059 ac
2715 5004 3004 5067 beneficia,
3050 5018 3181 5073 qum
3228 5017 3298 5058 ex
3332 5003 3557 5058 decreto
3589 5011 3780 5074 atque

2069 5107 2143 5148 ex
2173 5105 2448 5162 congruo,
2481 5105 2596 5147 non
2621 5105 2693 5145 ex
2723 5091 3006 5161 condigne
3029 5091 3117 5156 (ut
3148 5090 3469 5160 loquuntur
3497 5089 3778 5162 theol0gi)

2072 5182 2130 5235 in
2164 5180 2421 5236 homines
2469 5179 2692 5234 inﬁnita
2729 5185 2826 5234 tua
2857 5179 3101 5243 bonitas,
3151 5178 3452 5233 clementia
3483 5178 3781 5236 immensa

2072 5269 2345 5324 continuo
2409 5267 2614 5324 emittit
2671 5267 2932 5335 (verbum
2993 5269 3229 5320 emanat
3285 5281 3350 5321 eo
3409 5265 3514 5321 loci
3583 5269 3782 5325 active

2075 5359 2411 5426 usurpatur)
2471 5363 2524 5411 et
2571 5354 2834 5421 effundit,
2895 5355 3165 5410 omnibus
3230 5353 3398 5423 plane
3458 5353 3778 5413 debentur.

2072 5445 2274 5501 Nonne
2309 5443 2561 5500 universi
2610 5443 2766 5499 orbis
2803 5442 3073 5499 Conditor
3114 5456 3247 5497 cum
3296 5443 3388 5509 sit,
3424 5442 3603 5500 rebus
3655 5457 3694 5500 a
3723 5461 3782 5502 se
