3922 6080
135 273 275 328 ’1049

1419 280 1639 337 DOMNI
1679 281 1738 335 L.
1779 279 2124 338 D’ACHERY
2162 283 2382 340 NOTAE.

3492 293 3630 348 1050

129 405 336 462 creatis
367 420 481 462 non
512 407 1005 464 conservationem
1050 410 1234 477 modo,
1269 409 1411 479 quin
1435 419 1488 467 et
1521 411 1822 480 perfectio-
1860 414 1907 465 Α
1933 413 2198 469 scientias
2231 414 2396 480 Galli,
2427 415 2618 482 Angli,
2665 416 2804 483 Itali,
2839 425 2895 473 et
2927 419 3023 473 alii
3054 419 3294 474 hausere
3325 419 3632 490 quamplu-

131 509 267 550 nem
326 503 526 564 sponte
573 495 776 551 debere
842 498 1018 551 Deum
1074 498 1283 553 clamat
1335 507 1566 566 natura,
1615 500 1826 554 divinae

132 581 445 652 Scripturae
494 583 862 638 asseverant?
895 585 964 639 At
1011 585 1066 639 in
1105 599 1298 641 rerum
1347 595 1556 642 natura
1601 586 1646 641 si
1698 601 1828 656 gra-

134 671 347 726 tuitum
377 671 725 740 ejuscemodi
759 672 1014 728 debitum
1046 675 1397 740 agnoscitur,
1449 690 1586 730 num
1629 675 1828 743 potiori

131 759 356 814 ratione
384 759 438 813 in
471 767 623 814 statu
682 760 901 831 gratiae,
945 776 1074 816 cum
1108 762 1178 817 sit
1212 763 1350 830 fons,
1386 763 1575 833 inquit
1607 773 1826 828 auctor,

138 867 169 894 ‹‹
202 861 235 901 a
262 862 376 916 quo
397 846 590 902 omnia
617 849 767 902 bona
792 845 1128 917 procedunt,
1165 873 1191 898 »
1223 852 1505 921 quidquid
1531 853 1830 908 homiurm

131 935 304 990 saluti
330 933 774 1006 perfectionique
796 939 1081 1004 convenit,
1128 939 1310 1005 illum,
1342 963 1361 988 ι
1415 941 1584 1010 cujus
1619 951 1832 997 natura

133 1023 382 1088 bonitas,
411 1024 580 1090 cujus
603 1024 994 1080 miserationes
1013 1040 1188 1096 super
1213 1028 1406 1082 omnia
1435 1043 1608 1098 opera
1638 1031 1783 1099 ejus,
1804 1051 1824 1077 ι

132 1125 405 1167 emanare
439 1114 774 1180 necessario,
823 1114 960 1182 quia
1011 1115 1065 1168 id
1123 1129 1314 1171 secum
1352 1117 1423 1172 ab
1455 1125 1667 1172 aeterno
1709 1126 1830 1172 sta-

133 1199 329 1266 tuerit,
375 1200 536 1254 fateri
565 1215 857 1256 necessum
892 1201 1024 1257 est?

206 1288 273 1342 Et
320 1287 440 1342 haec
488 1302 624 1343 sane
674 1303 787 1343 non
847 1289 926 1343 ita
975 1289 1217 1345 obscure
1284 1291 1472 1347 innuit
1521 1291 1832 1349 Guibertus

132 1374 234 1429 lib.
271 1390 364 1429 vm
414 1374 469 1429 in
515 1374 714 1431 Genes.
768 1390 890 1444 cap.
943 1391 1076 1432 xxxx
1125 1378 1195 1432 ad
1242 1393 1392 1433 vers.
1439 1383 1492 1432 7.
1537 1399 1564 1430 α
1595 1380 1696 1436 Sed
1732 1395 1827 1450 pa-

131 1470 221 1518 ter
267 1470 455 1518 vester
501 1463 881 1520 circumvenit
930 1479 1038 1530 me,
1079 1486 1097 1512 ι
1149 1473 1250 1521 etc.
1297 1467 1430 1521 Ait:
1471 1490 1490 1514 ι
1543 1469 1665 1523 Νοιι
1701 1483 1827 1538 per-

131 1550 286 1606 misit
317 1565 449 1605 eum
504 1552 652 1606 Deus
677 1558 737 1606 ut
783 1561 1011 1608 noceret
1051 1553 1211 1619 mihi,
1246 1554 1298 1608 id
1329 1562 1431 1621 est,
1470 1571 1603 1611 cum
1634 1557 1705 1611 sit
1731 1571 1828 1610 es-

131 1638 447 1694 sentialiter
493 1640 662 1706 Deus,
714 1639 1127 1710 propriumque
1178 1642 1290 1695 Deo
1333 1642 1405 1696 sit
1449 1650 1512 1698 ut
1551 1643 1622 1698 sit
1675 1643 1825 1713 pius,

133 1727 258 1796 ipsa
283 1742 390 1782 sua
423 1727 706 1783 naturalis
731 1728 916 1798 gratia
957 1743 1071 1784 non
1103 1728 1237 1783 sinit
1267 1744 1400 1784 eum
1429 1737 1492 1785 ut
1524 1731 1830 1786 imminens

134 1815 462 1870 temtationis
538 1815 801 1885 praelium
875 1817 1227 1887 permitteret
1285 1818 1430 1873 verti
1484 1819 1541 1873 in
1585 1819 1827 1875 exitium

134 1904 266 1958 mei.
303 1925 331 1951 »

209 1988 302 2060 (’6)
337 1991 472 2045 IBID.
499 2020 574 2039 .—
598 1990 828 2057 Quoties
855 2008 958 2062 per
978 1992 1256 2062 peccandi
1276 1993 1671 2048 necessitatem
1697 2011 1826 2066 pec-

133 2095 269 2132 care
297 2079 627 2150 compellor.
658 2081 736 2134 Ea
767 2081 1096 2137 necessitate
1117 2097 1293 2152 quam
1313 2084 1568 2153 gentium
1600 2086 1826 2140 Doctor.

137 2167 209 2222 ad
242 2167 400 2222 Rom.
438 2183 512 2223 vn
565 2169 732 2224 deﬂet
760 2184 772 2222 :
802 2189 828 2219 (ι
859 2168 982 2224 Non
1032 2172 1183 2225 enim
1237 2171 1394 2240 quod
1445 2173 1571 2227 volo
1612 2173 1828 2231 bonum

134 2255 245 2310 hoc
290 2254 431 2311 facio
465 2271 477 2310 :
510 2256 608 2311 sed
644 2257 798 2326 quod
845 2257 974 2311 nolo
1031 2258 1247 2313 malum
1308 2259 1414 2314 hoc
1462 2273 1592 2331 ago.
1654 2283 1673 2309 ι
1711 2264 1825 2318 Et:

137 2362 166 2394 α
203 2343 379 2399 Video
406 2343 575 2399 aliam
626 2345 805 2414 legem
857 2346 912 2399 in
950 2345 1223 2401 membris
1267 2358 1685 2418 repugnantem
1719 2351 1828 2422 legi

135 2431 342 2487 mentis
369 2447 526 2500 meae,
559 2442 614 2488 et
644 2433 934 2502 captivum
982 2449 1071 2489 me
1109 2434 1409 2490 ducentem
1446 2436 1503 2491 in
1546 2438 1666 2508 lege
1697 2453 1832 2508 pec-

133 2521 267 2586 cati,
329 2542 348 2568 ι
393 2529 499 2577 etc.
549 2521 709 2578 Unde
773 2522 1138 2592 Augustinus
1192 2522 1582 2593 Simpliciano,
1629 2527 1726 2582 lib.
1790 2545 1826 2595 ι,

136 2615 339 2678 quaest.
376 2610 395 2663 Ι
478 2609 587 2664 sub
631 2609 883 2664 medium
928 2611 1301 2680 respondens,
1335 2612 1496 2668 Pauli
1527 2615 1703 2670 verba
1728 2629 1827 2671 ex-

135 2697 369 2766 planat:
409 2719 429 2746 ‹
488 2697 605 2752 Hoc
637 2706 828 2753 autem
870 2697 994 2752 ideo
1026 2706 1206 2754 totum
1240 2700 1468 2766 dicitur,
1504 2709 1566 2757 ut
1594 2703 1830 2759 demon-

137 2795 351 2844 stretur
407 2788 621 2844 homini
679 2789 902 2858 captivo
955 2803 1066 2844 non
1099 2803 1220 2846 esse
1257 2795 1724 2860 praesumendum
1763 2795 1831 2850 de

138 2875 364 2931 viribus
404 2876 542 2941 suis,
593 2885 698 2931 etc.
755 2878 871 2932 Hoc
925 2881 1073 2932 enim
1118 2886 1290 2934 restat
1340 2879 1395 2935 in
1454 2881 1559 2936 ista
1605 2883 1829 2938 mortali

137 2965 254 3019 vita
292 2963 466 3020 libero
516 2965 773 3032 arbitrio,
824 2979 936 3020 non
1000 2973 1062 3021 ut
1095 2965 1323 3036 impleat
1359 2968 1825 3040 homojustitiam

136 3067 271 3108 cum
304 3053 566 3114 voluerit,
594 3053 690 3108 sed
723 3061 785 3108 ut
811 3067 869 3108 se
923 3055 1163 3122 supplici
1196 3057 1407 3127 pietate
1437 3066 1731 3114 convertat
1763 3060 1834 3115 ad

134 3154 272 3196 eum
302 3140 470 3211 cujus
495 3141 644 3195 dono
697 3155 824 3196 eam
867 3141 1038 3212 possit
1071 3142 1321 3212 implere.
1361 3165 1381 3190 ι
1418 3145 1487 3200 Et
1525 3145 1837 3205 Primasius

137 3229 199 3283 in
238 3243 361 3298 cap.
422 3243 497 3284 vn
547 3229 616 3284 ad
669 3229 828 3284 Rom.
897 3229 1075 3284 «Non
1122 3232 1274 3285 enim
1310 3235 1461 3300 quod
1505 3235 1648 3301 volo,
1701 3245 1832 3303 etc,

136 3317 413 3374 Vincente
463 3317 877 3374 consuetudine
927 3319 1080 3386 quod
1115 3319 1246 3374 nolo
1277 3320 1438 3376 facio.
1473 3323 1678 3378 Facere
1698 3339 1835 3396 ergo

137 3421 198 3461 se
219 3406 380 3473 dixit,
415 3417 469 3461 et
507 3406 751 3476 operari,
796 3421 907 3462 non
942 3405 1148 3462 affectu
1205 3411 1596 3466 consentiendi
1642 3420 1695 3467 et
1730 3413 1833 3468 im-

139 3493 352 3564 plendi,
387 3494 482 3548 sed
519 3494 637 3562 ipso
662 3503 822 3549 motu
854 3495 1319 3572 concupiscendi.
1366 3496 1493 3551 Non
1537 3512 1660 3568 ego,
1697 3500 1837 3568 quia

138 3581 390 3649 invitus;
418 3581 513 3637 sed
544 3596 649 3652 ego
679 3581 818 3652 quia
837 3583 952 3651 ipse
980 3583 1116 3637 mihi
1143 3583 1310 3650 hanc,
1345 3597 1444 3652 per
1468 3584 1580 3639 vim
1604 3600 1838 3642 consue-

137 3669 377 3734 tudinis,
416 3669 662 3738 imposui
715 3670 1124 3725 necessitatem.
1151 3691 1185 3717 τ
1221 3671 1393 3726 Suam
1428 3671 1665 3740 ipsemet
1694 3673 1835 3729 Gui-

138 3756 335 3811 bertus
386 3763 631 3812 mentem
679 3756 858 3825 aperit
915 3756 1012 3812 lib.
1065 3773 1124 3813 ιιι
1183 3759 1239 3812 in
1272 3757 1554 3826 Genesim,
1600 3774 1724 3830 cap.
1756 3775 1833 3828 va,

137 3857 288 3900 vers.
354 3847 462 3901 l9:
507 3867 527 3892 ι
575 3843 749 3911 Quasi
782 3845 1053 3900 femineos
1105 3846 1298 3901 carnis
1348 3855 1556 3915 motus,
1612 3863 1684 3904 ex
1732 3864 1836 3904 ne-

139 3931 398 3987 cessitate
481 3933 774 4001 peccandi,
841 3933 1086 3988 velimus
1166 3933 1505 4004 plerumque
1562 3937 1832 4004 nolimus,

140 4019 333 4074 animo
359 4019 764 4075 admovemus:
799 4021 894 4075 sed
949 4027 1139 4076 tamen
1175 4021 1323 4076 illico
1370 4021 1492 4092 juri
1525 4023 1676 4079 illius
1717 4039 1833 4079 ma-

139 4107 285 4162 sculi
317 4108 736 4177 mancipamus,
779 4113 930 4161 579
968 4108 1207 4164 rationis
1257 4109 1539 4177 videlicet,
1573 4110 1742 4182 cujus
1781 4113 1834 4166 vi

141 4195 214 4249 ad
246 4195 503 4264 regulam
531 4197 980 4266 constringatur,
1021 4217 1041 4244 ι
1076 4204 1183 4252 etc.

1937 502 2066 556 rimi
2105 503 2257 557 haud
2302 503 2558 573 vulgaris
2604 505 2878 561 doctrinae
2921 507 3257 576 pietatisque
3297 507 3425 574 viri,
3473 522 3623 577 quo-

1937 605 2066 645 rum
2098 592 2165 645 ad
2199 606 2323 661 cap.
2359 598 2389 646 7
2423 593 2666 661 praefatae
2699 595 2840 650 Vitae
2868 596 3176 651 nonnullos
3200 596 3516 666 attigimus.

2013 679 2248 735 Posthac
2277 679 2335 735 in
2371 680 2552 736 Gallia
2607 683 2896 737 restitutas
2946 698 3063 739 esse
3117 683 3631 752 ﬂoruissequejlit-

1937 774 2087 822 teras
2124 769 2372 838 produnt
2402 769 2704 838 scriptores
2738 785 2749 822 :
2789 771 2880 825 sed
2919 771 3168 825 maxime
3202 770 3464 826 Lauduni
3499 770 3632 826 Cla-

1938 854 2076 920 vati,
2151 855 2378 910 doctore
2466 856 2753 924 Anselmo,
2813 857 3020 913 Glossae
3092 858 3472 914 interlinearis
3518 872 3630 913 au-

1938 950 2108 1005 ctore,
2195 943 2296 1012 qui
2367 943 2554 1013 Magni
2632 944 2901 1012 Anselmi,
2974 945 3277 1000 Lanfranci
3345 944 3628 1014 discipuli,

1937 1030 2167 1085 auditor
2215 1031 2528 1086 exstiterat.
2587 1032 2814 1088 Parisiis
2862 1048 3093 1102 quoque
3140 1033 3498 1099 Abaelardus,
3565 1047 3633 1086 ac

1938 1119 2219 1174 Robertus
2254 1119 2470 1186 Pullus,
2525 1128 2647 1188 post
2698 1121 2927 1175 modum
2982 1121 3292 1176 cardinalis
3321 1130 3373 1176 et
3405 1120 3631 1175 cancelv

1940 1206 2118 1260 larius
2148 1205 2201 1260 S.
2237 1205 2308 1260 Β.
2347 1207 2409 1260 Ε.
2456 1207 2564 1262 sub
2597 1207 2888 1262 Innocent.
2925 1209 2988 1262 ll.
3027 1207 3146 1274 Quo
3176 1209 3344 1264 etiam
3381 1216 3631 1276 tempore
3713 1255 3734 1270 .

1937 1294 2144 1348 scholae
2172 1294 2224 1349 S.
2265 1295 2501 1349 Victoris
2555 1296 2731 1350 Paris.
2776 1296 3113 1351 celebriores
3161 1310 3410 1352 evasere.
3464 1296 3628 1351 albae-

1937 1381 2106 1445 lard.,
2163 1381 2323 1450 epist.
2365 1385 2412 1442 l.
2447 1383 2577 1438 Vita
2609 1383 2661 1437 S.
2697 1383 2955 1451 Gosuini,
3016 1397 3140 1453 cap.
3193 1385 3244 1438 4.
3296 1385 3372 1438 De
3424 1383 3632 1438 scholis

1938 1468 2416 1523 monasteriorum
2468 1468 2575 1524 late
2604 1469 2831 1540 egimus
2859 1471 3143 1537 observat,
3177 1471 3247 1524 ad
3277 1484 3398 1538 cap.
3431 1471 3464 1522 4
3489 1470 3630 1526 Vitae

1935 1554 2089 1610 beati
2121 1555 2444 1624 Lanfranci,
2480 1571 2608 1626 pag.
2645 1561 2730 1611 35.

2009 1641 2097 1714 (³⁸)
2133 1644 2266 1699 ΟΜ».
2301 1645 2424 1700 VII.
2461 1675 2529 1684 -—
2559 1645 2939 1702 Contendebat
2983 1645 3230 1718 denique
3275 1651 3462 1700 mater
3503 1660 3632 1699 mea

1936 1731 2343 1788 ecclesiasticis
2405 1731 2690 1801 beneﬁciis
2737 1749 2831 1788 me
2875 1750 3097 1804 quoquo
3145 1733 3308 1787 modo
3352 1731 3630 1787 inserere.

1937 1821 2096 1888 Quod
2153 1823 2312 1877 virus
2363 1821 2574 1877 mirum
2619 1823 2677 1876 in
2724 1823 2955 1877 modum
2986 1822 3245 1891 serpebat
3277 1822 3386 1876 sub
3435 1821 3632 1876 eadem

1938 1917 2192 1979 tempora
2223 1924 2235 1962 :
2264 1923 2332 1964 ac
2361 1917 2659 1978 propterea
2690 1910 2960 1966 Urbanus
2992 1911 3038 1965 Il
3071 1911 3283 1966 Concil.
3321 1910 3518 1965 Roma.
3546 1922 3630 1973 ιιι,

1938 2011 2073 2051 ann.
2129 1998 2262 2052 1099
2302 1996 2602 2062 celebrato,
2634 1997 2875 2052 sancivit
2908 1998 3041 2066 ;cap.
3076 1998 3106 2048 5
3140 2012 3152 2050 :
3187 1997 3277 2063 Ut,
3313 2018 3340 2045 ‹‹
3373 1996 3630 2066 quicun-

1939 2100 2050 2155 que
2081 2085 2391 2154 cupiditate
2423 2092 2748 2154 parentum,
2778 2099 2909 2140 cum
2940 2084 3131 2140 adhuc
3159 2092 3346 2140 essent
3379 2082 3632 2154 parvuli,

1937 2172 2202 2228 ecclesias
2261 2173 2348 2228 vel
2414 2172 2785 2228 ecclesiarum
2848 2173 3124 2228 beneﬁcia
3192 2186 3290 2242 per
3355 2170 3631 2241 pecunias

1939 2261 2125 2330 adepti
2185 2269 2340 2328 sunt,
2404 2269 2707 2330 postquam
2748 2274 2845 2315 eas
2887 2261 3120 2316 omnino
3174 2259 3537 2324 dimiserunt,
3589 2257 3635 2314 si

1942 2350 1998 2403 in
2029 2349 2095 2404 iis
2123 2349 2393 2404 canonice
2416 2349 2607 2403 vivere
2633 2348 2940 2414 voluerint,
2974 2362 3076 2417 pro
3107 2347 3496 2403 misericordia
3522 2346 3634 2401 ibi-

1940 2436 2067 2490 dem
2099 2449 2196 2491 eos
2225 2449 2346 2490 esse
2388 2436 2772 2503 concedimus,
2815 2458 2834 2483 ι
2870 2445 2976 2491 etc.
3009 2436 3113 2491 Sed
3155 2436 3325 2490 libeat
3355 2433 3634 2489 strenuis-

1939 2525 2149 2579 simum
2182 2523 2573 2579 ecclesiasticae
2620 2524 2929 2592 disciplinae
2979 2531 3456 2594 propugnatorem
3498 2517 3630 2575 Ber-

1941 2613 2209 2680 nardum,
2247 2612 2544 2670 .Guiberto
2592 2612 2892 2683 aequalem,
2942 2612 3144 2668 audire
3188 2611 3352 2681 epist.
3392 2611 3481 2676 42,
3513 2608 3633 2665 sive

1941 2709 2165 2756 tractat.
2205 2701 2280 2756 De
2312 2699 2566 2755 moribus
2594 2708 2648 2755 et
2677 2700 2862 2755 officio
2891 2701 3065 2770 episc.
3101 2699 3307 2754 «Nunc
3340 2712 3472 2752 vero
3492 2696 3633 2766 quia

1939 2789 2058 2844 sola
2133 2789 2447 2844 attenditur
2511 2789 2710 2860 gloria,
2753 2797 2807 2844 et
2856 2804 2969 2844 non
3009 2801 3195 2858 paena,
3252 2800 3466 2857 purum
3513 2798 3634 2841 esse

1939 2879 2209 2934 clericum
2250 2877 2612 2933 erubescitur
2670 2879 2726 2933 in
2766 2877 3035 2942 Ecclesia,
3063 2890 3239 2946 seque
3267 2876 3408 2930 viles
3437 2881 3491 2929 et
3537 2872 3634 2927 in-

1869 2966 2149 3048 Cglorios
2222 2966 2323 3035 qui
2377 2981 2727 3037 quocunque
2791 2966 3152 3048 eminentiori
3209 2966 3266 3019 in
3326 2965 3446 3018 loco
3517 2975 3633 3016 non

1944 3051 2156 3108 fuerint
2209 3053 2518 3108 sublimati.
2589 3055 2884 3110 Scholares
2945 3042 3129 3124 pueri,
3201 3061 3256 3108 et
3310 3050 3634 3122 impuberes

1943 3139 2345 3196 adolescentuli
2377 3141 2449 3196 ob
2505 3143 2806 3212 sanguinis
2851 3141 3182 3212 dignitatem
3210 3140 3637 3209 [promoventur

1944 3227 2015 3282 ad
2061 3228 2468 3284 ecclesiasticas
2512 3229 2837 3299 dignitates,
2898 3237 2952 3283 et
2979 3242 3009 3282 e
3060 3227 3168 3282 sub
3212 3226 3396 3282 ferula
3427 3229 3635 3295 ;trans-

1943 3315 2212 3372 feruntur
2257 3317 2328 3372 ad
2382 3315 2825 3386 principandum
2856 3314 3235 3384 presbyteris:
3270 3314 3511 3368 laetiores
3544 3311 3635 3365 in-

1942 3403 2108 3458 terim
2151 3405 2306 3473 quod
2353 3406 2546 3474 virgas
2574 3404 2878 3469 evaserint,
2921 3417 3096 3472 quam
3145 3401 3297 3472 quod
3329 3399 3637 3455 metuerint

1945 3492 2356 3560 principatum,
2405 3513 2433 3540 »
2465 3500 2571 3547 etc.
2621 3492 2801 3559 Quam
2835 3500 2965 3560 apte
3004 3490 3199 3544 istbaec
3247 3496 3456 3543 nostrae
3486 3500 3633 3558 qua-
3681 3563 3685 3566 ι

1944 3578 2115 3633 drant
2144 3578 2293 3633 aetati
2321 3577 2334 3631 l

2017 3664 2110 3736 (³⁸)
2143 3667 2278 3720 lein.
2316 3696 2376 3705 —
2405 3667 2556 3720 Erat
2584 3682 2655 3720 ea
2691 3667 3028 3736 tempestate
3055 3679 3200 3718 nova
3228 3678 3400 3734 super
3425 3676 3634 3716 uxora-

1944 3753 2019 3807 tis
2053 3753 2734 3827 presbyterisapostolicae
2760 3752 2912 3808 sedis
2939 3751 3197 3807 invectio.
3233 3751 3467 3806 Concilii
3496 3749 3637 3805 Mel-

1947 3843 2103 3897 ﬁtani
2158 3858 2284 3912 cap.
2345 3846 2457 3899 2et
2518 3847 2602 3910 12,
2661 3843 2746 3899 vel
2816 3841 3226 3898 Ilaromontani
3271 3854 3395 3910 cap.
3459 3842 3511 3907 9,
3563 3838 3636 3893 ab

1945 3931 2176 3986 Urbano
2208 3932 2254 3985 Il
2314 3931 2670 4000 habitorum;
2725 3930 2844 3985 sive
2872 3931 3044 3986 etiam
3082 3930 3284 3984 concil.
3327 3926 3638 3983 Pictavien-

1945 4019 2022 4073 sis
2054 4037 2088 4086 ι,
2123 4034 2244 4089 cap.
2278 4023 2308 4073 9
2337 4027 2391 4075 et
2443 4022 2526 4086 10,
2575 4019 2682 4075 sub
2734 4018 2987 4074 Paschali
3036 4019 3101 4071 Il.
3151 4018 3324 4073 Porro
3372 4015 3635 4082 antehac,

1945 4107 2050 4163 hoc
2093 4115 2176 4163 est
2223 4122 2318 4162 an.
2366 4109 2518 4175 1074,
2551 4116 2827 4163 statuerat
2858 4107 3036 4162 multa
3063 4105 3372 4177 Gregorius
3401 4104 3500 4161 VII
3537 4103 3638 4158 ad-

1943 4209 2146 4252 versus
2215 4195 2551 4252 clericorum
2624 4194 3113 4250 incontinentiam.
3175 4193 3229 4247 S.
3282 4193 3484 4249 Petrus
3538 4193 3642 4246 Da-

215 4281 302 4352 (²⁷)
343 4285 475 4340 CAP.
539 4285 627 4338 IV.
677 4315 744 4324 —
788 4287 930 4339 Erat
987 4285 1165 4356 paulo
1211 4289 1346 4339 ante
1385 4285 1448 4339 id
1493 4292 1734 4358 tempus,
1784 4291 1839 4342 et
1877 4283 1920 4338 D
1952 4284 2152 4351 mian.,
2210 4287 2374 4355 epist.
2431 4288 2493 4339 16
2551 4285 2622 4340 ad
2684 4283 2980 4340 Nicolaum
3048 4281 3245 4352 pontif.
3279 4297 3294 4350 ;
3333 4281 3641 4338 Ordericus

139 4371 334 4426 adhuc
374 4372 590 4442 partim
642 4373 744 4426 sub
801 4389 926 4426 meo
1003 4376 1256 4444 tempore
1325 4375 1841 4430 Grammaticorum

138 4459 417 4528 charilas,
449 4469 555 4516 etc.
612 4461 777 4525 Quod
821 4461 968 4516 inter
1004 4471 1235 4518 caeteros
1273 4473 1679 4519 commemorat
1712 4465 1842 4520 Milo

139 4548 438 4617 Crispinus
479 4549 612 4604 Vitae
653 4549 713 4603 B.
768 4548 1091 4612 Lanfranci,
1125 4550 1393 4618 operibus
1425 4551 1603 4619 ipsius
1643 4552 1843 4622 praeti-

137 4650 251 4692 xae.
278 4635 459 4705 capite
495 4641 556 4690 t:
597 4658 619 4684 ι
665 4636 795 4691 Fuit
839 4635 929 4690 vir
978 4649 1226 4707 magnus
1259 4637 1420 4693 Italia
1450 4646 1627 4705 ortus,
1670 4655 1840 4708 quem

139 4725 416 4779 Latinitas
447 4725 503 4779 in
542 4724 848 4794 antiquum
880 4724 1129 4779 scientiae
1152 4732 1360 4780 statum
1385 4725 1457 4781 ab
1486 4741 1552 4781 eo
1581 4726 1842 4782 restituta

141 4820 275 4873 tota,
299 4826 636 4882 supremum
685 4813 871 4868 debito
919 4827 1052 4868 cum
1085 4827 1280 4868 amore
1326 4821 1381 4869 et
1416 4814 1628 4869 honore
1664 4828 1842 4884 agno-

138 4901 245 4956 scit
293 4902 657 4972 magistrum,
715 4903 947 4956 nomine
999 4902 1398 4967 Lanfrancum,
1452 4910 1557 4957 etc.
1598 4904 1662 4957 Et
1710 4917 1838 4972 per-

141 4992 446 5052 transiens,
483 4991 784 5044 Franciam
827 4989 1022 5058 plures
1055 4989 1247 5061 magni
1281 4990 1527 5045 nominis
1556 4991 1843 5046 scholares

139 5092 335 5133 secum
413 5078 650 5145 habens,
711 5079 767 5133 in
818 5079 1300 5134 Northmanniam
1347 5080 1636 5148 pervenit;
1696 5088 1750 5134 et
1783 5079 1840 5134 in

141 5165 540 5222 Abrincatensi
570 5166 798 5222 civitate
829 5168 1180 5231 demoratus,
1221 5180 1319 5236 per
1357 5167 1589 5237 aliquod
1620 5175 1843 5238 tempus

139 5253 354 5308 docuit.
399 5274 419 5301 ι
450 5255 706 5324 Itemque
736 5268 861 5323 cap.
914 5255 981 5307 4:
1037 5275 1064 5302 «
1112 5254 1467 5309 Lanfrancus
1508 5269 1742 5325 quoque
1773 5255 1838 5310 li-

141 5341 332 5396 centia
361 5341 585 5397 abbatis
632 5342 743 5408 sui,
810 5345 1016 5397 iterum
1066 5341 1292 5397 scholas
1351 5343 1547 5397 tenuit.
1605 5344 1669 5397 In
1713 5345 1841 5398 Bec-

139 5430 297 5484 censi
350 5429 606 5485 videlicet
672 5430 1014 5486 monasterio
1083 5429 1367 5485 caenobita
1426 5430 1630 5485 factus.
1677 5452 1696 5478 ι
1751 5432 1837 5486 Ex

139 5531 262 5588 qua
329 5518 589 5573 Beccensi
654 5519 848 5574 schola
909 5519 1062 5575 velut
1109 5533 1140 5574 e
1189 5518 1586 5588 limpidissimo
1662 5519 1836 5589 fonte,

1952 4373 2125 4428 Vital.
2161 4375 2258 4430 lib.
2293 4389 2330 4429 v
2376 4374 2584 4429 Histor.
2630 4387 2696 4427 ac
2730 4371 2826 4428 lib.
2882 4387 2984 4441 xu,
3017 4386 3147 4443 pag.
3182 4372 3284 4426 866
3340 4377 3394 4426 et
3431 4373 3554 4436 888,
3587 4377 3642 4425 et

1951 4462 2088 4517 alibi
2120 4476 2289 4533 saepe.

2023 4551 2384 4621 Presbyteros
2457 4549 2896 4604 concubinarios
2960 4547 3214 4619 graviter
3278 4544 3642 4614 reprehendit

1953 4637 2153 4692 beatus
2229 4637 2552 4692 Bernardus
2614 4635 3179 4706 protocrenobiarcha
3273 4633 3638 4703 Tyronensis,

1951 4724 2055 4778 hoc
2105 4724 2301 4779 eodem
2354 4725 2582 4790 saeculo,
2645 4723 2869 4777 circiter
2914 4737 3010 4776 an.
3079 4723 3228 4788 1108,
3262 4729 3322 4776 ιιι
3362 4721 3516 4776 testis
3557 4728 3642 4776 est

1949 4811 2236 4868 Gofi‘ridus
2288 4814 2528 4868 Grossus
2583 4811 2725 4868 Vitae
2768 4811 2918 4865 illius
2947 4823 3068 4879 cap.
3103 4811 3132 4863 7
3171 4851 3182 4863 .
3223 4831 3242 4857 ι
3279 4809 3383 4864 Pro
3409 4822 3644 4864 consue-

1950 4902 2147 4957 tudine
2194 4911 2333 4957 tunc
2371 4903 2640 4971 temporis
2670 4915 2768 4970 per
2796 4907 2966 4953 totam
3000 4898 3502 4967 Northmanniam,
3537 4898 3642 4952 hoc

1947 4999 2090 5054 erat,
2128 4999 2189 5045 ut
2218 4989 2532 5058 presbyteri
2579 4987 2804 5058 publice
2841 5001 3047 5040 uxores
3079 4987 3372 5053 ducerent,
3410 4987 3642 5056 nuptias

1947 5078 2320 5142 celebrarent,
2361 5091 2426 5132 ac
2460 5077 2603 5131 filios
2651 5083 3030 5145 procrearent,
3081 5074 3295 5144 quibus
3334 5074 3643 5130 haeredita-

1949 5165 2033 5221 rio
2071 5167 2203 5237 jure
2240 5175 2362 5236 post
2422 5164 2641 5220 obitum
2693 5178 2863 5218 suum
2909 5163 3176 5219 ecclesias
3227 5163 3638 5233 relinquerent,

1947 5263 2052 5311 etc.
2082 5256 2293 5310 Contra
2338 5254 2488 5308 hanc
2537 5253 2885 5307 mortiferam
2937 5251 3408 5307 consuetudinem
3444 5263 3646 5306 servus

1951 5343 2043 5398 Dei
2075 5343 2399 5398 Bernardus
2440 5343 2498 5396 in
2544 5339 2958 5396 conventiculis
2983 5339 3343 5394 sacerdotum
3395 5338 3646 5395 studiose

1947 5432 2297 5502 disputabat,
2329 5438 2382 5485 et
2440 5437 2501 5484 ut
2554 5443 2680 5484 eam
2722 5427 3114 5497 relinquerent
3157 5440 3503 5497 magnopere
3538 5436 3647 5483 sat-

1949 5521 2174 5590 agebat,
2205 5528 2312 5576 etc.
2345 5518 2603 5586 Quadam
2655 5517 2746 5571 die
2774 5515 2915 5571 dum
2957 5516 3016 5570 in
3059 5514 3406 5571 Coustantiis
3433 5515 3646 5585 populo
