3932 6084
316 229 445 285 1051

1352 226 1447 281 AD
1488 226 1642 281 OPP.
1678 223 1829 279 VEN.
1872 221 2206 280 GUIBERTI
2245 222 2334 278 DE
2372 221 2774 279 NOVIGENTO

311 366 539 437 publice
578 365 933 436 pradicaret,
986 361 1222 433 quidam
1278 360 1722 417 archidiaconus
1762 373 2001 416 uxorem
2038 360 2087 414 A
2112 365 2324 414 sancta
2382 356 2833 414 conversationis
2890 364 3161 426 astuans,
3197 359 3252 416 S.
3310 359 3552 431 Eligins,
3594 361 3819 418 deside-

314 454 549 519 habens,
582 461 637 508 et
678 452 842 515 ﬁlios,
891 465 1023 507 cum
1073 464 1283 522 magno
1330 450 1788 519 presbyterorum
1835 448 2007 504 comi-

310 545 437 598 tatu
477 540 729 607 advenit,
789 548 844 594 et
897 553 1003 595 cur
1056 540 1172 608 ipse
1242 539 1581 603 monachus,
1632 539 1730 608 qui
1790 539 2007 594 mundo

313 635 575 683 mortuus
623 633 764 692 erat,
814 626 1145 682 viventibus
1176 626 1530 697 pradicaret.
1566 627 1884 696 requisivit.
1936 630 2008 681 At

313 715 636 770 Bernardus
688 714 872 784 lepide
926 716 1259 783 respondit:
1313 716 1534 783 Nonne,
1583 716 1756 772 frater
1780 715 2004 770 charis-

310 803 471 868 sime,
511 803 565 856 in
598 800 892 871 Scriptura
937 803 1123 873 legisti
1165 803 1316 872 quod
1368 801 1603 858 Samson
1640 804 1730 859 ille
1777 801 2010 859 fortissi-

310 904 440 946 mus
489 889 558 943 dc
599 890 936 945 mandibula
966 890 1109 945 asini
1145 890 1352 946 mortui
1387 891 1646 947 inimicos
1669 906 1805 947 suos
1841 892 2009 947 inter-

310 974 537 1032 fecit?»
597 975 760 1043 (Jud.
826 991 929 1044 xv,
989 978 1092 1046 l5.)
1145 978 1216 1032 Et
1273 985 1395 1047 post
1454 993 1674 1047 pauca:
1722 1001 1742 1028 ι
1796 980 2008 1037 Asinus

312 1072 573 1119 mortuus
637 1064 949 1133 simplicem
1001 1067 1278 1135 populum
1348 1068 1726 1133 obedientem,
1795 1069 2007 1137 jugum

310 1165 489 1207 suave
520 1151 752 1217 Christi,
795 1161 848 1208 et
887 1168 1035 1208 onus
1064 1153 1190 1223 ejus
1235 1154 1356 1210 leve
1388 1162 1727 1223 portantem,
1779 1155 2010 1210 humili-

316 1241 444 1296 tatis
474 1241 598 1296 vias
643 1249 975 1306 sectantem,
1020 1245 1237 1298 mundo
1286 1252 1601 1309 mortuum,
1666 1245 1721 1298 id
1761 1252 1845 1299 est
1879 1258 2004 1312 pec-

308 1329 450 1384 catis
479 1336 533 1383 et
566 1328 720 1384 vitiis
751 1330 1175 1394 tnortilicatum,
1211 1337 1275 1385 ut
1312 1330 1391 1386 ait
1420 1330 1717 1400 Scriptura
1748 1346 1761 1385 :
1797 1331 2005 1386 Mortui

311 1416 461 1471 enim
497 1415 650 1481 estis,
672 1425 726 1471 et
757 1418 875 1472 vita
906 1426 1093 1473 vestra
1123 1419 1453 1474 abscondita
1488 1426 1573 1475 est
1614 1433 1747 1475 cum
1782 1418 2006 1476 Christo

313 1504 370 1559 in
422 1505 535 1559 Deo
595 1506 732 1572 (Col.
792 1520 869 1572 lli,
918 1508 992 1573 3),
1031 1528 1051 1554 ι
1094 1515 1197 1563 etc.
1234 1507 1415 1563 Viden
1458 1508 1526 1563 ad
1556 1508 1697 1578 quid
1739 1507 2006 1563 monachi

311 1592 528 1648 mundo
557 1593 671 1649 sint
704 1595 958 1651 mortui?

382 1679 470 1749 (³ο)
505 1683 641 1736 Ιθω.
670 1712 738 1722 —-
766 1682 883 1737 Sub
902 1683 1325 1750 praslolatione
1359 1685 1508 1741 enim
1544 1685 1747 1742 aliena
1774 1685 1994 1741 mortis.

310 1765 721 1824 Beneficiorum
770 1769 1021 1825 nefanda
1063 1772 1272 1841 cupido
1323 1787 1439 1828 non
1496 1773 2003 1829 Guiberti'saculo

309 1859 555 1920 tantum,
604 1869 807 1912 verum
875 1860 1047 1914 etiam
1110 1859 1170 1915 in
1213 1860 1394 1917 multa
1442 1861 1878 1932 subsequentia,
1929 1861 2003 1916 ad

308 1938 572 1996 Ecclesia
611 1942 856 1999 dedecus
885 1946 1225 2013 maximum,
1287 1948 1531 2017 irrepsit,
1583 1950 1695 2004 imo
1732 1955 1787 2003 et
1840 1960 2000 2018 gras-

306 2035 431 2083 sata
484 2037 587 2085 est.
635 2029 797 2097 Quod
850 2033 1205 2089 mercimonii
1251 2049 1455 2104 genus,
1504 2043 1697 2104 postea
1737 2048 2000 2092 reserva-

305 2114 524 2171 tionum
558 2125 612 2173 et
644 2119 962 2189 gratiarum
993 2123 1515 2191 exspectativarum
1549 2125 1798 2190 nomine,
1840 2137 1873 2178 a
1910 2123 2002 2179 be-

307 2203 642 2262 neficiorum
706 2208 1033 2278 aucupibus
1106 2218 1189 2266 est
1258 2212 1596 2268 factitatum.
1669 2212 1793 2279 Qua
1836 2212 1893 2267 in
1938 2226 2000 2267 re

305 2290 591 2349 Antonius
621 2294 690 2349 de
711 2295 1075 2366 Raymundia
1097 2298 1438 2355 Benedictini
1466 2299 1587 2355 0rd.
1626 2313 1741 2355 non
1761 2300 2001 2370 ignarus

303 2381 525 2446 Asceta,
580 2381 856 2437 Tractalu
900 2389 1105 2439 contra
1144 2386 1560 2442 resemafione:
1633 2388 1917 2459 speciales
1944 2390 2002 2441 et

301 2468 626 2525 nominate:
648 2470 904 2527 omnium
927 2476 1049 2543 fere
1076 2475 1541 2543 pralaturarum,
1586 2485 1694 2533 etc.
1720 2492 1732 2531 :
1777 2476 2001 2547 plangit

303 2556 373 2611 ad
425 2557 581 2614 hunc
664 2561 899 2617 modum
987 2563 1375 2620 miserandum
1445 2565 1709 2621 Ecclesia
1761 2572 1995 2631 statum,

302 2665 330 2692 α
366 2645 497 2701 Hac
526 2646 698 2715 pestis
727 2656 812 2704 est
832 2663 866 2703 a
910 2649 1122 2705 nostris
1163 2650 1346 2706 invisa
1373 2651 1671 2722 patribus;
1706 2652 1834 2709 licet
1864 2652 1999 2707 olim

301 2732 443 2790 nixa
464 2734 633 2791 fuerit
661 2736 730 2792 de
758 2737 1095 2807 corporibus
1121 2739 1297 2796 aridis
1326 2740 1625 2799 hominum
1659 2742 1803 2799 velle
1833 2741 1995 2798 emit-

303 2828 421 2877 tere
450 2822 759 2891 plantulas,
795 2832 849 2880 et
880 2825 1141 2895 palmites
1191 2828 1576 2885 infructuosos
1603 2830 1843 2896 coalere,
1878 2829 1998 2898 ipso

2119 446 2220 508 rio,
2262 447 2379 515 ipse
2408 459 2642 516 quoque
2669 445 3010 515 properabat
3047 446 3119 502 ad
3150 448 3412 504 canobia
3444 450 3818 520 maximeque

2116 533 2846 604 Lussedium[Luxovium]
2878 534 3034 604 quod
3054 543 3178 590 erat
3203 551 3270 591 eo
3302 543 3553 606 tempore
3586 540 3819 594 cunctis

2115 619 2459 676 eminentius
2485 630 2658 692 atque
2688 622 3024 688 districtius,
3065 644 3084 670 ι
3115 630 3222 678 etc.

2187 709 2429 779 insuper
2503 710 2877 765 Luxoviensis
2957 712 3287 766 monasterii
3366 711 3820 781 primordiorum

2116 795 2393 867 graphica
2420 804 2503 852 est
2561 797 2862 867 descriptio
2920 797 2978 852 in
3033 799 3376 868 perantiqua
3433 802 3613 855 sancti
3666 800 3824 871 Agili

2115 885 2340 941 abbatis
2387 885 2757 941 Resbacensis
2790 886 2921 941 Vita
2953 901 3056 941 ms.
3097 909 3116 936 ι
3166 887 3248 943 Eo
3282 896 3529 957 tempore
3560 889 3653 943 vir
3685 889 3821 944 reli-

2116 973 2301 1043 gionis
2343 973 2707 1041 veneranda,
2758 973 3149 1029 Columbanus
3201 977 3448 1043 nomine,
3503 977 3576 1031 ab
3611 977 3820 1032 Hiber-

2117 1061 2233 1127 nia,
2265 1059 2488 1117 Christo
2518 1060 2783 1128 ducente,
2844 1062 2900 1116 in
2931 1061 3143 1117 Gallias
3198 1064 3528 1129 advenerat,
3587 1064 3825 1119 deside-

2116 1162 2249 1203 rans
2278 1158 2426 1204 nutu
2486 1148 2682 1204 divino
2737 1164 2767 1203 a
2799 1149 3103 1205 serenitate
3137 1150 3354 1219 prafati
3390 1152 3544 1222 regis
3572 1152 3823 1221 adipisci

2116 1238 2326 1304 locum,
2355 1252 2470 1307 quo
2512 1236 2922 1293 monasterium
2975 1238 3284 1295 aditicaret
3334 1241 3668 1296 monastica
3700 1242 3826 1296 reli-

2116 1325 2322 1396 gionis,
2405 1333 2511 1381 etc.
2599 1325 2806 1381 Audito
2890 1327 3209 1382 vehementi
3270 1328 3460 1383 studio
3538 1328 3824 1398 principis

2114 1414 2415 1484 Agnoaldi,
2448 1429 2580 1470 eum
2621 1415 2780 1470 adire
2836 1415 3113 1471 deliberat
3166 1431 3343 1486 seque
3371 1431 3661 1487 suamque
3700 1432 3822 1487 pre-

2113 1517 2233 1559 cem
2317 1503 2391 1557 illi
2465 1502 2880 1559 commendat:
2958 1504 3059 1573 qui
3132 1519 3264 1560 mox
3346 1505 3476 1560 talis
3549 1505 3818 1561 desiderii

2113 1600 2413 1654 arcanum,
2447 1603 2514 1645 ac
2542 1591 2589 1647 si
2617 1591 2897 1647 divinitus
2933 1593 3040 1648 sibi
3079 1595 3443 1650 commissum
3472 1594 3817 1663 suscipiens,
3902 1636 3903 1649 χ

2112 1677 2457 1745 quantocius
2541 1680 2659 1750 regi
2732 1689 3051 1750 opportune
3125 1681 3370 1748 intimat,
3429 1683 3818 1752 eumdemque

2111 1764 2536 1822 Columbanum
2608 1767 2687 1822 illi
2741 1764 3058 1839 gratiosum
3114 1769 3331 1838 eflicit;
3388 1786 3492 1826 nec
3539 1786 3655 1826 non
3714 1773 3816 1841 qni

2111 1851 2417 1922 optabilem
2448 1853 2631 1923 ipsius
2662 1869 2886 1924 precem
2916 1857 3210 1922 exaudiat,
3243 1857 3565 1913 submissus
3591 1858 3817 1929 efﬂagi-

2112 1947 2211 1996 tat.
2247 1940 2320 1994 At
2346 1952 2449 1995 rex
2472 1941 2965 2010 magnanimitatis
2986 1942 3260 1999 modestia
3278 1944 3614 2014 jucundans
3633 1959 3815 2014 super

2110 2042 2371 2086 sermone
2403 2030 2755 2101 bujusmodi,
2789 2032 3071 2101 postulata
3106 2033 3477 2089 libentissime
3500 2034 3766 2104 indulget
3794 2051 3809 2100 ;

2110 2118 2347 2188 insuper
2402 2120 2649 2174 necdum
2689 2121 2864 2189 petita
2915 2120 3115 2191 largiri
3146 2121 3450 2192 magniﬁce
3489 2122 3806 2191 promittit:

2109 2219 2362 2266 castrum
2440 2223 2695 2280 namque
2763 2210 2913 2266 inter
2971 2220 3134 2268 vasta
3191 2212 3364 2269 eremi
3440 2218 3619 2282 septa,
3679 2228 3809 2283 qua

2108 2295 2365 2352 Vosacus
2418 2295 2649 2362 dicitur,
2720 2296 2907 2352 fuerat
2966 2297 3345 2353 fanaticorum
3401 2297 3582 2353 cultui
3642 2299 3807 2354 olim-

2108 2382 2457 2450 dedicatum,
2491 2384 2586 2440 sed
2619 2392 2757 2441 tunc
2781 2385 2852 2440 ad
2884 2385 3069 2441 solum
3097 2400 3279 2456 usque
3303 2386 3561 2442 dirutum
3598 2404 3612 2452 ;
3650 2387 3809 2457 quod

2108 2471 2290 2527 saltus
2334 2470 2511 2541 hujus
2570 2471 2787 2538 incola,
2846 2487 3206 2544 quamquam
3261 2475 3456 2546 ignoto
3502 2476 3808 2547 praesagio,

2109 2558 2439 2615 Luxovium
2466 2559 2858 2617 nominavere.

2184 2670 2205 2697 ι
2240 2648 2391 2704 Illud
2415 2648 2685 2718 equidem
2718 2650 3093 2707 considerans
3120 2650 3565 2723 benignissimus
3605 2651 3811 2722 Agno-

2109 2735 2275 2792 aldus
2319 2736 2574 2793 velocius
2628 2752 2788 2808 posse
2853 2740 3190 2807 restaurari,
3251 2748 3307 2795 et
3352 2754 3593 2797 cernens
3628 2744 3809 2797 situm

2109 2824 2216 2880 loci
2290 2825 2703 2882 monachorum
2758 2828 2979 2897 agmini
3036 2836 3256 2899 aptum,
3317 2828 3429 2884 imo
3480 2828 3812 2901 intelligens

302 2917 433 2966 ortu
485 2924 518 2966 a
562 2911 799 2968 Patrum
855 2921 1184 2971 sanctorum
1237 2916 1545 2985 prudentia
1603 2917 1672 2973 de
1706 2918 1827 2987 ipso
1857 2929 1997 2987 agro
2036 2923 2078 2978 c
2110 2914 2494 2983 prarogativa
2546 2914 2696 2982 fidei,
2741 2924 2796 2972 et
2843 2916 3139 2986 sapientia
3194 2917 3410 2973 lumine
3457 2917 3807 2983 illustratus,

301 2996 586 3066 Ecclesia,
620 3006 898 3070 tanquam
921 3001 1092 3057 arbor
1112 3002 1359 3071 spinosa,
1390 3003 1652 3073 protinus
1680 3012 1764 3060 est
1792 3003 1997 3060 avulsa

302 3084 590 3152 (videlicet
636 3088 948 3145 reservatio
1019 3090 1389 3160 dignitatum,
1451 3092 1896 3162 pralaturarum
1941 3098 1997 3147 et

299 3171 546 3228 aliorum
610 3174 1036 3244 beneficiorum,
1069 3179 1340 3247 {quorum
1387 3179 1632 3236 ministri
1683 3195 1749 3237 ac
1775 3180 1995 3251 pralati

300 3260 493 3316 adhuc
519 3262 730 3318 vivunt
772 3262 829 3318 in
879 3267 1158 3335 corpore),
1195 3272 1347 3320 580
1383 3268 1523 3337 quia
1572 3269 1866 3324 materiam
1907 3282 1997 3338 pa-

300 3347 465 3403 rabat
491 3349 797 3416 scandalis,
829 3360 884 3407 et
921 3360 1121 3408 votum
1160 3354 1331 3410 dabat
1357 3356 1686 3412 hominibus
1725 3357 1995 3427 captandi

298 3435 534 3494 alterius
586 3446 845 3500 mortem.
897 3440 954 3495 in
1008 3454 1171 3497 sacro
1218 3443 1583 3501 Lateranensi
1627 3446 1866 3502 concilio
1919 3446 1993 3503 ab

299 3523 627 3581 Alexandro
678 3526 750 3582 III
790 3526 1072 3584 celebrato
1126 3540 1415 3599 perpetua
1463 3532 1571 3589 fuit
1623 3534 1992 3604 prohibitioni

296 3612 572 3682 subjecta,
600 3614 862 3671 videlicet
894 3615 952 3671 in
973 3630 1100 3687 cap.
1133 3621 1166 3672 2
1194 3618 1264 3674 de
1284 3620 1646 3678 concessione
1675 3624 1987 3692 prabend.,

294 3707 399 3756 etc.
431 3701 629 3757 Miram
663 3703 816 3759 enim
866 3718 985 3760 rem
1030 3708 1239 3763 nostris
1286 3707 1619 3778 lacrymosis
1647 3720 1702 3766 et
1728 3711 1991 3768 infaustis

294 3788 667 3858 temporibus,
699 3790 880 3847 oculis
920 3792 1315 3863 perspicimus,
1346 3797 1501 3866 quod
1532 3798 1729 3869 aliquo
1755 3799 1990 3869 pralato

294 3876 846 3950 quinquagesimum
890 3881 989 3937 vix
1046 3896 1266 3939 annum
1316 3885 1651 3956 attingente,
1680 3888 1808 3953 eius
1838 3900 1988 3956 pra-

291 3961 484 4019 latura
531 3964 617 4020 vel
669 3965 918 4036 dignitas
965 3968 1025 4023 in
1072 3968 1324 4026 favorem
1355 3971 1591 4027 alterius
1640 3982 1983 4041 reservetur,

290 4057 490 4105 contra
545 4051 807 4121 regulam
893 4054 1187 4111 charitatis
1255 4057 1428 4113 dandi
1487 4058 1569 4114 illi
1615 4061 1985 4128 exspectandi

291 4137 635 4193 desiderium
692 4142 889 4196 mortis
934 4142 1154 4206 aliena,
1200 4152 1265 4201 ut
1306 4146 1481 4214 possit
1523 4146 1582 4202 in
1643 4147 1830 4204 locum
1857 4149 1985 4218 ejus

2102 3002 2367 3061 eumdem
2408 3001 2595 3058 locum
2657 3004 2769 3059 Deo
2829 3004 3050 3061 sacrari
3105 3014 3377 3075 oportere,
3407 3014 3464 3061 et
3510 3006 3607 3061 ubi
3665 3008 3803 3062 olim

2102 3089 2339 3159 profano
2366 3090 2482 3146 ritu
2512 3098 2730 3147 veteres
2780 3090 3085 3147 coluerunt
3123 3092 3276 3160 fana,
3312 3093 3387 3148 ibi
3418 3092 3629 3149 Christi
3663 3094 3801 3165 tige-

2103 3186 2307 3234 rentur
2337 3192 2475 3246 ara,
2512 3179 2875 3249 erigerentur
2904 3179 3138 3247 vexilla,
3163 3188 3339 3251 atque
3366 3182 3801 3237 celebrarentur

2101 3265 2393 3336 mysteria,
2427 3266 2680 3322 obtinuit
2711 3268 2833 3323 suis
2872 3268 3138 3337 precibus
3163 3283 3197 3323 a
3241 3268 3595 3325 sublimitate
3628 3269 3793 3339 regis,

2100 3360 2165 3410 ut
2199 3368 2299 3423 per
2344 3355 2540 3424 scripti
2578 3355 2803 3420 seriem,
2854 3356 3248 3412 habitaculum
3282 3358 3394 3414 Deo
3425 3357 3796 3412 militantium

2099 3441 2425 3511 perenniter
2445 3442 2806 3513 delegaretur
2839 3458 2854 3511 ;
2886 3459 3002 3513 quo
3022 3444 3301 3501 adversus
3325 3459 3522 3501 aereas
3546 3453 3797 3515 potesta-

2097 3537 2193 3594 tes,
2227 3531 2285 3586 Β.
2352 3530 2709 3588 Columbano
2752 3533 3107 3599 instituente,
3164 3534 3507 3590 dimicarent
3554 3533 3794 3603 superni

2097 3619 2250 3688 regis
2297 3626 2545 3688 tyrones,
2601 3633 2774 3690 quos,
2793 3620 3027 3676 demum
3076 3625 3201 3691 post
3240 3623 3467 3678 diversa
3522 3621 3799 3678 exercitia

2096 3707 2404 3773 virtutum,
2440 3715 2503 3763 ut
2550 3708 2815 3764 robustos
2846 3708 3147 3765 bellatores
3186 3710 3292 3766 lux
3326 3717 3606 3780 perpetua
3637 3709 3798 3766 Chri-

2093 3803 2178 3851 sto
2251 3809 2383 3851 cum
2456 3796 2646 3866 palma
2719 3797 2915 3868 gloria
2966 3812 3073 3855 suo
3133 3798 3471 3869 conspicuos
3530 3798 3797 3854 redderet

2093 3883 2377 3953 paradiso.

2168 3972 2265 4040 (³³)
2330 3972 2463 4027 Isto.
2524 3971 2790 4037 Quadam
2845 3972 3022 4027 etiam
3047 3973 3109 4028 in
3154 3972 3451 4029 Nemtria.
3501 3973 3796 4029 Nimirum

2092 4059 2388 4128 Beccense,
2446 4059 2799 4117 Cadomense
2853 4064 2910 4117 8.
2962 4062 3256 4133 Stephani,
3297 4062 3565 4135 Sagiense
3597 4062 3796 4118 Sancti

2094 4147 2341 4215 Martini,
2420 4154 2526 4203 etc.
2612 4149 2765 4218 (qua
2824 4150 2935 4205 illis
3008 4152 3364 4224 temporibus
3419 4159 3798 4221 sumpserunt

288 4223 577 4281 substitui.
639 4226 817 4298 Magis
855 4236 1045 4285 tamen
1095 4231 1445 4299 mirandum,
1502 4234 1788 4302 quomodo
1823 4216 1982 4305 prin-
2025 4216 2275 4304 Dinitia)
2304 4243 2359 4291 et
2408 4216 2876 4293 SanctiEbrulli
2935 4216 3340 4309 Gemeticense,
3395 4216 3586 4296 Sancti
3632 4239 3796 4295 Van-

288 4310 441 4382 cipes
517 4313 823 4370 Christiani
910 4331 1011 4385 pro
1061 4326 1173 4373 tam
1252 4319 1486 4380 scelesta
1561 4322 1801 4377 materia
1868 4337 1982 4379 non

287 4409 563 4458 verentur
613 4417 785 4460 aures
840 4407 1050 4462 summi
1100 4408 1388 4476 pontificis
1417 4422 1519 4477 per
1546 4409 1907 4479 importunas
1926 4420 1982 4468 et

287 4491 358 4560 (si
390 4491 474 4548 fas
500 4499 585 4548 est
630 4492 836 4562 dicere)
888 4494 1218 4551 inhonestas
1255 4509 1468 4551 vexare
1501 4510 1710 4566 preces,
1745 4498 1983 4555 mirabi-

284 4579 511 4651 liusque
584 4582 736 4651 quod
791 4583 905 4651 ipse
952 4598 1214 4639 summus
1259 4583 1587 4652 reipublica
1642 4586 1980 4645 Christiana

285 4667 607 4733 hierarcha,
639 4677 694 4724 et
724 4670 826 4739 qui
870 4671 1019 4726 vices
1075 4671 1222 4740 gerit
1274 4670 1575 4742 justissimi
1601 4673 1813 4743 judicis
1844 4676 1979 4733 Iesu

281 4754 491 4811 Christi
541 4756 753 4813 talibus
801 4758 997 4828 inique
1048 4758 1365 4826 postulatis,
1419 4768 1621 4817 contra
1673 4777 1840 4819 omne
1871 4764 2000 4833 fas,.

276 4842 393 4912 jus,
426 4850 481 4899 et
539 4843 817 4899 rationem
871 4845 1192 4901 naturalem
1254 4853 1308 4903 et
1338 4847 1639 4916 positivam
1675 4862 1973 4908 assensum

278 4930 511 5000 prabet,
546 4951 566 4978 ι
601 4938 706 4986 etc.
744 4931 1031 4988 Hactenus
1082 4933 1278 4990 doctor
1335 4934 1427 4991 ille
1466 4935 1566 4991 Dei
1612 4937 1977 4995 aemulatione

277 5025 625 5075 exastuans.

349 5107 438 5178 (³⁸)
492 5107 625 5164 CAP.
683 5106 824 5164 VIII.
876 5137 944 5149 —
1001 5108 1311 5165 Luzovium
1353 5109 1420 5165 in
1464 5109 1679 5167 Gallia.
1730 5113 1809 5168 De
1855 5128 1974 5184 quo

274 5196 447 5251 Jonas
496 5195 640 5252 Vita
679 5196 732 5252 S.
781 5196 1123 5253 Columbani
1170 5212 1296 5268 cap.
1335 5200 1443 5253 l0:
1493 5198 1724 5255 Celebre
1775 5215 1972 5256 mona-

276 5282 515 5341 sterium
562 5285 922 5344 Lnxoviense
968 5290 1145 5346 veluti
1192 5292 1438 5361 paradisi
1488 5291 1615 5347 fons
1662 5300 1835 5348 totam
1866 5308 1974 5350 sua

279 5373 500 5440 pietate,
545 5375 841 5444 religione,
898 5377 1160 5434 doctrina
1218 5379 1462 5437 Galliam
1515 5380 1796 5452 irrigavit.
1829 5380 1971 5438 San-

276 5467 405 5516 ctus
435 5462 747 5520 Audoenus
779 5466 924 5521 Vita
961 5467 1016 5523 S.
1052 5468 1221 5539 Eligii
1250 5483 1375 5538 cap.
1408 5471 1498 5536 2i,
1538 5468 1634 5525 lib.
1662 5485 1696 5525 ι.
1736 5493 1756 5517 ι
1788 5471 1972 5527 Nimis

2090 4321 2378 4393 dregesili,
2408 4331 2540 4390 etc.,
2594 4325 2946 4393 postliminio
2974 4327 3046 4382 ad
3079 4327 3383 4397 pristinum
3428 4326 3799 4396 splendorem

2090 4418 2374 4479 revocata,
2428 4420 2486 4468 et
2540 4411 2654 4468 alia
2698 4414 3152 4484 quamplurima,
3194 4429 3326 4485 qua
3367 4416 3422 4469 in
3454 4414 3687 4471 Roberti
3721 4414 3797 4469 de

2089 4498 2278 4555 Monte
2304 4507 2553 4555 tractatu
2604 4501 2683 4557 De
2742 4502 3137 4559 immutatione
3186 4502 3308 4559 0rd.
3347 4503 3793 4559 monachorum.

2086 4593 2216 4653 etc.,
2276 4596 2717 4644 enumerantur.
2767 4589 2907 4646 Vide
2968 4598 3095 4660 post
3141 4591 3531 4661 Appendicem
3561 4604 3593 4645 a
3623 4590 3798 4645 nobis

2085 4674 2318 4731 editam.
2407 4674 2731 4732 Cbronicon
2802 4677 3078 4733 Beccense
3138 4679 3395 4734 meminit
3444 4678 3795 4745 earumdem

2085 4764 2517 4829 canobiorum;
2595 4764 2847 4823 Orderic.
2945 4766 3116 4822 Vital.
3216 4766 3426 4823 Histor.
3498 4766 3593 4822 lib.
3686 4766 3793 4833 Ill,

2086 4865 2217 4923 pag.
2246 4855 2368 4907 461.

2156 4942 2241 5010 (⁸³)
2302 4942 2437 4996 Isto.
2484 4970 2555 4983 —
2612 4943 2832 4998 Sancta
2886 4941 3334 4998 conversationis
3372 4942 3608 5012 reﬂ-irit
3640 4942 3794 4998 cha-

2081 5028 2248 5096 rilas,
2274 5032 2327 5085 et
2359 5045 2554 5084 rerum
2608 5030 2906 5101 epulantia
2947 5031 3226 5102 quasdam
3274 5030 3637 5104 postmodum
3659 5048 3793 5085 sen-

2079 5116 2192 5172 sim
2234 5116 2482 5173 deseruit
2532 5117 2822 5173 ecclesias.
2869 5120 3094 5177 Merum
3150 5134 3287 5191 ergo
3321 5121 3665 5191 perversitas
3708 5122 3792 5191 gi-

2082 5205 2205 5277 gnit
2279 5214 2610 5276 egestatem,
2694 5208 2753 5263 in
2810 5208 3206 5264 ecclesiasticis
3262 5209 3513 5264 maxime
3584 5210 3787 5277 viris;

2080 5303 2283 5351 contra
2336 5308 2470 5350 vero
2522 5295 2857 5352 facultatum
2908 5297 3247 5366 productrix
3307 5299 3492 5353 virtus
3536 5306 3643 5352 est.
3688 5297 3793 5352 Ec-

2078 5383 2427 5440 clesiasticus
2496 5384 2677 5453 capite
2727 5398 2852 5448 xm,
2885 5387 2973 5440 30.
3012 5408 3034 5435 ι
3088 5387 3242 5441 Bona
3289 5393 3376 5442 est
3433 5385 3787 5465 substantia,

2077 5472 2172 5528 cui
2203 5486 2316 5528 non
2374 5479 2483 5527 est-
2510 5480 2804 5543 peccatum
2838 5474 2896 5529 in
2928 5474 3296 5542 conscientia,
3322 5478 3379 5531 et
3424 5472 3791 5544 nequissima

3682 230 3821 283 1052
3900 270 3901 275 η
