3932 6084
177 253 310 307 1053

1432 250 1651 310 DOMNI
1693 249 1750 305 L.
1796 246 2137 305 D’ACHERY
2175 246 2401 303 NOTAE.

3534 239 3673 297 1054

174 393 477 457 paupertas
501 387 561 443 in
588 400 684 443 ore
715 386 893 457 impii.
926 409 955 437 ››
984 387 1069 443 Ad
1101 387 1222 444 hac
1250 387 1429 444 verba
1456 387 1697 444 Strabus
1730 385 1862 441 Ful-
1900 386 1948 438 Α
1976 391 2190 449 scatur,
2252 397 2356 439 nos
2414 383 2561 457 ipsos
2619 379 3079 439 remuneratione
3128 378 3300 436 etiam
3358 376 3671 446 temporali

174 476 362 533 densis
393 475 581 547 glossa
610 474 905 532 ordinaria
945 496 956 530 :
994 498 1015 526 ι
1053 475 1277 531 Divitia
1299 475 1508 531 habita
1533 475 1685 546 juste
1735 480 1872 529 sunt

174 564 415 622 materia
450 564 783 620 exercenda
827 563 1058 619 virtutis
1105 578 1204 633 per
1248 577 1419 633 opera
1470 562 1871 618 misericordia

175 660 230 708 et
257 652 630 708 liberalitatis.
673 673 693 699 ι
730 652 832 706 Cni
876 651 1232 707 simillimum
1263 658 1344 706 est
1380 651 1519 706 illud
1552 650 1697 706 beati
1731 654 1871 705 Am—

178 740 349 796 brosii
380 739 638 795 effatum.
685 757 710 791 ι
755 739 973 794 Divitia
1018 747 1081 794 ut
1123 738 1531 808 impedimenta
1576 736 1867 807 improbis,

178 829 258 884 ita
283 828 445 883 bonis
476 835 611 883 sunt
642 827 979 898 adjumenta
1016 827 1267 893 virtutis,
1306 846 1334 877 ι
1375 826 1445 882 ad
1486 840 1612 896 cap.
1649 840 1792 881 xvni
1816 832 1872 881 et

174 928 291 969 XIX.
334 913 470 969 Luc.
507 913 604 968 lib.
632 927 751 968 vm.
784 911 935 978 Quin
960 912 1226 967 Juvenal.
1260 911 1441 982 Satyr.
1474 913 1504 966 3
1533 927 1546 967 :

312 1008 425 1062 Nil
451 1009 620 1063 habet
646 1008 856 1075 infelix
882 1012 1198 1079 paupertas
1226 1008 1284 1062 in
1315 1026 1397 1069 se,

316 1081 501 1145 Quam
528 1079 677 1150 quod
700 1079 979 1153 ridiculos
1004 1078 1260 1134 homines
1274 1079 1444 1146 facit.

173 1177 240 1231 Et
291 1175 629 1231 Guillelmus
685 1175 1067 1231 Flaviacensis
1104 1177 1280 1232 abbas
1329 1177 1425 1248 (de
1455 1191 1571 1248 quo
1614 1176 1762 1232 infra
1811 1175 1869 1231 in

172 1261 507 1332 compendio
548 1262 688 1317 Hist.
732 1262 990 1333 ejusdem
1030 1262 1296 1333 canobii)
1337 1263 1638 1320 consulens
1678 1264 1869 1334 proba

171 1358 226 1408 et
253 1351 534 1407 constanti
565 1350 978 1407 monachorum
1027 1351 1472 1419 conversationi,
1514 1351 1634 1408 ait:
1673 1374 1693 1401 ι
1730 1352 1870 1422 Ege-

172 1445 290 1494 stas
331 1438 484 1494 enim
536 1438 875 1505 murmuris,
922 1446 976 1494 et
1025 1439 1411 1508 impatientia,
1474 1446 1647 1510 atque
1695 1438 1867 1495 etiam

171 1525 501 1593 cupiditatis
528 1540 953 1597 nonnunquam
1004 1534 1087 1582 est
1117 1527 1358 1582 occasio.
1397 1549 1418 1575 ι

242 1617 429 1685 Atque
459 1614 600 1670 adeo
632 1614 786 1670 haud
819 1614 1101 1670 bonorum
1136 1614 1537 1684 temporalium
1574 1614 1869 1685 opulentia

171 1701 523 1758 Benedictini
549 1701 767 1758 ordinis
812 1702 1104 1771 perniciei,
1136 1703 1291 1772 quod
1320 1702 1637 1773 obgannire
1687 1703 1870 1759 solent

173 1788 432 1859 gurgites
482 1787 565 1843 illi
616 1796 670 1845 et
722 1787 1015 1845 helluones
1068 1803 1263 1846 rerum
1323 1790 1437 1845 Deo
1485 1798 1865 1858 sacratarum,

172 1889 351 1931 causa
378 1875 614 1944 exstitit,
664 1876 778 1932 imo
808 1890 843 1931 a
880 1884 1079 1933 sancta
1112 1877 1543 1932 conversatione
1581 1877 1866 1948 deviatio;

174 1963 349 2020 simul
399 1964 553 2020 enim
593 1972 767 2033 atque
806 1964 1149 2034 panitentia
1195 1965 1418 2035 pertasi
1455 1964 1673 2033 decepti
1723 1966 1870 2021 deli-

174 2052 297 2119 ciis,
327 2060 452 2121 post
494 2051 985 2122 concupiscentias
1022 2067 1159 2109 suas
1196 2051 1313 2108 fere
1356 2053 1642 2120 monachi,
1682 2068 1867 2109 sacu-

172 2139 530 2209 laribusqne,
588 2140 845 2196 solitaria
889 2147 944 2196 et
990 2148 1150 2195 arcta
1204 2141 1299 2194 via
1348 2141 1691 2210 posthabita,
1753 2156 1871 2198 sese

173 2227 328 2284 ultro
377 2227 737 2283 immiscuere
780 2228 1039 2298 negotiis,
1083 2246 1110 2279 «
1154 2235 1367 2284 sancta
1420 2229 1871 2285 conversationis

173 2313 400 2371 refrixit
439 2314 723 2380 charitas;
762 2336 783 2364 ι
816 2323 871 2370 et
918 2316 1195 2386 corrupti,
1236 2322 1412 2385 atque
1459 2316 1872 2374 abominabiles

172 2402 305 2459 facti
331 2410 696 2459 evanuerunt
720 2404 776 2458 in
802 2402 1246 2474 cogitationibus
1270 2403 1410 2472 suis,
1442 2419 1692 2475 quaque
1712 2405 1871 2475 prius

176 2507 292 2548 non
326 2492 432 2547 sibi
464 2499 689 2548 tantum
734 2491 805 2546 ad
848 2492 1061 2548 victum
1105 2499 1161 2547 et
1202 2493 1468 2548 vestitum
1512 2493 1717 2550 collata
1745 2494 1867 2551 fue-

173 2588 328 2641 rant.
374 2581 471 2636 sed
520 2588 575 2636 et
621 2580 691 2635 ad
737 2579 1003 2652 gloriam,
1039 2595 1157 2651 quo
1199 2595 1315 2636 non
1359 2596 1523 2638 secus
1560 2596 1627 2638 ac
1655 2582 1868 2638 domini

172 2674 316 2724 SSI
388 2676 664 2738 potentes,
732 2675 787 2723 et
852 2668 1138 2738 principes
1209 2668 1438 2734 terreni,
1500 2684 1569 2725 ea
1632 2672 1866 2726 cateris.

172 2758 370 2828 egenis
419 2756 722 2826 pracipue,
773 2755 992 2812 affatim
1045 2764 1369 2827 erogarent,
1414 2771 1579 2814 versa
1631 2766 1769 2814 sunt
1812 2760 1869 2814 in

173 2858 461 2901 venenum
491 2853 546 2900 et
571 2845 967 2927 opprobrium,
1000 2853 1400 2915 veneruntque
1429 2846 1599 2902 alieni
1632 2856 1686 2902 et
1715 2862 1871 2903 com-

172 2933 416 2990 ederunt
482 2933 663 2989 robur
729 2948 949 2989 eorum.
1013 2934 1080 2989 Ut
1138 2934 1340 2989 merito
1403 2949 1537 2990 cum
1605 2936 1869 3003 Jeremia,

176 3020 388 3075 Thren.
434 3036 490 3085 v,
536 3022 588 3087 2,
633 3022 685 3086 3,
719 3023 771 3083 7,
810 3018 1069 3075 cecinere
1106 3018 1459 3074 debeamus:
1499 3041 1525 3067 ‹‹
1560 3021 1873 3078 Hareditas

176 3114 373 3164 nostra
403 3121 570 3163 versa
597 3110 680 3163 est
709 3108 780 3163 ad
811 3106 1044 3174 alienos,
1088 3107 1293 3162 domus
1332 3115 1539 3165 nostra
1572 3109 1642 3165 ad
1671 3118 1872 3166 extra-

176 3211 335 3253 neos.
377 3197 583 3266 Pupilli
625 3196 753 3252 facti
794 3211 995 3255 sumus
1033 3196 1254 3266 absque
1298 3204 1476 3266 patre.
1521 3206 1730 3256 matres
1767 3215 1873 3256 no-

175 3291 312 3340 stra
337 3285 505 3355 quasi
536 3284 745 3340 Vidua.
780 3285 974 3341 Patres
1006 3286 1184 3341 nostri
1219 3295 1622 3354 peccaverunt,
1662 3296 1715 3343 et
1757 3303 1871 3344 non

175 3380 353 3439 sunt;
386 3381 439 3427 et
479 3387 581 3427 nos
611 3372 942 3442 iniquitates
968 3386 1168 3429 eorum
1194 3374 1573 3442 portavimus.
1616 3393 1645 3426 ››

248 3459 463 3516 Verum
505 3460 602 3516 ubi
652 3461 801 3528 viget
846 3461 1132 3531 regularis
1182 3462 1574 3530 observantia,
1616 3477 1689 3518 ex
1741 3478 1871 3520 sen-

174 3547 356 3604 tentia
382 3547 633 3603 afflnunt
660 3548 960 3618 universa;
989 3549 1143 3618 quod
1167 3549 1341 3618 probe
1379 3550 1678 3607 adnotavit
1707 3551 1872 3621 Hngo

176 3636 627 3692 Flaviniacensis
671 3637 727 3691 in
773 3636 1054 3693 Chronico
1116 3637 1373 3693 nondum
1421 3637 1591 3704 edito,
1643 3638 1714 3693 ad
1774 3653 1869 3695 an.

179 3727 341 3789 1078,
389 3732 547 3795 gesta
596 3725 875 3780 exhibens
908 3724 1135 3781 abbatis
1177 3725 1560 3795 Divionensis,
1605 3726 1657 3782 S.
1711 3727 1871 3784 Guil-

177 3811 353 3878 lelmi,
407 3813 513 3884 qui
565 3820 753 3882 postea
814 3812 1151 3869 Fiscanense
1201 3813 1350 3868 rexit
1408 3815 1868 3870 monasterium:

184 3923 205 3949 ι
264 3899 513 3955 Noverat
569 3899 709 3971 quia
761 3915 893 3956 cum
951 3910 1227 3957 cresceret
1280 3901 1522 3957 interius
1578 3902 1872 3973 religionis

176 3988 457 4052 studium,
533 3988 835 4043 exterioris
915 4002 1147 4059 quoque
1174 3988 1510 4044 substantia
1582 3990 1875 4046 accederet

177 4075 663 4145 supplementum.
698 4097 726 4123 »
759 4076 825 4131 Et
871 4075 943 4130 ad
977 4089 1073 4130 an.
1125 4078 1260 4129 1088
1293 4090 1305 4128 :
1346 4098 1366 4125 ι
1410 4076 1650 4146 Vigebat
1709 4078 1765 4132 in
1805 4092 1871 4134 eo

176 4163 368 4219 virtus
399 4163 715 4230 charitatis,
762 4178 893 4233 qua
932 4171 1091 4219 tanta
1132 4172 1273 4229 erat,
1329 4172 1390 4219 ut
1433 4178 1774 4235 quanquam
1807 4180 1872 4221 eo

1983 485 2379 537 remunerare;
2421 485 2554 527 cum
2599 476 2654 526 et
2699 468 2989 540 apostolici
3051 481 3210 537 reges
3259 474 3314 523 et
3360 465 3665 536 principes,

1981 560 2347 615 felicitatibus
2393 559 2657 615 Ecclesia
2700 555 3090 627 congratulari
3130 554 3384 621 delectet,
3414 564 3671 622 gemma-

1980 661 2111 702 rum
2145 647 2547 716 pretiosarnm,
2579 644 2711 700 auri
2739 651 2793 699 et
2822 641 3065 713 argenti,
3105 640 3409 711 palliorum
3439 647 3494 695 et
3524 638 3671 693 alio-

1979 750 2112 791 rum
2157 734 2669 790 ecclesiasticorum
2718 740 3187 787 ornamentorum
3218 726 3515 784 affluentia
3568 740 3671 782 ex-

1981 824 2113 878 inde
2158 823 2456 889 exuberet,
2523 830 2585 878 ut
2636 828 2784 876 recte
2836 819 3024 874 dicere
3081 818 3420 872 valeamus:
3486 815 3671 869 Vene-

1977 912 2114 964 runt
2141 906 2285 962 mihi
2311 906 2508 963 omnia
2532 906 2679 961 bona
2693 903 2921 975 pariter
2941 918 3077 958 cum
3093 901 3203 956 illa
3227 899 3389 971 (Sap.
3424 914 3523 966 vn,
3563 897 3665 965 11).

1976 997 2099 1064 Quo
2145 997 2538 1066 experimento
2589 994 2784 1065 gloria
2839 992 3051 1047 futura
3121 990 3241 1054 Dei,
3296 988 3503 1043 fratres
3560 1000 3672 1040 no-

1979 1095 2125 1141 stros
2162 1098 2518 1141 successores
2568 1091 2790 1138 nostros
2828 1080 3165 1136 obtestando
3208 1091 3307 1148 per
3350 1075 3447 1131 Dei
3499 1073 3671 1129 mise-

1981 1172 2307 1238 ricordiam,
2364 1179 2420 1227 et
2472 1169 2723 1226 terribile
2773 1169 2900 1239 ejus
2937 1166 3222 1237 judicium
3274 1163 3665 1219 sollicitemus.

1979 1278 2050 1317 ne
2098 1268 2352 1316 sanctam
2406 1257 2757 1328 religionem,
2809 1271 2941 1327 qua
2987 1263 3042 1311 et
3089 1253 3349 1310 homines
3393 1259 3449 1307 et
3489 1250 3672 1305 Deum

1978 1350 2261 1415 conciliat,
2319 1346 2612 1403 confracta
2675 1344 3010 1409 consolidat,
3072 1340 3292 1412 perdita
3356 1340 3666 1401 restaurat,

1980 1445 2373 1508 paupertatem
2447 1436 2682 1506 opimat,
2769 1441 3054 1503 tepescere
3111 1429 3458 1500 permittant,
3526 1421 3667 1493 quia

1979 1526 2128 1582 sicut
2178 1524 2511 1582 timentibus
2549 1522 2856 1579 Dominum
2899 1518 3041 1576 nihil
3088 1519 3263 1581 deest,
3304 1529 3418 1571 non
3458 1512 3670 1569 timen-

1979 1615 2134 1685 tibus
2177 1614 2348 1670 etiam
2393 1612 2627 1684 regibus
2676 1610 2889 1676 omnia,
2948 1607 3048 1677 ipsi
3095 1618 3331 1677 quoque
3368 1601 3475 1657 sibi
3525 1598 3665 1655 deﬁ-

1977 1704 2157 1759 ciunt.
2194 1724 2222 1752 »

2047 1790 2313 1847 Rationes
2353 1797 2544 1845 autem
2585 1785 2914 1847 assertionis
2957 1783 3206 1854 prafata
3262 1792 3400 1837 mea
3452 1772 3669 1833 submi-

1976 1876 2181 1933 nistrat
2237 1883 2471 1932 sanctus
2528 1873 2887 1939 Benedictus,
2932 1870 3213 1941 siquidem
3266 1867 3388 1937 ipse
3415 1876 3668 1931 evange-

1975 1965 2097 2022 lica
2130 1962 2487 2034 perfectionis
2525 1963 2897 2026 instaurator,
2940 1956 3473 2023 monachorumque
3504 1948 3670 2006 Occi-

1978 2052 2161 2108 dentis
2214 2051 2522 2115 institutor,
2574 2049 2858 2117 pracipne
2905 2043 3176 2110 decrevit,
3240 2054 3445 2108 nempe
3516 2042 3672 2091 ante-

1977 2152 2154 2209 quam
2186 2138 2583 2208 professionem
2624 2137 2836 2193 tirones
2872 2134 3155 2198 emittant,
3203 2137 3265 2185 ut
3294 2141 3367 2184 ex
3398 2123 3671 2181 omnibus

1977 2241 2109 2297 qua
2158 2226 2523 2297 possidebant
2570 2224 2647 2280 nil
2697 2224 2803 2280 sibi
2852 2227 3164 2287 reservent,
3219 2231 3343 2296 cap.
3393 2217 3479 2269 58.
3531 2213 3670 2267 Item

1976 2329 2102 2385 cap.
2157 2316 2440 2386 sequenti,
2500 2314 2569 2370 de
2636 2312 2764 2369 ﬁliis
2820 2324 2997 2382 agens
3046 2306 3346 2372 nobilium,
3406 2309 3671 2373 parentes

1978 2406 2314 2471 obtestatur,
2351 2425 2373 2452 ι
2408 2403 2746 2460 Promittant
2779 2401 2890 2456 sub
2926 2396 3308 2471 jurejurando
3340 2393 3481 2463 quia
3510 2403 3670 2445 nun—

1978 2507 2157 2564 quam
2209 2507 2311 2563 per
2356 2507 2434 2560 se,
2486 2500 2617 2558 etc.,
2666 2491 2796 2546 ﬁliis
2839 2489 3097 2545 tribuant
3145 2484 3500 2541 occasionem
3559 2478 3668 2533 ha-

1980 2580 2180 2649 bendi;
2217 2601 2244 2629 »
2278 2594 2401 2650 cap.
2445 2582 2534 2644 33,
2579 2578 2657 2633 nil
2697 2577 2993 2647 proprium
3041 2574 3250 2630 habere
3290 2568 3425 2626 sinit
3466 2579 3669 2623 mona-

1979 2670 2178 2738 chum,
2229 2691 2249 2718 ι
2292 2669 2486 2724 omnia
2524 2681 2659 2723 vero
2701 2665 3020 2722 necessaria
3068 2677 3102 2718 a
3141 2662 3307 2718 Patre
3342 2653 3668 2713 monasterii

1980 2771 2244 2829 sperare;
2276 2777 2304 2806 »
2336 2770 2458 2826 cap.
2495 2757 2563 2811 34
2597 2770 2611 2809 ;
2647 2775 2675 2804 ‹‹
2718 2753 3086 2809 Inﬁrmorum
3124 2762 3267 2806 cura
3297 2754 3429 2802 ante
3452 2742 3666 2808 omnia,

1977 2856 2033 2904 et
2060 2860 2236 2917 super
2262 2845 2458 2901 omnia
2495 2842 2822 2900 adhibenda
2858 2848 2963 2906 est,
3010 2848 3139 2905 etc.,
3186 2834 3450 2893 carnium
3505 2844 3667 2895 usus,

1911 2954 1951 3008 ο
1980 2944 2035 2992 et
2083 2935 2440 2999 balneorum,
2482 2952 2509 2981 »
2558 2939 2613 2987 et
2662 2927 2947 3000 quidquid
2999 2926 3242 2982 inﬁrmis
3281 2917 3669 2978 necessarium

1982 3025 2173 3084 fuerit.
2207 3022 2589 3087 concedatur;
2614 3033 2739 3089 cap.
2789 3020 2877 3082 39,
2925 3014 2995 3071 40
3029 3025 3084 3072 et
3127 3018 3213 3070 55.
3267 3012 3456 3068 Victus
3487 3016 3543 3064 et
3573 3021 3670 3062 ve-

1980 3115 2249 3171 stimenta
2307 3110 2773 3181 suppeditentur;
2831 3119 2955 3175 cap.
3013 3107 3079 3158 53
3129 3110 3183 3158 et
3226 3103 3338 3155 56:
3383 3120 3412 3149 «
3462 3096 3671 3154 Omnes

1981 3199 2449 3271 supervenientes
2508 3196 2757 3265 hospites
2818 3202 3097 3263 tanquam
3164 3188 3425 3245 Christus
3482 3181 3671 3271 susci-

1985 3270 2235 3359 piantur.
2271 3307 2298 3335 »
2348 3286 2419 3341 Et
2466 3284 2692 3339 tandem
2742 3296 2867 3351 cap.
2926 3283 3030 3335 66:
3064 3299 3091 3327 ‹‹
3152 3273 3559 3333 Monasterinm
3593 3270 3672 3325 ita

1982 3375 2149 3430 debet
2200 3372 2474 3438 construi,
2529 3378 2591 3426 ut
2637 3372 2830 3427 omnia
2875 3365 3213 3430 necessaria,
3263 3362 3318 3417 id
3361 3368 3447 3416 est
3493 3371 3667 3427 aqua,

1982 3464 2199 3525 hortus,
2235 3461 2564 3530 pistrinum,
2597 3459 2684 3515 vel
2718 3466 2871 3513 artes
2907 3457 3146 3511 diversa
3192 3453 3343 3508 intra
3375 3454 3670 3504 monaste-

1982 3550 2135 3605 rium
2186 3556 2585 3606 exerceantur.
2634 3555 2699 3602 ut
2748 3560 2862 3600 non
2915 3544 2987 3600 sit
3030 3540 3334 3598 necessitas
3377 3532 3673 3590 monachis

1985 3637 2234 3709 vagandi
2268 3637 2440 3702 foras,
2488 3635 2625 3705 quia
2669 3634 2903 3690 omnino
2942 3645 3057 3687 non
3106 3625 3336 3697 expedit
3366 3621 3674 3678 animabus

1981 3739 2202 3783 eorum.
2233 3743 2262 3777 ι)

2053 3811 2330 3882 Nunquid
2371 3811 2457 3867 his
2504 3825 2577 3867 ex
2624 3810 2762 3865 locis
2792 3806 3126 3863 'necessario
3165 3799 3551 3871 colligendum
3589 3803 3673 3852 est

1980 3900 2240 3958 canobia
2271 3914 2463 3956 rerum
2492 3899 2653 3968 copia
2685 3898 2802 3955 fore
2831 3895 3100 3961 dotanda,
3134 3898 3430 3963 quatenus
3456 3886 3526 3942 ad
3555 3900 3672 3941 un-

1982 4004 2154 4061 guem
2180 3989 2518 4045 observetur
2550 3986 2790 4057 regula?
2836 3984 3113 4039 nimirum
3155 3988 3216 4036 ut
3258 3978 3463 4039 victus,
3497 3974 3670 4030 vesti-

1984 4086 2194 4148 tusque
2225 4077 2542 4146 unicuique
2575 4075 2896 4142 tribuatur;
2931 4094 2957 4122 «
2991 4070 3242 4126 Inﬁrmis
3281 4067 3429 4123 sicut
3474 4075 3673 4120 revera

1985 4166 2227 4226 Christo.
2270 4167 2348 4221 ita
2385 4164 2702 4231 serviatur;
2738 4184 2767 4213 »
2811 4174 3091 4231 pauperes
3131 4170 3331 4214 omnes
3370 4151 3549 4225 (quod
3589 4166 3675 4206 so-

176 4264 351 4317 anno,
382 4251 607 4321 .ubiqne
646 4251 995 4321 tempestatis
1036 4251 1326 4315 violentia,
1372 4261 1613 4310 matura
1654 4262 1873 4324 segetes
1910 4247 1954 4300 ι)
1986 4256 2169 4311 lemne
2222 4268 2289 4309 ac
2329 4253 2658 4323 religiosum
2717 4251 2775 4306 in
2831 4248 3051 4316 ordine,
3110 4244 3393 4317 quamdiu
3452 4241 3673 4298 reditus

175 4339 237 4394 in
284 4339 475 4409 spicis,
526 4347 581 4395 et
641 4340 843 4395 vinum
895 4339 954 4394 in
1008 4340 1268 4405 racemis,
1327 4342 1521 4396 omnia
1565 4349 1868 4412 prostrata,

174 4434 231 4483 et
271 4441 506 4497 prorsus
543 4427 817 4483 damnata
853 4436 1060 4491 essent,
1114 4428 1195 4484 nil
1228 4437 1419 4484 tamen
1468 4430 1659 4484 minus
1714 4431 1872 4485 fieret

176 4514 239 4571 in
287 4515 580 4571 refectorio
627 4523 681 4571 et
727 4516 1106 4585 eleemosyna.
1159 4530 1291 4572 cum
1346 4517 1547 4572 fratres
1596 4526 1872 4572 centena-

177 4603 330 4658 rium
382 4602 499 4659 fere
540 4604 880 4659 excederent
922 4617 1253 4670 numerum,
1306 4624 1333 4654 υ
1371 4611 1476 4658 etc.
1535 4604 1660 4659 Huc
1696 4606 1871 4672 perti—

175 4699 315 4746 nent
345 4706 476 4761 qua
515 4692 586 4747 de
626 4706 684 4748 se
726 4690 894 4747 refert
933 4691 1213 4762 Sugerins
1264 4691 1320 4747 in
1369 4690 1645 4748 Ludovici
1674 4690 1866 4747 Grossi

178 4780 329 4846 Vita,
388 4787 525 4835 tom.
586 4780 659 4835 IV
728 4780 871 4835 Hist.
959 4780 1163 4835 Franc.
1232 4779 1477 4836 Andrea
1548 4779 1866 4843 Duchesne,

174 4883 305 4938 pag.
371 4869 493 4923 3H.
568 4889 596 4917 «
652 4867 921 4924 Ordinem
976 4876 1239 4923 sanctum
1300 4868 1462 4937 plene
1511 4866 1867 4930 reformavit,

173 4963 389 5011 sancta
444 4956 735 5025 religionis
765 4956 1118 5025 propositum
1148 4971 1265 5025 quo
1322 4955 1394 5010 ad
1453 4956 1630 5012 Deum
1682 4956 1872 5011 fruen-

173 5043 318 5099 dum
357 5043 710 5112 pervenitur.
762 5045 979 5114 absque
1036 5043 1304 5100 seandalo
1327 5047 1383 5099 et
1439 5043 1870 5113 perturbatione

174 5131 447 5197 fratrum,
504 5131 632 5188 licet
673 5147 786 5188 non
828 5133 1251 5200 consueverint,
1285 5132 1519 5202 paciﬁce
1550 5133 1865 5188 constituit.

175 5218 359 5289 Cujus
386 5219 703 5276 voluntatis
731 5219 942 5276 divina
972 5220 1305 5289 efﬁcaciam,
1349 5227 1524 5277 tanta
1567 5220 1864 5287 libertatis,

176 5307 341 5363 bona
394 5308 578 5376 fama,
647 5316 703 5364 et
761 5316 1001 5365 terrena
1068 5309 1370 5378 opulentia
1427 5310 1735 5365 subsecuta
1784 5316 1871 5365 est

174 5396 494 5466 afﬂuentia,
531 5397 792 5454 utetiam
833 5396 1350 5467 impresentiarum,
1381 5412 1497 5468 quo
1544 5397 1726 5468 magis
1758 5412 1869 5451 no-

173 5492 296 5541 stra
334 5486 617 5542 excitetur
662 5485 1127 5557 pnsillanimitas,
1179 5485 1602 5555 quodammodo
1648 5499 1867 5557 cogno-

1983 4342 2459 4399 monasteriorum
2514 4354 2548 4396 a
2594 4338 2971 4395 sacularibus
3013 4336 3154 4391 viris
3199 4332 3431 4390 minime
3472 4331 3673 4385 distra-

1983 4432 2290 4492 hebantur,
2323 4444 2546 4498 semper
2578 4427 2816 4493 exstitit)
2850 4425 3007 4480 velut
3056 4423 3320 4479 Christus
3364 4418 3671 4487 excipian-

1980 4526 2097 4585 tur,
2157 4517 2554 4581 sublevantur,
2611 4515 2861 4580 alantur,
2922 4512 3244 4567 vestiantnr
3310 4507 3404 4578 (de
3457 4505 3673 4574 quibus

1980 4620 2115 4661 mox
2158 4604 2347 4674 infra).
2409 4604 2765 4673 Quapropter
2813 4602 2865 4657 S.
2928 4598 3218 4656 Junianus
3276 4610 3309 4651 a
3362 4608 3493 4665 rege
3540 4592 3670 4647 Clo-

1980 4693 2126 4749 tario
2175 4694 2217 4758 I,
2275 4692 2446 4763 cujus
2505 4690 2869 4761 professionis
2932 4702 2999 4743 ac
3057 4686 3228 4742 studii
3276 4692 3441 4747 esset,
3486 4681 3673 4738 scisci-

1981 4790 2155 4849 tatus,
2196 4780 2276 4835 sic
2320 4778 2726 4849 conquerendo
2785 4775 3075 4846 respondit
3125 4789 3138 4828 :
3201 4794 3228 4821 ‹‹
3280 4773 3346 4829 Se
3389 4772 3497 4827 sub
3548 4784 3672 4825 mne

1982 4872 2198 4926 nastico
2227 4868 2428 4925 ordine
2458 4869 2634 4922 vitam
2656 4866 2894 4935 ldegere,
2932 4873 2987 4921 et
3027 4861 3320 4919 monachis
3364 4860 3670 4931 pralatum

1978 4968 2032 5015 et
2089 4957 2316 5015 beatiss.
2376 4954 2662 5012 Benedicti
2721 4957 2981 5010 instituta
3038 4966 3284 5017 servare,
3342 4950 3670 5021 regularem

1978 5047 2107 5118 ejus
2134 5047 2311 5103 vitam
2346 5046 2672 5107 observare.
2715 5044 2821 5100 nisi
2870 5044 3029 5114 quod
3072 5052 3304 5113 propter
3338 5038 3667 5111 angustiam

1980 5133 2086 5188 loci
2143 5148 2255 5189 non
2302 5148 2429 5190 eam
2484 5133 2805 5203 plenissime
2836 5133 3125 5187 custodire
3174 5145 3309 5187 cum
3345 5127 3467 5185 suis
3513 5126 3669 5181 vale-

1980 5228 2083 5276 ret.
2122 5242 2149 5271 »
2196 5222 2267 5277 Et
2302 5222 2502 5291 paucis
2550 5221 2902 5292 interjectis:
2949 5241 2977 5270 «
3027 5219 3249 5283 Quibus
3295 5216 3528 5281 auditis,
3568 5228 3670 5269 rex

1979 5310 2170 5365 statim
2211 5309 2335 5366 ait:
2389 5309 2445 5365 Si
2490 5324 2563 5366 ex
2606 5310 2816 5380 pradio
2847 5309 2965 5363 ﬁsci
3007 5307 3187 5364 nostri
3238 5305 3458 5375 aliquid
3505 5303 3670 5359 vobis

1980 5397 2235 5454 vicinum
2276 5405 2380 5463 est,
2408 5405 2463 5454 et
2491 5398 2597 5454 loci
2639 5398 3066 5468 opportunitate
3097 5408 3443 5466 congruum,
3477 5406 3666 5463 quan-

1981 5493 2100 5541 tum
2144 5493 2255 5541 tua
2301 5487 2589 5542 sanctitati
2630 5488 2833 5558 placet,
2875 5493 2929 5542 et
2963 5486 3086 5553 tibi,
3133 5484 3363 5553 tuisque
3406 5481 3669 5538 sufficere
