3922 6080
284 257 420 311 1055

1267 257 1363 311 AD
1400 257 1550 312 OPP.
1593 257 1759 314 VEN.
1804 257 2132 314 GUIBERTI
2170 258 2261 312 DE
2300 258 2692 314 NOVIGENTO

3643 256 3797 312 1056

280 387 472 455 possit,
526 395 640 444 tam
681 389 736 443 in
782 388 1050 444 exercitio
1092 389 1294 458 operis,
1334 402 1512 460 quam
1551 389 1720 444 etiam
1763 389 1820 444 in
1867 403 1964 458 pa-
2005 394 2044 446 A
2076 389 2382 460 implendo,
2417 392 2503 447 vel
2536 389 2648 446 alia
2679 389 2948 461 quaslibet
2987 389 3324 460 hujusmodi
3364 389 3513 445 bona
3542 389 3780 460 agendo

278 489 418 531 scua
463 477 856 546 jumentorum
904 485 960 532 et
1009 491 1280 546 pecorum
1335 480 1722 533 necessarium
1767 493 1965 535 conce-

279 564 486 629 dimus,
538 565 608 618 ad
665 580 804 620 usus
853 565 1112 620 videlicet
1156 579 1456 620 servorum
1499 566 1616 631 Dei,
1661 574 1829 621 etc.»
1880 565 1970 621 Sic

282 652 398 706 vita
438 666 613 706 manu
640 662 896 708 exarata.

349 740 439 809 (“)
477 741 607 795 lBID.
643 771 707 781 —
738 742 890 795 Bene
919 741 1398 808 conversaniium,
1432 749 1567 796 dum
1596 745 1650 796 et
1678 743 1804 814 ipse
1834 760 1971 798 ma-

276 844 452 882 nuum
500 829 668 884 labor
718 830 939 884 sorduit
970 831 1145 896 facla
1201 833 1281 884 es!
1335 831 1570 885 raritas.
1627 853 1653 879 ‹‹
1705 832 1970 887 Otiositas

278 916 429 970 enim
464 917 694 973 inimica
731 927 813 974 est
851 920 1055 974 animae
1090 934 1102 972 :
1135 926 1190 974 et
1237 919 1360 974 ideo
1405 920 1572 974 certis
1613 921 1971 989 temporibus

279 1004 543 1072 occupari
581 1004 784 1060 debent
823 1006 1026 1060 fratres
1068 1008 1122 1060 in
1168 1006 1359 1061 labore
1411 1021 1687 1062 manuum
1732 1027 1758 1057 ι)
1809 1007 1970 1062 docet

281 1091 333 1145 8.
372 1091 708 1147 Benedictus
748 1094 882 1163 Reg.
925 1108 1046 1162 cap.
1093 1095 1182 1147 48.
1232 1095 1366 1149 inde
1413 1093 1687 1161 inferunt,
1733 1095 1971 1151 volunt-

280 1193 392 1249 que
448 1179 708 1234 nonnulli
764 1182 1092 1246 monachos,
1149 1196 1264 1252 quo
1317 1184 1445 1236 vitae
1499 1183 1818 1238 necessaria
1878 1183 1967 1239 lu-

277 1272 534 1330 crentur,
597 1280 876 1321 manuum
937 1268 1113 1323 teneri
1174 1268 1386 1323 labore.
1446 1273 1512 1324 At
1570 1269 1971 1340 objurgatores

277 1351 623 1421 ejuscemodi
656 1355 903 1410 multum
945 1355 1309 1422 ballueinari,
1345 1357 1678 1427 duplicique
1711 1365 1966 1413 tantum-

281 1439 446 1494 modo
484 1439 552 1495 de
583 1454 757 1495 causa
791 1457 924 1497 suos
962 1444 1277 1513 astringere
1318 1443 1454 1498 huic
1492 1443 1646 1512 operi
1688 1443 1750 1497 B.
1787 1443 1971 1498 Bene-

278 1527 516 1595 dictum,
552 1530 857 1600 indigitant
891 1531 1177 1600 Rupertus
1208 1532 1405 1597 abbas,
1439 1534 1760 1602 Petrusque
1794 1533 1972 1589 Vene-

279 1611 498 1679 rabilis,
554 1620 614 1668 ut
653 1613 948 1684 segnitiem
1001 1615 1248 1686 fugiant,
1303 1615 1610 1671 sublevent
1653 1625 1968 1686 pauperta-

279 1706 414 1754 tem.
1371 1726 1380 1731 -

350 1787 512 1842 Prior
541 1788 736 1858 itaque
765 1790 860 1846 lib.
896 1805 974 1856 m,
1007 1791 1077 1846 ad
1111 1805 1232 1861 cap.
1269 1791 1408 1848 illud
1437 1791 1692 1862 Regule,
1727 1806 1849 1862 cap.
1892 1797 1910 1847 1
1956 1809 1969 1848 :

280 1893 309 1925 α
337 1875 581 1944 Capituli
614 1877 790 1948 hujus
820 1879 1031 1935 idcirco
1065 1879 1316 1946 memini,
1351 1894 1483 1934 cum
1533 1880 1601 1934 de
1655 1881 1971 1938 ministerio

278 1960 473 2017 altaris
521 1963 706 2019 dicere
750 1966 1164 2034 proposuerim,
1223 1980 1329 2021 cur
1386 1967 1717 2023 Benedictus
1767 1969 1828 2024 in
1877 1984 1973 2025 re—

281 2049 419 2120 gula
466 2050 606 2106 nihil
656 2052 1035 2122 ordinaverit;
1094 2053 1233 2124 quia
1299 2053 1555 2109 videlicet
1612 2055 1778 2111 hodie
1827 2072 1971 2113 non-

281 2139 472 2194 nullas
500 2139 725 2195 animas
755 2141 1082 2211 ignorantia
1122 2141 1212 2196 sui
1250 2142 1602 2214 negligentes
1641 2143 1773 2200 facit
1818 2144 1974 2202 illius

281 2225 523 2282 interna
602 2228 1068 2297 pulchritudinis,
1150 2237 1379 2299 propter
1452 2244 1626 2299 quam
1695 2236 1843 2284 58'!
1901 2231 1973 2286 ad

282 2314 429 2369 sacri
462 2315 660 2371 altaris
700 2317 954 2373 officium
1002 2326 1339 2373 meruerunt
1381 2318 1596 2373 ascisci.
1645 2318 1787 2373 Nam
1834 2319 1974 2389 quia

283 2403 546 2458 monachi
597 2413 750 2471 sunt,
800 2413 853 2460 et
900 2406 1103 2461 beatus
1152 2406 1495 2461 Benedictus
1544 2406 1841 2461 monachis
1887 2421 1974 2462 or-

280 2490 502 2547 dinavit
558 2507 703 2562 opus
763 2507 1069 2560 manuum,
1135 2489 1275 2564 pene
1329 2494 1756 2550 obliviscuntur
1815 2496 1970 2565 quod

279 2579 598 2636 sacerdotes
635 2590 789 2648 sunt,
839 2590 944 2637 etc.
995 2582 1396 2652 Relinquenda
1439 2582 1549 2638 illis
1587 2592 1734 2639 esset
1783 2593 1972 2640 nostro

277 2667 498 2724 silentio
541 2683 649 2724 sua
703 2670 961 2738 intentio,
1013 2671 1152 2741 quia
1198 2671 1395 2726 intenti
1461 2672 1613 2727 circa
1659 2687 1805 2741 opus
1851 2686 1972 2727 ma-

278 2771 484 2824 nuum,
532 2758 600 2813 de
645 2758 983 2827 quotidiana
1027 2759 1406 2814 celebratione
1453 2760 1780 2824 missarum,
1835 2774 1973 2830 par-

279 2859 418 2900 vum
465 2852 567 2901 aut
615 2846 730 2901 fere
789 2847 1016 2903 nullum
1065 2848 1265 2903 dicunt
1307 2847 1515 2903 habere
1564 2848 1818 2904 studium
1862 2848 1971 2904 nisi

277 2935 665 2991 sollicitarent.
704 2956 731 2984 ››
759 2936 904 2991 Tum
947 2951 1070 3006 cap.
1113 2941 1146 2990 2
1181 2953 1193 2991 :
1233 2958 1259 2986 «
1283 2937 1467 3007 Igitur
1497 2952 1860 3008 quaecunque
1891 2953 1968 3007 es,

279 3022 557 3078 oanima!
607 3038 738 3092 quae
782 3023 1102 3080 sollicitaris
1147 3039 1181 3079 a
1232 3024 1595 3080 dicentibus:
1641 3025 1761 3081 Non
1814 3035 1969 3094 potes

279 3110 371 3165 hic
417 3110 650 3177 salvari,
706 3110 846 3181 quia
887 3112 957 3167 de
1008 3111 1200 3168 labore
1247 3126 1528 3168 manuum
1571 3121 1802 3168 tuarum
1854 3129 1969 3169 non

283 3198 428 3253 vivis
461 3206 688 3267 propter
720 3207 773 3254 te
814 3200 919 3256 hoc
961 3214 994 3255 a
1034 3215 1122 3255 me
1161 3201 1376 3256 dictum
1420 3208 1558 3270 puta
1594 3216 1606 3254 :
1652 3201 1705 3257 Si
1740 3202 1971 3272 ignoras

278 3291 352 3347 te,
409 3298 442 3338 o
482 3285 871 3353 pulcherrima
909 3287 1060 3342 inter
1106 3288 1392 3353 mulieres,
1443 3289 1730 3358 egredere,
1771 3297 1825 3343 et
1875 3289 1969 3345 abi

280 3379 401 3440 post
449 3374 690 3445 vestigia
739 3389 1003 3446 gregum,
1045 3384 1099 3431 et
1145 3390 1311 3446 pasce
1351 3377 1544 3432 haedos
1578 3376 1749 3446 juxta
1790 3377 1973 3432 taber-

279 3460 489 3517 nacula
518 3471 834 3531 pastorum,
873 3485 893 3512 ι
917 3472 1026 3520 etc.
1061 3465 1130 3520 Et
1164 3465 1332 3531 infra,
1361 3478 1488 3534 cap.
1523 3465 1571 3520 4.
1599 3481 1612 3519 :
1642 3485 1670 3513 «
1703 3467 1779 3520 De
1802 3479 1971 3535 opere

280 3562 582 3619 manuum,
627 3565 744 3622 quo
788 3551 1038 3607 maxime
1079 3552 1266 3608 vietus
1314 3552 1657 3622 acquiritur,
1699 3554 1852 3623 quod
1887 3560 1972 3609 est

279 3649 464 3706 arare,
511 3640 816 3706 seminare,
870 3647 925 3695 et
984 3648 1213 3707 metere,
1274 3639 1587 3710 sylvasque
1657 3642 1968 3709 succidere,

281 3728 648 3797 perspicuum
691 3737 775 3785 est
814 3729 956 3799 quia
990 3743 1104 3783 non
1145 3735 1228 3784 est
1262 3728 1547 3784 Benedicti
1598 3737 1968 3798 przeceptum,

280 3815 373 3871 sed
435 3817 831 3872 tantummodo
891 3817 1252 3886 permissum,
1313 3817 1432 3872 sive
1487 3816 1773 3886 patientiae
1830 3817 1973 3872 sola-

280 3905 449 3971 tium,
508 3925 536 3954 »
589 3913 695 3961 etc.
767 3907 1019 3976 Denique
1105 3919 1230 3974 cap.
1298 3909 1328 3958 7
1397 3905 1691 3975 Exemplis
1766 3906 1970 3974 probat

281 3992 374 4048 SS.
407 3993 684 4064 Gregorii,
717 3993 924 4060 Mauri,
962 4001 1067 4049 etc.
1112 4014 1139 4042 α
1181 3993 1288 4060 Qui
1329 3993 1691 4049 monasteriis
1735 3994 1856 4048 suis
1895 4001 1974 4050 tot

279 4089 334 4137 et
367 4088 529 4136 tanta
567 4082 783 4152 praedia
830 4081 1227 4151 providerunt,
1272 4082 1360 4138 vel
1409 4089 1806 4152 susceperunt,
1855 4096 1970 4138 non

280 4168 400 4225 fore
426 4170 820 4225 necessitatem
863 4170 1158 4226 monachis
1195 4172 1409 4226 victum
1453 4169 1563 4226 sibi
1601 4183 1858 4239 quaerere
1903 4171 1972 4226 de

284 4258 482 4314 labore
529 4273 807 4314 manuum
849 4272 1112 4325 suarum,
1149 4267 1205 4314 et
1251 4271 1367 4314 non
1409 4259 1576 4330 argui
1623 4258 1730 4313 hoc
1771 4267 1974 4315 contra
2011 4251 2054 4304 Ι)

283 4347 340 4400 Β.
377 4346 660 4402 Benedicti
695 4347 885 4403 fecisse
914 4346 1267 4403 institutum.
1297 4367 1325 4395 ››

353 4435 612 4492 Secundo
646 4435 766 4491 loco
814 4437 1011 4492 Petrus
1057 4435 1147 4491 ille
1179 4434 1457 4490 Venerab.
1506 4432 1687 4490 abbas
1715 4434 1970 4491 Cluniae.

280 4522 733 4579 Cistertiensium
821 4522 1240 4592 objectionibus
1320 4521 1643 4591 respondet,
1736 4521 1832 4578 lib.
1920 4539 1971 4590 ι,

279 4612 443 4681 epist.
474 4613 582 4665 28:
628 4629 657 4662 ε
700 4611 1028 4677 Videamus,
1071 4610 1283 4680 inquit,
1330 4622 1444 4665 non
1476 4618 1698 4665 tantum
1733 4612 1874 4682 quid
1905 4611 1976 4667 de

281 4713 451 4769 opere
482 4702 777 4755 ‘manuum
825 4699 1025 4770 regula
1077 4697 1396 4768 praecipiat;
1440 4697 1536 4753 sed
1575 4697 1745 4754 etiam
1795 4713 1975 4769 quare

283 4787 421 4843 illud
476 4788 784 4857 praecipiat.
838 4786 1122 4853 Otiositas,
1174 4785 1274 4854 ait,
1323 4785 1555 4841 inimica
1611 4794 1695 4842 est
1742 4787 1969 4855 animae,

279 4885 334 4934 et
401 4877 524 4932 ideo
586 4877 755 4932 certis
829 4877 1184 4946 temporibus
1252 4877 1456 4934 debent
1523 4877 1794 4947 occupari
1851 4877 1973 4932 fra-

282 4973 414 5033 tres,
449 4984 477 5016 n
529 4972 635 5021 etc.
700 4964 911 5019 Deinde
966 4973 1088 5034 post
1147 4979 1332 5034 pauca
1389 5008 1401 5019 .
1452 4984 1480 5016 α
1532 4965 1583 5022 Si
1637 4965 1764 5021 aliis
1810 4965 1974 5021 bonis

281 5054 555 5125 operibus
593 5066 876 5123 occupare
920 5066 1145 5124 semper
1184 5055 1358 5111 totius
1397 5055 1506 5110 diei
1556 5055 1802 5123 spatium
1847 5068 1973 5108 mo-

283 5143 448 5198 nachi
496 5150 753 5212 possunt,
805 5155 937 5196 cum
985 5142 1056 5196 ad
1103 5143 1208 5197 hoc
1258 5149 1484 5198 tantum
1537 5155 1606 5196 ne
1650 5141 1809 5196 otiosi
1861 5141 1975 5196 sint

281 5231 509 5299 operari
551 5229 996 5300 praecipiantur;
1041 5245 1230 5286 nonne
1272 5230 1365 5286 illa
1395 5238 1626 5300 agentes
1664 5243 1699 5284 a
1748 5242 1972 5298 praeva-

283 5317 557 5372 ricatione
603 5319 817 5389 regula
875 5319 1112 5374 omnino
1161 5319 1331 5373 alieni
1380 5317 1756 5388 permanent?
1801 5317 1974 5372 Plane

284 5403 385 5472 ita,
436 5415 585 5461 certe
631 5406 749 5461 ita:
801 5407 994 5473 velint,
1051 5408 1230 5462 nolint
1274 5407 1611 5473 adversarii,
1661 5414 1768 5461 etc.
1823 5408 1973 5476 Ergo

285 5492 331 5546 si
387 5494 622 5561 orando,
689 5495 945 5565 legendo,
1006 5495 1316 5565 psallendo,
1395 5496 1657 5567 injuncta
1712 5495 1975 5567 religiose

2076 480 2304 534 animus
2354 486 2689 548 occupatur,
2739 478 2941 548 regula
2994 477 3234 546 perfecte
3281 485 3563 533 servatur.
3623 499 3645 524 ι
3716 478 3792 532 Et

2077 576 2200 636 post
2225 568 2339 622 alia
2369 569 2436 622 de
2466 577 2662 622 sancto
2693 567 2891 622 Mauro
2928 581 3123 636 agens,
3171 568 3414 636 ejusque
3457 567 3786 631 monachis,

2078 656 2196 711 hzec
2240 656 2520 710 subinfert
2551 671 2562 709 :
2598 678 2618 704 ι
2685 655 2752 711 Ut
2805 655 2940 724 quia
2994 655 3076 709 eis
3125 654 3246 709 sine
3299 654 3525 724 proprio
3577 655 3788 709 labore

2076 751 2284 799 cuncta
2326 744 2647 798 necessaria
2690 743 3157 812 suppeditabant,
3221 743 3428 797 omisso
3488 757 3791 797 manuum

2080 832 2289 899 labore,
2343 830 2744 900 spiritualibus
2804 830 3126 896 exercitati,
3181 831 3342 885 otiosi
3393 845 3506 884 non
3554 838 3787 898 essent;

2076 919 2274 988 sicque
2319 919 2425 974 sibi
2468 933 2651 987 nuper
2690 932 2723 972 a
2763 926 2960 973 sancto
3008 918 3309 972 Benedicto
3350 918 3614 972 traditam
3679 918 3796 972 Re-

2079 1007 2294 1075 gulam,
2333 1007 2478 1061 bona
2523 1021 2745 1076 semper
2781 1007 3092 1075 operando.
3136 1007 3346 1074 optime
3391 1015 3716 1060 servarent.
3760 1027 3786 1052 ι

2079 1095 2160 1148 Ita
2188 1095 2562 1159 Venerabilis,
2596 1095 2697 1164 qui
2729 1103 2942 1149 statuto
2974 1108 3078 1148 suo
3110 1096 3196 1159 38,
3228 1102 3289 1148 ut
3335 1094 3791 1158 monachorum,

2077 1195 2276 1237 eorum
2338 1182 2587 1237 maxime
2648 1183 2745 1252 qui
2807 1181 3064 1237 conversi
3132 1181 3426 1248 dicuntur,
3495 1181 3794 1236 desidiam

2078 1271 2436 1340 propelleret,
2471 1271 2718 1326 laborem
2748 1284 3025 1325 manuum
3058 1269 3320 1338 imperat.

2150 1362 2328 1422 Quam
2381 1360 2438 1414 in
2487 1373 2606 1414 rem
2639 1367 2874 1414 sanctus
2912 1359 3298 1427 Hieronymus
3328 1357 3397 1412 ad
3428 1358 3737 1413 Rusticum
3774 1373 3789 1411 :

2081 1466 2107 1498 (ι
2137 1448 2541 1518 Egyptiorum
2589 1447 2933 1502 monasteria
2981 1446 3139 1500 hunc
3187 1460 3399 1500 morem
3451 1453 3666 1512 tenent,
3719 1453 3792 1501 ut

2078 1536 2305 1590 nullum
2361 1535 2579 1604 absque
2627 1533 2813 1603 operis
2857 1533 3049 1588 labore
3105 1534 3441 1602 suscipiant,
3492 1546 3604 1586 non
3659 1537 3791 1584 tam

2081 1631 2307 1692 propter
2343 1624 2534 1678 vietus
2580 1622 2996 1683 necessitatem,
3047 1635 3224 1690 quam
3281 1629 3506 1690 propter
3565 1619 3792 1674 anima)

2079 1712 2344 1777 salutem,
2405 1725 2476 1767 ne
2536 1717 2782 1780 vagetur
2831 1709 3162 1778 perniciosis
3224 1708 3672 1779 cogitationibus
3730 1715 3794 1762 et

2079 1799 2263 1855 instar
2304 1799 2639 1854 fornicantis
2683 1797 2999 1854 Jerusalem
3053 1796 3212 1852 omni
3259 1796 3576 1851 transeunti
3616 1795 3794 1849 diva-

2082 1889 2220 1942 ricet
2250 1886 2418 1956 pedes
2447 1900 2597 1942 suos.
2637 1905 2658 1932 ι
2694 1883 2926 1939 Clericis
2967 1883 3144 1938 nimio
3180 1883 3293 1939 otio
3342 1897 3412 1938 ne
3443 1882 3783 1948 attinerent,

2081 1989 2149 2031 ac
2175 1982 2485 2044 torperent,
2526 1987 2691 2042 aeque
2729 1987 2795 2027 ac
2837 1972 3132 2027 monachis
3172 1971 3307 2026 olim
3359 1984 3643 2025 manuum
3696 1970 3792 2024 in-

2081 2063 2269 2119 dictus
2299 2063 2459 2119 labor
2489 2062 2600 2116 aS.
2646 2061 2932 2116 Clemente
2975 2061 3252 2126 Romano,
3296 2058 3483 2115 Const.
3541 2063 3587 2125 1,
3646 2072 3781 2128 cap.

2079 2154 2168 2219 76,
2211 2151 2412 2207 concil.
2464 2149 2734 2221 Carthag.
2789 2164 2863 2217 1v,
2910 2162 3038 2204 can.
3085 2151 3140 2203 51
3183 2157 3238 2204 et
3269 2149 3338 2201 52
3369 2163 3384 2217 ;
3421 2147 3472 2203 8.
3523 2149 3781 2217 August.

2081 2243 2133 2308 2,
2168 2248 2396 2295 retract.
2429 2242 2519 2304 21,
2545 2245 2599 2294 et
2627 2238 2772 2293 aliis.

2154 2326 2242 2399 (³⁵)
2271 2329 2406 2383 IBID.
2441 2357 2508 2368 —
2543 2328 2758 2381 Rerum
2783 2323 3103 2397 antiquitus
3131 2324 3406 2381 datarum
3434 2323 3790 2378 exuberante

2079 2414 2265 2487 copia.
2331 2415 2512 2482 Quam
2559 2415 2630 2470 ob
2683 2428 2913 2470 causam
2972 2413 3466 2469 Benedictinorum
3515 2412 3794 2467 cmnobia

2081 2504 2352 2559 maximis
2393 2503 2599 2573 opibus
2642 2502 2857 2558 fuerint
2903 2502 3125 2567 orbata,
3172 2501 3528 2557 ostendimus
3573 2513 3787 2569 supra.

2086 2593 2287 2648 Paucis
2334 2607 2492 2648 nunc
2524 2605 2643 2662 qua
2672 2592 2893 2646 ratione
2934 2591 2989 2645 in
3029 2597 3254 2644 tantum
3303 2588 3517 2644 divitiis
3546 2602 3796 2644 crevere

2081 2681 2408 2736 dicendum.
2461 2677 2713 2734 Diversis
2759 2676 3074 2732 attribuere
3119 2675 3298 2730 solent
3340 2674 3528 2730 causis
3569 2684 3796 2730 aucto-

2083 2784 2210 2825 res:
2253 2769 2347 2824 alii
2393 2782 2596 2838 regum
2654 2767 3053 2837 principumve
3088 2763 3395 2831 beneﬁciis,
3448 2763 3794 2832 opulentio-

2081 2859 2245 2914 ribus
2272 2858 2383 2913 illis
2412 2857 2528 2922 alii,
2571 2857 2670 2926 qui
2709 2855 3057 2911 monachum
3092 2855 3392 2910 induentes
3433 2854 3795 2909 monasterio

2011 2975 2052 3030 ρ
2084 2946 2295 3016 praedia
2329 2945 2628 3014 complura
2675 2944 3078 3014 acquirebant;
3131 2941 3397 2998 nonnulli
3439 2944 3793 3030 Ascetarum

2081 3032 2337 3104 diligenti
2374 3045 2439 3087 ac
2463 3031 2676 3088 sedulae
2710 3030 3224 3099 administrationi;
3259 3044 3374 3085 non
3421 3029 3582 3098 pauci
3639 3043 3796 3084 vero

2080 3120 2165 3186 iis,
2199 3120 2298 3189 qui
2351 3119 2632 3190 singulari
2657 3119 2915 3174 doctrina
2951 3119 3257 3183 ﬂorebant,
3292 3117 3516 3187 publice
3552 3116 3795 3171 scholas

2079 3209 2375 3278 tenebant;
2415 3208 2602 3264 caeteri
2648 3207 2877 3263 tandem
2926 3207 3163 3276 integra:
3212 3205 3646 3262 mundanorum
3695 3206 3793 3261 ab-

2079 3297 2368 3363 dicationi,
2425 3311 2492 3352 ac
2535 3295 2796 3365 perfectae
2835 3295 3253 3349 monachorum
3301 3293 3354 3348 8.
3418 3293 3635 3363 regula)
3682 3294 3788 3348 ob-

2079 3385 2389 3441 servationi
2438 3384 2615 3454 (quod
2669 3391 2724 3439 et
2780 3396 2814 3437 a
2873 3381 3038 3438 nobis
3095 3382 3364 3451 superius
3406 3381 3785 3436 observatum

2078 3469 2205 3540 est).
2263 3470 2335 3524 At
2405 3469 2759 3539 potissimum
2823 3467 3132 3523 solemnem
3191 3474 3364 3536 atque
3429 3465 3792 3536 religiosissi-

2082 3571 2235 3614 mam
2268 3557 2425 3612 illam
2455 3570 2587 3611 cum
2630 3555 2829 3611 ordine
2864 3562 3059 3610 natam
3092 3553 3586 3618 consuetudinem,
3625 3566 3790 3621 pau—

2082 3646 2317 3716 peribus
2393 3645 2819 3715 erogandarum
2905 3643 3179 3699 continuo
3253 3641 3785 3710 eleemosynarum,

2080 3734 2489 3805 hospitumque
2527 3732 3045 3801 suscipiendorum,
3074 3731 3247 3801 juxta
3280 3729 3494 3800 regula:
3527 3729 3795 3798 praescri-

2084 3831 2268 3893 ptum,
2339 3821 2694 3878 oceasionem
2745 3821 3029 3877 exstitisse
3089 3818 3229 3874 mihi
3281 3818 3654 3887 perspicuum
3691 3817 3798 3871 vi-

2081 3913 2248 3967 detur
2281 3926 2292 3965 :
2341 3910 2556 3981 quippe
2594 3917 2829 3965 sanctus
2870 3908 3210 3964 Benedictus
3251 3905 3559 3976 discipulos
3607 3905 3799 3961 haece

2082 4000 2340 4056 doctrina
2393 3998 2723 4053 imbuerat:
2780 4019 2799 4046 ε
2870 3997 3159 4066 Pauperes
3214 4008 3492 4059 recreare,
3552 3993 3800 4049 nudum

2083 4088 2309 4154 vestire,
2353 4094 2647 4142 mortuum
2694 4085 2954 4156 sepelire,
3011 4105 3037 4132 ν»
3086 4099 3204 4154 reg.
3269 4097 3396 4152 cap.
3451 4083 3512 4148 4;
3564 4082 3794 4137 instru.

2086 4177 2168 4242 14,
2225 4177 2310 4240 15,
2375 4176 2481 4228 16;
2544 4194 2570 4222 «
2625 4187 2824 4228 omnes
2880 4171 3131 4240 hospites
3179 4178 3457 4240 tanquam
3516 4169 3801 4226 Christus

2086 4263 2497 4333 suscipiantur,
2529 4269 2633 4317 etc.
2670 4261 2996 4329 Pauperum
3023 4267 3078 4314 et
3112 4259 3562 4329 peregrinorum'
3586 4258 3800 4312 maxi-

2087 4366 2174 4407 me
2212 4349 2494 4420 susceptio
2541 4349 2696 4405 omni
2744 4362 2886 4404 cura
2939 4346 3174 4403 sollicite
3224 4347 3584 4408 exhibeatur.
3645 4347 3800 4416 quia

2084 4440 2269 4511 magis
2301 4440 2357 4494 in
2399 4439 2478 4494 eis
2525 4437 2788 4493 Christus
2834 4435 3150 4506 suscipitur
3194 4457 3214 4484 ι
3267 4450 3392 4505 cap.
3443 4437 3529 4501 53,
3579 4447 3615 4488 a
3678 4449 3803 4490 ma-

2085 4529 2261 4600 gistro
2287 4528 2438 4583 enim
2470 4526 2731 4581 omnium
2764 4538 2830 4580 ac
2858 4524 3099 4580 Domino
3139 4523 3416 4578 didicerat
3459 4537 3469 4575 :
3498 4543 3526 4569 ‹‹
3557 4521 3711 4578 Date
3743 4531 3802 4579 et

2083 4617 2315 4672 dabitur
2361 4615 2541 4683 vobis,
2595 4636 2614 4662 ι
2666 4620 2773 4669 etc.
2821 4612 3160 4683 Sciebatque
3205 4611 3594 4682 experimento
3646 4609 3801 4666 illud

2083 4704 2188 4776 (uti
2244 4705 2438 4761 videre
2487 4710 2570 4758 est
2628 4701 2687 4757 in
2755 4700 2884 4772 ejus
2934 4701 3085 4767 Vita,
3146 4701 3366 4771 Dialog.
3437 4698 3490 4754 S.
3537 4698 3795 4769 Gmgor.

2084 4793 2182 4848 lib.
2216 4808 2275 4860 ιι,
2319 4807 2441 4863 cap.
2481 4793 2541 4845 21
2583 4798 2639 4846 et
2679 4789 2797 4858 29,)
2836 4811 2856 4837 ι
2914 4789 3230 4844 Feneratur
3264 4787 3501 4843 Domino
3533 4787 3639 4856 qui
3694 4789 3803 4842 mi-

2081 4889 2305 4938 seretur
2379 4880 2686 4952 pauperis;
2738 4886 2792 4934 et
2849 4877 3307 4933 vicissitudinem
3373 4875 3566 4932 reddet
3619 4876 3700 4930 ei.
3770 4896 3795 4923 ι

2083 4971 2271 5041 (Prov.
2301 4985 2422 5036 xxx,
2457 4967 2566 5038 l7.)

2154 5059 2340 5114 Solere
2372 5065 2561 5114 autem
2599 5056 2655 5110 in
2689 5054 3050 5110 monasteriis
3087 5066 3469 5124 quoscunque
3498 5065 3798 5122 pauperes

2083 5147 2268 5218 excipi
2327 5161 2393 5202 ac
2439 5145 2633 5210 solari,
2689 5156 2865 5213 supra
2913 5156 3222 5198 numerum
3272 5141 3594 5197 testimonia
3651 5155 3795 5196 cum

2083 5235 2196 5290 sint
2245 5234 2434 5302 obvia,
2485 5231 2745 5289 consulto
2795 5229 3199 5301 praeterimus:
3245 5243 3425 5285 unum
3468 5229 3795 5294 duntaxat,

2082 5333 2136 5380 et
2191 5325 2438 5380 alterum
2487 5337 2559 5378 ex
2610 5323 2852 5378 vetustis
2902 5320 3254 5376 membranis
3291 5319 3614 5374 eruendum
3686 5319 3796 5374 de—

2085 5413 2268 5468 lectat.
2321 5411 2725 5468 Nobilissimus
2755 5410 2932 5466 abbas
2976 5408 3028 5464 S.
3077 5407 3400 5462 Adalardus
3442 5407 3794 5462 Corbeiense

2084 5511 2288 5568 regens
2313 5495 2640 5552 coanobium
2677 5494 2873 5550 isthaac
2900 5492 3208 5548 ordinavit.
