3922 6080
132 262 262 317 1057

1373 259 1596 315 DOMNI
1639 260 1695 314 L.
1738 258 2083 316 D’ACHERY
2120 260 2342 318 NOTAE.

3481 268 3618 325 4058

199 414 224 440 «
271 391 689 448 Constituiinus
745 390 816 444 ad
878 389 1212 459 hospitalem
1265 404 1608 460 pauperum,
1666 405 1813 460 quo-
1850 395 1890 445 Α
1924 391 1976 445 id
2028 399 2112 447 est
2163 391 2220 446 in
2251 392 2464 459 vitulis,
2522 392 2581 447 in
2625 393 2981 461 vervecibus,
3034 394 3123 450 vel
3170 397 3438 454 omnibus
3487 414 3617 469 quae

130 478 262 534 tidie
318 479 454 534 dare
513 493 687 547 panes
765 477 834 532 de
887 477 1130 532 mistura
1204 477 1380 532 factos
1434 477 1818 548 quadraginta

129 568 401 636 quinque,
438 567 719 621 librarum
751 565 948 632 trium,
983 565 1327 632 etdimidiee,
1357 574 1411 621 et
1438 566 1505 620 de
1531 565 1820 621 frumento

127 657 216 712 vel
263 656 460 725 spelta,
497 669 670 724 panes
715 655 979 724 quinque
1008 654 1209 723 quales
1251 654 1457 709 vassali
1489 653 1817 722 accipiunt;

129 747 196 800 ut
243 745 378 799 fiant
423 741 594 798 simul
644 741 1093 813 quinquaginta.
1144 742 1252 812 Ipsi
1305 756 1440 797 vero
1490 755 1663 811 panes
1719 743 1820 797 isto

130 835 291 890 modo
339 833 684 902 partiantur,
732 840 797 886 ut
826 831 1126 886 duodecim
1161 844 1460 900 pauperes,
1493 831 1592 900 qui
1643 844 1819 900 supra

131 931 344 978 noctem
396 921 474 975 ibi
515 928 768 984 manent,
819 919 1106 989 accipiant
1150 919 1365 990 singuli
1415 919 1823 989 unusquisque

133 1025 332 1081 panem
381 1024 594 1078 suum;
644 1016 698 1064 et
738 1009 799 1063 in
841 1009 1158 1064 crastinum
1199 1008 1607 1077 unusquisque
1649 1007 1822 1062 dimi-

133 1101 286 1156 dium
335 1099 406 1154 ad
456 1098 751 1153 viaticum.
804 1095 1170 1166 Hospitalarii
1219 1104 1409 1151 autem
1458 1096 1534 1162 ii,
1592 1097 1692 1167 qui
1744 1097 1822 1151 ibi

133 1187 555 1249 deserviuntur,
597 1187 666 1241 de
695 1199 870 1254 supra
901 1185 1111 1254 scripto
1144 1199 1385 1240 numero
1414 1185 1824 1255 unusquisque

133 1291 334 1347 panem
368 1289 572 1331 unum.
605 1275 747 1331 Nam
793 1288 970 1344 panes
997 1274 1260 1343 quinque
1310 1273 1684 1329 frumentacei
1733 1273 1824 1329 de-

135 1366 265 1422 bent
295 1363 494 1433 partiri
525 1363 674 1418 inter
704 1363 1036 1432 peregrinos
1066 1359 1320 1426 clericos,
1352 1361 1454 1430 qui
1500 1365 1554 1415 in
1586 1361 1822 1417 refecto-

133 1453 282 1508 rium
311 1453 627 1519 ducuntur,
660 1451 731 1506 ad
767 1450 1064 1513 viaticum,
1096 1455 1150 1504 et
1177 1447 1436 1505 infirmos
1469 1451 1569 1519 qui
1601 1449 1678 1505 ibi
1701 1463 1826 1507 sus-

134 1546 443 1595 tentantur.

207 1629 390 1697 Ipsam
475 1635 663 1682 tamen
744 1623 1204 1680 distributionem
1281 1638 1494 1694 panum
1587 1624 1824 1680 arbitrio

133 1721 276 1770 583
324 1715 738 1771 committimus
782 1713 1157 1782 hospitalarii,
1192 1726 1257 1768 ea
1305 1713 1563 1769 videlicet
1609 1715 1826 1768 ratione

135 1812 198 1859 ut
241 1805 281 1858 si
318 1802 538 1858 venerit
588 1803 772 1872 major
821 1815 1104 1857 numerus
1146 1815 1489 1870 pauperum,
1524 1810 1626 1857 aut
1676 1802 1822 1872 plus.

135 1901 234 1949 aut
283 1892 496 1957 minus,
554 1891 897 1960 indigentes,
961 1889 1111 1945 sicut
1169 1896 1303 1944 sunt
1361 1890 1549 1944 inedia
1601 1889 1823 1956 defecti,

135 1989 233 2036 aut
299 1979 525 2050 pueruli
595 1977 848 2049 parvuli,
929 1979 1050 2048 ipse
1101 1978 1387 2033 discernat
1431 1979 1603 2048 juxta
1670 1978 1825 2048 quod

136 2075 370 2139 oportet.

215 2180 234 2206 α
287 2155 447 2223 Quod
497 2155 542 2210 si
593 2153 895 2223 contigerit
951 2153 1148 2223 aliquo
1199 2162 1446 2223 tempore
1493 2153 1685 2209 minus
1729 2168 1824 2210 ve-

133 2248 257 2303 nire
302 2257 604 2314 pauperes,
667 2242 785 2311 ipse
843 2241 1355 2311 hospitalariuS'et
1410 2243 1717 2312 magister,
1772 2250 1828 2299 et

134 2335 323 2392 senior
372 2330 660 2402 portarius
712 2329 770 2384 in
802 2332 1137 2385 memoriam
1160 2331 1501 2385 omnimodis
1555 2330 1824 2396 habeant,

136 2430 352 2496 quanto
383 2420 451 2475 de
497 2417 888 2488 suprascripto
935 2432 1177 2473 numero
1210 2425 1438 2487 propter
1481 2421 1825 2487 paucitatem

131 2509 487 2568 venientium
537 2506 728 2561 minus
757 2506 1143 2575 dispensatur,
1189 2513 1252 2560 ut
1286 2506 1492 2561 iterum
1524 2521 1654 2561 cum
1693 2507 1828 2576 plu-

135 2614 226 2657 res
255 2596 538 2662 venerint,
572 2594 725 2664 quod
759 2593 1033 2649 remansit
1063 2594 1442 2662 dispensetur.

210 2706 237 2738 α
263 2683 494 2742 Czeteris
542 2696 676 2737 vero
715 2681 1070 2751 pauperibus
1102 2681 1484 2747 venientibus,
1535 2688 1588 2737 et
1630 2681 1828 2737 eadem

138 2776 229 2832 die
277 2770 696 2837 recedentibus,
749 2770 888 2825 solet
943 2769 1068 2824 dari
1121 2769 1477 2839 quartarius,
1535 2769 1624 2825 vel
1681 2770 1829 2826 sicut

136 2863 412 2923 diximus,
443 2859 615 2929 juxta
646 2857 801 2929 quod
837 2857 1242 2926 hospitalarius
1273 2858 1587 2926 providerit
1619 2859 1673 2912 in
1705 2871 1827 2912 ma-

1928 477 2142 533 dantur
2167 479 2235 534 de
2264 479 2537 550 gregibus
2569 480 2834 548 portario,
2866 481 3036 535 etiam
3071 481 3126 535 in
3154 482 3409 538 caballis.

2002 586 2029 616 (ι
2063 567 2304 636 Insuper
2332 568 2721 637 disposuimus
2752 569 2888 624 dare
2925 568 3027 638 ipsi
3059 584 3236 640 supra
3275 586 3616 629 commemo-

1928 662 2051 710 rato
2084 655 2469 725 hospitalario,
2503 657 2572 711 de
2597 657 2753 712 omni
2796 666 3034 728 argento
3065 659 3348 728 quidquid
3382 661 3452 715 ad
3487 676 3618 731 por-

1928 750 2044 797 tam
2093 743 2326 811 venerit,
2371 745 2633 813 quintam
2688 752 2940 814 partem,
2996 760 3095 814 per
3128 760 3335 801 manus
3386 749 3616 816 portarii

1929 831 2185 898 senioris,
2220 832 2286 887 de
2316 847 2431 902 quo
2463 841 2699 903 argento
2732 833 2896 889 talem
2935 833 3221 889 voluimus
3270 834 3392 890 ﬁeri
3421 835 3619 891 distri-

1930 917 2245 987 butionem,
2308 929 2370 976 ut
2417 935 2531 976 non
2589 921 2780 977 minus
2828 921 3085 991 quotidie
3141 936 3315 991 quam
3366 931 3620 993 quatuor

1930 1006 2151 1062 denarii
2182 1008 2430 1078 dentur;
2479 1017 2534 1064 et
2560 1011 2606 1064 si
2639 1011 2828 1065 minor
2859 1010 3030 1065 fuerit
3065 1025 3358 1077 numerus,
3393 1012 3460 1066 de
3497 1011 3620 1082 ipsa

1931 1095 2135 1164 quinta
2164 1111 2341 1166 quam
2373 1098 2634 1153 sufﬁcere
2667 1099 2844 1167 possit
2877 1099 2946 1153 ad
2981 1099 3131 1153 hanc
3161 1100 3620 1156 distributionem

1932 1184 2327 1253 quotidianam
2379 1185 2715 1252 faciendam,
2769 1186 2945 1242 abbas
2975 1186 3023 1242 si
3069 1186 3193 1241 vult
3221 1187 3482 1256 suppleat
3523 1185 3622 1240 ali-

1932 1273 2117 1343 unde;
2151 1283 2205 1330 et
2233 1274 2280 1328 si
2313 1275 2464 1330 ultra
2494 1277 2754 1342 creverit,
2791 1290 2904 1330 non
2934 1276 3333 1332 subtrahatur.

2006 1383 2034 1412 «
2094 1361 2276 1432 Ligna
2335 1370 2526 1418 autem
2585 1364 2880 1432 provideat
2930 1365 3217 1434 portarius
3268 1364 3620 1433 pauperibus

1932 1450 2245 1506 secundum
2293 1452 2787 1519 consuetudinem,
2821 1452 2910 1507 vel
2957 1460 3160 1508 cmtera
3191 1467 3322 1523 quae
3355 1453 3445 1508 hic
3474 1453 3620 1508 scri-

1933 1548 2031 1610 pta
2062 1555 2174 1595 non
2222 1540 2524 1604 habentur,
2570 1540 2719 1596 sicut
2765 1549 2899 1595 sunt
2933 1541 3108 1610 panni
3161 1541 3213 1596 in
3250 1541 3485 1608 lectulis,
3531 1541 3620 1597 vel

1934 1643 2072 1684 vasa
2118 1638 2172 1684 et
2215 1636 2418 1684 cetera
2462 1643 2729 1697 quaeque.
2770 1629 2900 1684 Haec
2951 1630 3143 1683 omnia
3190 1643 3365 1697 supra
3410 1629 3624 1698 scripta

1934 1717 2002 1772 de
2035 1716 2122 1772 his
2155 1731 2286 1786 quae
2317 1717 2386 1772 ad
2433 1725 2653 1786 portam
2686 1718 2928 1772 veniunt
2959 1725 3187 1786 propter
3220 1717 3358 1771 illud
3391 1716 3625 1785 supple-

1934 1813 2192 1860 mentum
2241 1806 2485 1874 argenti,
2544 1807 2693 1861 sicut
2735 1819 2912 1875 supra
2955 1813 3467 1860 commemoratum
3517 1813 3621 1869 est,

1933 1893 2161 1948 dentur.

2006 1982 2305 2050 «Insuper
2347 1981 2588 2051 accipiat
2639 1980 3044 2050 hospitalarius
3093 1994 3126 2034 a
3174 1981 3487 2036 camerario
3527 1995 3624 2036 ve-

1931 2069 2220 2136 stimenta,
2247 2069 2331 2126 vel
2354 2071 2739 2125 calceamenta
2765 2070 3006 2124 fratrum
3037 2077 3245 2134 vetera,
3275 2069 3627 2138 pauperibus

1934 2158 2243 2213 tribuenda
2273 2159 2589 2214 secundum
2624 2157 3115 2213 consuetudinem.

2009 2270 2034 2292 ‹‹
2066 2246 2446 2302 Obsecramus
2479 2246 2656 2316 igitur
2701 2260 2896 2302 omnes
2922 2246 3137 2316 quibus
3161 2245 3464 2300 ordinandi
3498 2244 3627 2301 fue—

1935 2334 2009 2390 rit
2053 2334 2306 2390 ofﬁcium
2355 2333 2416 2388 in
2462 2333 2568 2389 hoc
2618 2334 2983 2400 monasterio,
3037 2342 3120 2401 ut,
3164 2335 3219 2388 in
3267 2332 3529 2404 largitate
3560 2347 3628 2388 ac

1934 2422 2356 2486 distributione,
2391 2423 2488 2477 Dei
2521 2422 2710 2491 potius
2740 2423 3036 2478 attendant
3066 2423 3421 2477 voluntatem
3449 2436 3626 2492 quam

1935 2519 2144 2566 nostrae
2189 2511 2480 2580 parcitatis
2524 2510 2870 2579 exemplum,
2916 2509 3189 2580 quoniam
3221 2509 3630 2581 unusquisque

1935 2606 2019 2653 est
2051 2613 2151 2668 pro
2184 2613 2245 2676 se,
2265 2599 2600 2654 redditurus
2630 2599 2929 2654 rationem.
2964 2617 2988 2650 ι

2007 2687 2194 2742 Habes
2222 2701 2357 2756 ergo
2386 2687 2562 2742 saucii
2607 2687 2876 2742 Adalardi
2922 2687 3380 2742 ardentissimam
3415 2687 3470 2742 in
3505 2702 3632 2757 pro-

1934 2775 2160 2831 ximum
2189 2775 2548 2839 charitatem,
2592 2788 2657 2829 ac
2691 2774 2954 2844 pietatem
2985 2775 3054 2829 ad
3097 2789 3375 2844 pauperes
3400 2782 3453 2830 et
3482 2775 3629 2830 afﬂi-

1936 2870 2113 2919 ctatos
2141 2863 2482 2933 {egritudine
2511 2863 2912 2929 sublevandos,
2966 2877 3098 2933 quas
3127 2871 3181 2918 et
3211 2876 3387 2932 quam
3435 2861 3632 2916 diutis-

129 2951 242 3022 jori
293 2948 380 3004 vel
422 2947 628 3002 minori
685 2961 926 3002 numero
960 2953 1062 3000 aut
1106 2945 1442 3001 necessitate
1484 2946 1824 3015 compedire,
1867 2977 1907 3032 ρ
1935 2953 2076 3008 sime
2132 2951 2188 3006 in
2237 2950 2556 3007 Corbeiensi
2625 2953 2966 3006 monasterio
3019 2951 3268 3022 (servata
3335 2964 3519 3020 usque
3558 2949 3629 3004 ad

133 3037 607 3108 companaticus,
661 3042 762 3090 aut
813 3034 1133 3090 secundum
1192 3033 1663 3090 consuetudinem
1724 3035 1828 3089 tri-

134 3128 375 3183 buatur.

212 3238 234 3265 ι
271 3216 349 3270 De
380 3219 515 3283 potu
546 3219 738 3268 autem
769 3211 939 3266 detur
978 3210 1233 3280 quotidie
1264 3209 1490 3266 modius
1537 3209 1828 3277 dimidius,

136 3306 191 3373 id
239 3311 322 3360 est
355 3301 589 3358 sextarii
640 3315 758 3366 vui,
809 3300 879 3354 de
927 3300 1143 3370 quibus
1194 3299 1539 3354 dividuntur
1582 3313 1701 3354 sex.
1751 3313 1828 3366 1v,

135 3394 288 3448 inter
318 3391 444 3446 illos
469 3405 547 3446 xu
597 3388 1034 3458 suprascriptos,
1070 3389 1148 3442 ita
1189 3394 1252 3442 ut
1297 3388 1702 3457 unusquisque
1729 3401 1830 3442 ac-

133 3481 312 3550 cipiat
360 3479 564 3536 calices
605 3479 770 3533 duos.
823 3477 910 3531 Ex
959 3476 1087 3531 aliis
1137 3489 1371 3545 quoque
1417 3483 1688 3544 quatuor,
1729 3489 1830 3530 sex

132 3570 350 3624 dantur
380 3567 616 3632 clericis,
666 3565 883 3636 quibus
915 3565 1080 3634 pedes
1124 3563 1399 3619 lavantur
1445 3577 1478 3616 a
1525 3563 1826 3629 fratribus,

132 3657 456 3726 unicuique
505 3655 655 3711 calix
688 3669 862 3720 unus,
911 3661 963 3708 et
996 3653 1330 3707 Wileranno
1379 3651 1640 3706 servitori
1680 3651 1831 3706 calix

132 3760 323 3814 unus;
356 3743 511 3814 quod
560 3742 856 3798 residuum
891 3739 1083 3804 fuerit,
1120 3739 1176 3794 in
1208 3738 1445 3794 arbitrio
1476 3737 1832 3806 hospitalarii

131 3833 546 3902 relinquimus,
583 3830 870 3900 quomodo
918 3828 1057 3883 illud
1091 3828 1212 3883 sive
1242 3827 1508 3889 inﬁrmis,
1557 3827 1678 3881 sive
1707 3825 1834 3881 aliis

132 3920 498 3992 pauperibus
544 3918 782 3973 dividat.
821 3917 900 3972 De
948 3916 1083 3972 vino
1127 3922 1320 3971 autem
1349 3914 1457 3970 erit
1505 3913 1565 3969 in
1594 3914 1832 3970 arbitrio

132 4009 366 4080 prioris.

211 4117 241 4148 α
286 4096 656 4151 lnﬁrmorum
705 4100 896 4149 autem
957 4091 1346 4147 necessitatem
1404 4090 1590 4146 senior
1638 4099 1834 4160 porta-

135 4187 266 4243 rius
315 4184 480 4240 debet
529 4182 702 4253 juxta
752 4180 1178 4251 possibilitatem
1239 4179 1556 4249 providere,
1606 4180 1726 4236 sive
1777 4181 1832 4235 in

132 4276 287 4342 cibo,
338 4273 458 4330 sive
505 4273 563 4327 in
611 4279 770 4341 potu,
817 4270 876 4324 in
931 4269 1022 4324 his
1067 4269 1239 4325 rebus
1287 4283 1417 4339 quae
1465 4268 1835 4338 bospitalario

132 4365 348 4420 desunt
374 4362 442 4416 ad
469 4375 614 4431 opus
643 4359 1025 4414 inﬁrmorum.

214 4473 236 4500 ι
277 4451 344 4505 Et
371 4449 417 4505 si
447 4447 752 4518 contigerit
798 4445 994 4502 venire
1025 4443 1354 4516 peregrinos
1384 4445 1452 4500 de
1499 4444 1837 4514 longinquis

133 4537 472 4610 provinciis,
516 4536 616 4605 qui
665 4548 846 4604 supra
876 4532 1152 4602 scriptum
1201 4546 1508 4588 numerum
1535 4533 1834 4600 excedant,

130 4625 430 4699 portarius
479 4621 774 4693 provideat
820 4621 901 4676 eis
938 4634 1069 4690 quae
1113 4619 1429 4674 necessaria
1462 4628 1618 4685 sunt,
1666 4619 1744 4675 ita
1774 4627 1838 4676 ut

129 4729 256 4771 non
290 4713 593 4768 minuatur
624 4709 942 4780 quicquam
971 4708 1038 4763 de
1069 4708 1156 4763 his
1181 4722 1312 4777 quae
1342 4708 1692 4778 quotidianis
1718 4709 1838 4764 die-

128 4805 250 4860 bus
281 4803 552 4871 deputata
585 4805 741 4855 sunt.

212 4912 242 4941 ‹‹
269 4890 553 4945 Addimus
599 4887 769 4943 etiam
804 4885 872 4940 de
911 4883 1302 4954 companatico
1332 4883 1389 4938 in
1437 4883 1592 4939 cibos
1623 4899 1838 4955 paupe-

128 4994 274 5037 rum
322 4978 394 5033 ad
441 4990 647 5046 pensas
679 4989 818 5041 xxx,
869 4989 999 5044 quae
1049 4974 1267 5028 dantur
1314 4973 1460 5028 inter
1505 4987 1734 5028 caseum
1785 4982 1841 5030 et

128 5067 396 5134 lardum,
443 5073 498 5121 et
539 5063 756 5120 modios
803 5076 924 5118 xxx
978 5062 1046 5118 de
1095 5061 1522 5132 leguminibus;
1573 5061 1839 5131 quintam

128 5163 368 5226 partem
399 5155 468 5208 de
497 5153 740 5220 decima,
775 5164 952 5220 quam
983 5149 1187 5219 accipit
1218 5149 1508 5219 portarius
1535 5163 1569 5204 a
1599 5149 1842 5205 cellera-

132 5245 230 5300 rio
267 5243 335 5298 de
384 5241 680 5312 anguillis,
725 5239 816 5295 vel
865 5253 1025 5293 caseo
1069 5246 1310 5304 recente,
1353 5239 1452 5308 qui
1498 5237 1844 5294 constitutus

128 5341 224 5388 est
261 5332 400 5386 dare
442 5331 510 5385 de
544 5330 736 5385 decem
772 5326 1194 5393 berbicariciis;
1243 5341 1347 5380 nec
1396 5341 1510 5382 non
1551 5326 1700 5382 etde
1748 5325 1843 5382 illo

132 5420 248 5491 qui
277 5419 347 5475 de
375 5417 527 5475 villis
555 5416 857 5474 dominicis
887 5415 1059 5472 datur
1093 5415 1150 5470 in
1184 5413 1485 5470 decimam.

221 5531 244 5558 ι
279 5507 550 5564 Similiter
578 5521 805 5564 omnem
843 5505 1106 5576 quintam
1136 5502 1370 5560 decima:
1408 5503 1476 5560 de
1505 5503 1845 5575 pecudibus,

1937 3047 2188 3108 tempora
2215 3038 2475 3094 videlicet
2505 3039 2781 3095 abbatum
2814 3040 3464 3108 commendatariorum)
3501 3038 3626 3093 fuit.

1937 3127 2293 3197 Quapropter
2338 3141 2452 3182 non
2500 3127 2666 3182 modo
2705 3127 3163 3191 celeberrimum,
3206 3127 3303 3183 sed
3351 3133 3406 3182 et
3448 3125 3632 3182 evasit

1937 3215 2458 3285 opulentissimum.

2008 3303 2189 3369 Quam
2235 3317 2368 3359 vero
2409 3311 2585 3373 gratae
2618 3303 2723 3358 sibi
2756 3310 2943 3359 essent
2982 3303 3131 3358 beati
3181 3303 3333 3358 illius
3362 3302 3630 3359 antistitis

1937 3390 2328 3460 eleemosynze,
2383 3391 2730 3462 signiﬁcavit
2791 3391 3104 3461 aliquando
3165 3393 3332 3447 Deus.
3399 3413 3426 3440 (ι
3484 3391 3629 3447 Cum

1940 3479 2191 3548 quodam
2223 3479 2312 3534 die
2358 3479 2576 3548 (scribit
2623 3479 2890 3534 Paschas.
2933 3480 2988 3532 in
3023 3479 3151 3534 Vita
3182 3478 3328 3548 ejus,
3379 3492 3506 3548 cap.
3551 3479 3629 3548 7,)

1939 3582 2105 3623 omne
2136 3567 2495 3636 pulmentum
2520 3568 2668 3622 casei
2701 3566 3018 3634 hospitibus
3038 3566 3419 3634 expendisset,
3444 3566 3633 3622 illum-

1940 3669 2053 3725 que
2097 3655 2170 3710 ob
2219 3655 2326 3709 hoc
2355 3654 2686 3710 cellerarius
2727 3655 3105 3725 objurgasset,
3157 3655 3446 3723 respondit
3490 3669 3630 3710 san-

1939 3752 2066 3800 ctus
2100 3759 2111 3798 :
2152 3741 2422 3798 Dominus
2458 3742 2634 3796 dabit.
2670 3743 2738 3797 Et
2768 3743 2860 3797 ille
2889 3759 2901 3796 :
2936 3743 3021 3797 Tu
3065 3756 3289 3812 semper
3322 3743 3429 3798 ista
3460 3743 3629 3812 polli-

1939 3833 2105 3898 ceris,
2155 3831 2251 3887 sed
2299 3845 2412 3885 non
2465 3830 2545 3886 sic
2587 3829 2870 3898 extemplo
2929 3829 3181 3896 dabitur,
3228 3830 3379 3900 quod
3438 3838 3632 3887 tamen

1941 3921 2332 3977 indifferenter
2357 3918 2625 3976 eﬁ'undis.
2651 3919 2879 3974 Interim
2914 3919 3052 3974 dum
3077 3919 3197 3974 haec
3219 3927 3476 3990 aguntur
3502 3935 3631 3977 ecce

1940 4010 2054 4065 duo
2089 4009 2302 4065 adsunt
2334 4009 2590 4078 plaustra
2622 4022 2737 4077 prae
2768 4007 3006 4074 foribus,
3041 4022 3224 4063 unum
3269 4008 3458 4063 nescio
3490 4010 3633 4079 quid

1942 4098 2131 4154 ferens
2161 4097 2426 4167 piscium,
2458 4103 2513 4152 et
2557 4096 2710 4151 aliud
2760 4096 2993 4165 plenum
3023 4096 3219 4164 caseis,
3259 4117 3285 4146 »
3333 4104 3438 4152 etc.
3475 4097 3629 4153 Idem

1941 4185 2147 4241 accidit
2180 4193 2377 4241 sancto
2419 4184 2654 4252 Judoco,
2685 4183 2936 4240 Orderic.
2987 4184 3082 4240 lib.
3116 4200 3193 4251 ιιι,
3249 4186 3384 4241 Hist.
3432 4186 3503 4241 ad
3534 4200 3628 4240 an.

1874 4266 1915 4319 Ι)
1946 4275 2110 4344 1066;
2137 4273 2276 4344 lege,
2311 4274 2356 4329 si
2381 4273 2557 4339 lubet,
2594 4286 2719 4342 cap.
2742 4274 2812 4326 22
2843 4273 2986 4329 Vita:
3015 4271 3068 4326 S.
3090 4273 3365 4329 Bernardi
3385 4275 3630 4345 Tyron;

1945 4362 2162 4417 Decret.
2218 4364 2276 4417 Β.
2345 4361 2670 4428 Lanfranci,
2729 4375 2854 4430 cap.
2899 4363 2952 4426 8,
2999 4363 3027 4429 §
3092 4364 3144 4429 3,
3191 4369 3245 4418 et
3290 4362 3496 4420 Statut.
3564 4368 3632 4419 23

1945 4449 2092 4504 Petri
2124 4448 2489 4504 Venerabilis.

2014 4537 2271 4593 Alterum
2334 4537 2486 4607 quod
2546 4550 2674 4591 sum
2737 4535 3066 4604 prolaturus
3107 4534 3516 4602 testimonium,
3559 4552 3633 4593 ex

1946 4624 2200 4696 antiquis
2247 4624 2490 4680 abbatize
2537 4623 2929 4680 Cluniacensis
2978 4622 3513 4691 consuetudinibus,
3573 4626 3632 4681 in

1948 4713 2226 4778 ordinem,
2268 4713 2505 4782 jubente
2551 4713 2611 4768 B.
2663 4713 2904 4783 Hugone
2954 4711 3234 4778 Iabbate,
3267 4726 3298 4766 a
3347 4713 3634 4768 Bernardo

1949 4800 2198 4871 quodam
2242 4801 2522 4856 monacho
2564 4801 2817 4872 digestis,
2853 4799 3076 4855 haurio.
3112 4799 3211 4855 Est
3254 4808 3446 4857 autem
3476 4802 3635 4872 ejus-

1951 4888 2102 4944 modi
2133 4903 2259 4959 cap.
2301 4890 2385 4943 14.

2399 4977 2482 5030 De
2504 4976 2697 5044 ofﬁcio
2727 4975 3185 5047 eleemosynarii.

2025 5086 2053 5114 ‹‹
2083 5064 2574 5130 Quemadmodum
2623 5078 2655 5118 a
2710 5064 2946 5120 custode
2995 5064 3222 5134 hospitii
3277 5065 3639 5135 recipiuntur

1950 5167 2146 5208 omnes
2179 5152 2484 5223 peregrini,
2537 5152 2639 5222 qui
2671 5152 2886 5208 faciunt
2936 5151 3043 5208 iter
3071 5153 3403 5223 equitando,
3444 5155 3640 5211 eodem

1952 5240 2119 5296 modo
2151 5249 2434 5311 quotquot
2466 5240 2681 5310 pedites
2714 5242 2954 5308 vadunt,
2988 5250 3192 5311 praeter
3219 5242 3343 5298 illos
3370 5244 3470 5313 qui
3502 5243 3642 5300 tales

1954 5335 2110 5396 sunt,
2142 5336 2206 5384 ut
2245 5330 2313 5384 ad
2343 5329 2844 5398 eleemosynariam
2891 5330 2972 5386 ire
3003 5344 3117 5385 non
3144 5330 3338 5398 velint,
3389 5331 3461 5387 ab
3491 5331 3644 5387 elec-

1957 5417 2285 5486 mosynario
2334 5416 2664 5486 recipiendi,
2716 5427 2948 5487 excepto
2977 5419 3023 5474 si
3069 5417 3292 5489 legatus
3319 5427 3422 5488 est,
3459 5427 3516 5476 et
3547 5419 3646 5478 lit-

1959 5511 2108 5560 teras
2137 5504 2335 5572 defert,
2369 5503 2471 5559 hos
2499 5504 2714 5576 colligit
2741 5513 2931 5564 custos
2961 5506 3214 5578 hospitii.
