3932 6084
278 290 415 344 1059

1271 279 1365 333 AD
1405 278 1555 333 OPP.
1601 276 1755 333 VEN.
1796 274 2122 332 GUIBERTI
2153 275 2241 329 DE
2282 275 2674 332 NOVIGENTO

3632 276 3780 327 1060

348 441 376 474 α
410 418 669 490 Receptis
696 423 885 473 autem
936 412 1199 484 singulis,
1233 412 1441 482 quaerit
1485 410 1970 480 eleemosynarius
2005 412 2053 465 Α
2083 410 2353 482 granario
2395 410 2463 463 ad
2499 409 2936 479 eleemosynam,
2970 421 3071 463 sex
3120 408 3460 478 praebendas,
3496 425 3627 480 quae
3662 425 3776 467 vo-

275 514 421 565 584
459 522 492 563 a
540 503 870 578 granatario
911 516 1087 557 unam
1143 499 1343 555 libram
1396 499 1561 569 panis
1602 506 1657 553 et
1704 497 1966 568 sequenti

275 599 366 654 die
396 593 639 652 abituris
677 590 994 655 dimidiam,
1030 600 1416 656 mensuraque
1454 586 1648 640 eadem
1688 585 1967 639 venienti—

276 688 389 743 bus
441 691 496 740 et
545 680 895 738 abeuntibus
952 678 1049 733 dat
1103 675 1338 742 vinum,
1393 672 1605 729 scilicet
1670 671 1962 727 dimidiam

268 771 575 843 justitiam,
602 776 660 824 et
684 764 1076 823 recedentibus
1096 762 1343 818 dabatur
1361 761 1495 815 olim
1518 759 1761 829 singulis
1783 775 1963 814 unum

274 859 601 921 denarium,
651 855 699 910 si
731 862 918 909 tamen
962 858 1221 907 avertere
1260 856 1500 919 poterat,
1553 849 1709 919 quod
1737 848 1791 901 in
1845 847 1965 903 loco

273 956 470 1004 nostro
501 956 805 1014 nunquam
835 939 1083 1010 amplius
1119 938 1308 1004 fuerit,
1340 945 1442 993 aut
1472 936 1624 992 infra
1651 950 1833 991 unum
1861 950 1963 990 an-

274 1051 417 1094 num
447 1048 562 1091 non
591 1030 831 1089 venerit.

346 1142 373 1178 ι
416 1124 563 1193 Ergo
612 1120 671 1175 in
724 1118 977 1172 adventu
1026 1114 1275 1180 Domini,
1320 1114 1571 1183 exceptis
1632 1112 1721 1168 his
1763 1111 1968 1167 diebus

275 1212 491 1285 quibus
531 1209 617 1265 bis
656 1204 996 1271 comeditur,
1040 1211 1095 1259 et
1143 1203 1201 1257 in
1232 1200 1684 1271 Quadragesima
1712 1201 1965 1269 exceptis

276 1297 604 1362 Dominicis,
654 1303 709 1351 et
741 1307 841 1364 per
872 1298 1055 1348 totum
1105 1303 1346 1355 annum,
1379 1289 1602 1359 quoties
1652 1301 1756 1358 pro
1786 1301 1965 1342 cano-

273 1388 419 1444 nicis
449 1385 724 1442 institutis
761 1382 833 1436 ab
864 1380 1030 1448 adipe
1060 1378 1404 1443 abstinetur,
1451 1382 1515 1431 ut
1545 1375 1603 1429 in
1629 1374 1965 1446 BOgationi—

271 1476 402 1543 bus,
456 1476 516 1529 in
549 1469 745 1543 vigilia
783 1468 1142 1532 Sanctorum,
1190 1471 1245 1520 et
1285 1465 1340 1518 in
1379 1462 1639 1527 Quatuor
1681 1461 1968 1531 Tempori-

272 1566 421 1634 bus;
488 1569 543 1618 et
608 1558 830 1629 quoties
893 1555 1066 1611 frater
1119 1554 1175 1608 in
1243 1550 1587 1607 monasterio
1654 1549 1961 1620 sepelitur,

274 1651 562 1726 quidquid
590 1650 658 1705 de
688 1649 824 1704 vino
870 1644 1216 1715 superfuerit
1246 1642 1519 1698 fratribus
1552 1641 1608 1696 in
1648 1640 1963 1706 refectorio,

271 1750 456 1799 totum
503 1737 708 1807 accipit
754 1733 1261 1803 eleemosynarius,
1308 1731 1457 1786 sicut
1503 1731 1671 1785 etiam
1707 1729 1775 1784 de
1814 1742 1962 1798 pane

272 1837 327 1886 et
378 1841 479 1899 per
508 1834 691 1883 totum
722 1835 941 1878 annum
971 1821 1040 1875 de
1068 1820 1376 1889 pigmento.
1426 1818 1545 1873 Hoc
1574 1817 1775 1872 vinum
1805 1816 1965 1871 colli-

272 1916 356 1987 git
382 1924 437 1971 et
481 1919 754 1979 reservat,
801 1915 866 1965 ut
912 1906 1200 1978 peregrini
1229 1905 1698 1975 supervenientes
1743 1916 1966 1973 semper

271 2004 341 2059 de
366 2003 473 2059 hoc
509 2001 721 2057 habere
766 1996 999 2068 possint.
1034 1995 1135 2049 lllo
1180 2007 1415 2064 quoque
1444 1992 1533 2048 die
1580 2007 1696 2062 quo
1739 1992 1816 2047 ita
1857 2005 1963 2062 pa-

270 2106 403 2148 nem
458 2089 656 2159 recipit
705 2087 773 2142 de
840 2083 1155 2149 refectorio,
1225 2096 1340 2137 non
1391 2089 1615 2137 tantum
1682 2081 1963 2150 quaerita

270 2178 619 2252 granatario,
668 2174 766 2231 sed
809 2173 877 2229 de
920 2175 1039 2243 ipso
1085 2184 1233 2241 pane
1262 2176 1341 2225 tot
1391 2176 1532 2239 quot
1580 2168 1825 2239 potuerit
1864 2182 1961 2237 pe-

269 2267 535 2339 regrinis,
598 2272 653 2321 et
713 2262 870 2334 quod
927 2259 1035 2316 sibi
1101 2259 1300 2325 deerit,
1371 2258 1477 2312 hoc
1529 2271 1563 2312 a
1628 2257 1961 2327 granatario

271 2356 493 2427 quaerit.

342 2466 371 2493 ‹‹
422 2444 561 2499 Item
621 2438 874 2510 quotidie
939 2435 1143 2505 accipit
1208 2442 1491 2504 quotquot
1556 2431 1957 2488 defunctorum

266 2529 514 2587 fratrum
544 2536 628 2585 est
671 2524 1125 2587 anniversarias,
1170 2522 1506 2592 prmbendas
1536 2520 1769 2577 totidem
1814 2521 1957 2575 inte-

267 2634 403 2691 gras
434 2620 489 2674 in
530 2631 697 2688 pane,
728 2622 784 2670 et
821 2615 975 2679 vino,
1013 2614 1066 2666 in
1116 2610 1263 2666 fabis
1288 2619 1343 2665 et
1382 2608 1764 2680 generalibus.
1801 2608 1959 2663 Prae-

267 2714 353 2762 ter
401 2706 520 2760 haec
564 2717 665 2773 pro
721 2699 978 2771 quolibet
1036 2699 1213 2754 fratre
1256 2711 1444 2767 nuper
1494 2696 1796 2764 defuncto,
1856 2695 1958 2766 qui

266 2794 556 2864 professus
580 2799 663 2846 est
692 2796 901 2845 nostra;
929 2787 1417 2858 Congregationis,
1446 2785 1782 2854 ubicunque
1810 2784 1959 2840 obie-

264 2882 360 2948 rit,
417 2878 784 2950 praebendam
851 2877 1133 2945 integram
1196 2887 1297 2943 per
1358 2873 1593 2943 triginta
1645 2873 1784 2927 dies.
1851 2872 1957 2927 Pro

265 2968 537 3027 omnibus
571 2965 803 3022 insimul
855 2963 1148 3029 fratribus,
1182 2975 1433 3032 quorum
1480 2959 1672 3016 obitus
1702 2959 1957 3029 qualibet

263 3056 677 3114 interveniente
728 3050 1075 3123 negligentia
1108 3064 1142 3105 a
1170 3048 1335 3104 nobis
1367 3048 1499 3104 sciri
1532 3062 1649 3103 non
1694 3054 1954 3118 possunt,

264 3146 518 3218 quotidie
548 3142 752 3212 accipit
782 3141 947 3197 duas.

337 3253 366 3283 «
400 3233 678 3287 Prwterea
727 3236 838 3283 tres
893 3226 1135 3281 fratrum
1188 3223 1509 3295 praebenda
1541 3222 1757 3278 dantur
1805 3237 1955 3292 quo-

261 3321 398 3378 tidie
440 3320 512 3375 ad
559 3318 998 3386 eleemosynam,
1061 3327 1193 3384 quae
1229 3320 1283 3368 et
1326 3313 1385 3367 in
1444 3310 1738 3367 refectorio
1785 3325 1957 3381 super

261 3423 518 3467 mensam
568 3405 940 3477 principalem
984 3409 1379 3472 apponuntur,
1430 3399 1644 3455 scilicet
1672 3414 1773 3469 pro
1814 3400 1955 3456 hea-

261 3499 477 3555 tissimo
526 3497 690 3552 Patre
736 3493 993 3558 Odilone,
1035 3504 1137 3560 pro
1187 3488 1424 3545 Henrico
1467 3488 1653 3558 primo
1703 3488 1953 3558 impera-

259 3592 402 3651 tore,
438 3598 540 3654 pro
582 3580 937 3641 Fredelanno
967 3586 1022 3633 et
1070 3577 1196 3647 ejus
1226 3590 1428 3642 uxore,
1476 3575 1713 3646 regibus
1746 3575 1952 3643 Hispa-

260 3687 572 3828 nlinsltlinper
617 3756 743 3812 haec
795 3754 993 3811 omnia
1049 3752 1262 3809 dantur
1319 3752 1577 3822 quotidie
1636 3766 1715 3807 xu
1770 3756 1948 3817 tortae,

256 3861 509 3919 quarum
554 3858 925 3915 unaquaeque
957 3852 1068 3899 tres
1110 3842 1284 3897 libras
1314 3839 1605 3911 appendit.
1661 3841 1788 3895 Haec
1818 3853 1952 3895 vero

256 3935 491 4007 pupillis
540 3941 595 3989 et
628 3932 839 3998 viduis,
890 3930 1112 3987 claudis
1155 3936 1210 3984 et
1249 3931 1430 3993 caecis,
1477 3927 1710 3983 senibus
1736 3934 1791 3983 et
1836 3928 1954 3982 ani-

258 4022 421 4090 culis,
455 4023 797 4090 cunctisque
829 4017 1372 4089 supervenientibus
1404 4023 1539 4071 sunt
1566 4015 1877 4086 eroganda.

332 4129 360 4160 α
388 4109 566 4163 Habet
608 4120 841 4177 quoque
886 4104 1078 4159 adhuc
1116 4103 1371 4173 quotidie
1407 4102 1476 4158 de
1524 4101 1837 4169 refectorio,
1882 4101 1951 4157 de

257 4199 346 4256 his
374 4209 741 4269 quaecunque
764 4194 1041 4250 fratribus
1065 4198 1391 4261 supersunt,
1426 4204 1493 4245 ac
1522 4189 1591 4243 de
1620 4186 1869 4258 generali
1895 4192 1951 4241 et

256 4287 326 4343 de
355 4285 602 4357 pitantia
648 4281 1041 4351 medietatem;
1088 4280 1270 4335 altera
1312 4277 1610 4333 medietate
1642 4275 1805 4331 caecis
1849 4288 1944 4344 po-

256 4374 562 4447 pularibus
602 4373 896 4443 deputata.
947 4368 1217 4425 Similiter
1254 4367 1323 4423 de
1369 4366 1517 4422 fabis
1566 4364 1943 4429 medietatem,

255 4462 525 4525 bubulcis
569 4460 751 4532 ipsius
801 4457 1024 4525 decani,
1059 4458 1158 4527 qui
1208 4455 1358 4511 villae
1403 4462 1625 4524 praeest,
1672 4453 1945 4523 deputata

255 4551 436 4607 altera
465 4549 784 4605 medietate.

332 4662 353 4689 ι
390 4640 470 4695 De
512 4636 764 4694 oleribus
818 4642 873 4692 et
927 4634 996 4690 de
1048 4632 1249 4703 pomis,
1301 4638 1356 4687 et
1400 4630 1468 4685 de
1535 4629 1625 4685 his
1662 4628 1947 4684 similibus

255 4735 457 4785 totum.
505 4725 584 4781 De
628 4725 736 4780 hac
783 4721 1083 4779 medietate
1127 4733 1259 4790 quae
1289 4718 1396 4775 sibi
1438 4718 1507 4773 de
1556 4716 1943 4789 generalibus,

254 4816 403 4873 etde
449 4813 708 4885 pitantiis
736 4810 1034 4880 contingit,
1085 4808 1224 4863 solet
1274 4806 1687 4878 praebendariis
1731 4820 1831 4875 per
1869 4805 1949 4859 vi-

253 4918 346 4961 ces
396 4902 696 4974 pitantiam
753 4899 1046 4961 exhibere,
1121 4896 1258 4951 solet
1306 4896 1477 4952 etiam
1539 4893 1768 4950 famulis
1827 4893 1947 4949 suis

253 4992 409 5048 dare.
464 4989 684 5059 Accipit
731 4994 922 5043 autem
982 4984 1234 5040 famulus
1280 4985 1405 5054 ejus
1454 4984 1636 5053 major
1687 4981 1945 5051 quotidie

252 5081 462 5137 libram
495 5090 668 5135 unam
701 5076 769 5131 de
794 5072 1091 5134 Granario,
1126 5073 1247 5128 ideo
1278 5071 1431 5142 quod
1465 5070 1701 5140 recipiat
1736 5083 1942 5139 panem

251 5176 306 5225 et
354 5168 578 5234 vinum,
638 5163 792 5236 quod
845 5162 1017 5218 datur
1060 5160 1490 5230 praebendariis,
1542 5166 1595 5213 et
1647 5157 1943 5212 dimidiam

253 5256 325 5313 ab
353 5256 477 5326 ipso
521 5250 988 5322 eleemosyuario.
1034 5249 1144 5304 Alii
1190 5261 1424 5319 quoque
1470 5245 1686 5317 singuli
1730 5244 1943 5301 habent

252 5344 325 5400 ab
352 5339 798 5412 eleemosynario
837 5338 1047 5394 libram
1076 5344 1130 5392 et
1175 5334 1493 5402 dimidiam,
1539 5334 1660 5389 sive
1689 5332 1759 5388 de
1804 5347 1944 5404 quo-

251 5429 506 5499 tidianis,
539 5429 661 5485 sive
690 5428 760 5484 de
789 5425 901 5483 alio
930 5437 1099 5495 pane,
1133 5423 1178 5479 si
1203 5423 1254 5479 ei
1284 5423 1470 5494 magis
1497 5419 1796 5492 placuerit.

329 5540 349 5567 ι
383 5519 609 5575 Dantur
658 5528 914 5585 namque
962 5518 1169 5583 praeter
1211 5525 1278 5568 ea
1332 5525 1463 5583 qua:
1503 5509 1655 5567 dicta
1707 5516 1844 5566 sunt
1874 5509 1943 5567 de

2076 506 2284 554 cantur
2313 497 2699 567 quotidianae;
2740 504 2877 552 sunt
2923 504 3114 553 autem
3146 496 3408 567 quinque
3456 498 3632 567 ipsius
3682 498 3766 553 fa-

2076 586 2239 653 muli,
2272 601 2425 642 unus
2469 587 2650 657 major
2698 585 2799 656 qui
2853 584 3029 640 servit
3068 584 3496 655 praebendariis,
3551 595 3605 642 et
3637 587 3774 641 aliis

2075 675 2448 743 pauperibus,
2498 682 2552 729 et
2607 673 2957 744 peregrinis;
3009 673 3152 729 alter
3206 673 3475 729 ostiarius
3520 673 3767 729 eleemo-

2075 777 2230 832 synae
2259 762 2481 829 domus,
2503 762 2616 817 duo
2643 761 2896 832 quotidie
2922 761 3184 817 deferunt
3202 761 3360 832 ligna
3379 776 3509 817 cum
3535 762 3773 817 duobus

2076 850 2288 919 asinis;
2348 864 2503 905 unus
2543 857 2628 904 est
2682 850 2940 919 provisor
2994 849 3243 905 duorum
3301 849 3638 917 furnorum,
3700 850 3774 904 de

2076 937 2290 1009 quibus
2318 937 2537 1007 aliquid
2567 937 2805 993 subsidii
2851 938 3008 993 venit
3038 937 3109 992 ad
3156 936 3592 1008 eleemosynam.
3624 937 3775 994 0m-

2075 1041 2177 1083 nes
2223 1035 2413 1083 autem
2461 1034 2666 1097 praeter
2696 1027 2970 1097 majorem
3000 1016 3222 1082 vadunt
3255 1041 3354 1096 pro
3401 1027 3589 1094 unico,
3620 1043 3776 1098 quo-

2078 1116 2180 1171 ties
2224 1114 2706 1184 eleemosynarius
2760 1115 3034 1185 praecipit,
3088 1115 3136 1169 si
3195 1114 3456 1185 generale
3514 1113 3775 1171 fratrum

2074 1202 2475 1260 defunctorum
2529 1203 2647 1273 ipsa
2677 1203 2787 1265 die,
2833 1217 2953 1273 qua
2999 1203 3056 1258 in
3100 1203 3352 1273 capitulo
3409 1205 3774 1269 recitantur,

2075 1291 2269 1348 abesse
2300 1290 2395 1363 [f.,
2442 1290 2670 1359 habere]
2702 1306 2816 1346 non
2855 1292 3091 1360 poterit;
3138 1299 3434 1361 computat
3477 1306 3663 1361 usque
3697 1293 3775 1348 ad

2074 1376 2332 1447 aliquam
2375 1390 2684 1443 summam,
2720 1385 2776 1433 et
2808 1385 2945 1433 tunc
2975 1377 3160 1432 reddit
3200 1377 3249 1431 ei
3284 1379 3633 1434 camerarius
3681 1378 3777 1433 de.

2076 1465 2286 1530 uarios,
2336 1472 2389 1520 et
2420 1464 2723 1534 aliquoties
2771 1463 3104 1520 cellerarius
3142 1478 3244 1534 pro
3274 1478 3478 1534 genere
3519 1464 3772 1534 piscium

2075 1553 2212 1608 dare
2240 1553 2388 1608 valet
2416 1566 2635 1609 carnes.

2152 1642 2336 1710 «Ipse
2390 1655 2624 1712 quoque
2673 1647 2968 1710 comparat
3014 1639 3122 1695 sibi
3170 1655 3301 1697 cum
3351 1640 3619 1706 denariis,
3659 1640 3773 1710 qui

2007 1713 2045 1766 Β
2075 1744 2178 1799 pro
2225 1729 2445 1784 decima
2472 1729 2540 1784 de
2580 1728 2817 1785 ecclesia
2859 1728 2963 1784 sibi
3013 1728 3249 1784 dantur.
3291 1730 3413 1798 lpse
3454 1729 3606 1784 enim
3660 1730 3770 1784 ha-

2072 1818 2164 1873 bet
2210 1816 2488 1872 decimam
2540 1817 2801 1872 omnium
2849 1816 3220 1871 denariorum
3270 1817 3370 1885 qui
3420 1817 3476 1870 in
3524 1816 3770 1871 ecclesia

2066 1904 2410 1971 offeruntur,
2460 1907 2657 1975 sicque
2707 1904 2965 1974 providet
3012 1911 3075 1960 ut
3124 1918 3352 1959 carnem
3401 1904 3771 1974 frequentius

2070 1994 2207 2050 dare
2256 1994 2430 2064 possit
2476 1993 2808 2064 peregrinis.
2860 1992 3004 2049 Sunt
3034 2000 3227 2048 autem
3271 1993 3581 2048 octodecim
3623 2007 3772 2061 pau-

2069 2096 2232 2152 peres
2264 2081 2657 2153 przebendarii,
2693 2081 2909 2151 quibus
2943 2080 3196 2150 quotidie
3223 2080 3475 2136 famulus
3515 2080 3766 2136 eleemo-

2069 2169 2285 2240 synarii
2332 2170 2534 2239 accipit
2582 2170 2657 2241 de
2680 2169 2909 2225 cellario
2957 2168 3185 2225 totidem
3230 2169 3417 2239 justas
3455 2169 3593 2236 vini,
3629 2176 3688 2224 et
3732 2183 3769 2223 a

2068 2259 2398 2329 granatario
2431 2257 2657 2313 totidem
2703 2257 2880 2312 libras
2908 2257 3073 2326 panis
3099 2264 3155 2312 et
3198 2256 3358 2312 fabas
3387 2257 3458 2312 ad
3507 2266 3768 2327 quatuor

2068 2346 2188 2402 dies
2234 2346 2586 2415 septimanae,
2638 2344 2890 2415 reliquos
2929 2352 3043 2400 tres
3088 2359 3203 2400 non
3236 2345 3406 2400 habet
3453 2345 3560 2400 nisi
3606 2345 3769 2401 olera
3860 2346 3867 2351 ’

2067 2434 2137 2490 de
2184 2435 2344 2489 horto
2391 2434 2460 2488 ad
2493 2433 2906 2502 eleemosynam
2952 2433 3261 2503 deputato;
3294 2432 3390 2488 sed
3435 2434 3493 2488 in
3528 2433 3765 2503 majori-

2066 2520 2177 2576 bus
2215 2521 2371 2576 festis
2422 2520 2591 2576 habet
2639 2534 2869 2576 carnem
2918 2535 3018 2590 pro
3071 2519 3251 2589 fabis;
3280 2529 3335 2575 et
3382 2534 3483 2589 per
3535 2534 3766 2576 annum

2065 2617 2199 2664 sunt
2260 2607 2494 2678 triginta
2544 2606 2805 2677 quinque
2835 2607 2974 2673 dies,
3026 2607 3083 2662 in
3114 2607 3328 2677 quibus
3374 2608 3587 2663 habent
3630 2622 3765 2664 car-

2065 2711 2216 2751 nem.
2252 2718 2272 2744 1

2135 2786 2281 2841 Tum
2312 2792 2437 2854 post
2465 2784 2599 2839 alia.

2140 2893 2167 2923 α
2201 2873 2534 2928 Mandatum
2584 2880 2638 2928 et
2676 2872 2723 2928 si
2768 2886 2803 2926 a
2849 2872 3152 2929 festivitate
3203 2872 3471 2929 Omnium
3514 2873 3759 2930 Sancto-

1996 2996 2036 3051 Ο
2065 2975 2216 3029 rum,
2245 2975 2279 3015 a
2307 2960 2578 3042 fratribus
2607 2975 2721 3015 non
2750 2968 2987 3032 geratur
3016 2976 3201 3031 usque
3232 2962 3288 3015 in
3318 2964 3502 3031 capite
3524 2962 3758 3033 jejunii,

2064 3057 2257 3105 tamen
2321 3049 2680 3118 eleemosyna
2760 3061 3066 3119 nunquam
3141 3056 3439 3118 remanet;
3510 3049 3770 3105 famulus

2064 3136 2214 3191 enim
2248 3135 2677 3204 eleemosynarii
2713 3135 2771 3190 in
2816 3135 2998 3190 hieme
3028 3149 3161 3191 cum
3193 3149 3345 3205 aqua
3378 3136 3565 3191 calida
3598 3136 3769 3205 pedes

2064 3223 2240 3280 trium
2290 3237 2612 3293 pauperum
2662 3223 2852 3291 lavat,
2899 3223 3113 3293 datque
3159 3222 3362 3279 libram
3408 3223 3676 3295 singulis.
3710 3232 3767 3279 et

2058 3312 2364 3383 justitiam,
2411 3320 2466 3367 et
2499 3311 2703 3367 libram
2753 3312 2820 3367 de
2854 3311 2949 3368 tali
3001 3326 3147 3382 pane
3178 3312 3409 3382 qualem
3461 3312 3674 3368 habent
3705 3313 3764 3367 in

2063 3400 2357 3456 refectorio
2390 3399 2610 3455 fratres.

2135 3510 2163 3539 α
2200 3490 2313 3544 Hoc
2370 3502 2604 3559 quoque
2657 3488 2901 3557 pertinet
2958 3487 3029 3543 ad
3094 3488 3633 3557 eleemosynarium,
3696 3496 3766 3543 ut

2060 3577 2231 3633 semel
2264 3576 2321 3632 in
2354 3576 2710 3632 hebdomada
2740 3583 2913 3631 totam
2946 3576 3142 3632 villam
3174 3576 3497 3646 perlustret,
3536 3590 3761 3632 assum-

2060 3665 2171 3733 ptis
2201 3678 2396 3720 secum
2442 3664 2673 3720 famulis
2704 3665 2846 3728 suis,
2877 3671 2931 3720 et
2961 3678 3126 3734 pane,
3155 3672 3209 3720 et
3251 3679 3425 3720 carne
3477 3664 3535 3719 in
3568 3664 3768 3733 cophi-

2062 3752 2170 3820 nis,
2203 3760 2258 3807 et
2299 3752 2433 3808 vino
2462 3752 2520 3807 in
2559 3752 2686 3807 aliis
2735 3753 2913 3819 vasis;
2950 3753 3189 3809 visitans
3237 3753 3363 3808 illos
3411 3753 3513 3823 qui
3546 3766 3765 3821 paupe-

2062 3854 2152 3895 res
2196 3839 2408 3895 alicubi
2457 3841 2651 3910 jacent
2696 3840 2932 3910 aegroti;
2978 3848 3033 3896 et
3084 3840 3131 3896 si
3179 3840 3472 3896 masculus
3499 3848 3580 3894 est
3641 3840 3767 3909 ipse

2059 3926 2400 3984 visitaturus
2456 3929 2668 3998 intrat;
2722 3929 2769 3983 si
2826 3927 3055 3995 femina,
3110 3936 3221 3984 stat
3277 3928 3348 3983 ad
3405 3929 3639 3994 ostium,
3708 3937 3768 3984 et

2060 4014 2344 4071 famulum
2387 4030 2557 4071 suum
2589 4016 2763 4071 mittit
2808 4016 2879 4071 ad
2911 4031 3060 4073 eam.
3097 4018 3165 4073 Et
3194 4017 3328 4072 dato
3359 4017 3569 4073 eisdem
3596 4018 3767 4086 quod

2058 4102 2265 4157 melius
2311 4109 2508 4171 potest,
2554 4101 2883 4158 consolatur
2934 4103 3102 4172 ipsos,
3154 4110 3208 4158 et
3252 4103 3299 4158 si
3331 4103 3614 4173 quidlibet
3659 4103 3768 4159 de-

2059 4190 2313 4245 siderant
2371 4198 2577 4259 praeter
2635 4190 2789 4260 quod
2840 4190 3059 4246 dederit
3107 4193 3225 4258 eis,
3283 4192 3326 4246 si
3389 4191 3767 4248 commodum

1986 4288 2030 4341 1)
2063 4278 2180 4334 ullo
2220 4278 2387 4333 modo
2418 4278 2469 4333 ei
2498 4285 2603 4345 est,
2644 4278 2907 4348 inquirit,
2956 4286 3010 4334 et
3054 4279 3413 4349 postmodum
3455 4279 3627 4335 mittit
3658 4293 3771 4349 per

2057 4365 2303 4423 famulos
2347 4380 2501 4421 suos.
2534 4365 2635 4422 Est
2678 4373 2870 4421 autem
2917 4366 3276 4422 consuetudo
3307 4374 3594 4437 quatenus
3632 4382 3768 4425 mu-

2054 4453 2240 4521 lieres,
2275 4467 2406 4524 quze
2441 4453 2499 4508 in
2544 4453 2809 4509 domibus
2839 4461 2974 4509 sunt
3004 4454 3101 4509 ubi
3132 4454 3345 4509 infirmi
3371 4455 3580 4525 jacent,
3619 4469 3768 4512 mox

2053 4549 2121 4599 ut
2166 4541 2418 4597 viderint
2461 4556 2593 4598 eum
2644 4542 2986 4609 venientem,
3041 4556 3239 4598 omnes
3285 4551 3494 4598 exeant
3536 4542 3758 4599 :Nun-

2054 4644 2232 4700 quam
2276 4634 2426 4684 585
2454 4629 2607 4685 enim
2643 4631 2907 4701 quandiu
2933 4629 3204 4701 quaelibet
3225 4630 3440 4687 mulier
3469 4632 3623 4687 intra
3654 4632 3764 4688 do-

2054 4731 2213 4773 mum
2244 4716 2434 4785 fuerit,
2462 4716 2844 4789 ingredietur.

2126 4826 2152 4856 α
2185 4805 2490 4861 Sciendum
2544 4820 2678 4861 vero
2710 4807 2987 4877 quoniam
3033 4806 3371 4877 peregrinis,
3426 4808 3494 4863 de
3532 4807 3765 4877 quibus

2052 4896 2319 4966 superius
2366 4894 2539 4951 locuti
2587 4909 2806 4962 sumus,
2865 4910 2998 4952 cum
3049 4895 3197 4952 libra
3223 4904 3277 4952 et
3324 4896 3479 4965 vino,
3535 4896 3589 4950 in
3627 4896 3766 4969 ipsa

2051 4990 2216 5039 nocte
2265 4997 2384 5053 qua
2435 4982 2701 5052 veniunt,
2757 4975 3089 5055 de'quovis
3142 4984 3253 5040 alio
3302 4984 3493 5041 edulio
3546 4984 3760 5055 dabit;

2051 5068 2264 5127 scilicet
2314 5071 2383 5126 de
2416 5070 2670 5140 piscibus
2698 5071 2789 5127 vel
2850 5070 3187 5142 hujusmodi
3228 5080 3283 5127 et
3313 5071 3640 5142 aliquoties,
3690 5081 3764 5129 ut

2053 5158 2389 5229 praedictum
2433 5166 2536 5227 est,
2588 5159 2657 5215 de
2685 5173 2880 5215 carne.
2926 5159 3052 5215 Non
3092 5160 3200 5215 nisi
3234 5175 3369 5216 vero
3422 5160 3493 5215 ad
3523 5168 3760 5229 portam

2050 5247 2231 5303 curtis
2258 5246 2355 5302 dat
2383 5246 2658 5318 cuiquam
2682 5246 2899 5317 justam
2926 5247 3045 5303 vini
3076 5255 3131 5304 et
3161 5247 3369 5303 libram
3401 5247 3596 5318 panis;
3632 5259 3761 5303 non

2048 5334 2200 5390 enim
2235 5334 2645 5406 ingrediuntur
2668 5343 2911 5392 curtem.

2126 5444 2148 5471 ι
2198 5421 2253 5479 Si
2312 5431 2505 5480 autem
2573 5422 2785 5495 aliquis
2838 5424 3273 5497 peregrinorum
3342 5423 3608 5481 habuerit
3674 5423 3756 5480 ad

2052 5510 2359 5581 hospitium
2419 5526 2592 5568 suum
2637 5513 2943 5584 conjugem
2991 5512 3273 5582 debilem,
3324 5512 3414 5570 vel
3471 5512 3754 5569 lassatam
