  <div class='ocr_page' id='page_1' title='image "/cluster/home/n/w/nwhite01/storage/ocr_20150623/156/hvd.32044054760145/536.png"; bbox 0 0 3932 6084; ppageno 0'>
   <div class='ocr_carea' id='block_1_1' title="bbox 111 297 228 349">
    <p class='ocr_par' dir='ltr' id='par_1_1' title="bbox 111 297 228 349">
     <span class='ocr_line' id='line_1_1' title="bbox 111 297 228 349; baseline 0 -1"><span class='ocrx_word' id='word_1_1' title='bbox 111 297 228 349; x_wconf 76' lang='grc'><strong>1061</strong></span> 
     </span>
    </p>
   </div>
   <div class='ocr_carea' id='block_1_2' title="bbox 1346 289 2310 348">
    <p class='ocr_par' dir='ltr' id='par_1_2' title="bbox 1346 289 2310 348">
     <span class='ocr_line' id='line_1_2' title="bbox 1346 289 2310 348; baseline -0.005 -1"><span class='ocrx_word' id='word_1_2' title='bbox 1346 292 1564 348; x_wconf 83' lang='lat' dir='ltr'><strong>DOMNI</strong></span> <span class='ocrx_word' id='word_1_3' title='bbox 1609 291 1667 346; x_wconf 90' lang='lat' dir='ltr'><strong>L.</strong></span> <span class='ocrx_word' id='word_1_4' title='bbox 1711 289 2049 346; x_wconf 78' lang='lat' dir='ltr'><strong>D&#39;ACHERY</strong></span> <span class='ocrx_word' id='word_1_5' title='bbox 2092 289 2310 346; x_wconf 73' lang='lat' dir='ltr'><strong>NOT/E.</strong></span> 
     </span>
    </p>
   </div>
   <div class='ocr_carea' id='block_1_3' title="bbox 3454 289 3588 342">
    <p class='ocr_par' dir='ltr' id='par_1_3' title="bbox 3454 289 3588 342">
     <span class='ocr_line' id='line_1_3' title="bbox 3454 289 3588 342; baseline 0.015 -2"><span class='ocrx_word' id='word_1_6' title='bbox 3454 289 3588 342; x_wconf 71' lang='grc'><strong>1062</strong></span> 
     </span>
    </p>
   </div>
   <div class='ocr_carea' id='block_1_4' title="bbox 103 418 3587 493">
    <p class='ocr_par' dir='ltr' id='par_1_4' title="bbox 103 418 3587 493">
     <span class='ocr_line' id='line_1_4' title="bbox 103 418 3587 493; baseline -0.002 -11"><span class='ocrx_word' id='word_1_7' title='bbox 103 441 202 482; x_wconf 91' lang='lat' dir='ltr'><strong>seu</strong></span> <span class='ocrx_word' id='word_1_8' title='bbox 228 426 462 490; x_wconf 88' lang='lat' dir='ltr'><strong>socium,</strong></span> <span class='ocrx_word' id='word_1_9' title='bbox 512 423 725 493; x_wconf 88' lang='lat' dir='ltr'><strong>quibus</strong></span> <span class='ocrx_word' id='word_1_10' title='bbox 783 436 896 477; x_wconf 90' lang='lat' dir='ltr'><strong>non</strong></span> <span class='ocrx_word' id='word_1_11' title='bbox 943 422 1015 478; x_wconf 90' lang='lat' dir='ltr'><strong>sit</strong></span> <span class='ocrx_word' id='word_1_12' title='bbox 1064 422 1426 477; x_wconf 88' lang='lat' dir='ltr'><strong>commodum</strong></span> <span class='ocrx_word' id='word_1_13' title='bbox 1480 422 1674 478; x_wconf 90' lang='lat' dir='ltr'><strong>venire</strong></span> <span class='ocrx_word' id='word_1_14' title='bbox 1711 421 1782 478; x_wconf 92' lang='lat' dir='ltr'><strong>ad</strong></span> <span class='ocrx_word' id='word_1_15' title='bbox 1820 423 2106 482; x_wconf 86' lang='lat' dir='ltr'><strong>Acullam</strong></span> <span class='ocrx_word' id='word_1_16' title='bbox 2139 421 2190 477; x_wconf 90' lang='lat' dir='ltr'><strong>ei</strong></span> <span class='ocrx_word' id='word_1_17' title='bbox 2221 419 2470 476; x_wconf 84' lang='lat' dir='ltr'>dandam</span> <span class='ocrx_word' id='word_1_18' title='bbox 2533 418 2827 476; x_wconf 87' lang='lat' dir='ltr'><strong>benedicit.</strong></span> <span class='ocrx_word' id='word_1_19' title='bbox 2875 418 3043 474; x_wconf 82' lang='lat' dir='ltr'><strong>Jubet</strong></span> <span class='ocrx_word' id='word_1_20' title='bbox 3090 418 3260 475; x_wconf 89' lang='lat' dir='ltr'><strong>etiam</strong></span> <span class='ocrx_word' id='word_1_21' title='bbox 3318 421 3416 476; x_wconf 89' lang='lat' dir='ltr'><strong>uni</strong></span> <span class='ocrx_word' id='word_1_22' title='bbox 3473 421 3587 476; x_wconf 90' lang='lat' dir='ltr'><strong>fra-</strong></span> 
     </span>
    </p>
   </div>
   <div class='ocr_carea' id='block_1_5' title="bbox 101 510 1788 582">
    <p class='ocr_par' dir='ltr' id='par_1_5' title="bbox 101 510 1788 582">
     <span class='ocr_line' id='line_1_5' title="bbox 101 510 1788 582; baseline -0.004 -11"><span class='ocrx_word' id='word_1_23' title='bbox 101 516 528 582; x_wconf 84' lang='lat' dir='ltr'><strong>eleemosynam,</strong></span> <span class='ocrx_word' id='word_1_24' title='bbox 589 511 752 566; x_wconf 91' lang='lat' dir='ltr'><strong>debet</strong></span> <span class='ocrx_word' id='word_1_25' title='bbox 819 510 902 565; x_wconf 91' lang='lat' dir='ltr'><strong>eis</strong></span> <span class='ocrx_word' id='word_1_26' title='bbox 967 510 1414 564; x_wconf 89' lang='lat' dir='ltr'><strong>misericordiam</strong></span> <span class='ocrx_word' id='word_1_27' title='bbox 1485 511 1686 577; x_wconf 89' lang='lat' dir='ltr'><strong>facere,</strong></span> <span class='ocrx_word' id='word_1_28' title='bbox 1735 519 1788 565; x_wconf 92' lang='lat' dir='ltr'><strong>et</strong></span> 
     </span>
    </p>
   </div>
   <div class='ocr_carea' id='block_1_6' title="bbox 102 598 1789 673">
    <p class='ocr_par' dir='ltr' id='par_1_6' title="bbox 102 598 1789 673">
     <span class='ocr_line' id='line_1_6' title="bbox 102 598 1789 673; baseline -0.003 -16"><span class='ocrx_word' id='word_1_29' title='bbox 102 611 377 673; x_wconf 89' lang='lat' dir='ltr'><strong>quantum</strong></span> <span class='ocrx_word' id='word_1_30' title='bbox 425 601 523 656; x_wconf 90' lang='lat' dir='ltr'><strong>dat</strong></span> <span class='ocrx_word' id='word_1_31' title='bbox 566 599 691 654; x_wconf 91' lang='lat' dir='ltr'><strong>aliis</strong></span> <span class='ocrx_word' id='word_1_32' title='bbox 735 598 956 653; x_wconf 91' lang='lat' dir='ltr'><strong>mittere</strong></span> <span class='ocrx_word' id='word_1_33' title='bbox 1000 611 1100 668; x_wconf 91' lang='lat' dir='ltr'><strong>per</strong></span> <span class='ocrx_word' id='word_1_34' title='bbox 1144 611 1341 652; x_wconf 90' lang='lat' dir='ltr'><strong>eorum</strong></span> <span class='ocrx_word' id='word_1_35' title='bbox 1409 599 1648 665; x_wconf 90' lang='lat' dir='ltr'><strong>socium,</strong></span> <span class='ocrx_word' id='word_1_36' title='bbox 1687 598 1789 668; x_wconf 89' lang='lat' dir='ltr'><strong>qui</strong></span> 
     </span>
    </p>
   </div>
   <div class='ocr_carea' id='block_1_7' title="bbox 103 687 1788 756">
    <p class='ocr_par' dir='ltr' id='par_1_7' title="bbox 103 687 1788 756">
     <span class='ocr_line' id='line_1_7' title="bbox 103 687 1788 756; baseline -0.003 -11"><span class='ocrx_word' id='word_1_37' title='bbox 103 697 412 746; x_wconf 72' lang='lat' dir='ltr'><strong>revertetur</strong></span> <span class='ocrx_word' id='word_1_38' title='bbox 471 688 541 742; x_wconf 89' lang='lat' dir='ltr'><strong>ad</strong></span> <span class='ocrx_word' id='word_1_39' title='bbox 588 701 703 754; x_wconf 91' lang='lat' dir='ltr'><strong>eos,</strong></span> <span class='ocrx_word' id='word_1_40' title='bbox 748 694 979 756; x_wconf 79' lang='lat' dir='ltr'><strong>propter</strong></span> <span class='ocrx_word' id='word_1_41' title='bbox 1034 700 1233 742; x_wconf 91' lang='lat' dir='ltr'><strong>eorum</strong></span> <span class='ocrx_word' id='word_1_42' title='bbox 1266 687 1640 743; x_wconf 76' lang='lat' dir='ltr'><strong>debilitatem.</strong></span> <span class='ocrx_word' id='word_1_43' title='bbox 1680 687 1788 741; x_wconf 90' lang='lat' dir='ltr'><strong>Alii</strong></span> 
     </span>
    </p>
   </div>
   <div class='ocr_carea' id='block_1_8' title="bbox 99 773 1375 844">
    <p class='ocr_par' dir='ltr' id='par_1_8' title="bbox 99 773 1375 844">
     <span class='ocr_line' id='line_1_8' title="bbox 99 773 1375 844; baseline -0.006 -9"><span class='ocrx_word' id='word_1_44' title='bbox 99 793 230 835; x_wconf 83' lang='lat' dir='ltr'><strong>vero</strong></span> <span class='ocrx_word' id='word_1_45' title='bbox 257 791 453 832; x_wconf 89' lang='lat' dir='ltr'><strong>omnes</strong></span> <span class='ocrx_word' id='word_1_46' title='bbox 484 777 540 830; x_wconf 92' lang='lat' dir='ltr'><strong>in</strong></span> <span class='ocrx_word' id='word_1_47' title='bbox 573 773 1021 844; x_wconf 82' lang='lat' dir='ltr'><strong>eleemosynaria</strong></span> <span class='ocrx_word' id='word_1_48' title='bbox 1049 775 1375 830; x_wconf 83' lang='lat' dir='ltr'><strong>comedunt.</strong></span> 
     </span>
    </p>
   </div>
   <div class='ocr_carea' id='block_1_9' title="bbox 176 859 1788 931">
    <p class='ocr_par' dir='ltr' id='par_1_9' title="bbox 176 859 1788 931">
     <span class='ocr_line' id='line_1_9' title="bbox 176 859 1788 931; baseline -0.002 -11"><span class='ocrx_word' id='word_1_49' title='bbox 176 866 368 920; x_wconf 81' lang='lat' dir='ltr'><strong>«Cum</strong></span> <span class='ocrx_word' id='word_1_50' title='bbox 426 872 616 918; x_wconf 91' lang='lat' dir='ltr'><strong>autem</strong></span> <span class='ocrx_word' id='word_1_51' title='bbox 669 861 885 931; x_wconf 85' lang='lat' dir='ltr'><strong>pedites</strong></span> <span class='ocrx_word' id='word_1_52' title='bbox 941 876 1042 917; x_wconf 90' lang='lat' dir='ltr'><strong>seu</strong></span> <span class='ocrx_word' id='word_1_53' title='bbox 1093 875 1375 931; x_wconf 84' lang='lat' dir='ltr'><strong>pauperes</strong></span> <span class='ocrx_word' id='word_1_54' title='bbox 1414 859 1600 917; x_wconf 86' lang='lat' dir='ltr'><strong>clerici</strong></span> <span class='ocrx_word' id='word_1_55' title='bbox 1630 876 1788 931; x_wconf 87' lang='lat' dir='ltr'><strong>pere-</strong></span> 
     </span>
    </p>
   </div>
   <div class='ocr_carea' id='block_1_10' title="bbox 101 949 1787 1025">
    <p class='ocr_par' dir='ltr' id='par_1_10' title="bbox 101 949 1787 1025">
     <span class='ocr_line' id='line_1_10' title="bbox 101 949 1787 1025; baseline -0.002 -17"><span class='ocrx_word' id='word_1_56' title='bbox 101 953 246 1025; x_wconf 87' lang='lat' dir='ltr'><strong>grini</strong></span> <span class='ocrx_word' id='word_1_57' title='bbox 299 953 368 1008; x_wconf 91' lang='lat' dir='ltr'><strong>de</strong></span> <span class='ocrx_word' id='word_1_58' title='bbox 413 951 736 1022; x_wconf 84' lang='lat' dir='ltr'><strong>longinqua</strong></span> <span class='ocrx_word' id='word_1_59' title='bbox 789 957 942 1006; x_wconf 88' lang='lat' dir='ltr'><strong>terra</strong></span> <span class='ocrx_word' id='word_1_60' title='bbox 991 951 1232 1006; x_wconf 90' lang='lat' dir='ltr'><strong>veniunt</strong></span> <span class='ocrx_word' id='word_1_61' title='bbox 1285 950 1357 1005; x_wconf 91' lang='lat' dir='ltr'><strong>ad</strong></span> <span class='ocrx_word' id='word_1_62' title='bbox 1405 949 1787 1020; x_wconf 88' lang='lat' dir='ltr'><strong>eleemosyna-</strong></span> 
     </span>
    </p>
   </div>
   <div class='ocr_carea' id='block_1_11' title="bbox 100 1038 1789 1110">
    <p class='ocr_par' dir='ltr' id='par_1_11' title="bbox 100 1038 1789 1110">
     <span class='ocr_line' id='line_1_11' title="bbox 100 1038 1789 1110; baseline -0.002 -13"><span class='ocrx_word' id='word_1_63' title='bbox 100 1043 260 1108; x_wconf 89' lang='lat' dir='ltr'><strong>riam,</strong></span> <span class='ocrx_word' id='word_1_64' title='bbox 291 1042 406 1110; x_wconf 89' lang='lat' dir='ltr'><strong>ipse</strong></span> <span class='ocrx_word' id='word_1_65' title='bbox 453 1039 587 1095; x_wconf 87' lang='lat' dir='ltr'><strong>dicit</strong></span> <span class='ocrx_word' id='word_1_66' title='bbox 637 1047 770 1094; x_wconf 86' lang='lat' dir='ltr'><strong>ante</strong></span> <span class='ocrx_word' id='word_1_67' title='bbox 823 1038 1132 1108; x_wconf 86' lang='lat' dir='ltr'><strong>prandium</strong></span> <span class='ocrx_word' id='word_1_68' title='bbox 1183 1038 1428 1094; x_wconf 86' lang='lat' dir='ltr'><strong>fratrum</strong></span> <span class='ocrx_word' id='word_1_69' title='bbox 1477 1039 1669 1094; x_wconf 84' lang='lat' dir='ltr'><strong>abbati</strong></span> <span class='ocrx_word' id='word_1_70' title='bbox 1701 1039 1789 1094; x_wconf 87' lang='lat' dir='ltr'><strong>vel</strong></span> 
     </span>
    </p>
   </div>
   <div class='ocr_carea' id='block_1_12' title="bbox 99 1125 1788 1200">
    <p class='ocr_par' dir='ltr' id='par_1_12' title="bbox 99 1125 1788 1200">
     <span class='ocr_line' id='line_1_12' title="bbox 99 1125 1788 1200; baseline -0.002 -16"><span class='ocrx_word' id='word_1_71' title='bbox 99 1129 289 1200; x_wconf 90' lang='lat' dir='ltr'><strong>priori,</strong></span> <span class='ocrx_word' id='word_1_72' title='bbox 325 1137 379 1184; x_wconf 92' lang='lat' dir='ltr'><strong>et</strong></span> <span class='ocrx_word' id='word_1_73' title='bbox 417 1135 650 1196; x_wconf 86' lang='lat' dir='ltr'><strong>accepta</strong></span> <span class='ocrx_word' id='word_1_74' title='bbox 709 1127 941 1181; x_wconf 85' lang='lat' dir='ltr'><strong>licentia</strong></span> <span class='ocrx_word' id='word_1_75' title='bbox 992 1127 1150 1182; x_wconf 90' lang='lat' dir='ltr'><strong>ducit</strong></span> <span class='ocrx_word' id='word_1_76' title='bbox 1197 1141 1292 1182; x_wconf 91' lang='lat' dir='ltr'><strong>eos</strong></span> <span class='ocrx_word' id='word_1_77' title='bbox 1334 1127 1391 1181; x_wconf 92' lang='lat' dir='ltr'><strong>in</strong></span> <span class='ocrx_word' id='word_1_78' title='bbox 1425 1125 1788 1182; x_wconf 86' lang='lat' dir='ltr'><strong>refectorium</strong></span> 
     </span>
    </p>
   </div>
   <div class='ocr_carea' id='block_1_13' title="bbox 99 1215 1791 1287">
    <p class='ocr_par' dir='ltr' id='par_1_13' title="bbox 99 1215 1791 1287">
     <span class='ocr_line' id='line_1_13' title="bbox 99 1215 1791 1287; baseline -0.003 -13"><span class='ocrx_word' id='word_1_79' title='bbox 99 1233 228 1274; x_wconf 91' lang='lat' dir='ltr'><strong>cum</strong></span> <span class='ocrx_word' id='word_1_80' title='bbox 258 1217 407 1287; x_wconf 90' lang='lat' dir='ltr'><strong>peris</strong></span> <span class='ocrx_word' id='word_1_81' title='bbox 459 1216 596 1272; x_wconf 88' lang='lat' dir='ltr'><strong>suis.</strong></span> <span class='ocrx_word' id='word_1_82' title='bbox 638 1215 768 1270; x_wconf 86' lang='lat' dir='ltr'><strong>Istis</strong></span> <span class='ocrx_word' id='word_1_83' title='bbox 796 1229 939 1270; x_wconf 90' lang='lat' dir='ltr'><strong>vero</strong></span> <span class='ocrx_word' id='word_1_84' title='bbox 969 1229 1083 1270; x_wconf 91' lang='lat' dir='ltr'><strong>non</strong></span> <span class='ocrx_word' id='word_1_85' title='bbox 1114 1215 1554 1270; x_wconf 88' lang='lat' dir='ltr'><strong>commodantur</strong></span> <span class='ocrx_word' id='word_1_86' title='bbox 1583 1229 1791 1284; x_wconf 90' lang='lat' dir='ltr'><strong>super—</strong></span> 
     </span>
    </p>
   </div>
   <div class='ocr_carea' id='block_1_14' title="bbox 97 1303 1792 1376">
    <p class='ocr_par' dir='ltr' id='par_1_14' title="bbox 97 1303 1792 1376">
     <span class='ocr_line' id='line_1_14' title="bbox 97 1303 1792 1376; baseline -0.002 -14"><span class='ocrx_word' id='word_1_87' title='bbox 97 1307 345 1376; x_wconf 88' lang='lat' dir='ltr'><strong>pellicia;</strong></span> <span class='ocrx_word' id='word_1_88' title='bbox 397 1319 596 1361; x_wconf 89' lang='lat' dir='ltr'><strong>eorum</strong></span> <span class='ocrx_word' id='word_1_89' title='bbox 649 1305 803 1359; x_wconf 90' lang='lat' dir='ltr'><strong>enim</strong></span> <span class='ocrx_word' id='word_1_90' title='bbox 861 1311 1087 1359; x_wconf 91' lang='lat' dir='ltr'><strong>tantum</strong></span> <span class='ocrx_word' id='word_1_91' title='bbox 1135 1307 1238 1371; x_wconf 90' lang='lat' dir='ltr'><strong>est,</strong></span> <span class='ocrx_word' id='word_1_92' title='bbox 1291 1304 1394 1375; x_wconf 91' lang='lat' dir='ltr'><strong>qui</strong></span> <span class='ocrx_word' id='word_1_93' title='bbox 1441 1318 1571 1360; x_wconf 89' lang='lat' dir='ltr'><strong>cum</strong></span> <span class='ocrx_word' id='word_1_94' title='bbox 1626 1303 1792 1373; x_wconf 90' lang='lat' dir='ltr'><strong>equis</strong></span> 
     </span>
    </p>
   </div>
   <div class='ocr_carea' id='block_1_15' title="bbox 95 1395 332 1450">
    <p class='ocr_par' dir='ltr' id='par_1_15' title="bbox 95 1395 332 1450">
     <span class='ocr_line' id='line_1_15' title="bbox 95 1395 332 1450; baseline -0.013 0"><span class='ocrx_word' id='word_1_95' title='bbox 95 1395 332 1450; x_wconf 84' lang='lat' dir='ltr'><strong>vadunt.</strong></span> 
     </span>
    </p>
   </div>
   <div class='ocr_carea' id='block_1_16' title="bbox 167 1481 1791 1551">
    <p class='ocr_par' dir='ltr' id='par_1_16' title="bbox 167 1481 1791 1551">
     <span class='ocr_line' id='line_1_16' title="bbox 167 1481 1791 1551; baseline -0.001 -14"><span class='ocrx_word' id='word_1_96' title='bbox 167 1483 562 1538; x_wconf 89' lang='lat' dir='ltr'><strong>Cistercienses</strong></span> <span class='ocrx_word' id='word_1_97' title='bbox 614 1495 849 1551; x_wconf 90' lang='lat' dir='ltr'><strong>quoque</strong></span> <span class='ocrx_word' id='word_1_98' title='bbox 896 1495 963 1536; x_wconf 87' lang='lat' dir='ltr'><strong>ea</strong></span> <span class='ocrx_word' id='word_1_99' title='bbox 1009 1481 1078 1536; x_wconf 93' lang='lat' dir='ltr'><strong>de</strong></span> <span class='ocrx_word' id='word_1_100' title='bbox 1133 1495 1194 1536; x_wconf 93' lang='lat' dir='ltr'><strong>re</strong></span> <span class='ocrx_word' id='word_1_101' title='bbox 1239 1481 1598 1537; x_wconf 84' lang='lat' dir='ltr'><strong>commendat</strong></span> <span class='ocrx_word' id='word_1_102' title='bbox 1627 1481 1791 1536; x_wconf 88' lang='lat' dir='ltr'><strong>Guil-</strong></span> 
     </span>
    </p>
   </div>
   <div class='ocr_carea' id='block_1_17' title="bbox 92 1569 1790 1640">
    <p class='ocr_par' dir='ltr' id='par_1_17' title="bbox 92 1569 1790 1640">
     <span class='ocr_line' id='line_1_17' title="bbox 92 1569 1790 1640; baseline -0.002 -13"><span class='ocrx_word' id='word_1_103' title='bbox 92 1572 294 1627; x_wconf 88' lang='lat' dir='ltr'><strong>lelmus</strong></span> <span class='ocrx_word' id='word_1_104' title='bbox 320 1570 652 1640; x_wconf 89' lang='lat' dir='ltr'><strong>Nangiacus</strong></span> <span class='ocrx_word' id='word_1_105' title='bbox 682 1571 752 1624; x_wconf 90' lang='lat' dir='ltr'><strong>ad</strong></span> <span class='ocrx_word' id='word_1_106' title='bbox 785 1583 879 1624; x_wconf 90' lang='lat' dir='ltr'><strong>an.</strong></span> <span class='ocrx_word' id='word_1_107' title='bbox 920 1572 1076 1623; x_wconf 82' lang='lat' dir='ltr'><strong>H76.</strong></span> <span class='ocrx_word' id='word_1_108' title='bbox 1112 1590 1132 1617; x_wconf 72' lang='grc' dir='ltr'><strong>ε</strong></span> <span class='ocrx_word' id='word_1_109' title='bbox 1181 1569 1432 1624; x_wconf 84' lang='lat' dir='ltr'><strong>Maxima</strong></span> <span class='ocrx_word' id='word_1_110' title='bbox 1466 1569 1644 1626; x_wconf 88' lang='lat' dir='ltr'><strong>fames</strong></span> <span class='ocrx_word' id='word_1_111' title='bbox 1683 1569 1790 1625; x_wconf 91' lang='lat' dir='ltr'><strong>fuit</strong></span> 
     </span>
    </p>
   </div>
   <div class='ocr_carea' id='block_1_18' title="bbox 94 1657 1785 1728">
    <p class='ocr_par' dir='ltr' id='par_1_18' title="bbox 94 1657 1785 1728">
     <span class='ocr_line' id='line_1_18' title="bbox 94 1657 1785 1728; baseline -0.002 -13"><span class='ocrx_word' id='word_1_112' title='bbox 94 1660 154 1715; x_wconf 92' lang='lat' dir='ltr'><strong>in</strong></span> <span class='ocrx_word' id='word_1_113' title='bbox 198 1660 405 1726; x_wconf 89' lang='lat' dir='ltr'><strong>Gallia;</strong></span> <span class='ocrx_word' id='word_1_114' title='bbox 463 1673 565 1728; x_wconf 87' lang='lat' dir='ltr'><strong>pro</strong></span> <span class='ocrx_word' id='word_1_115' title='bbox 637 1672 755 1728; x_wconf 88' lang='lat' dir='ltr'><strong>qua</strong></span> <span class='ocrx_word' id='word_1_116' title='bbox 799 1657 870 1712; x_wconf 92' lang='lat' dir='ltr'><strong>ad</strong></span> <span class='ocrx_word' id='word_1_117' title='bbox 918 1659 1386 1713; x_wconf 85' lang='lat' dir='ltr'><strong>sustentationem</strong></span> <span class='ocrx_word' id='word_1_118' title='bbox 1439 1673 1785 1728; x_wconf 87' lang='lat' dir='ltr'><strong>pauperum,</strong></span> 
     </span>
    </p>
   </div>
   <div class='ocr_carea' id='block_1_19' title="bbox 91 1745 1786 1803">
    <p class='ocr_par' dir='ltr' id='par_1_19' title="bbox 91 1745 1786 1803">
     <span class='ocr_line' id='line_1_19' title="bbox 91 1745 1786 1803; baseline -0.002 0"><span class='ocrx_word' id='word_1_119' title='bbox 91 1747 459 1803; x_wconf 85' lang='lat' dir='ltr'><strong>ecclesiarum</strong></span> <span class='ocrx_word' id='word_1_120' title='bbox 519 1745 814 1800; x_wconf 88' lang='lat' dir='ltr'><strong>invadiata</strong></span> <span class='ocrx_word' id='word_1_121' title='bbox 843 1752 979 1799; x_wconf 92' lang='lat' dir='ltr'><strong>sunt</strong></span> <span class='ocrx_word' id='word_1_122' title='bbox 1008 1752 1348 1799; x_wconf 88' lang='lat' dir='ltr'><strong>ornamenta</strong></span> <span class='ocrx_word' id='word_1_123' title='bbox 1373 1753 1428 1799; x_wconf 91' lang='lat' dir='ltr'><strong>et</strong></span> <span class='ocrx_word' id='word_1_124' title='bbox 1458 1752 1786 1800; x_wconf 90' lang='lat' dir='ltr'><strong>sanctorum</strong></span> 
     </span>
    </p>
   </div>
   <div class='ocr_carea' id='block_1_20' title="bbox 93 1833 1788 1902">
    <p class='ocr_par' dir='ltr' id='par_1_20' title="bbox 93 1833 1788 1902">
     <span class='ocr_line' id='line_1_20' title="bbox 93 1833 1788 1902; baseline -0.002 -11"><span class='ocrx_word' id='word_1_125' title='bbox 93 1835 300 1891; x_wconf 91' lang='lat' dir='ltr'><strong>feretra</strong></span> <span class='ocrx_word' id='word_1_126' title='bbox 327 1835 707 1899; x_wconf 85' lang='lat' dir='ltr'><strong>defrustrata;</strong></span> <span class='ocrx_word' id='word_1_127' title='bbox 753 1843 805 1888; x_wconf 93' lang='lat' dir='ltr'><strong>et</strong></span> <span class='ocrx_word' id='word_1_128' title='bbox 838 1840 977 1887; x_wconf 89' lang='lat' dir='ltr'><strong>tunc</strong></span> <span class='ocrx_word' id='word_1_129' title='bbox 1005 1833 1253 1886; x_wconf 85' lang='lat' dir='ltr'><strong>maxime</strong></span> <span class='ocrx_word' id='word_1_130' title='bbox 1283 1834 1551 1902; x_wconf 88' lang='lat' dir='ltr'><strong>apparuit</strong></span> <span class='ocrx_word' id='word_1_131' title='bbox 1581 1833 1788 1888; x_wconf 77' lang='lat' dir='ltr'><strong>Cister-</strong></span> 
     </span>
    </p>
   </div>
   <div class='ocr_carea' id='block_1_21' title="bbox 92 1920 1787 1993">
    <p class='ocr_par' dir='ltr' id='par_1_21' title="bbox 92 1920 1787 1993">
     <span class='ocr_line' id='line_1_21' title="bbox 92 1920 1787 1993; baseline -0.001 -16"><span class='ocrx_word' id='word_1_132' title='bbox 92 1923 295 1978; x_wconf 89' lang='lat' dir='ltr'><strong>ciensis</strong></span> <span class='ocrx_word' id='word_1_133' title='bbox 338 1923 554 1978; x_wconf 89' lang='lat' dir='ltr'><strong>ordinis</strong></span> <span class='ocrx_word' id='word_1_134' title='bbox 603 1921 999 1977; x_wconf 88' lang='lat' dir='ltr'><strong>munificentia</strong></span> <span class='ocrx_word' id='word_1_135' title='bbox 1045 1920 1104 1975; x_wconf 92' lang='lat' dir='ltr'><strong>in</strong></span> <span class='ocrx_word' id='word_1_136' title='bbox 1155 1921 1506 1990; x_wconf 86' lang='lat' dir='ltr'><strong>pauperibus</strong></span> <span class='ocrx_word' id='word_1_137' title='bbox 1555 1930 1787 1993; x_wconf 80' lang='lat' dir='ltr'><strong>susten-</strong></span> 
     </span>
    </p>
   </div>
   <div class='ocr_carea' id='block_1_22' title="bbox 92 2010 367 2066">
    <p class='ocr_par' dir='ltr' id='par_1_22' title="bbox 92 2010 367 2066">
     <span class='ocr_line' id='line_1_22' title="bbox 92 2010 367 2066; baseline -0.022 0"><span class='ocrx_word' id='word_1_138' title='bbox 92 2010 298 2066; x_wconf 87' lang='lat' dir='ltr'><strong>tandis.</strong></span> <span class='ocrx_word' id='word_1_139' title='bbox 341 2029 367 2060; x_wconf 72' lang='grc' dir='ltr'><strong>ι)</strong></span> 
     </span>
    </p>
   </div>
   <div class='ocr_carea' id='block_1_23' title="bbox 161 2093 1788 2168">
    <p class='ocr_par' dir='ltr' id='par_1_23' title="bbox 161 2093 1788 2168">
     <span class='ocr_line' id='line_1_23' title="bbox 161 2093 1788 2168; baseline -0.001 -16"><span class='ocrx_word' id='word_1_140' title='bbox 161 2097 283 2153; x_wconf 91' lang='lat' dir='ltr'><strong>Non</strong></span> <span class='ocrx_word' id='word_1_141' title='bbox 313 2111 448 2168; x_wconf 86' lang='lat' dir='ltr'><strong>ergo</strong></span> <span class='ocrx_word' id='word_1_142' title='bbox 483 2097 696 2152; x_wconf 90' lang='lat' dir='ltr'><strong>mirum</strong></span> <span class='ocrx_word' id='word_1_143' title='bbox 745 2096 792 2150; x_wconf 91' lang='lat' dir='ltr'><strong>si</strong></span> <span class='ocrx_word' id='word_1_144' title='bbox 845 2095 999 2164; x_wconf 90' lang='lat' dir='ltr'><strong>apud</strong></span> <span class='ocrx_word' id='word_1_145' title='bbox 1034 2096 1342 2150; x_wconf 85' lang='lat' dir='ltr'><strong>monachos</strong></span> <span class='ocrx_word' id='word_1_146' title='bbox 1372 2095 1510 2150; x_wconf 92' lang='lat' dir='ltr'><strong>adeo</strong></span> <span class='ocrx_word' id='word_1_147' title='bbox 1542 2093 1788 2165; x_wconf 89' lang='lat' dir='ltr'><strong>opulen—</strong></span> 
     </span>
    </p>
   </div>
   <div class='ocr_carea' id='block_1_24' title="bbox 93 2183 1786 2254">
    <p class='ocr_par' dir='ltr' id='par_1_24' title="bbox 93 2183 1786 2254">
     <span class='ocr_line' id='line_1_24' title="bbox 93 2183 1786 2254; baseline -0.002 -12"><span class='ocrx_word' id='word_1_148' title='bbox 93 2186 184 2243; x_wconf 70' lang='lat' dir='ltr'><strong>tia:</strong></span> <span class='ocrx_word' id='word_1_149' title='bbox 214 2194 267 2241; x_wconf 93' lang='lat' dir='ltr'><strong>et</strong></span> <span class='ocrx_word' id='word_1_150' title='bbox 307 2200 498 2241; x_wconf 91' lang='lat' dir='ltr'><strong>rerum</strong></span> <span class='ocrx_word' id='word_1_151' title='bbox 552 2199 692 2254; x_wconf 90' lang='lat' dir='ltr'><strong>pene</strong></span> <span class='ocrx_word' id='word_1_152' title='bbox 747 2185 1007 2240; x_wconf 90' lang='lat' dir='ltr'><strong>omnium</strong></span> <span class='ocrx_word' id='word_1_153' title='bbox 1062 2183 1224 2253; x_wconf 92' lang='lat' dir='ltr'><strong>copia</strong></span> <span class='ocrx_word' id='word_1_154' title='bbox 1272 2184 1628 2249; x_wconf 85' lang='lat' dir='ltr'><strong>exuberarit,</strong></span> <span class='ocrx_word' id='word_1_155' title='bbox 1684 2184 1786 2253; x_wconf 88' lang='lat' dir='ltr'><strong>qui</strong></span> 
     </span>
    </p>
   </div>
   <div class='ocr_carea' id='block_1_25' title="bbox 89 2271 1784 2341">
    <p class='ocr_par' dir='ltr' id='par_1_25' title="bbox 89 2271 1784 2341">
     <span class='ocr_line' id='line_1_25' title="bbox 89 2271 1784 2341; baseline -0.003 -10"><span class='ocrx_word' id='word_1_156' title='bbox 89 2283 209 2331; x_wconf 89' lang='lat' dir='ltr'><strong>tam</strong></span> <span class='ocrx_word' id='word_1_157' title='bbox 240 2274 494 2340; x_wconf 83' lang='lat' dir='ltr'><strong>sollicite,</strong></span> <span class='ocrx_word' id='word_1_158' title='bbox 546 2273 821 2328; x_wconf 90' lang='lat' dir='ltr'><strong>animitus</strong></span> <span class='ocrx_word' id='word_1_159' title='bbox 873 2281 928 2328; x_wconf 90' lang='lat' dir='ltr'><strong>et</strong></span> <span class='ocrx_word' id='word_1_160' title='bbox 979 2271 1193 2327; x_wconf 80' lang='lat' dir='ltr'><strong>alfatim</strong></span> <span class='ocrx_word' id='word_1_161' title='bbox 1245 2287 1302 2326; x_wconf 91' lang='lat' dir='ltr'><strong>se</strong></span> <span class='ocrx_word' id='word_1_162' title='bbox 1349 2285 1572 2341; x_wconf 91' lang='lat' dir='ltr'><strong>suaque</strong></span> <span class='ocrx_word' id='word_1_163' title='bbox 1618 2272 1784 2327; x_wconf 89' lang='lat' dir='ltr'><strong>Chri-</strong></span> 
     </span>
    </p>
   </div>
   <div class='ocr_carea' id='block_1_26' title="bbox 87 2361 1783 2429">
    <p class='ocr_par' dir='ltr' id='par_1_26' title="bbox 87 2361 1783 2429">
     <span class='ocr_line' id='line_1_26' title="bbox 87 2361 1783 2429; baseline -0.002 -11"><span class='ocrx_word' id='word_1_164' title='bbox 87 2372 178 2419; x_wconf 90' lang='lat' dir='ltr'><strong>sto</strong></span> <span class='ocrx_word' id='word_1_165' title='bbox 233 2363 533 2418; x_wconf 87' lang='lat' dir='ltr'><strong>tradebant</strong></span> <span class='ocrx_word' id='word_1_166' title='bbox 603 2363 844 2417; x_wconf 90' lang='lat' dir='ltr'><strong>Domino</strong></span> <span class='ocrx_word' id='word_1_167' title='bbox 918 2361 1352 2429; x_wconf 88' lang='lat' dir='ltr'><strong>universorum;</strong></span> <span class='ocrx_word' id='word_1_168' title='bbox 1407 2361 1524 2429; x_wconf 91' lang='lat' dir='ltr'><strong>ipse</strong></span> <span class='ocrx_word' id='word_1_169' title='bbox 1577 2361 1783 2416; x_wconf 90' lang='lat' dir='ltr'><strong>etenim</strong></span> 
     </span>
    </p>
   </div>
   <div class='ocr_carea' id='block_1_27' title="bbox 88 2448 1783 2516">
    <p class='ocr_par' dir='ltr' id='par_1_27' title="bbox 88 2448 1783 2516">
     <span class='ocr_line' id='line_1_27' title="bbox 88 2448 1783 2516; baseline -0.002 -9"><span class='ocrx_word' id='word_1_170' title='bbox 88 2459 390 2508; x_wconf 88' lang='lat' dir='ltr'><strong>attestatus</strong></span> <span class='ocrx_word' id='word_1_171' title='bbox 417 2459 501 2506; x_wconf 90' lang='lat' dir='ltr'><strong>est</strong></span> <span class='ocrx_word' id='word_1_172' title='bbox 533 2467 546 2504; x_wconf 89' lang='lat'>:</span> <span class='ocrx_word' id='word_1_173' title='bbox 584 2469 609 2502; x_wconf 72' lang='grc' dir='ltr'>α</span> <span class='ocrx_word' id='word_1_174' title='bbox 639 2450 801 2513; x_wconf 87' lang='lat' dir='ltr'><strong>Quod</strong></span> <span class='ocrx_word' id='word_1_175' title='bbox 845 2450 942 2504; x_wconf 91' lang='lat' dir='ltr'><strong>uni</strong></span> <span class='ocrx_word' id='word_1_176' title='bbox 971 2463 1038 2504; x_wconf 88' lang='lat' dir='ltr'><strong>ex</strong></span> <span class='ocrx_word' id='word_1_177' title='bbox 1081 2449 1333 2503; x_wconf 90' lang='lat' dir='ltr'><strong>minimis</strong></span> <span class='ocrx_word' id='word_1_178' title='bbox 1361 2450 1504 2503; x_wconf 88' lang='lat' dir='ltr'><strong>meis</strong></span> <span class='ocrx_word' id='word_1_179' title='bbox 1560 2448 1783 2516; x_wconf 84' lang='lat' dir='ltr'><strong>fecistis,</strong></span> 
     </span>
    </p>
   </div>
   <div class='ocr_carea' id='block_1_28' title="bbox 84 2537 1786 2608">
    <p class='ocr_par' dir='ltr' id='par_1_28' title="bbox 84 2537 1786 2608">
     <span class='ocr_line' id='line_1_28' title="bbox 84 2537 1786 2608; baseline -0.002 -13"><span class='ocrx_word' id='word_1_180' title='bbox 84 2541 232 2596; x_wconf 88' lang='lat' dir='ltr'><strong>mihi</strong></span> <span class='ocrx_word' id='word_1_181' title='bbox 291 2539 498 2594; x_wconf 77' lang='lat' dir='ltr'><strong>fecistis</strong></span> <span class='ocrx_word' id='word_1_182' title='bbox 555 2537 786 2608; x_wconf 79' lang='lat' dir='ltr'><strong>(Matth.</strong></span> <span class='ocrx_word' id='word_1_183' title='bbox 843 2551 986 2604; x_wconf 83' lang='lat' dir='ltr'><strong>xxv,</strong></span> <span class='ocrx_word' id='word_1_184' title='bbox 1047 2539 1168 2605; x_wconf 73' lang='lat'><strong>40);</strong></span> <span class='ocrx_word' id='word_1_185' title='bbox 1206 2559 1234 2586; x_wconf 83' lang='lat'>»</span> <span class='ocrx_word' id='word_1_186' title='bbox 1257 2546 1312 2593; x_wconf 91' lang='lat' dir='ltr'><strong>et</strong></span> <span class='ocrx_word' id='word_1_187' title='bbox 1360 2538 1694 2608; x_wconf 90' lang='lat' dir='ltr'><strong>centuplum</strong></span> <span class='ocrx_word' id='word_1_188' title='bbox 1730 2540 1786 2592; x_wconf 91' lang='lat' dir='ltr'><strong>in</strong></span> 
     </span>
    </p>
   </div>
   <div class='ocr_carea' id='block_1_29' title="bbox 88 2625 1786 2694">
    <p class='ocr_par' dir='ltr' id='par_1_29' title="bbox 88 2625 1786 2694">
     <span class='ocr_line' id='line_1_29' title="bbox 88 2625 1786 2694; baseline -0.001 -10"><span class='ocrx_word' id='word_1_189' title='bbox 88 2629 200 2684; x_wconf 85' lang='lat' dir='ltr'><strong>hoc</strong></span> <span class='ocrx_word' id='word_1_190' title='bbox 248 2627 476 2694; x_wconf 72' lang='lat' dir='ltr'><strong>saeculo,</strong></span> <span class='ocrx_word' id='word_1_191' title='bbox 519 2635 573 2682; x_wconf 89' lang='lat' dir='ltr'><strong>et</strong></span> <span class='ocrx_word' id='word_1_192' title='bbox 602 2626 661 2680; x_wconf 91' lang='lat' dir='ltr'><strong>in</strong></span> <span class='ocrx_word' id='word_1_193' title='bbox 720 2625 897 2681; x_wconf 85' lang='lat' dir='ltr'><strong>altero</strong></span> <span class='ocrx_word' id='word_1_194' title='bbox 925 2626 1103 2681; x_wconf 90' lang='lat' dir='ltr'><strong>vitam</strong></span> <span class='ocrx_word' id='word_1_195' title='bbox 1133 2635 1404 2682; x_wconf 80' lang='lat' dir='ltr'><strong>aeternam</strong></span> <span class='ocrx_word' id='word_1_196' title='bbox 1439 2642 1495 2682; x_wconf 82' lang='lat' dir='ltr'><strong>se</strong></span> <span class='ocrx_word' id='word_1_197' title='bbox 1525 2627 1786 2682; x_wconf 88' lang='lat' dir='ltr'><strong>redditu-</strong></span> 
     </span>
    </p>
   </div>
   <div class='ocr_carea' id='block_1_30' title="bbox 84 2715 572 2786">
    <p class='ocr_par' dir='ltr' id='par_1_30' title="bbox 84 2715 572 2786">
     <span class='ocr_line' id='line_1_30' title="bbox 84 2715 572 2786; baseline -0.008 -13"><span class='ocrx_word' id='word_1_198' title='bbox 84 2732 217 2773; x_wconf 91' lang='lat' dir='ltr'><strong>rum</strong></span> <span class='ocrx_word' id='word_1_199' title='bbox 252 2715 572 2786; x_wconf 90' lang='lat' dir='ltr'><strong>spopondit.</strong></span> 
     </span>
    </p>
   </div>
   <div class='ocr_carea' id='block_1_31' title="bbox 162 2801 1784 2874">
    <p class='ocr_par' dir='ltr' id='par_1_31' title="bbox 162 2801 1784 2874">
     <span class='ocr_line' id='line_1_31' title="bbox 162 2801 1784 2874; baseline 0 -16"><span class='ocrx_word' id='word_1_200' title='bbox 162 2802 255 2874; x_wconf 69' lang='lat'><strong>(36)</strong></span> <span class='ocrx_word' id='word_1_201' title='bbox 284 2805 416 2860; x_wconf 82' lang='lat' dir='ltr'><strong>CAP.</strong></span> <span class='ocrx_word' id='word_1_202' title='bbox 451 2803 602 2858; x_wconf 34' lang='lat' dir='ltr'><strong>Vll’l.</strong></span> <span class='ocrx_word' id='word_1_203' title='bbox 647 2833 715 2842; x_wconf 92' lang='lat'><strong>——</strong></span> <span class='ocrx_word' id='word_1_204' title='bbox 765 2801 874 2867; x_wconf 85' lang='lat' dir='ltr'><strong>Qui</strong></span> <span class='ocrx_word' id='word_1_205' title='bbox 926 2801 988 2855; x_wconf 82' lang='lat' dir='ltr'><strong>in</strong></span> <span class='ocrx_word' id='word_1_206' title='bbox 1044 2801 1254 2856; x_wconf 70' lang='lat' dir='ltr'><strong>eisdem</strong></span> <span class='ocrx_word' id='word_1_207' title='bbox 1280 2807 1587 2873; x_wconf 79' lang='lat' dir='ltr'><strong>parentum</strong></span> <span class='ocrx_word' id='word_1_208' title='bbox 1615 2803 1784 2858; x_wconf 76' lang='lat' dir='ltr'><strong>devo-</strong></span> 
     </span>
    </p>
   </div>
   <div class='ocr_carea' id='block_1_32' title="bbox 85 2889 1784 2960">
    <p class='ocr_par' dir='ltr' id='par_1_32' title="bbox 85 2889 1784 2960">
     <span class='ocr_line' id='line_1_32' title="bbox 85 2889 1784 2960; baseline 0 -14"><span class='ocrx_word' id='word_1_209' title='bbox 85 2892 242 2947; x_wconf 78' lang='lat' dir='ltr'><strong>tione</strong></span> <span class='ocrx_word' id='word_1_210' title='bbox 259 2890 572 2946; x_wconf 80' lang='lat' dir='ltr'><strong>contraditi</strong></span> <span class='ocrx_word' id='word_1_211' title='bbox 590 2891 664 2945; x_wconf 85' lang='lat' dir='ltr'><strong>ab</strong></span> <span class='ocrx_word' id='word_1_212' title='bbox 678 2889 912 2944; x_wconf 79' lang='lat' dir='ltr'><strong>ineunte</strong></span> <span class='ocrx_word' id='word_1_213' title='bbox 926 2891 1256 2944; x_wconf 80' lang='lat' dir='ltr'><strong>nutriebant</strong></span> <span class='ocrx_word' id='word_1_214' title='bbox 1264 2907 1334 2946; x_wconf 86' lang='lat' dir='ltr'><strong>ur</strong></span> <span class='ocrx_word' id='word_1_215' title='bbox 1349 2895 1534 2945; x_wconf 58' lang='lat' dir='ltr'><strong>etate.</strong></span> <span class='ocrx_word' id='word_1_216' title='bbox 1559 2892 1784 2960; x_wconf 86' lang='lat' dir='ltr'><strong>Optima</strong></span> 
     </span>
    </p>
   </div>
   <div class='ocr_carea' id='block_1_33' title="bbox 1897 508 3588 581">
    <p class='ocr_par' dir='ltr' id='par_1_33' title="bbox 1897 508 3588 581">
     <span class='ocr_line' id='line_1_33' title="bbox 1897 508 3588 581; baseline -0.001 -14"><span class='ocrx_word' id='word_1_217' title='bbox 1897 520 2049 567; x_wconf 90' lang='lat' dir='ltr'><strong>trum</strong></span> <span class='ocrx_word' id='word_1_218' title='bbox 2084 520 2142 567; x_wconf 92' lang='lat' dir='ltr'><strong>ut</strong></span> <span class='ocrx_word' id='word_1_219' title='bbox 2202 525 2445 580; x_wconf 88' lang='lat' dir='ltr'><strong>puerum</strong></span> <span class='ocrx_word' id='word_1_220' title='bbox 2494 508 2693 564; x_wconf 77' lang='lat' dir='ltr'><strong>offerat</strong></span> <span class='ocrx_word' id='word_1_221' title='bbox 2727 509 2782 562; x_wconf 92' lang='lat' dir='ltr'><strong>in</strong></span> <span class='ocrx_word' id='word_1_222' title='bbox 2815 509 2936 564; x_wconf 82' lang='lat' dir='ltr'><strong>vice</strong></span> <span class='ocrx_word' id='word_1_223' title='bbox 2971 517 3272 578; x_wconf 90' lang='lat' dir='ltr'><strong>parentum</strong></span> <span class='ocrx_word' id='word_1_224' title='bbox 3306 511 3450 580; x_wconf 83' lang='lat' dir='ltr'><strong>ejus,</strong></span> <span class='ocrx_word' id='word_1_225' title='bbox 3487 512 3588 581; x_wconf 88' lang='lat' dir='ltr'><strong>qui</strong></span> 
     </span>
    </p>
   </div>
   <div class='ocr_carea' id='block_1_34' title="bbox 1897 597 3588 670">
    <p class='ocr_par' dir='ltr' id='par_1_34' title="bbox 1897 597 3588 670">
     <span class='ocr_line' id='line_1_34' title="bbox 1897 597 3588 670; baseline 0.001 -16"><span class='ocrx_word' id='word_1_226' title='bbox 1897 600 2246 670; x_wconf 86' lang='lat' dir='ltr'><strong>petitionem,</strong></span> <span class='ocrx_word' id='word_1_227' title='bbox 2298 613 2484 670; x_wconf 55' lang='lat' dir='ltr'><strong>,quam</strong></span> <span class='ocrx_word' id='word_1_228' title='bbox 2548 597 2807 652; x_wconf 87' lang='lat' dir='ltr'><strong>facturus</strong></span> <span class='ocrx_word' id='word_1_229' title='bbox 2862 605 2962 663; x_wconf 91' lang='lat' dir='ltr'><strong>est,</strong></span> <span class='ocrx_word' id='word_1_230' title='bbox 3024 599 3292 667; x_wconf 87' lang='lat' dir='ltr'><strong>scriptam</strong></span> <span class='ocrx_word' id='word_1_231' title='bbox 3354 601 3588 669; x_wconf 87' lang='lat' dir='ltr'><strong>habens,</strong></span> 
     </span>
    </p>
   </div>
   <div class='ocr_carea' id='block_1_35' title="bbox 1896 689 3592 762">
    <p class='ocr_par' dir='ltr' id='par_1_35' title="bbox 1896 689 3592 762">
     <span class='ocr_line' id='line_1_35' title="bbox 1896 689 3592 762; baseline 0 -16"><span class='ocrx_word' id='word_1_232' title='bbox 1896 692 2197 746; x_wconf 84' lang='lat' dir='ltr'><strong>confirmat</strong></span> <span class='ocrx_word' id='word_1_233' title='bbox 2226 703 2350 744; x_wconf 87' lang='lat' dir='ltr'><strong>eam</strong></span> <span class='ocrx_word' id='word_1_234' title='bbox 2394 690 2557 760; x_wconf 89' lang='lat' dir='ltr'><strong>signo</strong></span> <span class='ocrx_word' id='word_1_235' title='bbox 2598 689 2842 757; x_wconf 65' lang='lat' dir='ltr'><strong>propria:</strong></span> <span class='ocrx_word' id='word_1_236' title='bbox 2875 701 3100 754; x_wconf 91' lang='lat' dir='ltr'><strong>manus,</strong></span> <span class='ocrx_word' id='word_1_237' title='bbox 3133 697 3187 742; x_wconf 92' lang='lat' dir='ltr'><strong>et</strong></span> <span class='ocrx_word' id='word_1_238' title='bbox 3234 696 3424 757; x_wconf 87' lang='lat' dir='ltr'><strong>postea</strong></span> <span class='ocrx_word' id='word_1_239' title='bbox 3458 689 3592 762; x_wconf 83' lang='lat' dir='ltr'><strong>legit</strong></span> 
     </span>
    </p>
   </div>
   <div class='ocr_carea' id='block_1_36' title="bbox 1893 777 3589 848">
    <p class='ocr_par' dir='ltr' id='par_1_36' title="bbox 1893 777 3589 848">
     <span class='ocr_line' id='line_1_36' title="bbox 1893 777 3589 848; baseline -0.001 -13"><span class='ocrx_word' id='word_1_240' title='bbox 1893 795 2020 835; x_wconf 90' lang='lat' dir='ltr'><strong>eam</strong></span> <span class='ocrx_word' id='word_1_241' title='bbox 2055 781 2109 833; x_wconf 90' lang='lat' dir='ltr'><strong>in</strong></span> <span class='ocrx_word' id='word_1_242' title='bbox 2141 787 2358 848; x_wconf 91' lang='lat' dir='ltr'><strong>aperto,</strong></span> <span class='ocrx_word' id='word_1_243' title='bbox 2413 787 2466 833; x_wconf 90' lang='lat' dir='ltr'><strong>et</strong></span> <span class='ocrx_word' id='word_1_244' title='bbox 2495 777 2665 832; x_wconf 92' lang='lat' dir='ltr'><strong>mittit</strong></span> <span class='ocrx_word' id='word_1_245' title='bbox 2698 777 2752 831; x_wconf 93' lang='lat' dir='ltr'><strong>in</strong></span> <span class='ocrx_word' id='word_1_246' title='bbox 2799 791 3031 831; x_wconf 86' lang='lat' dir='ltr'><strong>manum</strong></span> <span class='ocrx_word' id='word_1_247' title='bbox 3067 777 3283 830; x_wconf 90' lang='lat' dir='ltr'><strong>domini</strong></span> <span class='ocrx_word' id='word_1_248' title='bbox 3340 777 3589 847; x_wconf 88' lang='lat' dir='ltr'><strong>abbatis;</strong></span> 
     </span>
    </p>
   </div>
   <div class='ocr_carea' id='block_1_37' title="bbox 1895 864 3593 937">
    <p class='ocr_par' dir='ltr' id='par_1_37' title="bbox 1895 864 3593 937">
     <span class='ocr_line' id='line_1_37' title="bbox 1895 864 3593 937; baseline -0.001 -13"><span class='ocrx_word' id='word_1_249' title='bbox 1895 877 1979 925; x_wconf 92' lang='lat' dir='ltr'><strong>est</strong></span> <span class='ocrx_word' id='word_1_250' title='bbox 2004 877 2193 924; x_wconf 89' lang='lat' dir='ltr'><strong>autem</strong></span> <span class='ocrx_word' id='word_1_251' title='bbox 2251 866 2584 937; x_wconf 89' lang='lat' dir='ltr'><strong>hujusmodi</strong></span> <span class='ocrx_word' id='word_1_252' title='bbox 2620 881 2631 918; x_wconf 91' lang='lat'>:</span> <span class='ocrx_word' id='word_1_253' title='bbox 2669 887 2690 914; x_wconf 75' lang='grc' dir='ltr'>ι</span> <span class='ocrx_word' id='word_1_254' title='bbox 2729 867 2848 935; x_wconf 85' lang='lat' dir='ltr'><strong>Ego</strong></span> <span class='ocrx_word' id='word_1_255' title='bbox 2894 865 3069 919; x_wconf 85' lang='lat' dir='ltr'><strong>frater</strong></span> <span class='ocrx_word' id='word_1_256' title='bbox 3096 865 3162 919; x_wconf 85' lang='lat' dir='ltr'><strong>N.</strong></span> <span class='ocrx_word' id='word_1_257' title='bbox 3196 864 3370 921; x_wconf 82' lang='lat' dir='ltr'><strong>offero</strong></span> <span class='ocrx_word' id='word_1_258' title='bbox 3397 866 3509 922; x_wconf 92' lang='lat' dir='ltr'><strong>Deo</strong></span> <span class='ocrx_word' id='word_1_259' title='bbox 3538 876 3593 923; x_wconf 91' lang='lat' dir='ltr'><strong>et</strong></span> 
     </span>
    </p>
   </div>
   <div class='ocr_carea' id='block_1_38' title="bbox 1895 950 3596 1024">
    <p class='ocr_par' dir='ltr' id='par_1_38' title="bbox 1895 950 3596 1024">
     <span class='ocr_line' id='line_1_38' title="bbox 1895 950 3596 1024; baseline -0.002 -14"><span class='ocrx_word' id='word_1_260' title='bbox 1895 955 2107 1010; x_wconf 88' lang='lat' dir='ltr'><strong>sanctis</strong></span> <span class='ocrx_word' id='word_1_261' title='bbox 2132 953 2401 1024; x_wconf 90' lang='lat' dir='ltr'><strong>apostolis</strong></span> <span class='ocrx_word' id='word_1_262' title='bbox 2420 954 2546 1022; x_wconf 89' lang='lat' dir='ltr'><strong>ejus</strong></span> <span class='ocrx_word' id='word_1_263' title='bbox 2566 952 2726 1006; x_wconf 90' lang='lat' dir='ltr'><strong>Petro</strong></span> <span class='ocrx_word' id='word_1_264' title='bbox 2756 959 2810 1006; x_wconf 87' lang='lat' dir='ltr'><strong>et</strong></span> <span class='ocrx_word' id='word_1_265' title='bbox 2841 950 3015 1005; x_wconf 87' lang='lat' dir='ltr'><strong>Paulo</strong></span> <span class='ocrx_word' id='word_1_266' title='bbox 3042 950 3196 1005; x_wconf 89' lang='lat' dir='ltr'><strong>hunc</strong></span> <span class='ocrx_word' id='word_1_267' title='bbox 3228 964 3472 1018; x_wconf 90' lang='lat' dir='ltr'><strong>puerum</strong></span> <span class='ocrx_word' id='word_1_268' title='bbox 3505 967 3596 1007; x_wconf 88' lang='lat' dir='ltr'><strong>no-</strong></span> 
     </span>
    </p>
   </div>
   <div class='ocr_carea' id='block_1_39' title="bbox 1895 1037 3589 1108">
    <p class='ocr_par' dir='ltr' id='par_1_39' title="bbox 1895 1037 3589 1108">
     <span class='ocr_line' id='line_1_39' title="bbox 1895 1037 3589 1108; baseline 0 -13"><span class='ocrx_word' id='word_1_269' title='bbox 1895 1041 2051 1096; x_wconf 91' lang='lat' dir='ltr'><strong>mine</strong></span> <span class='ocrx_word' id='word_1_270' title='bbox 2080 1040 2147 1096; x_wconf 91' lang='lat' dir='ltr'><strong>N.</strong></span> <span class='ocrx_word' id='word_1_271' title='bbox 2181 1041 2304 1094; x_wconf 90' lang='lat' dir='ltr'><strong>vice</strong></span> <span class='ocrx_word' id='word_1_272' title='bbox 2336 1047 2635 1108; x_wconf 89' lang='lat' dir='ltr'><strong>parentum</strong></span> <span class='ocrx_word' id='word_1_273' title='bbox 2655 1038 2798 1108; x_wconf 83' lang='lat' dir='ltr'><strong>ejus.</strong></span> <span class='ocrx_word' id='word_1_274' title='bbox 2828 1051 2957 1092; x_wconf 92' lang='lat' dir='ltr'><strong>cum</strong></span> <span class='ocrx_word' id='word_1_275' title='bbox 2989 1037 3272 1093; x_wconf 88' lang='lat' dir='ltr'><strong>oblatione</strong></span> <span class='ocrx_word' id='word_1_276' title='bbox 3302 1037 3360 1093; x_wconf 91' lang='lat' dir='ltr'><strong>in</strong></span> <span class='ocrx_word' id='word_1_277' title='bbox 3392 1054 3589 1106; x_wconf 89' lang='lat' dir='ltr'><strong>manu,</strong></span> 
     </span>
    </p>
   </div>
   <div class='ocr_carea' id='block_1_40' title="bbox 1897 1126 3590 1198">
    <p class='ocr_par' dir='ltr' id='par_1_40' title="bbox 1897 1126 3590 1198">
     <span class='ocr_line' id='line_1_40' title="bbox 1897 1126 3590 1198; baseline -0.001 -14"><span class='ocrx_word' id='word_1_278' title='bbox 1897 1136 2072 1198; x_wconf 91' lang='lat' dir='ltr'><strong>atque</strong></span> <span class='ocrx_word' id='word_1_279' title='bbox 2122 1127 2411 1198; x_wconf 87' lang='lat' dir='ltr'><strong>petitione,</strong></span> <span class='ocrx_word' id='word_1_280' title='bbox 2478 1127 2675 1181; x_wconf 88' lang='lat' dir='ltr'><strong>altaris</strong></span> <span class='ocrx_word' id='word_1_281' title='bbox 2712 1126 2863 1194; x_wconf 88' lang='lat' dir='ltr'><strong>palla</strong></span> <span class='ocrx_word' id='word_1_282' title='bbox 2916 1139 3093 1181; x_wconf 89' lang='lat' dir='ltr'><strong>manu</strong></span> <span class='ocrx_word' id='word_1_283' title='bbox 3143 1128 3269 1196; x_wconf 88' lang='lat' dir='ltr'><strong>ejus</strong></span> <span class='ocrx_word' id='word_1_284' title='bbox 3314 1126 3590 1194; x_wconf 91' lang='lat' dir='ltr'><strong>involuta,</strong></span> 
     </span>
    </p>
   </div>
   <div class='ocr_carea' id='block_1_41' title="bbox 1896 1215 3590 1285">
    <p class='ocr_par' dir='ltr' id='par_1_41' title="bbox 1896 1215 3590 1285">
     <span class='ocr_line' id='line_1_41' title="bbox 1896 1215 3590 1285; baseline -0.001 -13"><span class='ocrx_word' id='word_1_285' title='bbox 1896 1217 1968 1272; x_wconf 93' lang='lat' dir='ltr'><strong>ad</strong></span> <span class='ocrx_word' id='word_1_286' title='bbox 2000 1230 2206 1272; x_wconf 90' lang='lat' dir='ltr'><strong>nomen</strong></span> <span class='ocrx_word' id='word_1_287' title='bbox 2237 1224 2568 1270; x_wconf 89' lang='lat' dir='ltr'><strong>sanctorum</strong></span> <span class='ocrx_word' id='word_1_288' title='bbox 2600 1229 2848 1285; x_wconf 90' lang='lat' dir='ltr'><strong>quorum</strong></span> <span class='ocrx_word' id='word_1_289' title='bbox 2884 1215 2975 1269; x_wconf 89' lang='lat' dir='ltr'><strong>hic</strong></span> <span class='ocrx_word' id='word_1_290' title='bbox 3003 1215 3260 1285; x_wconf 69' lang='lat' dir='ltr'><strong>reliquiae</strong></span> <span class='ocrx_word' id='word_1_291' title='bbox 3298 1216 3590 1271; x_wconf 90' lang='lat' dir='ltr'><strong>continen-</strong></span> 
     </span>
    </p>
   </div>
   <div class='ocr_carea' id='block_1_42' title="bbox 1897 1303 3594 1372">
    <p class='ocr_par' dir='ltr' id='par_1_42' title="bbox 1897 1303 3594 1372">
     <span class='ocr_line' id='line_1_42' title="bbox 1897 1303 3594 1372; baseline -0.002 -10"><span class='ocrx_word' id='word_1_292' title='bbox 1897 1313 2013 1372; x_wconf 88' lang='lat' dir='ltr'><strong>tur,</strong></span> <span class='ocrx_word' id='word_1_293' title='bbox 2055 1313 2110 1361; x_wconf 92' lang='lat' dir='ltr'><strong>et</strong></span> <span class='ocrx_word' id='word_1_294' title='bbox 2163 1303 2378 1359; x_wconf 89' lang='lat' dir='ltr'><strong>domini</strong></span> <span class='ocrx_word' id='word_1_295' title='bbox 2417 1303 2482 1358; x_wconf 91' lang='lat' dir='ltr'><strong>N.</strong></span> <span class='ocrx_word' id='word_1_296' title='bbox 2547 1303 2770 1359; x_wconf 89' lang='lat' dir='ltr'><strong>abbatis</strong></span> <span class='ocrx_word' id='word_1_297' title='bbox 2819 1304 3140 1372; x_wconf 73' lang='lat' dir='ltr'><strong>przesentia,</strong></span> <span class='ocrx_word' id='word_1_298' title='bbox 3201 1304 3362 1359; x_wconf 91' lang='lat' dir='ltr'><strong>trado</strong></span> <span class='ocrx_word' id='word_1_299' title='bbox 3402 1318 3594 1360; x_wconf 90' lang='lat' dir='ltr'><strong>coram</strong></span> 
     </span>
    </p>
   </div>
   <div class='ocr_carea' id='block_1_43' title="bbox 1899 1393 3595 1464">
    <p class='ocr_par' dir='ltr' id='par_1_43' title="bbox 1899 1393 3595 1464">
     <span class='ocr_line' id='line_1_43' title="bbox 1899 1393 3595 1464; baseline -0.001 -14"><span class='ocrx_word' id='word_1_300' title='bbox 1899 1395 2135 1450; x_wconf 88' lang='lat' dir='ltr'><strong>testibus</strong></span> <span class='ocrx_word' id='word_1_301' title='bbox 2201 1393 2542 1464; x_wconf 85' lang='lat' dir='ltr'><strong>regulariter</strong></span> <span class='ocrx_word' id='word_1_302' title='bbox 2613 1405 3076 1462; x_wconf 88' lang='lat' dir='ltr'><strong>permansurum,</strong></span> <span class='ocrx_word' id='word_1_303' title='bbox 3125 1393 3202 1446; x_wconf 93' lang='lat' dir='ltr'><strong>ita</strong></span> <span class='ocrx_word' id='word_1_304' title='bbox 3251 1400 3313 1448; x_wconf 91' lang='lat' dir='ltr'><strong>ut</strong></span> <span class='ocrx_word' id='word_1_305' title='bbox 3362 1393 3433 1448; x_wconf 90' lang='lat' dir='ltr'><strong>ab</strong></span> <span class='ocrx_word' id='word_1_306' title='bbox 3489 1394 3595 1448; x_wconf 90' lang='lat' dir='ltr'><strong>hac</strong></span> 
     </span>
    </p>
   </div>
   <div class='ocr_carea' id='block_1_44' title="bbox 1897 1480 3593 1550">
    <p class='ocr_par' dir='ltr' id='par_1_44' title="bbox 1897 1480 3593 1550">
     <span class='ocr_line' id='line_1_44' title="bbox 1897 1480 3593 1550; baseline -0.002 -11"><span class='ocrx_word' id='word_1_307' title='bbox 1897 1483 1986 1539; x_wconf 91' lang='lat' dir='ltr'><strong>die</strong></span> <span class='ocrx_word' id='word_1_308' title='bbox 2035 1498 2149 1538; x_wconf 87' lang='lat' dir='ltr'><strong>non</strong></span> <span class='ocrx_word' id='word_1_309' title='bbox 2209 1483 2371 1537; x_wconf 89' lang='lat' dir='ltr'><strong>liceat</strong></span> <span class='ocrx_word' id='word_1_310' title='bbox 2405 1481 2485 1536; x_wconf 91' lang='lat' dir='ltr'><strong>illi</strong></span> <span class='ocrx_word' id='word_1_311' title='bbox 2531 1482 2738 1536; x_wconf 92' lang='lat' dir='ltr'><strong>collum</strong></span> <span class='ocrx_word' id='word_1_312' title='bbox 2772 1481 2840 1535; x_wconf 92' lang='lat' dir='ltr'><strong>de</strong></span> <span class='ocrx_word' id='word_1_313' title='bbox 2870 1480 2977 1535; x_wconf 88' lang='lat' dir='ltr'><strong>sub</strong></span> <span class='ocrx_word' id='word_1_314' title='bbox 3004 1481 3147 1550; x_wconf 87' lang='lat' dir='ltr'><strong>jugo</strong></span> <span class='ocrx_word' id='word_1_315' title='bbox 3203 1490 3472 1536; x_wconf 84' lang='lat' dir='ltr'><strong>excutere</strong></span> <span class='ocrx_word' id='word_1_316' title='bbox 3498 1496 3593 1536; x_wconf 91' lang='lat' dir='ltr'><strong>re-</strong></span> 
     </span>
    </p>
   </div>
   <div class='ocr_carea' id='block_1_45' title="bbox 1897 1568 3593 1642">
    <p class='ocr_par' dir='ltr' id='par_1_45' title="bbox 1897 1568 3593 1642">
     <span class='ocr_line' id='line_1_45' title="bbox 1897 1568 3593 1642; baseline -0.002 -15"><span class='ocrx_word' id='word_1_317' title='bbox 1897 1572 2067 1642; x_wconf 66' lang='lat' dir='ltr'><strong>gula},</strong></span> <span class='ocrx_word' id='word_1_318' title='bbox 2102 1571 2194 1626; x_wconf 91' lang='lat' dir='ltr'><strong>sed</strong></span> <span class='ocrx_word' id='word_1_319' title='bbox 2231 1570 2414 1640; x_wconf 87' lang='lat' dir='ltr'><strong>magis</strong></span> <span class='ocrx_word' id='word_1_320' title='bbox 2442 1569 2696 1639; x_wconf 88' lang='lat' dir='ltr'><strong>ejusdem</strong></span> <span class='ocrx_word' id='word_1_321' title='bbox 2754 1568 2968 1638; x_wconf 64' lang='lat' dir='ltr'><strong>regulae</strong></span> <span class='ocrx_word' id='word_1_322' title='bbox 3013 1568 3251 1622; x_wconf 89' lang='lat' dir='ltr'><strong>tideliter</strong></span> <span class='ocrx_word' id='word_1_323' title='bbox 3280 1583 3338 1623; x_wconf 91' lang='lat' dir='ltr'><strong>se</strong></span> <span class='ocrx_word' id='word_1_324' title='bbox 3377 1583 3593 1639; x_wconf 81' lang='lat' dir='ltr'><strong>cogno-</strong></span> 
     </span>
    </p>
   </div>
   <div class='ocr_carea' id='block_1_46' title="bbox 1897 1656 3593 1724">
    <p class='ocr_par' dir='ltr' id='par_1_46' title="bbox 1897 1656 3593 1724">
     <span class='ocr_line' id='line_1_46' title="bbox 1897 1656 3593 1724; baseline -0.002 -10"><span class='ocrx_word' id='word_1_325' title='bbox 1897 1667 2015 1715; x_wconf 92' lang='lat' dir='ltr'><strong>scat</strong></span> <span class='ocrx_word' id='word_1_326' title='bbox 2048 1659 2307 1715; x_wconf 90' lang='lat' dir='ltr'><strong>instituta</strong></span> <span class='ocrx_word' id='word_1_327' title='bbox 2356 1658 2560 1712; x_wconf 86' lang='lat' dir='ltr'><strong>debere</strong></span> <span class='ocrx_word' id='word_1_328' title='bbox 2611 1670 2860 1724; x_wconf 88' lang='lat' dir='ltr'><strong>servare,</strong></span> <span class='ocrx_word' id='word_1_329' title='bbox 2905 1664 2958 1710; x_wconf 90' lang='lat' dir='ltr'><strong>et</strong></span> <span class='ocrx_word' id='word_1_330' title='bbox 3014 1656 3250 1711; x_wconf 89' lang='lat' dir='ltr'><strong>Domino</strong></span> <span class='ocrx_word' id='word_1_331' title='bbox 3295 1670 3426 1711; x_wconf 88' lang='lat' dir='ltr'><strong>cum</strong></span> <span class='ocrx_word' id='word_1_332' title='bbox 3479 1671 3593 1711; x_wconf 66' lang='lat' dir='ltr'><strong>caa-</strong></span> 
     </span>
    </p>
   </div>
   <div class='ocr_carea' id='block_1_47' title="bbox 1899 1743 3594 1817">
    <p class='ocr_par' dir='ltr' id='par_1_47' title="bbox 1899 1743 3594 1817">
     <span class='ocr_line' id='line_1_47' title="bbox 1899 1743 3594 1817; baseline -0.002 -15"><span class='ocrx_word' id='word_1_333' title='bbox 1899 1749 2034 1803; x_wconf 90' lang='lat' dir='ltr'><strong>teris</strong></span> <span class='ocrx_word' id='word_1_334' title='bbox 2091 1746 2341 1817; x_wconf 84' lang='lat' dir='ltr'><strong>gratanti</strong></span> <span class='ocrx_word' id='word_1_335' title='bbox 2415 1745 2605 1800; x_wconf 87' lang='lat' dir='ltr'><strong>animo</strong></span> <span class='ocrx_word' id='word_1_336' title='bbox 2665 1743 2954 1798; x_wconf 89' lang='lat' dir='ltr'><strong>militare:</strong></span> <span class='ocrx_word' id='word_1_337' title='bbox 3011 1751 3065 1798; x_wconf 89' lang='lat' dir='ltr'><strong>et</strong></span> <span class='ocrx_word' id='word_1_338' title='bbox 3116 1753 3180 1800; x_wconf 91' lang='lat' dir='ltr'><strong>ut</strong></span> <span class='ocrx_word' id='word_1_339' title='bbox 3234 1744 3354 1799; x_wconf 75' lang='lat' dir='ltr'><strong>hzec</strong></span> <span class='ocrx_word' id='word_1_340' title='bbox 3404 1744 3594 1812; x_wconf 91' lang='lat' dir='ltr'><strong>petitio</strong></span> 
     </span>
    </p>
   </div>
   <div class='ocr_carea' id='block_1_48' title="bbox 1898 1833 3593 1904">
    <p class='ocr_par' dir='ltr' id='par_1_48' title="bbox 1898 1833 3593 1904">
     <span class='ocr_line' id='line_1_48' title="bbox 1898 1833 3593 1904; baseline -0.001 -15"><span class='ocrx_word' id='word_1_341' title='bbox 1898 1835 2065 1890; x_wconf 82' lang='lat' dir='ltr'><strong>firma</strong></span> <span class='ocrx_word' id='word_1_342' title='bbox 2122 1843 2473 1904; x_wconf 86' lang='lat' dir='ltr'><strong>permaneat,</strong></span> <span class='ocrx_word' id='word_1_343' title='bbox 2534 1847 2714 1887; x_wconf 90' lang='lat' dir='ltr'><strong>manu</strong></span> <span class='ocrx_word' id='word_1_344' title='bbox 2769 1847 2896 1887; x_wconf 88' lang='lat' dir='ltr'><strong>mea</strong></span> <span class='ocrx_word' id='word_1_345' title='bbox 2953 1833 3398 1900; x_wconf 87' lang='lat' dir='ltr'><strong>subterlirmavi,</strong></span> <span class='ocrx_word' id='word_1_346' title='bbox 3433 1833 3593 1890; x_wconf 90' lang='lat' dir='ltr'><strong>testi-</strong></span> 
     </span>
    </p>
   </div>
   <div class='ocr_carea' id='block_1_49' title="bbox 1897 1921 2869 1993">
    <p class='ocr_par' dir='ltr' id='par_1_49' title="bbox 1897 1921 2869 1993">
     <span class='ocr_line' id='line_1_49' title="bbox 1897 1921 2869 1993; baseline -0.006 -14"><span class='ocrx_word' id='word_1_347' title='bbox 1897 1923 2126 1993; x_wconf 90' lang='lat' dir='ltr'><strong>busque</strong></span> <span class='ocrx_word' id='word_1_348' title='bbox 2157 1922 2366 1978; x_wconf 91' lang='lat' dir='ltr'><strong>tradidi</strong></span> <span class='ocrx_word' id='word_1_349' title='bbox 2408 1921 2813 1977; x_wconf 90' lang='lat' dir='ltr'><strong>roborandam.</strong></span> <span class='ocrx_word' id='word_1_350' title='bbox 2849 1943 2869 1968; x_wconf 77' lang='grc' dir='ltr'><strong>ι</strong></span> 
     </span>
    </p>
   </div>
   <div class='ocr_carea' id='block_1_50' title="bbox 1971 2008 3595 2092">
    <p class='ocr_par' dir='ltr' id='par_1_50' title="bbox 1971 2008 3595 2092">
     <span class='ocr_line' id='line_1_50' title="bbox 1971 2008 3595 2092; baseline 0.002 -29"><span class='ocrx_word' id='word_1_351' title='bbox 1971 2029 1996 2063; x_wconf 74' lang='grc' dir='ltr'>α</span> <span class='ocrx_word' id='word_1_352' title='bbox 2054 2009 2273 2080; x_wconf 83' lang='lat' dir='ltr'><strong>Accipit</strong></span> <span class='ocrx_word' id='word_1_353' title='bbox 2331 2011 2444 2078; x_wconf 89' lang='lat' dir='ltr'><strong>ipse</strong></span> <span class='ocrx_word' id='word_1_354' title='bbox 2493 2024 2637 2079; x_wconf 88' lang='lat' dir='ltr'><strong>puer</strong></span> <span class='ocrx_word' id='word_1_355' title='bbox 2705 2023 2835 2092; x_wconf 76' lang='lat' dir='ltr'><strong>cum</strong></span> <span class='ocrx_word' id='word_1_356' title='bbox 2885 2008 3174 2064; x_wconf 83' lang='lat' dir='ltr'><strong>oifertorio</strong></span> <span class='ocrx_word' id='word_1_357' title='bbox 3224 2018 3489 2079; x_wconf 87' lang='lat' dir='ltr'><strong>patenam</strong></span> <span class='ocrx_word' id='word_1_358' title='bbox 3539 2019 3595 2067; x_wconf 87' lang='lat' dir='ltr'><strong>et</strong></span> 
     </span>
    </p>
   </div>
   <div class='ocr_carea' id='block_1_51' title="bbox 1895 2097 3592 2168">
    <p class='ocr_par' dir='ltr' id='par_1_51' title="bbox 1895 2097 3592 2168">
     <span class='ocr_line' id='line_1_51' title="bbox 1895 2097 3592 2168; baseline -0.001 -14"><span class='ocrx_word' id='word_1_359' title='bbox 1895 2099 2148 2164; x_wconf 89' lang='lat' dir='ltr'><strong>calicem,</strong></span> <span class='ocrx_word' id='word_1_360' title='bbox 2185 2098 2366 2153; x_wconf 89' lang='lat' dir='ltr'><strong>hostia</strong></span> <span class='ocrx_word' id='word_1_361' title='bbox 2425 2098 2706 2166; x_wconf 89' lang='lat' dir='ltr'><strong>imposita,</strong></span> <span class='ocrx_word' id='word_1_362' title='bbox 2757 2104 2812 2152; x_wconf 92' lang='lat' dir='ltr'><strong>et</strong></span> <span class='ocrx_word' id='word_1_363' title='bbox 2869 2098 3002 2152; x_wconf 84' lang='lat' dir='ltr'><strong>vino</strong></span> <span class='ocrx_word' id='word_1_364' title='bbox 3037 2097 3257 2168; x_wconf 88' lang='lat' dir='ltr'><strong>infuso;</strong></span> <span class='ocrx_word' id='word_1_365' title='bbox 3289 2106 3344 2153; x_wconf 92' lang='lat' dir='ltr'><strong>et</strong></span> <span class='ocrx_word' id='word_1_366' title='bbox 3376 2100 3453 2154; x_wconf 90' lang='lat' dir='ltr'><strong>ita</strong></span> <span class='ocrx_word' id='word_1_367' title='bbox 3501 2099 3592 2152; x_wconf 86' lang='lat' dir='ltr'><strong>vi—</strong></span> 
     </span>
    </p>
   </div>
   <div class='ocr_carea' id='block_1_52' title="bbox 1895 2186 3589 2256">
    <p class='ocr_par' dir='ltr' id='par_1_52' title="bbox 1895 2186 3589 2256">
     <span class='ocr_line' id='line_1_52' title="bbox 1895 2186 3589 2256; baseline -0.001 -13"><span class='ocrx_word' id='word_1_368' title='bbox 1895 2187 2086 2243; x_wconf 89' lang='lat' dir='ltr'><strong>carius</strong></span> <span class='ocrx_word' id='word_1_369' title='bbox 2113 2187 2205 2241; x_wconf 93' lang='lat' dir='ltr'><strong>ille</strong></span> <span class='ocrx_word' id='word_1_370' title='bbox 2237 2186 2476 2242; x_wconf 88' lang='lat' dir='ltr'><strong>involvit</strong></span> <span class='ocrx_word' id='word_1_371' title='bbox 2518 2201 2751 2241; x_wconf 89' lang='lat' dir='ltr'><strong>manum</strong></span> <span class='ocrx_word' id='word_1_372' title='bbox 2787 2186 2949 2254; x_wconf 89' lang='lat' dir='ltr'><strong>pueri</strong></span> <span class='ocrx_word' id='word_1_373' title='bbox 3003 2200 3132 2241; x_wconf 91' lang='lat' dir='ltr'><strong>cum</strong></span> <span class='ocrx_word' id='word_1_374' title='bbox 3167 2186 3317 2256; x_wconf 89' lang='lat' dir='ltr'><strong>palla</strong></span> <span class='ocrx_word' id='word_1_375' title='bbox 3373 2186 3589 2255; x_wconf 90' lang='lat' dir='ltr'><strong>altaris,</strong></span> 
     </span>
    </p>
   </div>
   <div class='ocr_carea' id='block_1_53' title="bbox 1894 2273 3590 2344">
    <p class='ocr_par' dir='ltr' id='par_1_53' title="bbox 1894 2273 3590 2344">
     <span class='ocr_line' id='line_1_53' title="bbox 1894 2273 3590 2344; baseline 0 -13"><span class='ocrx_word' id='word_1_376' title='bbox 1894 2282 1958 2331; x_wconf 90' lang='lat' dir='ltr'><strong>ut</strong></span> <span class='ocrx_word' id='word_1_377' title='bbox 1991 2285 2102 2330; x_wconf 88' lang='lat' dir='ltr'><strong>tam</strong></span> <span class='ocrx_word' id='word_1_378' title='bbox 2141 2276 2325 2344; x_wconf 90' lang='lat' dir='ltr'><strong>ipsum</strong></span> <span class='ocrx_word' id='word_1_379' title='bbox 2381 2288 2626 2344; x_wconf 90' lang='lat' dir='ltr'><strong>puerum</strong></span> <span class='ocrx_word' id='word_1_380' title='bbox 2678 2287 2853 2343; x_wconf 89' lang='lat' dir='ltr'><strong>quam</strong></span> <span class='ocrx_word' id='word_1_381' title='bbox 2911 2273 3036 2344; x_wconf 85' lang='lat' dir='ltr'><strong>ejus</strong></span> <span class='ocrx_word' id='word_1_382' title='bbox 3065 2275 3409 2330; x_wconf 82' lang='lat' dir='ltr'><strong>sacriﬁcium</strong></span> <span class='ocrx_word' id='word_1_383' title='bbox 3456 2275 3590 2332; x_wconf 76' lang='lat' dir='ltr'><strong>offe-</strong></span> 
     </span>
    </p>
   </div>
   <div class='ocr_carea' id='block_1_54' title="bbox 1895 2361 3593 2432">
    <p class='ocr_par' dir='ltr' id='par_1_54' title="bbox 1895 2361 3593 2432">
     <span class='ocr_line' id='line_1_54' title="bbox 1895 2361 3593 2432; baseline 0 -13"><span class='ocrx_word' id='word_1_384' title='bbox 1895 2371 1983 2419; x_wconf 92' lang='lat' dir='ltr'><strong>rat</strong></span> <span class='ocrx_word' id='word_1_385' title='bbox 2015 2363 2377 2418; x_wconf 66' lang='lat' dir='ltr'><strong>a‘sacerdote</strong></span> <span class='ocrx_word' id='word_1_386' title='bbox 2424 2361 2851 2432; x_wconf 76' lang='lat' dir='ltr'><strong>jrecipiendum.</strong></span> <span class='ocrx_word' id='word_1_387' title='bbox 2916 2363 3112 2417; x_wconf 85' lang='lat' dir='ltr'><strong>Postea</strong></span> <span class='ocrx_word' id='word_1_388' title='bbox 3165 2363 3428 2418; x_wconf 87' lang='lat' dir='ltr'><strong>induitur</strong></span> <span class='ocrx_word' id='word_1_389' title='bbox 3484 2379 3593 2419; x_wconf 91' lang='lat' dir='ltr'><strong>cu-</strong></span> 
     </span>
    </p>
   </div>
   <div class='ocr_carea' id='block_1_55' title="bbox 1895 2449 3593 2522">
    <p class='ocr_par' dir='ltr' id='par_1_55' title="bbox 1895 2449 3593 2522">
     <span class='ocr_line' id='line_1_55' title="bbox 1895 2449 3593 2522; baseline 0.001 -16"><span class='ocrx_word' id='word_1_390' title='bbox 1895 2452 2078 2522; x_wconf 83' lang='lat' dir='ltr'><strong>culla;</strong></span> <span class='ocrx_word' id='word_1_391' title='bbox 2110 2460 2163 2506; x_wconf 93' lang='lat' dir='ltr'><strong>et</strong></span> <span class='ocrx_word' id='word_1_392' title='bbox 2194 2451 2261 2505; x_wconf 90' lang='lat' dir='ltr'><strong>de</strong></span> <span class='ocrx_word' id='word_1_393' title='bbox 2318 2458 2520 2505; x_wconf 62' lang='lat' dir='ltr'><strong>caetero</strong></span> <span class='ocrx_word' id='word_1_394' title='bbox 2552 2449 2871 2505; x_wconf 90' lang='lat' dir='ltr'><strong>benedictio</strong></span> <span class='ocrx_word' id='word_1_395' title='bbox 2926 2453 3051 2521; x_wconf 87' lang='lat' dir='ltr'><strong>cjns</strong></span> <span class='ocrx_word' id='word_1_396' title='bbox 3087 2450 3349 2506; x_wconf 78' lang='lat' dir='ltr'><strong>differtur</strong></span> <span class='ocrx_word' id='word_1_397' title='bbox 3407 2467 3593 2520; x_wconf 88' lang='lat' dir='ltr'><strong>usque</strong></span> 
     </span>
    </p>
   </div>
   <div class='ocr_carea' id='block_1_56' title="bbox 1894 2537 3592 2608">
    <p class='ocr_par' dir='ltr' id='par_1_56' title="bbox 1894 2537 3592 2608">
     <span class='ocr_line' id='line_1_56' title="bbox 1894 2537 3592 2608; baseline 0 -14"><span class='ocrx_word' id='word_1_398' title='bbox 1894 2539 1965 2594; x_wconf 87' lang='lat' dir='ltr'><strong>ad</strong></span> <span class='ocrx_word' id='word_1_399' title='bbox 1996 2538 2310 2608; x_wconf 84' lang='lat' dir='ltr'><strong>legitimam</strong></span> <span class='ocrx_word' id='word_1_400' title='bbox 2349 2546 2595 2604; x_wconf 69' lang='lat' dir='ltr'><strong>aetatem,</strong></span> <span class='ocrx_word' id='word_1_401' title='bbox 2632 2537 2683 2592; x_wconf 94' lang='lat' dir='ltr'><strong>id</strong></span> <span class='ocrx_word' id='word_1_402' title='bbox 2715 2545 2797 2593; x_wconf 90' lang='lat' dir='ltr'><strong>est</strong></span> <span class='ocrx_word' id='word_1_403' title='bbox 2827 2538 2874 2592; x_wconf 92' lang='lat' dir='ltr'><strong>si</strong></span> <span class='ocrx_word' id='word_1_404' title='bbox 2909 2554 3020 2592; x_wconf 85' lang='lat' dir='ltr'><strong>non</strong></span> <span class='ocrx_word' id='word_1_405' title='bbox 3081 2539 3331 2607; x_wconf 91' lang='lat' dir='ltr'><strong>amplius</strong></span> <span class='ocrx_word' id='word_1_406' title='bbox 3362 2540 3448 2594; x_wconf 88' lang='lat' dir='ltr'><strong>vel</strong></span> <span class='ocrx_word' id='word_1_407' title='bbox 3492 2553 3592 2594; x_wconf 89' lang='lat' dir='ltr'><strong>us-</strong></span> 
     </span>
    </p>
   </div>
   <div class='ocr_carea' id='block_1_57' title="bbox 1894 2626 3591 2698">
    <p class='ocr_par' dir='ltr' id='par_1_57' title="bbox 1894 2626 3591 2698">
     <span class='ocr_line' id='line_1_57' title="bbox 1894 2626 3591 2698; baseline -0.001 -15"><span class='ocrx_word' id='word_1_408' title='bbox 1894 2641 2008 2698; x_wconf 89' lang='lat' dir='ltr'><strong>que</strong></span> <span class='ocrx_word' id='word_1_409' title='bbox 2035 2627 2105 2681; x_wconf 91' lang='lat' dir='ltr'><strong>ad</strong></span> <span class='ocrx_word' id='word_1_410' title='bbox 2127 2627 2411 2682; x_wconf 91' lang='lat' dir='ltr'><strong>decimum</strong></span> <span class='ocrx_word' id='word_1_411' title='bbox 2435 2626 2705 2696; x_wconf 88' lang='lat' dir='ltr'><strong>quintum</strong></span> <span class='ocrx_word' id='word_1_412' title='bbox 2733 2640 2951 2680; x_wconf 89' lang='lat' dir='ltr'><strong>annum</strong></span> <span class='ocrx_word' id='word_1_413' title='bbox 2969 2626 3172 2681; x_wconf 73' lang='lat' dir='ltr'><strong>aetatis.</strong></span> <span class='ocrx_word' id='word_1_414' title='bbox 3207 2627 3428 2682; x_wconf 83' lang='lat' dir='ltr'><strong>Rursus</strong></span> <span class='ocrx_word' id='word_1_415' title='bbox 3459 2641 3591 2682; x_wconf 88' lang='lat' dir='ltr'><strong>cum</strong></span> 
     </span>
    </p>
   </div>
   <div class='ocr_carea' id='block_1_58' title="bbox 1893 2713 3594 2779">
    <p class='ocr_par' dir='ltr' id='par_1_58' title="bbox 1893 2713 3594 2779">
     <span class='ocr_line' id='line_1_58' title="bbox 1893 2713 3594 2779; baseline -0.001 -9"><span class='ocrx_word' id='word_1_416' title='bbox 1893 2715 2140 2771; x_wconf 91' lang='lat' dir='ltr'><strong>domnus</strong></span> <span class='ocrx_word' id='word_1_417' title='bbox 2213 2715 2393 2770; x_wconf 89' lang='lat' dir='ltr'><strong>abbas</strong></span> <span class='ocrx_word' id='word_1_418' title='bbox 2447 2713 2690 2768; x_wconf 91' lang='lat' dir='ltr'><strong>voluerit</strong></span> <span class='ocrx_word' id='word_1_419' title='bbox 2751 2721 2814 2768; x_wconf 90' lang='lat' dir='ltr'><strong>ut</strong></span> <span class='ocrx_word' id='word_1_420' title='bbox 2860 2728 2991 2767; x_wconf 89' lang='lat' dir='ltr'><strong>eum</strong></span> <span class='ocrx_word' id='word_1_421' title='bbox 3050 2713 3360 2779; x_wconf 89' lang='lat' dir='ltr'><strong>benedicat,</strong></span> <span class='ocrx_word' id='word_1_422' title='bbox 3423 2713 3594 2768; x_wconf 79' lang='lat' dir='ltr'><strong>refert</strong></span> 
     </span>
    </p>
   </div>
   <div class='ocr_carea' id='block_1_59' title="bbox 1894 2801 3594 2871">
    <p class='ocr_par' dir='ltr' id='par_1_59' title="bbox 1894 2801 3594 2871">
     <span class='ocr_line' id='line_1_59' title="bbox 1894 2801 3594 2871; baseline -0.001 -12"><span class='ocrx_word' id='word_1_423' title='bbox 1894 2805 2001 2859; x_wconf 88' lang='lat' dir='ltr'><strong>hoc</strong></span> <span class='ocrx_word' id='word_1_424' title='bbox 2028 2803 2302 2859; x_wconf 89' lang='lat' dir='ltr'><strong>fratribus</strong></span> <span class='ocrx_word' id='word_1_425' title='bbox 2333 2803 2390 2857; x_wconf 93' lang='lat' dir='ltr'><strong>in</strong></span> <span class='ocrx_word' id='word_1_426' title='bbox 2447 2801 2723 2871; x_wconf 88' lang='lat' dir='ltr'><strong>capitulo;</strong></span> <span class='ocrx_word' id='word_1_427' title='bbox 2765 2809 2817 2856; x_wconf 89' lang='lat' dir='ltr'><strong>et</strong></span> <span class='ocrx_word' id='word_1_428' title='bbox 2848 2803 2964 2870; x_wconf 81' lang='lat' dir='ltr'><strong>ipse</strong></span> <span class='ocrx_word' id='word_1_429' title='bbox 3012 2801 3245 2870; x_wconf 89' lang='lat' dir='ltr'><strong>juvenis</strong></span> <span class='ocrx_word' id='word_1_430' title='bbox 3269 2802 3458 2856; x_wconf 91' lang='lat' dir='ltr'><strong>statim</strong></span> <span class='ocrx_word' id='word_1_431' title='bbox 3488 2816 3594 2857; x_wconf 89' lang='lat' dir='ltr'><strong>ve-</strong></span> 
     </span>
    </p>
   </div>
   <div class='ocr_carea' id='block_1_60' title="bbox 1895 2889 3590 2960">
    <p class='ocr_par' dir='ltr' id='par_1_60' title="bbox 1895 2889 3590 2960">
     <span class='ocr_line' id='line_1_60' title="bbox 1895 2889 3590 2960; baseline -0.001 -14"><span class='ocrx_word' id='word_1_432' title='bbox 1895 2892 2051 2946; x_wconf 88' lang='lat' dir='ltr'><strong>niam</strong></span> <span class='ocrx_word' id='word_1_433' title='bbox 2109 2890 2264 2960; x_wconf 90' lang='lat' dir='ltr'><strong>petit,</strong></span> <span class='ocrx_word' id='word_1_434' title='bbox 2311 2899 2367 2945; x_wconf 91' lang='lat' dir='ltr'><strong>et</strong></span> <span class='ocrx_word' id='word_1_435' title='bbox 2419 2889 2488 2944; x_wconf 89' lang='lat' dir='ltr'><strong>de</strong></span> <span class='ocrx_word' id='word_1_436' title='bbox 2544 2889 2737 2944; x_wconf 86' lang='lat' dir='ltr'><strong>schola</strong></span> <span class='ocrx_word' id='word_1_437' title='bbox 2776 2889 3074 2943; x_wconf 89' lang='lat' dir='ltr'><strong>absolutus</strong></span> <span class='ocrx_word' id='word_1_438' title='bbox 3103 2889 3258 2944; x_wconf 85' lang='lat' dir='ltr'><strong>venit</strong></span> <span class='ocrx_word' id='word_1_439' title='bbox 3288 2889 3358 2943; x_wconf 88' lang='lat' dir='ltr'><strong>ad</strong></span> <span class='ocrx_word' id='word_1_440' title='bbox 3394 2890 3590 2958; x_wconf 89' lang='lat' dir='ltr'><strong>pedes;</strong></span> 
     </span>
    </p>
   </div>
   <div class='ocr_carea' id='block_1_61' title="bbox 83 2977 3591 3053">
    <p class='ocr_par' dir='ltr' id='par_1_61' title="bbox 83 2977 3591 3053">
     <span class='ocr_line' id='line_1_61' title="bbox 83 2977 3591 3053; baseline -0.001 -17"><span class='ocrx_word' id='word_1_441' title='bbox 83 2995 224 3036; x_wconf 89' lang='lat' dir='ltr'><strong>sane</strong></span> <span class='ocrx_word' id='word_1_442' title='bbox 281 2980 536 3036; x_wconf 92' lang='lat' dir='ltr'><strong>Guiberti</strong></span> <span class='ocrx_word' id='word_1_443' title='bbox 589 2980 930 3035; x_wconf 89' lang='lat' dir='ltr'><strong>observatio.</strong></span> <span class='ocrx_word' id='word_1_444' title='bbox 977 2980 1166 3049; x_wconf 86' lang='lat' dir='ltr'><strong>Longe</strong></span> <span class='ocrx_word' id='word_1_445' title='bbox 1214 2980 1506 3050; x_wconf 90' lang='lat' dir='ltr'><strong>siquidem</strong></span> <span class='ocrx_word' id='word_1_446' title='bbox 1575 2981 1786 3035; x_wconf 89' lang='lat' dir='ltr'><strong>absunt</strong></span> <span class='ocrx_word' id='word_1_447' title='bbox 1824 2999 1864 3053; x_wconf 73' lang='grc' dir='ltr'>ο</span> <span class='ocrx_word' id='word_1_448' title='bbox 1900 2988 2087 3034; x_wconf 86' lang='lat' dir='ltr'><strong>tamen</strong></span> <span class='ocrx_word' id='word_1_449' title='bbox 2119 2978 2190 3033; x_wconf 90' lang='lat' dir='ltr'><strong>ab</strong></span> <span class='ocrx_word' id='word_1_450' title='bbox 2220 2978 2346 3032; x_wconf 90' lang='lat' dir='ltr'><strong>aliis</strong></span> <span class='ocrx_word' id='word_1_451' title='bbox 2401 2977 2594 3047; x_wconf 88' lang='lat' dir='ltr'><strong>pueris</strong></span> <span class='ocrx_word' id='word_1_452' title='bbox 2647 2991 2760 3032; x_wconf 90' lang='lat' dir='ltr'><strong>non</strong></span> <span class='ocrx_word' id='word_1_453' title='bbox 2808 2977 3022 3032; x_wconf 90' lang='lat' dir='ltr'><strong>recedit</strong></span> <span class='ocrx_word' id='word_1_454' title='bbox 3073 2991 3256 3046; x_wconf 92' lang='lat' dir='ltr'><strong>usque</strong></span> <span class='ocrx_word' id='word_1_455' title='bbox 3286 2977 3357 3032; x_wconf 90' lang='lat' dir='ltr'><strong>ad</strong></span> <span class='ocrx_word' id='word_1_456' title='bbox 3391 2977 3591 3032; x_wconf 89' lang='lat' dir='ltr'><strong>horam</strong></span> 
     </span>
    </p>
   </div>
   <div class='ocr_carea' id='block_1_62' title="bbox 83 3066 1787 3138">
    <p class='ocr_par' dir='ltr' id='par_1_62' title="bbox 83 3066 1787 3138">
     <span class='ocr_line' id='line_1_62' title="bbox 83 3066 1787 3138; baseline -0.001 -14"><span class='ocrx_word' id='word_1_457' title='bbox 83 3069 309 3124; x_wconf 90' lang='lat' dir='ltr'><strong>theoria</strong></span> <span class='ocrx_word' id='word_1_458' title='bbox 333 3075 388 3123; x_wconf 92' lang='lat' dir='ltr'><strong>et</strong></span> <span class='ocrx_word' id='word_1_459' title='bbox 445 3069 675 3138; x_wconf 83' lang='lat' dir='ltr'><strong>praxis;</strong></span> <span class='ocrx_word' id='word_1_460' title='bbox 709 3066 776 3122; x_wconf 91' lang='lat' dir='ltr'><strong>de</strong></span> <span class='ocrx_word' id='word_1_461' title='bbox 803 3066 1117 3122; x_wconf 89' lang='lat' dir='ltr'><strong>virtutibus</strong></span> <span class='ocrx_word' id='word_1_462' title='bbox 1150 3067 1577 3134; x_wconf 88' lang='lat' dir='ltr'><strong>documentum,</strong></span> <span class='ocrx_word' id='word_1_463' title='bbox 1613 3077 1787 3137; x_wconf 89' lang='lat' dir='ltr'><strong>atque</strong></span> 
     </span>
    </p>
   </div>
   <div class='ocr_carea' id='block_1_63' title="bbox 81 3153 1788 3225">
    <p class='ocr_par' dir='ltr' id='par_1_63' title="bbox 81 3153 1788 3225">
     <span class='ocr_line' id='line_1_63' title="bbox 81 3153 1788 3225; baseline -0.001 -13"><span class='ocrx_word' id='word_1_464' title='bbox 81 3155 427 3212; x_wconf 81' lang='lat' dir='ltr'><strong>exercitium</strong></span> <span class='ocrx_word' id='word_1_465' title='bbox 479 3154 834 3210; x_wconf 89' lang='lat' dir='ltr'><strong>earumdem.</strong></span> <span class='ocrx_word' id='word_1_466' title='bbox 887 3153 1075 3210; x_wconf 91' lang='lat' dir='ltr'><strong>Solent</strong></span> <span class='ocrx_word' id='word_1_467' title='bbox 1123 3155 1336 3224; x_wconf 89' lang='lat' dir='ltr'><strong>quippe</strong></span> <span class='ocrx_word' id='word_1_468' title='bbox 1391 3155 1493 3225; x_wconf 89' lang='lat' dir='ltr'><strong>qui</strong></span> <span class='ocrx_word' id='word_1_469' title='bbox 1536 3155 1788 3211; x_wconf 90' lang='lat' dir='ltr'><strong>solitarie</strong></span> 
     </span>
    </p>
   </div>
   <div class='ocr_carea' id='block_1_64' title="bbox 82 3242 1788 3314">
    <p class='ocr_par' dir='ltr' id='par_1_64' title="bbox 82 3242 1788 3314">
     <span class='ocr_line' id='line_1_64' title="bbox 82 3242 1788 3314; baseline 0 -15"><span class='ocrx_word' id='word_1_470' title='bbox 82 3245 536 3314; x_wconf 89' lang='lat' dir='ltr'><strong>innocenterque</strong></span> <span class='ocrx_word' id='word_1_471' title='bbox 577 3242 834 3298; x_wconf 72' lang='lat' dir='ltr'><strong>infantiae</strong></span> <span class='ocrx_word' id='word_1_472' title='bbox 887 3255 953 3297; x_wconf 91' lang='lat' dir='ltr'><strong>ac</strong></span> <span class='ocrx_word' id='word_1_473' title='bbox 1004 3243 1320 3312; x_wconf 89' lang='lat' dir='ltr'><strong>pubertatis</strong></span> <span class='ocrx_word' id='word_1_474' title='bbox 1359 3257 1539 3297; x_wconf 85' lang='lat' dir='ltr'><strong>annos</strong></span> <span class='ocrx_word' id='word_1_475' title='bbox 1569 3244 1626 3298; x_wconf 91' lang='lat' dir='ltr'><strong>in</strong></span> <span class='ocrx_word' id='word_1_476' title='bbox 1659 3259 1788 3299; x_wconf 93' lang='lat' dir='ltr'><strong>mo—</strong></span> 
     </span>
    </p>
   </div>
   <div class='ocr_carea' id='block_1_65' title="bbox 78 3329 1788 3401">
    <p class='ocr_par' dir='ltr' id='par_1_65' title="bbox 78 3329 1788 3401">
     <span class='ocr_line' id='line_1_65' title="bbox 78 3329 1788 3401; baseline 0 -15"><span class='ocrx_word' id='word_1_477' title='bbox 78 3331 350 3386; x_wconf 88' lang='lat' dir='ltr'><strong>nasteriis</strong></span> <span class='ocrx_word' id='word_1_478' title='bbox 433 3339 782 3400; x_wconf 88' lang='lat' dir='ltr'><strong>transegere,</strong></span> <span class='ocrx_word' id='word_1_479' title='bbox 841 3329 980 3384; x_wconf 90' lang='lat' dir='ltr'><strong>dum</strong></span> <span class='ocrx_word' id='word_1_480' title='bbox 1037 3344 1157 3384; x_wconf 90' lang='lat' dir='ltr'><strong>sese</strong></span> <span class='ocrx_word' id='word_1_481' title='bbox 1207 3329 1506 3385; x_wconf 90' lang='lat' dir='ltr'><strong>hominum</strong></span> <span class='ocrx_word' id='word_1_482' title='bbox 1558 3331 1788 3401; x_wconf 87' lang='lat' dir='ltr'><strong>ﬂagitiis</strong></span> 
     </span>
    </p>
   </div>
   <div class='ocr_carea' id='block_1_66' title="bbox 79 3417 1788 3487">
    <p class='ocr_par' dir='ltr' id='par_1_66' title="bbox 79 3417 1788 3487">
     <span class='ocr_line' id='line_1_66' title="bbox 79 3417 1788 3487; baseline -0.001 -13"><span class='ocrx_word' id='word_1_483' title='bbox 79 3427 449 3475; x_wconf 90' lang='lat' dir='ltr'><strong>assuetorum</strong></span> <span class='ocrx_word' id='word_1_484' title='bbox 506 3417 788 3474; x_wconf 91' lang='lat' dir='ltr'><strong>consortio</strong></span> <span class='ocrx_word' id='word_1_485' title='bbox 846 3417 1182 3482; x_wconf 88' lang='lat' dir='ltr'><strong>immtscent,</strong></span> <span class='ocrx_word' id='word_1_486' title='bbox 1241 3418 1318 3471; x_wconf 91' lang='lat' dir='ltr'><strong>nil</strong></span> <span class='ocrx_word' id='word_1_487' title='bbox 1350 3419 1616 3487; x_wconf 91' lang='lat' dir='ltr'><strong>equidem</strong></span> <span class='ocrx_word' id='word_1_488' title='bbox 1652 3417 1788 3472; x_wconf 90' lang='lat' dir='ltr'><strong>mali</strong></span> 
     </span>
    </p>
   </div>
   <div class='ocr_carea' id='block_1_67' title="bbox 79 3505 1787 3579">
    <p class='ocr_par' dir='ltr' id='par_1_67' title="bbox 79 3505 1787 3579">
     <span class='ocr_line' id='line_1_67' title="bbox 79 3505 1787 3579; baseline -0.001 -15"><span class='ocrx_word' id='word_1_489' title='bbox 79 3509 276 3579; x_wconf 90' lang='lat' dir='ltr'><strong>prima</strong></span> <span class='ocrx_word' id='word_1_490' title='bbox 326 3508 512 3563; x_wconf 90' lang='lat' dir='ltr'><strong>fronte</strong></span> <span class='ocrx_word' id='word_1_491' title='bbox 563 3507 873 3577; x_wconf 75' lang='lat' dir='ltr'><strong>suspicari;</strong></span> <span class='ocrx_word' id='word_1_492' title='bbox 928 3513 986 3561; x_wconf 91' lang='lat' dir='ltr'><strong>at</strong></span> <span class='ocrx_word' id='word_1_493' title='bbox 1043 3505 1181 3575; x_wconf 86' lang='lat' dir='ltr'><strong>quia</strong></span> <span class='ocrx_word' id='word_1_494' title='bbox 1231 3506 1390 3575; x_wconf 91' lang='lat' dir='ltr'><strong>proni</strong></span> <span class='ocrx_word' id='word_1_495' title='bbox 1424 3513 1787 3575; x_wconf 90' lang='lat' dir='ltr'><strong>suntsuapte</strong></span> 
     </span>
    </p>
   </div>
   <div class='ocr_carea' id='block_1_68' title="bbox 77 3593 1786 3666">
    <p class='ocr_par' dir='ltr' id='par_1_68' title="bbox 77 3593 1786 3666">
     <span class='ocr_line' id='line_1_68' title="bbox 77 3593 1786 3666; baseline -0.003 -13"><span class='ocrx_word' id='word_1_496' title='bbox 77 3606 302 3653; x_wconf 90' lang='lat' dir='ltr'><strong>natura</strong></span> <span class='ocrx_word' id='word_1_497' title='bbox 332 3597 403 3651; x_wconf 89' lang='lat' dir='ltr'><strong>ad</strong></span> <span class='ocrx_word' id='word_1_498' title='bbox 437 3603 755 3666; x_wconf 87' lang='lat' dir='ltr'><strong>peccatum,</strong></span> <span class='ocrx_word' id='word_1_499' title='bbox 813 3609 944 3651; x_wconf 91' lang='lat' dir='ltr'><strong>cum</strong></span> <span class='ocrx_word' id='word_1_500' title='bbox 978 3609 1081 3649; x_wconf 91' lang='lat' dir='ltr'><strong>nec</strong></span> <span class='ocrx_word' id='word_1_501' title='bbox 1115 3593 1301 3649; x_wconf 90' lang='lat' dir='ltr'><strong>infans</strong></span> <span class='ocrx_word' id='word_1_502' title='bbox 1326 3594 1501 3649; x_wconf 86' lang='lat' dir='ltr'><strong>unius</strong></span> <span class='ocrx_word' id='word_1_503' title='bbox 1553 3593 1661 3648; x_wconf 91' lang='lat' dir='ltr'><strong>diei</strong></span> <span class='ocrx_word' id='word_1_504' title='bbox 1688 3609 1786 3648; x_wconf 91' lang='lat' dir='ltr'><strong>su-</strong></span> 
     </span>
    </p>
   </div>
   <div class='ocr_carea' id='block_1_69' title="bbox 78 3681 1789 3755">
    <p class='ocr_par' dir='ltr' id='par_1_69' title="bbox 78 3681 1789 3755">
     <span class='ocr_line' id='line_1_69' title="bbox 78 3681 1789 3755; baseline -0.004 -15"><span class='ocrx_word' id='word_1_505' title='bbox 78 3699 188 3755; x_wconf 90' lang='lat' dir='ltr'><strong>per</strong></span> <span class='ocrx_word' id='word_1_506' title='bbox 219 3693 430 3739; x_wconf 90' lang='lat' dir='ltr'><strong>terram</strong></span> <span class='ocrx_word' id='word_1_507' title='bbox 483 3683 756 3738; x_wconf 89' lang='lat' dir='ltr'><strong>immunis</strong></span> <span class='ocrx_word' id='word_1_508' title='bbox 809 3683 945 3738; x_wconf 88' lang='lat' dir='ltr'><strong>sita</strong></span> <span class='ocrx_word' id='word_1_509' title='bbox 997 3682 1180 3749; x_wconf 89' lang='lat' dir='ltr'><strong>sorde,</strong></span> <span class='ocrx_word' id='word_1_510' title='bbox 1228 3689 1422 3751; x_wconf 90' lang='lat' dir='ltr'><strong>utpote</strong></span> <span class='ocrx_word' id='word_1_511' title='bbox 1456 3682 1513 3735; x_wconf 93' lang='lat' dir='ltr'><strong>in</strong></span> <span class='ocrx_word' id='word_1_512' title='bbox 1547 3681 1789 3751; x_wconf 88' lang='lat' dir='ltr'><strong>peccatis</strong></span> 
     </span>
    </p>
   </div>
   <div class='ocr_carea' id='block_1_70' title="bbox 78 3769 1786 3840">
    <p class='ocr_par' dir='ltr' id='par_1_70' title="bbox 78 3769 1786 3840">
     <span class='ocr_line' id='line_1_70' title="bbox 78 3769 1786 3840; baseline -0.004 -11"><span class='ocrx_word' id='word_1_513' title='bbox 78 3772 367 3840; x_wconf 89' lang='lat' dir='ltr'><strong>concepti,</strong></span> <span class='ocrx_word' id='word_1_514' title='bbox 420 3771 743 3840; x_wconf 86' lang='lat' dir='ltr'><strong>impellente</strong></span> <span class='ocrx_word' id='word_1_515' title='bbox 789 3770 914 3840; x_wconf 90' lang='lat' dir='ltr'><strong>ipsa</strong></span> <span class='ocrx_word' id='word_1_516' title='bbox 943 3784 1123 3840; x_wconf 85' lang='lat' dir='ltr'><strong>prava</strong></span> <span class='ocrx_word' id='word_1_517' title='bbox 1156 3769 1533 3840; x_wconf 89' lang='lat' dir='ltr'><strong>propensione</strong></span> <span class='ocrx_word' id='word_1_518' title='bbox 1589 3770 1786 3840; x_wconf 90' lang='lat' dir='ltr'><strong>(quam</strong></span> 
     </span>
    </p>
   </div>
   <div class='ocr_carea' id='block_1_71' title="bbox 78 3857 1788 3929">
    <p class='ocr_par' dir='ltr' id='par_1_71' title="bbox 78 3857 1788 3929">
     <span class='ocr_line' id='line_1_71' title="bbox 78 3857 1788 3929; baseline -0.003 -12"><span class='ocrx_word' id='word_1_519' title='bbox 78 3860 342 3917; x_wconf 88' lang='lat' dir='ltr'><strong>fomitem</strong></span> <span class='ocrx_word' id='word_1_520' title='bbox 385 3864 614 3926; x_wconf 85' lang='lat' dir='ltr'><strong>vocant)</strong></span> <span class='ocrx_word' id='word_1_521' title='bbox 672 3860 984 3929; x_wconf 87' lang='lat' dir='ltr'><strong>proclivius</strong></span> <span class='ocrx_word' id='word_1_522' title='bbox 1033 3866 1088 3914; x_wconf 93' lang='lat' dir='ltr'><strong>et</strong></span> <span class='ocrx_word' id='word_1_523' title='bbox 1141 3858 1564 3928; x_wconf 90' lang='lat' dir='ltr'><strong>imprudentius</strong></span> <span class='ocrx_word' id='word_1_524' title='bbox 1595 3857 1788 3927; x_wconf 89' lang='lat' dir='ltr'><strong>quali—</strong></span> 
     </span>
    </p>
   </div>
   <div class='ocr_carea' id='block_1_72' title="bbox 77 3947 1790 4016">
    <p class='ocr_par' dir='ltr' id='par_1_72' title="bbox 77 3947 1790 4016">
     <span class='ocr_line' id='line_1_72' title="bbox 77 3947 1790 4016; baseline -0.002 -11"><span class='ocrx_word' id='word_1_525' title='bbox 77 3950 180 4005; x_wconf 91' lang='lat' dir='ltr'><strong>bet</strong></span> <span class='ocrx_word' id='word_1_526' title='bbox 234 3948 532 4004; x_wconf 89' lang='lat' dir='ltr'><strong>occasione</strong></span> <span class='ocrx_word' id='word_1_527' title='bbox 592 3948 717 4015; x_wconf 91' lang='lat' dir='ltr'><strong>(nisi</strong></span> <span class='ocrx_word' id='word_1_528' title='bbox 749 3962 844 4003; x_wconf 92' lang='lat' dir='ltr'><strong>eos</strong></span> <span class='ocrx_word' id='word_1_529' title='bbox 875 3948 1129 4004; x_wconf 86' lang='lat' dir='ltr'><strong>retrahat</strong></span> <span class='ocrx_word' id='word_1_530' title='bbox 1182 3947 1378 4002; x_wconf 90' lang='lat' dir='ltr'><strong>divina</strong></span> <span class='ocrx_word' id='word_1_531' title='bbox 1431 3947 1634 4016; x_wconf 84' lang='lat' dir='ltr'><strong>gratia,</strong></span> <span class='ocrx_word' id='word_1_532' title='bbox 1670 3947 1790 4002; x_wconf 87' lang='lat' dir='ltr'><strong>sive</strong></span> 
     </span>
    </p>
   </div>
   <div class='ocr_carea' id='block_1_73' title="bbox 76 4035 1787 4106">
    <p class='ocr_par' dir='ltr' id='par_1_73' title="bbox 76 4035 1787 4106">
     <span class='ocr_line' id='line_1_73' title="bbox 76 4035 1787 4106; baseline -0.002 -13"><span class='ocrx_word' id='word_1_533' title='bbox 76 4037 288 4106; x_wconf 91' lang='lat' dir='ltr'><strong>lapsus</strong></span> <span class='ocrx_word' id='word_1_534' title='bbox 309 4038 366 4090; x_wconf 93' lang='lat' dir='ltr'><strong>in</strong></span> <span class='ocrx_word' id='word_1_535' title='bbox 399 4036 589 4091; x_wconf 90' lang='lat' dir='ltr'><strong>carnis</strong></span> <span class='ocrx_word' id='word_1_536' title='bbox 607 4036 869 4102; x_wconf 69' lang='lat' dir='ltr'><strong>fdelicias,</strong></span> <span class='ocrx_word' id='word_1_537' title='bbox 903 4035 1296 4105; x_wconf 87' lang='lat' dir='ltr'><strong>voluptatesve</strong></span> <span class='ocrx_word' id='word_1_538' title='bbox 1354 4037 1515 4105; x_wconf 90' lang='lat' dir='ltr'><strong>prius</strong></span> <span class='ocrx_word' id='word_1_539' title='bbox 1573 4036 1787 4104; x_wconf 83' lang='lat' dir='ltr'><strong>experti</strong></span> 
     </span>
    </p>
   </div>
   <div class='ocr_carea' id='block_1_74' title="bbox 76 4123 1789 4193">
    <p class='ocr_par' dir='ltr' id='par_1_74' title="bbox 76 4123 1789 4193">
     <span class='ocr_line' id='line_1_74' title="bbox 76 4123 1789 4193; baseline -0.001 -14"><span class='ocrx_word' id='word_1_540' title='bbox 76 4123 375 4180; x_wconf 90' lang='lat' dir='ltr'><strong>cautiores</strong></span> <span class='ocrx_word' id='word_1_541' title='bbox 432 4123 695 4191; x_wconf 90' lang='lat' dir='ltr'><strong>reddant)</strong></span> <span class='ocrx_word' id='word_1_542' title='bbox 756 4123 1101 4178; x_wconf 89' lang='lat' dir='ltr'><strong>irretiuntur</strong></span> <span class='ocrx_word' id='word_1_543' title='bbox 1153 4123 1450 4191; x_wconf 89' lang='lat' dir='ltr'><strong>illecebris,</strong></span> <span class='ocrx_word' id='word_1_544' title='bbox 1507 4131 1680 4193; x_wconf 90' lang='lat' dir='ltr'><strong>atque</strong></span> <span class='ocrx_word' id='word_1_545' title='bbox 1732 4124 1789 4177; x_wconf 90' lang='lat' dir='ltr'><strong>in</strong></span> 
     </span>
    </p>
   </div>
   <div class='ocr_carea' id='block_1_75' title="bbox 76 4211 1789 4280">
    <p class='ocr_par' dir='ltr' id='par_1_75' title="bbox 76 4211 1789 4280">
     <span class='ocr_line' id='line_1_75' title="bbox 76 4211 1789 4280; baseline 0 -14"><span class='ocrx_word' id='word_1_546' title='bbox 76 4211 310 4267; x_wconf 90' lang='lat' dir='ltr'><strong>malum</strong></span> <span class='ocrx_word' id='word_1_547' title='bbox 360 4211 764 4280; x_wconf 89' lang='lat' dir='ltr'><strong>prolabuntur.</strong></span> <span class='ocrx_word' id='word_1_548' title='bbox 818 4211 1044 4267; x_wconf 91' lang='lat' dir='ltr'><strong>Utinam</strong></span> <span class='ocrx_word' id='word_1_549' title='bbox 1113 4211 1218 4266; x_wconf 87' lang='lat' dir='ltr'><strong>ista</strong></span> <span class='ocrx_word' id='word_1_550' title='bbox 1283 4211 1620 4280; x_wconf 73' lang='lat' dir='ltr'><strong>saepiuscule</strong></span> <span class='ocrx_word' id='word_1_551' title='bbox 1677 4227 1789 4267; x_wconf 92' lang='lat' dir='ltr'><strong>usu</strong></span> 
     </span>
    </p>
   </div>
   <div class='ocr_carea' id='block_1_76' title="bbox 1894 3064 3592 3134">
    <p class='ocr_par' dir='ltr' id='par_1_76' title="bbox 1894 3064 3592 3134">
     <span class='ocr_line' id='line_1_76' title="bbox 1894 3064 3592 3134; baseline -0.002 -10"><span class='ocrx_word' id='word_1_552' title='bbox 1894 3067 2324 3124; x_wconf 90' lang='lat' dir='ltr'><strong>benedictionis.</strong></span> <span class='ocrx_word' id='word_1_553' title='bbox 2389 3065 2548 3122; x_wconf 90' lang='lat' dir='ltr'><strong>Sicut</strong></span> <span class='ocrx_word' id='word_1_554' title='bbox 2586 3065 2682 3120; x_wconf 86' lang='lat' dir='ltr'><strong>alii</strong></span> <span class='ocrx_word' id='word_1_555' title='bbox 2733 3064 2933 3119; x_wconf 92' lang='lat' dir='ltr'><strong>novitii</strong></span> <span class='ocrx_word' id='word_1_556' title='bbox 2968 3065 3286 3134; x_wconf 85' lang='lat' dir='ltr'><strong>profitetur.</strong></span> <span class='ocrx_word' id='word_1_557' title='bbox 3328 3065 3456 3121; x_wconf 89' lang='lat' dir='ltr'><strong>Sola</strong></span> <span class='ocrx_word' id='word_1_558' title='bbox 3484 3080 3592 3121; x_wconf 91' lang='lat' dir='ltr'><strong>cu-</strong></span> 
     </span>
    </p>
   </div>
   <div class='ocr_carea' id='block_1_77' title="bbox 1894 3151 3592 3217">
    <p class='ocr_par' dir='ltr' id='par_1_77' title="bbox 1894 3151 3592 3217">
     <span class='ocr_line' id='line_1_77' title="bbox 1894 3151 3592 3217; baseline -0.002 -7"><span class='ocrx_word' id='word_1_559' title='bbox 1894 3155 2061 3211; x_wconf 75' lang='lat' dir='ltr'><strong>cullze</strong></span> <span class='ocrx_word' id='word_1_560' title='bbox 2107 3153 2423 3208; x_wconf 92' lang='lat' dir='ltr'><strong>benedictio</strong></span> <span class='ocrx_word' id='word_1_561' title='bbox 2473 3165 2591 3206; x_wconf 92' lang='lat' dir='ltr'><strong>non</strong></span> <span class='ocrx_word' id='word_1_562' title='bbox 2652 3151 2912 3215; x_wconf 90' lang='lat' dir='ltr'><strong>iteratur,</strong></span> <span class='ocrx_word' id='word_1_563' title='bbox 2949 3164 3052 3205; x_wconf 91' lang='lat' dir='ltr'><strong>nec</strong></span> <span class='ocrx_word' id='word_1_564' title='bbox 3082 3151 3340 3217; x_wconf 85' lang='lat' dir='ltr'><strong>exuitur,</strong></span> <span class='ocrx_word' id='word_1_565' title='bbox 3369 3165 3475 3206; x_wconf 90' lang='lat' dir='ltr'><strong>nec</strong></span> <span class='ocrx_word' id='word_1_566' title='bbox 3503 3151 3592 3206; x_wconf 89' lang='lat' dir='ltr'><strong>in-</strong></span> 
     </span>
    </p>
   </div>
   <div class='ocr_carea' id='block_1_78' title="bbox 1895 3239 3074 3310">
    <p class='ocr_par' dir='ltr' id='par_1_78' title="bbox 1895 3239 3074 3310">
     <span class='ocr_line' id='line_1_78' title="bbox 1895 3239 3074 3310; baseline -0.004 -12"><span class='ocrx_word' id='word_1_567' title='bbox 1895 3243 2116 3308; x_wconf 90' lang='lat' dir='ltr'><strong>duitur,</strong></span> <span class='ocrx_word' id='word_1_568' title='bbox 2150 3241 2260 3296; x_wconf 92' lang='lat' dir='ltr'><strong>nisi</strong></span> <span class='ocrx_word' id='word_1_569' title='bbox 2290 3241 2437 3296; x_wconf 90' lang='lat' dir='ltr'><strong>sicut</strong></span> <span class='ocrx_word' id='word_1_570' title='bbox 2461 3247 2515 3295; x_wconf 89' lang='lat' dir='ltr'><strong>et</strong></span> <span class='ocrx_word' id='word_1_571' title='bbox 2551 3239 2710 3310; x_wconf 91' lang='lat' dir='ltr'><strong>prius</strong></span> <span class='ocrx_word' id='word_1_572' title='bbox 2742 3246 2882 3304; x_wconf 89' lang='lat' dir='ltr'><strong>erat,</strong></span> <span class='ocrx_word' id='word_1_573' title='bbox 2910 3261 2937 3287; x_wconf 82' lang='lat'><strong>»</strong></span> <span class='ocrx_word' id='word_1_574' title='bbox 2970 3246 3074 3293; x_wconf 90' lang='lat' dir='ltr'><strong>etc.</strong></span> 
     </span>
    </p>
   </div>
   <div class='ocr_carea' id='block_1_79' title="bbox 1965 3327 3593 3400">
    <p class='ocr_par' dir='ltr' id='par_1_79' title="bbox 1965 3327 3593 3400">
     <span class='ocr_line' id='line_1_79' title="bbox 1965 3327 3593 3400; baseline 0 -16"><span class='ocrx_word' id='word_1_575' title='bbox 1965 3331 2052 3385; x_wconf 81' lang='lat' dir='ltr'><strong>Ex</strong></span> <span class='ocrx_word' id='word_1_576' title='bbox 2083 3344 2209 3400; x_wconf 91' lang='lat' dir='ltr'><strong>cap.</strong></span> <span class='ocrx_word' id='word_1_577' title='bbox 2270 3331 2338 3385; x_wconf 84' lang='lat'><strong>29</strong></span> <span class='ocrx_word' id='word_1_578' title='bbox 2397 3336 2527 3384; x_wconf 89' lang='lat' dir='ltr'><strong>stat.</strong></span> <span class='ocrx_word' id='word_1_579' title='bbox 2590 3327 3077 3393; x_wconf 89' lang='lat' dir='ltr'><strong>Cluniacensium,</strong></span> <span class='ocrx_word' id='word_1_580' title='bbox 3134 3327 3202 3382; x_wconf 92' lang='lat' dir='ltr'><strong>de</strong></span> <span class='ocrx_word' id='word_1_581' title='bbox 3243 3328 3457 3398; x_wconf 89' lang='lat' dir='ltr'><strong>quibus</strong></span> <span class='ocrx_word' id='word_1_582' title='bbox 3487 3343 3593 3384; x_wconf 92' lang='lat' dir='ltr'><strong>su-</strong></span> 
     </span>
    </p>
   </div>
   <div class='ocr_carea' id='block_1_80' title="bbox 1896 3433 2019 3489">
    <p class='ocr_par' dir='ltr' id='par_1_80' title="bbox 1896 3433 2019 3489">
     <span class='ocr_line' id='line_1_80' title="bbox 1896 3433 2019 3489; baseline 0 -15"><span class='ocrx_word' id='word_1_583' title='bbox 1896 3433 2019 3489; x_wconf 89' lang='lat' dir='ltr'><strong>pra,</strong></span> 
     </span>
    </p>
   </div>
   <div class='ocr_carea' id='block_1_81' title="bbox 1969 3501 3592 3574">
    <p class='ocr_par' dir='ltr' id='par_1_81' title="bbox 1969 3501 3592 3574">
     <span class='ocr_line' id='line_1_81' title="bbox 1969 3501 3592 3574; baseline -0.002 -14"><span class='ocrx_word' id='word_1_584' title='bbox 1969 3501 2060 3574; x_wconf 75' lang='lat'><strong>(37)</strong></span> <span class='ocrx_word' id='word_1_585' title='bbox 2089 3505 2225 3558; x_wconf 77' lang='lat' dir='ltr'><strong>Iam.</strong></span> <span class='ocrx_word' id='word_1_586' title='bbox 2251 3532 2317 3544; x_wconf 96' lang='lat'>—</span> <span class='ocrx_word' id='word_1_587' title='bbox 2353 3505 2528 3557; x_wconf 81' lang='lat' dir='ltr'><strong>Tanto</strong></span> <span class='ocrx_word' id='word_1_588' title='bbox 2550 3501 2709 3556; x_wconf 85' lang='lat' dir='ltr'><strong>intra</strong></span> <span class='ocrx_word' id='word_1_589' title='bbox 2765 3501 3146 3558; x_wconf 64' lang='lat' dir='ltr'><strong>coenobiorum</strong></span> <span class='ocrx_word' id='word_1_590' title='bbox 3191 3509 3357 3574; x_wconf 76' lang='lat' dir='ltr'><strong>septa</strong></span> <span class='ocrx_word' id='word_1_591' title='bbox 3384 3505 3592 3559; x_wconf 71' lang='lat' dir='ltr'><strong>remis-</strong></span> 
     </span>
    </p>
   </div>
   <div class='ocr_carea' id='block_1_82' title="bbox 1893 3589 3593 3649">
    <p class='ocr_par' dir='ltr' id='par_1_82' title="bbox 1893 3589 3593 3649">
     <span class='ocr_line' id='line_1_82' title="bbox 1893 3589 3593 3649; baseline 0 -1"><span class='ocrx_word' id='word_1_592' title='bbox 1893 3593 2044 3648; x_wconf 71' lang='lat' dir='ltr'><strong>siore</strong></span> <span class='ocrx_word' id='word_1_593' title='bbox 2068 3591 2256 3646; x_wconf 83' lang='lat' dir='ltr'><strong>studio</strong></span> <span class='ocrx_word' id='word_1_594' title='bbox 2285 3589 2641 3646; x_wconf 84' lang='lat' dir='ltr'><strong>victitabant.</strong></span> <span class='ocrx_word' id='word_1_595' title='bbox 2679 3591 2734 3644; x_wconf 91' lang='lat' dir='ltr'><strong>ld</strong></span> <span class='ocrx_word' id='word_1_596' title='bbox 2769 3591 2873 3645; x_wconf 84' lang='lat' dir='ltr'><strong>loci</strong></span> <span class='ocrx_word' id='word_1_597' title='bbox 2911 3591 3232 3647; x_wconf 87' lang='lat' dir='ltr'><strong>illustratur</strong></span> <span class='ocrx_word' id='word_1_598' title='bbox 3261 3594 3404 3648; x_wconf 89' lang='lat' dir='ltr'><strong>Petri</strong></span> <span class='ocrx_word' id='word_1_599' title='bbox 3441 3599 3593 3649; x_wconf 77' lang='lat'><strong>586</strong></span> 
     </span>
    </p>
   </div>
   <div class='ocr_carea' id='block_1_83' title="bbox 1896 3679 3594 3751">
    <p class='ocr_par' dir='ltr' id='par_1_83' title="bbox 1896 3679 3594 3751">
     <span class='ocr_line' id='line_1_83' title="bbox 1896 3679 3594 3751; baseline 0 -12"><span class='ocrx_word' id='word_1_600' title='bbox 1896 3681 2255 3739; x_wconf 89' lang='lat' dir='ltr'><strong>Venerabilis</strong></span> <span class='ocrx_word' id='word_1_601' title='bbox 2310 3687 2570 3736; x_wconf 89' lang='lat' dir='ltr'><strong>statuto:</strong></span> <span class='ocrx_word' id='word_1_602' title='bbox 2615 3701 2641 3728; x_wconf 88' lang='lat'><strong>«</strong></span> <span class='ocrx_word' id='word_1_603' title='bbox 2692 3679 2977 3735; x_wconf 91' lang='lat' dir='ltr'><strong>Statutum</strong></span> <span class='ocrx_word' id='word_1_604' title='bbox 3040 3689 3142 3747; x_wconf 92' lang='lat' dir='ltr'><strong>est,</strong></span> <span class='ocrx_word' id='word_1_605' title='bbox 3200 3683 3278 3736; x_wconf 90' lang='lat' dir='ltr'><strong>ait</strong></span> <span class='ocrx_word' id='word_1_606' title='bbox 3337 3683 3470 3751; x_wconf 89' lang='lat' dir='ltr'><strong>ipse,</strong></span> <span class='ocrx_word' id='word_1_607' title='bbox 3529 3691 3594 3740; x_wconf 93' lang='lat' dir='ltr'><strong>ut</strong></span> 
     </span>
    </p>
   </div>
   <div class='ocr_carea' id='block_1_84' title="bbox 1898 3768 3589 3840">
    <p class='ocr_par' dir='ltr' id='par_1_84' title="bbox 1898 3768 3589 3840">
     <span class='ocr_line' id='line_1_84' title="bbox 1898 3768 3589 3840; baseline 0.001 -16"><span class='ocrx_word' id='word_1_608' title='bbox 1898 3769 2112 3836; x_wconf 90' lang='lat' dir='ltr'><strong>nullus,</strong></span> <span class='ocrx_word' id='word_1_609' title='bbox 2171 3769 2340 3824; x_wconf 91' lang='lat' dir='ltr'><strong>etiam</strong></span> <span class='ocrx_word' id='word_1_610' title='bbox 2393 3783 2466 3823; x_wconf 83' lang='lat' dir='ltr'><strong>ex</strong></span> <span class='ocrx_word' id='word_1_611' title='bbox 2524 3768 2906 3834; x_wconf 89' lang='lat' dir='ltr'><strong>concessione,</strong></span> <span class='ocrx_word' id='word_1_612' title='bbox 2959 3769 3192 3824; x_wconf 91' lang='lat' dir='ltr'><strong>futurus</strong></span> <span class='ocrx_word' id='word_1_613' title='bbox 3250 3772 3589 3840; x_wconf 87' lang='lat' dir='ltr'><strong>monachus,</strong></span> 
     </span>
    </p>
   </div>
   <div class='ocr_carea' id='block_1_85' title="bbox 1897 3857 3593 3928">
    <p class='ocr_par' dir='ltr' id='par_1_85' title="bbox 1897 3857 3593 3928">
     <span class='ocr_line' id='line_1_85' title="bbox 1897 3857 3593 3928; baseline 0.002 -15"><span class='ocrx_word' id='word_1_614' title='bbox 1897 3858 2263 3928; x_wconf 87' lang='lat' dir='ltr'><strong>regularibus</strong></span> <span class='ocrx_word' id='word_1_615' title='bbox 2317 3871 2500 3926; x_wconf 92' lang='lat' dir='ltr'><strong>usque</strong></span> <span class='ocrx_word' id='word_1_616' title='bbox 2557 3857 2625 3911; x_wconf 90' lang='lat' dir='ltr'><strong>ad</strong></span> <span class='ocrx_word' id='word_1_617' title='bbox 2689 3871 2907 3912; x_wconf 90' lang='lat' dir='ltr'><strong>annum</strong></span> <span class='ocrx_word' id='word_1_618' title='bbox 2964 3858 3303 3927; x_wconf 89' lang='lat' dir='ltr'><strong>vigesimum</strong></span> <span class='ocrx_word' id='word_1_619' title='bbox 3339 3859 3593 3916; x_wconf 91' lang='lat' dir='ltr'><strong>vestibus</strong></span> 
     </span>
    </p>
   </div>
   <div class='ocr_carea' id='block_1_86' title="bbox 1897 3943 3593 4014">
    <p class='ocr_par' dir='ltr' id='par_1_86' title="bbox 1897 3943 3593 4014">
     <span class='ocr_line' id='line_1_86' title="bbox 1897 3943 3593 4014; baseline 0.001 -14"><span class='ocrx_word' id='word_1_620' title='bbox 1897 3945 2191 4000; x_wconf 89' lang='lat' dir='ltr'><strong>induatur.</strong></span> <span class='ocrx_word' id='word_1_621' title='bbox 2229 3945 2416 4000; x_wconf 88' lang='lat' dir='ltr'><strong>Causa</strong></span> <span class='ocrx_word' id='word_1_622' title='bbox 2467 3944 2710 3998; x_wconf 85' lang='lat' dir='ltr'><strong>instituti</strong></span> <span class='ocrx_word' id='word_1_623' title='bbox 2744 3943 2919 4013; x_wconf 83' lang='lat' dir='ltr'><strong>hujus</strong></span> <span class='ocrx_word' id='word_1_624' title='bbox 2973 3945 3077 4000; x_wconf 91' lang='lat' dir='ltr'><strong>fuit</strong></span> <span class='ocrx_word' id='word_1_625' title='bbox 3129 3945 3458 4014; x_wconf 89' lang='lat' dir='ltr'><strong>immatura,</strong></span> <span class='ocrx_word' id='word_1_626' title='bbox 3497 3947 3593 4002; x_wconf 89' lang='lat' dir='ltr'><strong>ni-</strong></span> 
     </span>
    </p>
   </div>
   <div class='ocr_carea' id='block_1_87' title="bbox 1897 4031 3591 4106">
    <p class='ocr_par' dir='ltr' id='par_1_87' title="bbox 1897 4031 3591 4106">
     <span class='ocr_line' id='line_1_87' title="bbox 1897 4031 3591 4106; baseline 0.002 -18"><span class='ocrx_word' id='word_1_627' title='bbox 1897 4033 2124 4102; x_wconf 89' lang='lat' dir='ltr'><strong>misque</strong></span> <span class='ocrx_word' id='word_1_628' title='bbox 2179 4032 2327 4088; x_wconf 90' lang='lat' dir='ltr'><strong>celer</strong></span> <span class='ocrx_word' id='word_1_629' title='bbox 2385 4031 2691 4087; x_wconf 90' lang='lat' dir='ltr'><strong>infantium</strong></span> <span class='ocrx_word' id='word_1_630' title='bbox 2745 4033 3042 4101; x_wconf 88' lang='lat' dir='ltr'><strong>susceptio,</strong></span> <span class='ocrx_word' id='word_1_631' title='bbox 3106 4035 3229 4104; x_wconf 91' lang='lat' dir='ltr'><strong>qui,</strong></span> <span class='ocrx_word' id='word_1_632' title='bbox 3280 4043 3591 4106; x_wconf 89' lang='lat' dir='ltr'><strong>antequam</strong></span> 
     </span>
    </p>
   </div>
   <div class='ocr_carea' id='block_1_88' title="bbox 1897 4120 3587 4193">
    <p class='ocr_par' dir='ltr' id='par_1_88' title="bbox 1897 4120 3587 4193">
     <span class='ocr_line' id='line_1_88' title="bbox 1897 4120 3587 4193; baseline 0.002 -17"><span class='ocrx_word' id='word_1_633' title='bbox 1897 4121 2116 4191; x_wconf 91' lang='lat' dir='ltr'><strong>aliquid</strong></span> <span class='ocrx_word' id='word_1_634' title='bbox 2204 4120 2564 4176; x_wconf 90' lang='lat' dir='ltr'><strong>rationabilis</strong></span> <span class='ocrx_word' id='word_1_635' title='bbox 2631 4121 3020 4191; x_wconf 67' lang='lat' dir='ltr'><strong>intelligentiae</strong></span> <span class='ocrx_word' id='word_1_636' title='bbox 3078 4123 3288 4179; x_wconf 90' lang='lat' dir='ltr'><strong>habere</strong></span> <span class='ocrx_word' id='word_1_637' title='bbox 3341 4133 3587 4193; x_wconf 91' lang='lat' dir='ltr'><strong>possent,</strong></span> 
     </span>
    </p>
   </div>
   <div class='ocr_carea' id='block_1_89' title="bbox 1900 4209 3591 4280">
    <p class='ocr_par' dir='ltr' id='par_1_89' title="bbox 1900 4209 3591 4280">
     <span class='ocr_line' id='line_1_89' title="bbox 1900 4209 3591 4280; baseline 0.003 -16"><span class='ocrx_word' id='word_1_638' title='bbox 1900 4223 2076 4264; x_wconf 75' lang='lat' dir='ltr'><strong>sacrae</strong></span> <span class='ocrx_word' id='word_1_639' title='bbox 2137 4209 2428 4280; x_wconf 92' lang='lat' dir='ltr'><strong>religionis</strong></span> <span class='ocrx_word' id='word_1_640' title='bbox 2485 4209 2741 4264; x_wconf 88' lang='lat' dir='ltr'><strong>vestibus</strong></span> <span class='ocrx_word' id='word_1_641' title='bbox 2796 4209 3206 4278; x_wconf 90' lang='lat' dir='ltr'><strong>induebantur,</strong></span> <span class='ocrx_word' id='word_1_642' title='bbox 3269 4220 3324 4267; x_wconf 92' lang='lat' dir='ltr'><strong>et</strong></span> <span class='ocrx_word' id='word_1_643' title='bbox 3365 4213 3591 4269; x_wconf 87' lang='lat' dir='ltr'><strong>admisti</strong></span> 
     </span>
    </p>
   </div>
   <div class='ocr_carea' id='block_1_90' title="bbox 77 4290 3592 4367">
    <p class='ocr_par' dir='ltr' id='par_1_90' title="bbox 77 4290 3592 4367">
     <span class='ocr_line' id='line_1_90' title="bbox 77 4290 3592 4367; baseline 0.001 -12"><span class='ocrx_word' id='word_1_644' title='bbox 77 4315 204 4355; x_wconf 90' lang='lat' dir='ltr'><strong>non</strong></span> <span class='ocrx_word' id='word_1_645' title='bbox 237 4299 503 4356; x_wconf 85' lang='lat' dir='ltr'><strong>venirent</strong></span> <span class='ocrx_word' id='word_1_646' title='bbox 535 4301 546 4354; x_wconf 86' lang='lat'><strong>!</strong></span> <span class='ocrx_word' id='word_1_647' title='bbox 609 4299 991 4365; x_wconf 86' lang='lat' dir='ltr'><strong>Quamobrem</strong></span> <span class='ocrx_word' id='word_1_648' title='bbox 1045 4299 1098 4354; x_wconf 91' lang='lat' dir='ltr'><strong>S.</strong></span> <span class='ocrx_word' id='word_1_649' title='bbox 1153 4299 1489 4355; x_wconf 90' lang='lat' dir='ltr'><strong>Benedictus</strong></span> <span class='ocrx_word' id='word_1_650' title='bbox 1545 4309 1788 4355; x_wconf 89' lang='lat' dir='ltr'><strong>rectores</strong></span> <span class='ocrx_word' id='word_1_651' title='bbox 1823 4290 1867 4343; x_wconf 78' lang='grc' dir='ltr'><strong>ι)</strong></span> <span class='ocrx_word' id='word_1_652' title='bbox 1899 4297 2044 4363; x_wconf 86' lang='lat' dir='ltr'><strong>aliis,</strong></span> <span class='ocrx_word' id='word_1_653' title='bbox 2073 4298 2389 4367; x_wconf 90' lang='lat' dir='ltr'><strong>puerilibus</strong></span> <span class='ocrx_word' id='word_1_654' title='bbox 2442 4297 2669 4367; x_wconf 91' lang='lat' dir='ltr'><strong>ineptiis</strong></span> <span class='ocrx_word' id='word_1_655' title='bbox 2722 4312 2920 4352; x_wconf 90' lang='lat' dir='ltr'><strong>omnes</strong></span> <span class='ocrx_word' id='word_1_656' title='bbox 2951 4301 3366 4367; x_wconf 88' lang='lat' dir='ltr'><strong>perturbabant</strong></span> <span class='ocrx_word' id='word_1_657' title='bbox 3400 4318 3411 4354; x_wconf 93' lang='lat'>:</span> <span class='ocrx_word' id='word_1_658' title='bbox 3443 4310 3499 4357; x_wconf 90' lang='lat' dir='ltr'><strong>et</strong></span> <span class='ocrx_word' id='word_1_659' title='bbox 3529 4311 3592 4358; x_wconf 91' lang='lat' dir='ltr'><strong>ut</strong></span> 
     </span>
    </p>
   </div>
   <div class='ocr_carea' id='block_1_91' title="bbox 78 4388 1786 4458">
    <p class='ocr_par' dir='ltr' id='par_1_91' title="bbox 78 4388 1786 4458">
     <span class='ocr_line' id='line_1_91' title="bbox 78 4388 1786 4458; baseline 0.001 -15"><span class='ocrx_word' id='word_1_660' title='bbox 78 4389 419 4444; x_wconf 90' lang='lat' dir='ltr'><strong>animarum</strong></span> <span class='ocrx_word' id='word_1_661' title='bbox 478 4389 742 4443; x_wconf 91' lang='lat' dir='ltr'><strong>admonet</strong></span> <span class='ocrx_word' id='word_1_662' title='bbox 803 4388 1116 4458; x_wconf 88' lang='lat' dir='ltr'><strong>quominus</strong></span> <span class='ocrx_word' id='word_1_663' title='bbox 1172 4403 1266 4444; x_wconf 92' lang='lat' dir='ltr'><strong>eos</strong></span> <span class='ocrx_word' id='word_1_664' title='bbox 1307 4389 1409 4458; x_wconf 89' lang='lat' dir='ltr'><strong>qui</strong></span> <span class='ocrx_word' id='word_1_665' title='bbox 1447 4389 1664 4444; x_wconf 92' lang='lat' dir='ltr'><strong>mundo</strong></span> <span class='ocrx_word' id='word_1_666' title='bbox 1696 4403 1786 4445; x_wconf 89' lang='lat' dir='ltr'><strong>re-</strong></span> 
     </span>
    </p>
   </div>
   <div class='ocr_carea' id='block_1_92' title="bbox 80 4475 1789 4546">
    <p class='ocr_par' dir='ltr' id='par_1_92' title="bbox 80 4475 1789 4546">
     <span class='ocr_line' id='line_1_92' title="bbox 80 4475 1789 4546; baseline -0.001 -14"><span class='ocrx_word' id='word_1_667' title='bbox 80 4476 250 4546; x_wconf 91' lang='lat' dir='ltr'><strong>pudii</strong></span> <span class='ocrx_word' id='word_1_668' title='bbox 286 4475 540 4531; x_wconf 91' lang='lat' dir='ltr'><strong>libellum</strong></span> <span class='ocrx_word' id='word_1_669' title='bbox 591 4477 875 4544; x_wconf 90' lang='lat' dir='ltr'><strong>remisere,</strong></span> <span class='ocrx_word' id='word_1_670' title='bbox 911 4476 1216 4532; x_wconf 91' lang='lat' dir='ltr'><strong>identidem</strong></span> <span class='ocrx_word' id='word_1_671' title='bbox 1254 4476 1403 4531; x_wconf 91' lang='lat' dir='ltr'><strong>foras</strong></span> <span class='ocrx_word' id='word_1_672' title='bbox 1432 4477 1625 4546; x_wconf 86' lang='lat' dir='ltr'><strong>egredi</strong></span> <span class='ocrx_word' id='word_1_673' title='bbox 1656 4491 1789 4546; x_wconf 90' lang='lat' dir='ltr'><strong>per-</strong></span> 
     </span>
    </p>
   </div>
   <div class='ocr_carea' id='block_1_93' title="bbox 81 4564 1790 4634">
    <p class='ocr_par' dir='ltr' id='par_1_93' title="bbox 81 4564 1790 4634">
     <span class='ocr_line' id='line_1_93' title="bbox 81 4564 1790 4634; baseline 0 -14"><span class='ocrx_word' id='word_1_674' title='bbox 81 4565 363 4620; x_wconf 89' lang='lat' dir='ltr'><strong>mittant:</strong></span> <span class='ocrx_word' id='word_1_675' title='bbox 401 4564 603 4630; x_wconf 87' lang='lat' dir='ltr'><strong>«Quia</strong></span> <span class='ocrx_word' id='word_1_676' title='bbox 659 4565 910 4631; x_wconf 92' lang='lat' dir='ltr'><strong>omnino,</strong></span> <span class='ocrx_word' id='word_1_677' title='bbox 955 4565 1099 4631; x_wconf 80' lang='lat' dir='ltr'><strong>iniit,</strong></span> <span class='ocrx_word' id='word_1_678' title='bbox 1148 4579 1261 4620; x_wconf 91' lang='lat' dir='ltr'><strong>non</strong></span> <span class='ocrx_word' id='word_1_679' title='bbox 1291 4565 1520 4634; x_wconf 81' lang='lat' dir='ltr'><strong>expedit</strong></span> <span class='ocrx_word' id='word_1_680' title='bbox 1569 4565 1790 4620; x_wconf 86' lang='lat' dir='ltr'><strong>anima-</strong></span> 
     </span>
    </p>
   </div>
   <div class='ocr_carea' id='block_1_94' title="bbox 81 4652 1030 4723">
    <p class='ocr_par' dir='ltr' id='par_1_94' title="bbox 81 4652 1030 4723">
     <span class='ocr_line' id='line_1_94' title="bbox 81 4652 1030 4723; baseline -0.002 -15"><span class='ocrx_word' id='word_1_681' title='bbox 81 4652 201 4708; x_wconf 90' lang='lat' dir='ltr'><strong>bus</strong></span> <span class='ocrx_word' id='word_1_682' title='bbox 226 4666 453 4720; x_wconf 91' lang='lat' dir='ltr'><strong>eorum,</strong></span> <span class='ocrx_word' id='word_1_683' title='bbox 487 4674 507 4701; x_wconf 77' lang='grc' dir='ltr'><strong><em>ι</em></strong></span> <span class='ocrx_word' id='word_1_684' title='bbox 545 4667 670 4723; x_wconf 89' lang='lat' dir='ltr'><strong>cap.</strong></span> <span class='ocrx_word' id='word_1_685' title='bbox 702 4655 771 4707; x_wconf 87' lang='lat'><strong>66</strong></span> <span class='ocrx_word' id='word_1_686' title='bbox 798 4653 1030 4723; x_wconf 58' lang='lat' dir='ltr'><strong>regula}.</strong></span> 
     </span>
    </p>
   </div>
   <div class='ocr_carea' id='block_1_95' title="bbox 161 4738 1790 4810">
    <p class='ocr_par' dir='ltr' id='par_1_95' title="bbox 161 4738 1790 4810">
     <span class='ocr_line' id='line_1_95' title="bbox 161 4738 1790 4810; baseline -0.001 -15"><span class='ocrx_word' id='word_1_687' title='bbox 161 4741 243 4796; x_wconf 91' lang='lat' dir='ltr'><strong>De</strong></span> <span class='ocrx_word' id='word_1_688' title='bbox 276 4755 585 4810; x_wconf 84' lang='lat' dir='ltr'><strong>puerorum</strong></span> <span class='ocrx_word' id='word_1_689' title='bbox 619 4743 731 4796; x_wconf 90' lang='lat' dir='ltr'><strong>Deo</strong></span> <span class='ocrx_word' id='word_1_690' title='bbox 777 4755 811 4796; x_wconf 92' lang='lat' dir='ltr'><strong>a</strong></span> <span class='ocrx_word' id='word_1_691' title='bbox 867 4741 1202 4810; x_wconf 90' lang='lat' dir='ltr'><strong>parentibus</strong></span> <span class='ocrx_word' id='word_1_692' title='bbox 1256 4739 1575 4796; x_wconf 92' lang='lat' dir='ltr'><strong>oblatorum</strong></span> <span class='ocrx_word' id='word_1_693' title='bbox 1609 4738 1790 4810; x_wconf 90' lang='lat' dir='ltr'><strong>proli-</strong></span> 
     </span>
    </p>
   </div>
   <div class='ocr_carea' id='block_1_96' title="bbox 80 4827 1792 4899">
    <p class='ocr_par' dir='ltr' id='par_1_96' title="bbox 80 4827 1792 4899">
     <span class='ocr_line' id='line_1_96' title="bbox 80 4827 1792 4899; baseline -0.001 -15"><span class='ocrx_word' id='word_1_694' title='bbox 80 4829 228 4885; x_wconf 81' lang='lat' dir='ltr'><strong>xius</strong></span> <span class='ocrx_word' id='word_1_695' title='bbox 276 4829 501 4899; x_wconf 88' lang='lat' dir='ltr'><strong>egimus</strong></span> <span class='ocrx_word' id='word_1_696' title='bbox 555 4830 626 4884; x_wconf 91' lang='lat' dir='ltr'><strong>ad</strong></span> <span class='ocrx_word' id='word_1_697' title='bbox 682 4829 744 4882; x_wconf 93' lang='grc' dir='ltr'><strong>Β.</strong></span> <span class='ocrx_word' id='word_1_698' title='bbox 776 4827 1100 4896; x_wconf 87' lang='lat' dir='ltr'><strong>_Lanfranci</strong></span> <span class='ocrx_word' id='word_1_699' title='bbox 1153 4829 1317 4897; x_wconf 91' lang='lat' dir='ltr'><strong>epist.</strong></span> <span class='ocrx_word' id='word_1_700' title='bbox 1378 4831 1466 4885; x_wconf 79' lang='lat'><strong>32.</strong></span> <span class='ocrx_word' id='word_1_701' title='bbox 1513 4827 1792 4896; x_wconf 85' lang='lat' dir='ltr'><strong>Superest</strong></span> 
     </span>
    </p>
   </div>
   <div class='ocr_carea' id='block_1_97' title="bbox 82 4915 1792 4986">
    <p class='ocr_par' dir='ltr' id='par_1_97' title="bbox 82 4915 1792 4986">
     <span class='ocr_line' id='line_1_97' title="bbox 82 4915 1792 4986; baseline -0.002 -13"><span class='ocrx_word' id='word_1_702' title='bbox 82 4925 153 4973; x_wconf 91' lang='lat' dir='ltr'><strong>ut</strong></span> <span class='ocrx_word' id='word_1_703' title='bbox 181 4917 491 4973; x_wconf 87' lang='lat' dir='ltr'><strong>formulam</strong></span> <span class='ocrx_word' id='word_1_704' title='bbox 525 4917 909 4974; x_wconf 90' lang='lat' dir='ltr'><strong>sistendorum</strong></span> <span class='ocrx_word' id='word_1_705' title='bbox 954 4918 1285 4973; x_wconf 91' lang='lat' dir='ltr'><strong>eorumdem</strong></span> <span class='ocrx_word' id='word_1_706' title='bbox 1335 4930 1438 4986; x_wconf 88' lang='lat' dir='ltr'><strong>pro</strong></span> <span class='ocrx_word' id='word_1_707' title='bbox 1487 4915 1650 4970; x_wconf 90' lang='lat' dir='ltr'><strong>altari</strong></span> <span class='ocrx_word' id='word_1_708' title='bbox 1691 4927 1792 4984; x_wconf 91' lang='lat' dir='ltr'><strong>per</strong></span> 
     </span>
    </p>
   </div>
   <div class='ocr_carea' id='block_1_98' title="bbox 82 5005 1220 5063">
    <p class='ocr_par' dir='ltr' id='par_1_98' title="bbox 82 5005 1220 5063">
     <span class='ocr_line' id='line_1_98' title="bbox 82 5005 1220 5063; baseline -0.003 -2"><span class='ocrx_word' id='word_1_709' title='bbox 82 5007 446 5063; x_wconf 88' lang='lat' dir='ltr'><strong>monachum</strong></span> <span class='ocrx_word' id='word_1_710' title='bbox 480 5005 761 5061; x_wconf 90' lang='lat' dir='ltr'><strong>seniorem</strong></span> <span class='ocrx_word' id='word_1_711' title='bbox 802 5006 916 5061; x_wconf 90' lang='lat' dir='ltr'><strong>huc</strong></span> <span class='ocrx_word' id='word_1_712' title='bbox 946 5013 1220 5060; x_wconf 79' lang='lat' dir='ltr'><strong>attexam.</strong></span> 
     </span>
    </p>
   </div>
   <div class='ocr_carea' id='block_1_99' title="bbox 160 5093 1791 5163">
    <p class='ocr_par' dir='ltr' id='par_1_99' title="bbox 160 5093 1791 5163">
     <span class='ocr_line' id='line_1_99' title="bbox 160 5093 1791 5163; baseline -0.001 -13"><span class='ocrx_word' id='word_1_713' title='bbox 160 5095 319 5150; x_wconf 89' lang='lat' dir='ltr'><strong>Puer</strong></span> <span class='ocrx_word' id='word_1_714' title='bbox 364 5109 498 5150; x_wconf 89' lang='lat' dir='ltr'><strong>vero</strong></span> <span class='ocrx_word' id='word_1_715' title='bbox 554 5094 656 5163; x_wconf 93' lang='lat' dir='ltr'><strong>qui</strong></span> <span class='ocrx_word' id='word_1_716' title='bbox 719 5109 851 5150; x_wconf 90' lang='lat' dir='ltr'><strong>cum</strong></span> <span class='ocrx_word' id='word_1_717' title='bbox 916 5094 1105 5149; x_wconf 88' lang='lat' dir='ltr'><strong>laicali</strong></span> <span class='ocrx_word' id='word_1_718' title='bbox 1156 5093 1246 5149; x_wconf 90' lang='lat' dir='ltr'><strong>vel</strong></span> <span class='ocrx_word' id='word_1_719' title='bbox 1292 5093 1538 5149; x_wconf 90' lang='lat' dir='ltr'><strong>clericali</strong></span> <span class='ocrx_word' id='word_1_720' title='bbox 1587 5093 1791 5150; x_wconf 89' lang='lat' dir='ltr'><strong>habitu</strong></span> 
     </span>
    </p>
   </div>
   <div class='ocr_carea' id='block_1_100' title="bbox 81 5181 1788 5249">
    <p class='ocr_par' dir='ltr' id='par_1_100' title="bbox 81 5181 1788 5249">
     <span class='ocr_line' id='line_1_100' title="bbox 81 5181 1788 5249; baseline -0.002 -9"><span class='ocrx_word' id='word_1_721' title='bbox 81 5183 339 5249; x_wconf 86' lang='lat' dir='ltr'><strong>venerit,</strong></span> <span class='ocrx_word' id='word_1_722' title='bbox 394 5183 550 5238; x_wconf 91' lang='lat' dir='ltr'><strong>hunc</strong></span> <span class='ocrx_word' id='word_1_723' title='bbox 596 5183 948 5238; x_wconf 90' lang='lat' dir='ltr'><strong>camerarius</strong></span> <span class='ocrx_word' id='word_1_724' title='bbox 991 5183 1048 5237; x_wconf 91' lang='lat' dir='ltr'><strong>in</strong></span> <span class='ocrx_word' id='word_1_725' title='bbox 1099 5181 1436 5237; x_wconf 90' lang='lat' dir='ltr'><strong>vestiarium</strong></span> <span class='ocrx_word' id='word_1_726' title='bbox 1485 5182 1657 5236; x_wconf 91' lang='lat' dir='ltr'><strong>ducat</strong></span> <span class='ocrx_word' id='word_1_727' title='bbox 1692 5196 1788 5237; x_wconf 91' lang='lat' dir='ltr'><strong>eo-</strong></span> 
     </span>
    </p>
   </div>
   <div class='ocr_carea' id='block_1_101' title="bbox 82 5269 1787 5340">
    <p class='ocr_par' dir='ltr' id='par_1_101' title="bbox 82 5269 1787 5340">
     <span class='ocr_line' id='line_1_101' title="bbox 82 5269 1787 5340; baseline -0.002 -12"><span class='ocrx_word' id='word_1_728' title='bbox 82 5273 222 5328; x_wconf 90' lang='lat' dir='ltr'><strong>dem</strong></span> <span class='ocrx_word' id='word_1_729' title='bbox 259 5270 426 5326; x_wconf 91' lang='lat' dir='ltr'><strong>modo</strong></span> <span class='ocrx_word' id='word_1_730' title='bbox 443 5271 803 5328; x_wconf 90' lang='lat' dir='ltr'><strong>vestiendum</strong></span> <span class='ocrx_word' id='word_1_731' title='bbox 837 5285 951 5339; x_wconf 91' lang='lat' dir='ltr'><strong>quo</strong></span> <span class='ocrx_word' id='word_1_732' title='bbox 978 5270 1219 5340; x_wconf 91' lang='lat' dir='ltr'><strong>quilibet</strong></span> <span class='ocrx_word' id='word_1_733' title='bbox 1249 5270 1502 5326; x_wconf 89' lang='lat' dir='ltr'><strong>novitius</strong></span> <span class='ocrx_word' id='word_1_734' title='bbox 1527 5269 1787 5336; x_wconf 88' lang='lat' dir='ltr'><strong>vestitur,</strong></span> 
     </span>
    </p>
   </div>
   <div class='ocr_carea' id='block_1_102' title="bbox 83 5356 1790 5431">
    <p class='ocr_par' dir='ltr' id='par_1_102' title="bbox 83 5356 1790 5431">
     <span class='ocr_line' id='line_1_102' title="bbox 83 5356 1790 5431; baseline -0.004 -15"><span class='ocrx_word' id='word_1_735' title='bbox 83 5367 310 5431; x_wconf 72' lang='lat' dir='ltr'><strong>praeter</strong></span> <span class='ocrx_word' id='word_1_736' title='bbox 357 5359 511 5429; x_wconf 91' lang='lat' dir='ltr'><strong>quod</strong></span> <span class='ocrx_word' id='word_1_737' title='bbox 562 5359 610 5414; x_wconf 90' lang='lat' dir='ltr'><strong>ei</strong></span> <span class='ocrx_word' id='word_1_738' title='bbox 671 5373 783 5414; x_wconf 90' lang='lat' dir='ltr'><strong>non</strong></span> <span class='ocrx_word' id='word_1_739' title='bbox 838 5357 1204 5425; x_wconf 92' lang='lat' dir='ltr'><strong>stamineum,</strong></span> <span class='ocrx_word' id='word_1_740' title='bbox 1238 5357 1330 5412; x_wconf 91' lang='lat' dir='ltr'><strong>sed</strong></span> <span class='ocrx_word' id='word_1_741' title='bbox 1365 5370 1467 5427; x_wconf 90' lang='lat' dir='ltr'><strong>pro</strong></span> <span class='ocrx_word' id='word_1_742' title='bbox 1513 5356 1790 5412; x_wconf 89' lang='lat' dir='ltr'><strong>stamineo</strong></span> 
     </span>
    </p>
   </div>
   <div class='ocr_carea' id='block_1_103' title="bbox 84 5444 1787 5502">
    <p class='ocr_par' dir='ltr' id='par_1_103' title="bbox 84 5444 1787 5502">
     <span class='ocr_line' id='line_1_103' title="bbox 84 5444 1787 5502; baseline -0.002 0"><span class='ocrx_word' id='word_1_743' title='bbox 84 5446 337 5502; x_wconf 88' lang='lat' dir='ltr'><strong>camisia</strong></span> <span class='ocrx_word' id='word_1_744' title='bbox 391 5445 542 5502; x_wconf 89' lang='lat' dir='ltr'><strong>linea</strong></span> <span class='ocrx_word' id='word_1_745' title='bbox 596 5446 788 5502; x_wconf 89' lang='lat' dir='ltr'><strong>datur.</strong></span> <span class='ocrx_word' id='word_1_746' title='bbox 834 5445 976 5501; x_wconf 88' lang='lat' dir='ltr'><strong>Cum</strong></span> <span class='ocrx_word' id='word_1_747' title='bbox 1028 5444 1221 5500; x_wconf 89' lang='lat' dir='ltr'><strong>visum</strong></span> <span class='ocrx_word' id='word_1_748' title='bbox 1253 5444 1422 5500; x_wconf 90' lang='lat' dir='ltr'><strong>fuerit</strong></span> <span class='ocrx_word' id='word_1_749' title='bbox 1450 5444 1658 5499; x_wconf 89' lang='lat' dir='ltr'><strong>domno</strong></span> <span class='ocrx_word' id='word_1_750' title='bbox 1688 5444 1787 5499; x_wconf 78' lang='lat' dir='ltr'><strong>ab-</strong></span> 
     </span>
    </p>
   </div>
   <div class='ocr_carea' id='block_1_104' title="bbox 85 5531 1792 5605">
    <p class='ocr_par' dir='ltr' id='par_1_104' title="bbox 85 5531 1792 5605">
     <span class='ocr_line' id='line_1_104' title="bbox 85 5531 1792 5605; baseline -0.002 -14"><span class='ocrx_word' id='word_1_751' title='bbox 85 5535 236 5604; x_wconf 89' lang='lat' dir='ltr'><strong>bati,</strong></span> <span class='ocrx_word' id='word_1_752' title='bbox 271 5533 556 5605; x_wconf 87' lang='lat' dir='ltr'><strong>capellum</strong></span> <span class='ocrx_word' id='word_1_753' title='bbox 588 5535 656 5590; x_wconf 91' lang='lat' dir='ltr'><strong>de</strong></span> <span class='ocrx_word' id='word_1_754' title='bbox 713 5533 896 5590; x_wconf 91' lang='lat' dir='ltr'><strong>frocco</strong></span> <span class='ocrx_word' id='word_1_755' title='bbox 947 5532 1073 5603; x_wconf 90' lang='lat' dir='ltr'><strong>ejus</strong></span> <span class='ocrx_word' id='word_1_756' title='bbox 1121 5532 1286 5603; x_wconf 87' lang='lat' dir='ltr'><strong>jubet</strong></span> <span class='ocrx_word' id='word_1_757' title='bbox 1314 5531 1550 5601; x_wconf 90' lang='lat' dir='ltr'><strong>auferri,</strong></span> <span class='ocrx_word' id='word_1_758' title='bbox 1601 5539 1656 5588; x_wconf 92' lang='lat' dir='ltr'><strong>et</strong></span> <span class='ocrx_word' id='word_1_759' title='bbox 1683 5546 1792 5588; x_wconf 90' lang='lat' dir='ltr'><strong>cu—</strong></span> 
     </span>
    </p>
   </div>
   <div class='ocr_carea' id='block_1_105' title="bbox 1899 4385 3592 4458">
    <p class='ocr_par' dir='ltr' id='par_1_105' title="bbox 1899 4385 3592 4458">
     <span class='ocr_line' id='line_1_105' title="bbox 1899 4385 3592 4458; baseline 0.002 -17"><span class='ocrx_word' id='word_1_760' title='bbox 1899 4386 2165 4455; x_wconf 66' lang='lat' dir='ltr'><strong>quaadam</strong></span> <span class='ocrx_word' id='word_1_761' title='bbox 2205 4393 2439 4451; x_wconf 89' lang='lat' dir='ltr'><strong>teceam,</strong></span> <span class='ocrx_word' id='word_1_762' title='bbox 2472 4395 2526 4440; x_wconf 92' lang='lat' dir='ltr'><strong>et</strong></span> <span class='ocrx_word' id='word_1_763' title='bbox 2586 4385 2766 4440; x_wconf 88' lang='lat' dir='ltr'><strong>multa</strong></span> <span class='ocrx_word' id='word_1_764' title='bbox 2805 4385 3052 4441; x_wconf 89' lang='lat' dir='ltr'><strong>breviter</strong></span> <span class='ocrx_word' id='word_1_765' title='bbox 3082 4388 3365 4458; x_wconf 89' lang='lat' dir='ltr'><strong>colligam,</strong></span> <span class='ocrx_word' id='word_1_766' title='bbox 3399 4397 3454 4444; x_wconf 91' lang='lat' dir='ltr'><strong>et</strong></span> <span class='ocrx_word' id='word_1_767' title='bbox 3482 4389 3592 4445; x_wconf 90' lang='lat' dir='ltr'><strong>sibi</strong></span> 
     </span>
    </p>
   </div>
   <div class='ocr_carea' id='block_1_106' title="bbox 1897 4473 3591 4548">
    <p class='ocr_par' dir='ltr' id='par_1_106' title="bbox 1897 4473 3591 4548">
     <span class='ocr_line' id='line_1_106' title="bbox 1897 4473 3591 4548; baseline 0.002 -19"><span class='ocrx_word' id='word_1_768' title='bbox 1897 4473 2042 4529; x_wconf 88' lang='lat' dir='ltr'><strong>nihil</strong></span> <span class='ocrx_word' id='word_1_769' title='bbox 2104 4489 2246 4544; x_wconf 92' lang='lat' dir='ltr'><strong>pene</strong></span> <span class='ocrx_word' id='word_1_770' title='bbox 2279 4474 2607 4544; x_wconf 89' lang='lat' dir='ltr'><strong>proderant,</strong></span> <span class='ocrx_word' id='word_1_771' title='bbox 2642 4477 2698 4529; x_wconf 88' lang='lat' dir='ltr'><strong>et</strong></span> <span class='ocrx_word' id='word_1_772' title='bbox 2745 4474 2990 4530; x_wconf 89' lang='lat' dir='ltr'><strong>aliorum</strong></span> <span class='ocrx_word' id='word_1_773' title='bbox 3024 4484 3213 4544; x_wconf 89' lang='lat' dir='ltr'><strong>postea</strong></span> <span class='ocrx_word' id='word_1_774' title='bbox 3262 4477 3591 4548; x_wconf 90' lang='lat' dir='ltr'><strong>religiosum</strong></span> 
     </span>
    </p>
   </div>
   <div class='ocr_carea' id='block_1_107' title="bbox 1898 4563 3593 4635">
    <p class='ocr_par' dir='ltr' id='par_1_107' title="bbox 1898 4563 3593 4635">
     <span class='ocr_line' id='line_1_107' title="bbox 1898 4563 3593 4635; baseline 0.004 -18"><span class='ocrx_word' id='word_1_775' title='bbox 1898 4563 2253 4632; x_wconf 88' lang='lat' dir='ltr'><strong>propositum</strong></span> <span class='ocrx_word' id='word_1_776' title='bbox 2309 4578 2424 4618; x_wconf 92' lang='lat' dir='ltr'><strong>non</strong></span> <span class='ocrx_word' id='word_1_777' title='bbox 2485 4576 2706 4632; x_wconf 90' lang='lat' dir='ltr'><strong>parum,</strong></span> <span class='ocrx_word' id='word_1_778' title='bbox 2750 4563 2862 4618; x_wconf 89' lang='lat' dir='ltr'><strong>imo</strong></span> <span class='ocrx_word' id='word_1_779' title='bbox 2893 4565 3243 4634; x_wconf 90' lang='lat' dir='ltr'><strong>quandoque</strong></span> <span class='ocrx_word' id='word_1_780' title='bbox 3275 4565 3593 4635; x_wconf 89' lang='lat' dir='ltr'><strong>plurimum</strong></span> 
     </span>
    </p>
   </div>
   <div class='ocr_carea' id='block_1_108' title="bbox 1898 4651 2361 4719">
    <p class='ocr_par' dir='ltr' id='par_1_108' title="bbox 1898 4651 2361 4719">
     <span class='ocr_line' id='line_1_108' title="bbox 1898 4651 2361 4719; baseline -0.011 -14"><span class='ocrx_word' id='word_1_781' title='bbox 1898 4651 2299 4719; x_wconf 89' lang='lat' dir='ltr'><strong>impediebant.</strong></span> <span class='ocrx_word' id='word_1_782' title='bbox 2339 4673 2361 4700; x_wconf 78' lang='grc' dir='ltr'>ι</span> 
     </span>
    </p>
   </div>
   <div class='ocr_carea' id='block_1_109' title="bbox 1970 4738 3590 4811">
    <p class='ocr_par' dir='ltr' id='par_1_109' title="bbox 1970 4738 3590 4811">
     <span class='ocr_line' id='line_1_109' title="bbox 1970 4738 3590 4811; baseline 0.003 -20"><span class='ocrx_word' id='word_1_783' title='bbox 1970 4739 2053 4808; x_wconf 76' lang='grc'><strong>(³⁸)</strong></span> <span class='ocrx_word' id='word_1_784' title='bbox 2091 4739 2239 4794; x_wconf 82' lang='lat' dir='ltr'><strong>IBID.</strong></span> <span class='ocrx_word' id='word_1_785' title='bbox 2277 4770 2345 4777; x_wconf 98' lang='lat'><strong>—</strong></span> <span class='ocrx_word' id='word_1_786' title='bbox 2375 4738 2821 4794; x_wconf 74' lang='lat' dir='ltr'><strong>Ecclesiasticas</strong></span> <span class='ocrx_word' id='word_1_787' title='bbox 2853 4738 3146 4794; x_wconf 73' lang='lat' dir='ltr'><strong>occasione</strong></span> <span class='ocrx_word' id='word_1_788' title='bbox 3176 4740 3416 4811; x_wconf 78' lang='lat' dir='ltr'><strong>difﬁcili</strong></span> <span class='ocrx_word' id='word_1_789' title='bbox 3439 4741 3590 4796; x_wconf 85' lang='lat' dir='ltr'><strong>dila-</strong></span> 
     </span>
    </p>
   </div>
   <div class='ocr_carea' id='block_1_110' title="bbox 1896 4825 3594 4898">
    <p class='ocr_par' dir='ltr' id='par_1_110' title="bbox 1896 4825 3594 4898">
     <span class='ocr_line' id='line_1_110' title="bbox 1896 4825 3594 4898; baseline 0.004 -19"><span class='ocrx_word' id='word_1_790' title='bbox 1896 4825 2101 4896; x_wconf 80' lang='lat' dir='ltr'><strong>pidare</strong></span> <span class='ocrx_word' id='word_1_791' title='bbox 2145 4826 2440 4898; x_wconf 79' lang='lat' dir='ltr'><strong>pecunias,</strong></span> <span class='ocrx_word' id='word_1_792' title='bbox 2486 4836 2592 4882; x_wconf 87' lang='lat' dir='ltr'><strong>etc.</strong></span> <span class='ocrx_word' id='word_1_793' title='bbox 2645 4826 2801 4883; x_wconf 87' lang='lat' dir='ltr'><strong>Heu!</strong></span> <span class='ocrx_word' id='word_1_794' title='bbox 2857 4843 3034 4898; x_wconf 89' lang='lat' dir='ltr'><strong>quam</strong></span> <span class='ocrx_word' id='word_1_795' title='bbox 3091 4829 3148 4883; x_wconf 90' lang='lat' dir='ltr'><strong>in</strong></span> <span class='ocrx_word' id='word_1_796' title='bbox 3193 4829 3461 4898; x_wconf 88' lang='lat' dir='ltr'><strong>profanas</strong></span> <span class='ocrx_word' id='word_1_797' title='bbox 3501 4835 3594 4897; x_wconf 90' lang='lat' dir='ltr'><strong>(ne</strong></span> 
     </span>
    </p>
   </div>
   <div class='ocr_carea' id='block_1_111' title="bbox 1899 4917 3594 4986">
    <p class='ocr_par' dir='ltr' id='par_1_111' title="bbox 1899 4917 3594 4986">
     <span class='ocr_line' id='line_1_111' title="bbox 1899 4917 3594 4986; baseline 0.002 -15"><span class='ocrx_word' id='word_1_798' title='bbox 1899 4917 2040 4984; x_wconf 90' lang='lat' dir='ltr'><strong>quid</strong></span> <span class='ocrx_word' id='word_1_799' title='bbox 2083 4917 2368 4986; x_wconf 88' lang='lat' dir='ltr'><strong>gravius,)</strong></span> <span class='ocrx_word' id='word_1_800' title='bbox 2403 4923 2456 4971; x_wconf 91' lang='lat' dir='ltr'><strong>et</strong></span> <span class='ocrx_word' id='word_1_801' title='bbox 2504 4918 2698 4972; x_wconf 86' lang='lat' dir='ltr'><strong>varias</strong></span> <span class='ocrx_word' id='word_1_802' title='bbox 2754 4917 3036 4986; x_wconf 89' lang='lat' dir='ltr'><strong>discerpta</strong></span> <span class='ocrx_word' id='word_1_803' title='bbox 3079 4925 3269 4986; x_wconf 90' lang='lat' dir='ltr'><strong>partes</strong></span> <span class='ocrx_word' id='word_1_804' title='bbox 3323 4918 3594 4974; x_wconf 88' lang='lat' dir='ltr'><strong>ecclesia-</strong></span> 
     </span>
    </p>
   </div>
   <div class='ocr_carea' id='block_1_112' title="bbox 1899 5003 3594 5075">
    <p class='ocr_par' dir='ltr' id='par_1_112' title="bbox 1899 5003 3594 5075">
     <span class='ocr_line' id='line_1_112' title="bbox 1899 5003 3594 5075; baseline 0.002 -17"><span class='ocrx_word' id='word_1_805' title='bbox 1899 5018 2029 5059; x_wconf 89' lang='lat' dir='ltr'><strong>rum</strong></span> <span class='ocrx_word' id='word_1_806' title='bbox 2062 5003 2658 5074; x_wconf 90' lang='lat' dir='ltr'><strong>monasteriorumque</strong></span> <span class='ocrx_word' id='word_1_807' title='bbox 2691 5004 2838 5060; x_wconf 91' lang='lat' dir='ltr'><strong>bona</strong></span> <span class='ocrx_word' id='word_1_808' title='bbox 2871 5020 2883 5058; x_wconf 90' lang='lat'><em>:</em></span> <span class='ocrx_word' id='word_1_809' title='bbox 2910 5020 3040 5075; x_wconf 65' lang='lat' dir='ltr'><strong>quae</strong></span> <span class='ocrx_word' id='word_1_810' title='bbox 3072 5027 3100 5055; x_wconf 89' lang='lat'>«</span> <span class='ocrx_word' id='word_1_811' title='bbox 3124 5014 3255 5061; x_wconf 89' lang='lat' dir='ltr'><strong>vota</strong></span> <span class='ocrx_word' id='word_1_812' title='bbox 3275 5014 3411 5062; x_wconf 91' lang='lat' dir='ltr'><strong>sunt</strong></span> <span class='ocrx_word' id='word_1_813' title='bbox 3450 5007 3594 5063; x_wconf 83' lang='lat' dir='ltr'><strong>fide-</strong></span> 
     </span>
    </p>
   </div>
   <div class='ocr_carea' id='block_1_113' title="bbox 1898 5090 3591 5165">
    <p class='ocr_par' dir='ltr' id='par_1_113' title="bbox 1898 5090 3591 5165">
     <span class='ocr_line' id='line_1_113' title="bbox 1898 5090 3591 5165; baseline 0.002 -19"><span class='ocrx_word' id='word_1_814' title='bbox 1898 5090 2062 5158; x_wconf 91' lang='lat' dir='ltr'><strong>lium,</strong></span> <span class='ocrx_word' id='word_1_815' title='bbox 2096 5100 2148 5146; x_wconf 92' lang='lat' dir='ltr'><strong>et</strong></span> <span class='ocrx_word' id='word_1_816' title='bbox 2182 5092 2361 5160; x_wconf 89' lang='lat' dir='ltr'><strong>pretia</strong></span> <span class='ocrx_word' id='word_1_817' title='bbox 2420 5100 2805 5160; x_wconf 89' lang='lat' dir='ltr'><strong>peccatorum,</strong></span> <span class='ocrx_word' id='word_1_818' title='bbox 2858 5107 2924 5148; x_wconf 90' lang='lat' dir='ltr'><strong>ac</strong></span> <span class='ocrx_word' id='word_1_819' title='bbox 2976 5094 3319 5162; x_wconf 85' lang='lat' dir='ltr'><strong>patrimonia</strong></span> <span class='ocrx_word' id='word_1_820' title='bbox 3377 5109 3591 5165; x_wconf 88' lang='lat' dir='ltr'><strong>paupe-</strong></span> 
     </span>
    </p>
   </div>
   <div class='ocr_carea' id='block_1_114' title="bbox 1898 5179 3591 5254">
    <p class='ocr_par' dir='ltr' id='par_1_114' title="bbox 1898 5179 3591 5254">
     <span class='ocr_line' id='line_1_114' title="bbox 1898 5179 3591 5254; baseline 0.003 -22"><span class='ocrx_word' id='word_1_821' title='bbox 1898 5191 2051 5243; x_wconf 89' lang='lat' dir='ltr'><strong>rum,</strong></span> <span class='ocrx_word' id='word_1_822' title='bbox 2089 5200 2110 5227; x_wconf 77' lang='grc' dir='ltr'><strong>ι</strong></span> <span class='ocrx_word' id='word_1_823' title='bbox 2146 5179 2437 5247; x_wconf 85' lang='lat' dir='ltr'><strong>scripsisse</strong></span> <span class='ocrx_word' id='word_1_824' title='bbox 2486 5179 2732 5234; x_wconf 88' lang='lat' dir='ltr'><strong>traditur</strong></span> <span class='ocrx_word' id='word_1_825' title='bbox 2761 5180 3029 5236; x_wconf 89' lang='lat' dir='ltr'><strong>Urbanus</strong></span> <span class='ocrx_word' id='word_1_826' title='bbox 3061 5195 3206 5251; x_wconf 89' lang='lat' dir='ltr'><strong>papa</strong></span> <span class='ocrx_word' id='word_1_827' title='bbox 3233 5183 3272 5248; x_wconf 91' lang='grc' dir='ltr'><strong>Ι,</strong></span> <span class='ocrx_word' id='word_1_828' title='bbox 3304 5190 3358 5237; x_wconf 91' lang='lat' dir='ltr'><strong>et</strong></span> <span class='ocrx_word' id='word_1_829' title='bbox 3403 5183 3591 5254; x_wconf 90' lang='lat' dir='ltr'><strong>Edga-</strong></span> 
     </span>
    </p>
   </div>
   <div class='ocr_carea' id='block_1_115' title="bbox 1899 5267 3592 5341">
    <p class='ocr_par' dir='ltr' id='par_1_115' title="bbox 1899 5267 3592 5341">
     <span class='ocr_line' id='line_1_115' title="bbox 1899 5267 3592 5341; baseline 0.004 -20"><span class='ocrx_word' id='word_1_830' title='bbox 1899 5281 2001 5323; x_wconf 93' lang='lat' dir='ltr'><strong>rus</strong></span> <span class='ocrx_word' id='word_1_831' title='bbox 2047 5267 2368 5338; x_wconf 84' lang='lat' dir='ltr'><strong>Anglorum</strong></span> <span class='ocrx_word' id='word_1_832' title='bbox 2428 5282 2570 5322; x_wconf 83' lang='lat' dir='ltr'><strong>rex:</strong></span> <span class='ocrx_word' id='word_1_833' title='bbox 2603 5289 2628 5317; x_wconf 74' lang='grc' dir='ltr'><strong><em>α</em></strong></span> <span class='ocrx_word' id='word_1_834' title='bbox 2675 5268 2818 5324; x_wconf 90' lang='lat' dir='ltr'><strong>Sunt</strong></span> <span class='ocrx_word' id='word_1_835' title='bbox 2859 5272 3204 5340; x_wconf 87' lang='lat' dir='ltr'><strong>patrimonia</strong></span> <span class='ocrx_word' id='word_1_836' title='bbox 3249 5286 3592 5341; x_wconf 88' lang='lat' dir='ltr'><strong>pauperum,</strong></span> 
     </span>
    </p>
   </div>
   <div class='ocr_carea' id='block_1_116' title="bbox 1899 5356 3596 5430">
    <p class='ocr_par' dir='ltr' id='par_1_116' title="bbox 1899 5356 3596 5430">
     <span class='ocr_line' id='line_1_116' title="bbox 1899 5356 3596 5430; baseline 0.004 -20"><span class='ocrx_word' id='word_1_837' title='bbox 1899 5369 1966 5410; x_wconf 84' lang='lat' dir='ltr'><strong>ac</strong></span> <span class='ocrx_word' id='word_1_838' title='bbox 1997 5356 2223 5425; x_wconf 92' lang='lat' dir='ltr'><strong>pretiosi</strong></span> <span class='ocrx_word' id='word_1_839' title='bbox 2251 5356 2458 5412; x_wconf 87' lang='lat' dir='ltr'><strong>Christi</strong></span> <span class='ocrx_word' id='word_1_840' title='bbox 2491 5357 2792 5426; x_wconf 89' lang='lat' dir='ltr'><strong>sanguinis</strong></span> <span class='ocrx_word' id='word_1_841' title='bbox 2823 5359 3090 5427; x_wconf 91' lang='lat' dir='ltr'><strong>pretium.</strong></span> <span class='ocrx_word' id='word_1_842' title='bbox 3129 5381 3149 5407; x_wconf 79' lang='grc' dir='ltr'><strong><em>ι</em></strong></span> <span class='ocrx_word' id='word_1_843' title='bbox 3202 5359 3457 5430; x_wconf 71' lang='lat' dir='ltr'><strong>Quaeque</strong></span> <span class='ocrx_word' id='word_1_844' title='bbox 3483 5361 3596 5417; x_wconf 92' lang='lat' dir='ltr'><strong>Deo</strong></span> 
     </span>
    </p>
   </div>
   <div class='ocr_carea' id='block_1_117' title="bbox 1899 5444 3596 5515">
    <p class='ocr_par' dir='ltr' id='par_1_117' title="bbox 1899 5444 3596 5515">
     <span class='ocr_line' id='line_1_117' title="bbox 1899 5444 3596 5515; baseline 0.005 -18"><span class='ocrx_word' id='word_1_845' title='bbox 1899 5457 1966 5498; x_wconf 91' lang='lat' dir='ltr'><strong>ac</strong></span> <span class='ocrx_word' id='word_1_846' title='bbox 1995 5444 2206 5500; x_wconf 88' lang='lat' dir='ltr'><strong>sanctis</strong></span> <span class='ocrx_word' id='word_1_847' title='bbox 2227 5444 2379 5510; x_wconf 89' lang='lat' dir='ltr'><strong>data,</strong></span> <span class='ocrx_word' id='word_1_848' title='bbox 2417 5452 2479 5500; x_wconf 90' lang='lat' dir='ltr'><strong>ut</strong></span> <span class='ocrx_word' id='word_1_849' title='bbox 2511 5444 2600 5499; x_wconf 90' lang='lat' dir='ltr'><strong>die</strong></span> <span class='ocrx_word' id='word_1_850' title='bbox 2657 5453 2947 5515; x_wconf 91' lang='lat' dir='ltr'><strong>noctuque</strong></span> <span class='ocrx_word' id='word_1_851' title='bbox 2984 5446 3180 5503; x_wconf 88' lang='lat' dir='ltr'><strong>laudes</strong></span> <span class='ocrx_word' id='word_1_852' title='bbox 3225 5449 3440 5504; x_wconf 90' lang='lat' dir='ltr'><strong>summi</strong></span> <span class='ocrx_word' id='word_1_853' title='bbox 3469 5463 3596 5505; x_wconf 92' lang='lat' dir='ltr'><strong>om-</strong></span> 
     </span>
    </p>
   </div>
   <div class='ocr_carea' id='block_1_118' title="bbox 1899 5532 3597 5602">
    <p class='ocr_par' dir='ltr' id='par_1_118' title="bbox 1899 5532 3597 5602">
     <span class='ocr_line' id='line_1_118' title="bbox 1899 5532 3597 5602; baseline 0.003 -14"><span class='ocrx_word' id='word_1_854' title='bbox 1899 5532 2062 5588; x_wconf 87' lang='lat' dir='ltr'><strong>nium</strong></span> <span class='ocrx_word' id='word_1_855' title='bbox 2131 5533 2414 5589; x_wconf 88' lang='lat' dir='ltr'><strong>Creatoris</strong></span> <span class='ocrx_word' id='word_1_856' title='bbox 2489 5533 2869 5602; x_wconf 88' lang='lat' dir='ltr'><strong>concinentes,</strong></span> <span class='ocrx_word' id='word_1_857' title='bbox 2947 5535 3195 5591; x_wconf 88' lang='lat' dir='ltr'><strong>habeant</strong></span> <span class='ocrx_word' id='word_1_858' title='bbox 3259 5536 3477 5593; x_wconf 89' lang='lat' dir='ltr'><strong>victum</strong></span> <span class='ocrx_word' id='word_1_859' title='bbox 3529 5550 3597 5592; x_wconf 88' lang='lat' dir='ltr'><strong>ac</strong></span> 
     </span>
    </p>
   </div>
  </div>
