3932 6084
304 242 441 296 1063

1341 237 1435 292 AD
1475 238 1628 294 OPP.
1673 237 1826 292 VEN.
1860 235 2196 296 GUIBERTI
2231 237 2319 290 DE
2359 235 2754 293 NOVIGENTO

3665 236 3811 288 106i

304 378 596 444 vestitum,
628 376 820 432 ferunt
849 389 1045 430 omnes
1082 375 1491 445 propemodum
1525 376 2001 430 monasteriorum
2039 379 2084 430 Α
2115 374 2418 428 rumetiam
2473 373 2804 428 clarissimis
2832 380 3008 442 atque
3051 373 3342 428 ditissimis
3371 371 3596 437 enituit,
3630 392 3655 419 ››
3693 377 3804 424 etc.

305 467 689 524 fundationes.
720 453 809 519 'ln
864 465 1278 519 restauratione
1330 463 1653 519 monasterii
1703 463 2002 518 Besuensis

308 559 386 612 ita
416 557 675 625 loquitur
722 552 1022 608 Albericus
1074 552 1467 622 Lingonensis,
1525 553 1844 621 episcopus,
1879 559 2001 620 post

307 651 642 700 enumerata
670 655 704 696 a
733 655 791 696 se
847 640 1054 696 collata
1083 655 1096 694 :
1130 661 1155 688 α
1187 640 1250 694 In
1277 639 1660 694 substantiam
1695 639 2001 694 monacho-

308 747 459 798 rum,
490 737 546 787 et
574 729 904 784 alimoniam
958 742 1298 798 pauperum,
1331 734 1384 782 et
1418 736 1480 784 ut
1512 727 1715 782 ibidem
1761 727 2000 781 delet-to-

311 829 405 876 tur
435 819 618 874 servis
647 818 746 872 Dei
791 817 1030 872 Domino
1068 816 1310 885 servire;
1338 824 1393 870 et
1425 831 1525 885 pro
1576 831 1704 884 rege
1761 816 2004 885 ejusque

310 909 576 978 conjuge,
617 913 672 961 et
710 905 907 960 liberis
952 903 1134 973 ipsius
1165 912 1219 959 et
1247 903 1419 959 totius
1445 903 1666 973 imperii
1700 904 2005 958 stabilitate

305 996 525 1067 jugiter
598 994 822 1049 Domini
909 992 1353 1048 misericordiam
1414 992 1740 1062 implorare,
1805 1013 1824 1039 n
1895 999 2002 1046 etc.

311 1083 630 1139 Chronicon
677 1083 959 1137 Besuense
1013 1095 1117 1135 ms.
1177 1079 1283 1136 Sed
1326 1089 1380 1136 et
1412 1079 1678 1134 Aldricus
1713 1079 2004 1135 Senonen-

311 1171 388 1226 sis
417 1170 672 1235 antistes,
708 1169 812 1222 hoc
867 1182 1040 1223 sensu
1092 1182 1227 1222 suos
1261 1166 1658 1238 sulfraganeos
1696 1166 2007 1236 compella-

315 1261 414 1316 bat
479 1259 534 1313 in
593 1258 791 1312 charta
841 1271 946 1312 ms.
1028 1255 1459 1311 instaurationis
1515 1255 1754 1310 coenobii
1818 1253 2006 1309 Sancti

313 1346 553 1416 Remigii
604 1360 777 1414 prope
831 1345 1083 1400 Senonas
1131 1361 1142 1398 :
1201 1363 1226 1393 α
1280 1343 1538 1399 Sciamus
1589 1357 1706 1398 rem
1761 1343 2008 1397 ecclesia

314 1451 435 1492 esse
472 1435 788 1490 oblationes
840 1432 1114 1497 lidelium,
1173 1433 1352 1501 pretia
1410 1441 1792 1500 peccatorum,
1843 1433 2012 1500 patri-

315 1524 510 1580 monia
580 1535 920 1592 pauperum,
979 1535 1191 1590 easque
1277 1520 1440 1576 nobis
1504 1519 2008 1586 administrandas,

317 1611 732 1682 procurandas,
792 1617 966 1679 atque
1021 1609 1372 1664 ordinandas
1411 1609 1742 1677 suscepisse,
1806 1609 2010 1662 barum

317 1714 510 1756 rerum
576 1699 1070 1753 administratores
1117 1712 1221 1752 nos
1273 1712 1414 1763 esse,
1472 1697 1794 1752 meminisse
1841 1696 2008 1751 debe-

317 1801 450 1843 mus
491 1803 504 1840 :
538 1795 591 1842 et
623 1785 880 1840 redditus
909 1798 1309 1854 expansasque
1339 1797 1538 1839 earum
1571 1783 1649 1839 eis
1683 1784 1884 1838 usibus
1911 1798 2012 1852 ap-

321 1874 554 1945 plicare,
588 1886 838 1943 quorum
879 1873 1063 1942 gratia
1108 1872 1320 1928 divinis
1345 1873 1622 1927 altaribus
1651 1872 1899 1942 alligata
1923 1887 2016 1926 no-

319 1967 582 2015 scuntur.
626 1980 652 2006 ω
709 1957 1028 2012 Chronicon
1079 1957 1418 2013 Divionense
1458 1959 1733 2014 ineditum
1769 1973 1780 2013 :
1818 1978 1843 2009 α
1875 1958 2018 2014 Con-

321 2045 453 2104 tulit
503 2059 605 2101 rex
672 2045 1053 2101 Guntrannus
1117 2046 1230 2100 Deo
1285 2054 1339 2101 et
1385 2054 1580 2102 sancto
1635 2047 1888 2116 Benigno
1944 2045 2017 2100 ad

320 2135 538 2190 victum
565 2134 980 2189 monachorum
1019 2134 1128 2188 Deo
1169 2133 1225 2187 in
1263 2133 1368 2188 hoc
1400 2133 1517 2188 loco
1548 2134 2015 2198 deservientium,

325 2230 389 2280 ut
420 2237 520 2293 pro
550 2237 607 2277 se
637 2236 704 2277 ac
748 2221 1112 2291 sequentium
1162 2237 1366 2292 regum
1405 2221 1588 2278 salute
1635 2231 1688 2277 et
1750 2229 2017 2292 peccato-

325 2325 454 2367 rum
483 2310 816 2366 remissione
845 2310 1099 2364 divinam
1131 2318 1370 2366 exorent
1416 2311 1775 2366 clementiam
1821 2325 2018 2366 mona-

324 2399 436 2455 chi.
491 2399 735 2468 Insuper
790 2397 958 2453 etiam
1047 2399 1293 2453 instituit
1353 2405 1415 2452 ut
1467 2399 1538 2453 ad
1585 2399 2021 2455 similitudinem

324 2488 654 2543 monasterii
691 2486 1029 2542 Sanctorum
1093 2487 1553 2556 Agaunensium,
1599 2487 1696 2542 diu
1731 2495 2022 2556 noctuque

325 2575 586 2632 divinum
623 2574 1043 2644 persolveretur
1073 2573 1349 2639 officium,
1386 2595 1413 2621 »
1436 2582 1541 2629 etc.

399 2662 723 2720 Ludovicus
779 2663 914 2717 Pius
971 2663 1278 2730 imperator
1326 2662 1621 2718 monachis
1677 2662 2023 2719 Anianensi-

325 2750 436 2806 bus
487 2748 780 2804 ecclesiam
841 2747 1028 2802 Sancti
1085 2747 1307 2802 Martini
1362 2747 1727 2808 Arelatensis,
1755 2756 1808 2804 et
1857 2763 2023 2819 qua-

328 2851 560 2907 cunque
613 2849 678 2890 ac
737 2849 860 2890 eam
924 2835 1291 2904 pertinerent,
1341 2836 1674 2902 concedens,
1735 2835 1820 2890 his
1878 2836 2024 2890 inter

330 2925 444 2981 alia
473 2923 662 2979 verbis
688 2923 873 2977 utitur
905 2937 917 2975 :
959 2944 978 2970 ι
1016 2923 1176 2976 Hanc
1225 2931 1432 2978 nostra
1463 2924 1816 2980 auctoritatis
1845 2925 2022 2979 dona-

332 3013 542 3070 tionem
593 3017 903 3067 memorato
934 3010 1276 3066 monasterio
1332 3009 1401 3064 ad
1458 3009 1738 3079 stipendia
1779 3011 2020 3065 fratrum

332 3102 539 3157 ibidem
573 3101 686 3155 Deo
712 3098 1138 3166 famulantium,
1173 3106 1227 3154 et
1260 3098 1330 3154 ad
1369 3098 1625 3154 subsidia
1679 3113 2021 3169 pauperum,

331 3189 421 3245 vel
449 3189 519 3245 ad
575 3196 812 3244 cunctas
857 3187 1112 3257 ejusdem
1158 3186 1486 3242 monasterii
1529 3187 1735 3242 Aniani
1786 3188 2026 3243 necessi-

335 3285 477 3334 tates
525 3277 924 3342 consulendas,
978 3275 1050 3330 ob
1087 3276 1539 3331 emolumentum
1579 3275 1787 3331 anima
1819 3285 2026 3332 nostrae

337 3365 742 3436 perpetualiter
808 3363 1210 3427 concessimus.
1246 3385 1274 3412 »
1319 3372 1425 3419 etc.
1482 3363 1571 3420 Sic
1626 3365 2026 3420 vetustissima

334 3455 702 3510 membrana.

406 3543 504 3597 His
534 3554 784 3596 consona
813 3539 881 3595 de
909 3539 1157 3595 ecclesia
1187 3538 1393 3608 opibus
1422 3538 1586 3596 effert
1615 3539 2025 3607 Tertullianus,

332 3629 626 3699 Apologet.
673 3641 796 3696 cap.
849 3629 914 3681 39
973 3643 985 3680 :
1028 3649 1048 3674 ε
1103 3626 1235 3681 Hac
1292 3626 1545 3696 deposita
1602 3628 1828 3696 pietatis
1868 3635 2024 3694 sunt,

335 3731 468 3772 nam
502 3716 633 3772 inde
658 3731 771 3772 non
802 3716 1008 3785 epulis,
1046 3729 1160 3770 non
1222 3715 1521 3784 potaculis,
1576 3731 1680 3772 nec
1718 3717 2028 3772 voratrinis

333 3805 717 3874 dispensatur,
740 3803 834 3859 sed
856 3803 1051 3873 egenis
1071 3802 1306 3868 alendis,
1337 3803 1780 3874 humandisque,
1813 3813 1866 3860 et
1897 3819 2030 3874 pue-

333 3892 413 3948 ris
445 3906 510 3947 ac
531 3891 764 3962 pupillis
796 3906 854 3946 re
887 3905 953 3946 ac
1000 3891 1335 3960 parentibus
1381 3892 1683 3959 destitutis,
1726 3915 1753 3941 ››
1787 3901 1890 3948 etc.
1942 3893 2027 3948 Ad

334 3995 454 4036 rem
507 3981 670 4035 istam
717 3994 848 4050 qua
901 3979 972 4034 ad
1026 3993 1159 4034 suas
1211 3980 1436 4034 constit.
1496 3981 1777 4036 Benedict.
1835 3981 2030 4037 Patres

335 4065 498 4135 regni
531 4066 897 4137 Portugallia
927 4067 1151 4136 amplas
1206 4069 1580 4136 possessiones
1635 4070 1853 4124 ordinis
1910 4085 2028 4125 me-

336 4161 643 4221 morantes,
713 4154 1173 4224 praloquuntur,
1234 4156 1559 4212 adnotabo:
1599 4180 1619 4205 ι

333 4241 652 4297 omittimus
676 4242 732 4296 in
763 4240 1028 4298 ecclesias
1057 4243 1300 4298 redacta.

475 4335 714 4410 Singula
742 4355 863 4409 qua
891 4338 1045 4393 saecli
1076 4338 1300 4393 attriuit
1318 4338 1404 4394 sic
1433 4357 1583 4394 cana
1615 4344 1886 4410 vetustas,

485 4409 560 4462 Ut
585 4415 818 4464 maneat
846 4414 1062 4481 prater
1083 4414 1283 4465 nostra
1297 4411 1474 4477 fuere
1502 4411 1669 4466 nihil.

335 4506 416 4561 Ea
442 4511 633 4561 tamen
684 4506 1067 4576 perstringere
1101 4506 1250 4572 libet,
1304 4505 1443 4574 quia
1477 4506 1605 4562 licet
1657 4507 2031 4566 alienationes

335 4593 500 4648 nobis
527 4593 641 4648 sint
669 4593 890 4649 dolores
915 4593 1216 4649 oculorum
1275 4601 1330 4648 et
1356 4593 1555 4661 animi,
1600 4596 1811 4652 indices
1840 4607 2028 4652 tamen

335 4688 472 4736 sunt
547 4681 889 4737 sanctissimi
969 4682 1310 4750 patriarcha
1356 4681 1684 4753 (Benedicti)
1734 4685 2031 4741 eharitatis

332 4777 388 4826 et
431 4770 765 4826 meritorum
834 4770 1012 4840 ipsius
1065 4770 1233 4839 (adde
1289 4778 1344 4826 et
1389 4771 1637 4828 filiorum
1669 4774 1908 4844 ﬁpietatis
1963 4790 2031 4832 ac

334 4855 624 4924 dorctina)
657 4857 775 4911 vivi
807 4871 1111 4926 praecones,
1147 4879 1173 4907 ››
1207 4864 1312 4912 etc.

409 4941 506 5015 (³9)
538 4947 672 5000 CAP.
710 4945 806 4999 IX.
837 4975 905 4983 —
969 4945 1292 4999 Vocabatur
1329 4949 1520 5001 autem
1550 4947 1674 5019 ipse
1707 4949 2027 5007 Ebrardus.

334 5031 513 5098 Quem
555 5033 755 5102 paucis
787 5032 986 5088 laudat
1017 5033 1291 5090 Andraas
1323 5035 1618 5092 Duchesne
1649 5037 1857 5094 Histor.
1883 5040 2030 5096 Dro-

335 5135 485 5178 cens.
522 5121 619 5178 lib.
655 5138 693 5189 ι,
737 5135 868 5191 pag.
903 5121 992 5188 24,
1026 5121 1126 5177 ubi
1172 5131 1224 5178 et
1251 5124 1319 5179 de
1347 5122 1567 5179 familia
1597 5125 1868 5182 comitum
1902 5129 2031 5184 Bri-

335 5208 663 5266 toliensium
695 5223 707 5262 :
737 5208 897 5263 illum
932 5223 998 5263 eo
1031 5208 1134 5264 loci
1169 5210 1282 5276 adi,
1314 5210 1361 5264 si
1393 5211 1594 5280 placet.

409 5296 497 5368 (⁸ο)
529 5298 664 5353 lein.
698 5327 767 5336 —-
811 5296 1257 5365 Theudebaldus,
1315 5306 1420 5353 etc.
1474 5299 1595 5356 sive
1643 5300 2024 5360 Theohaldus.

337 5383 518 5455 Cujus
564 5385 916 5456 biographus
966 5386 1013 5440 ei
1073 5395 1585 5455 contemporaneus
1640 5388 1760 5444 hac
1808 5390 2024 5448 habet:

340 5491 368 5521 α
409 5473 772 5531 Theobaldus
826 5474 1162 5544 parentibus
1211 5489 1326 5530 non
1355 5475 1541 5532 solum
1586 5477 1892 5547 nobilibus,
1927 5495 2028 5536 ve-

1674 4158 1805 4213 Hac
1834 4165 1888 4214 et
1917 4158 2030 4214 alia

2105 462 2175 517 Et
2202 461 2349 516 infra
2385 478 2397 514 :
2437 483 2457 509 ι
2514 461 2751 530 Lapides
2806 460 3059 525 ferendo,
3105 461 3296 516 feuutn
3339 475 3369 515 e
3401 459 3576 528 pratis
3604 471 3804 512 secan-

2107 548 2198 614 do,
2233 548 2460 603 stabula
2486 548 2766 615 curando,
2797 557 2852 604 et
2897 549 3166 616 maxime,
3196 556 3260 604 ut
3288 548 3434 603 idem
3470 547 3812 616 simpliciter

2109 636 2407 701 referebat,
2436 635 2713 690 carbones
2734 635 2802 689 ad
2831 649 3003 704 opera
3026 635 3251 690 fabrilia
3275 633 3549 699 faciendo,
3585 633 3813 686 victum

2109 725 2212 780 sibi
2244 739 2376 779 cum
2407 737 2583 794 parvo
2609 738 2786 778 censu
2809 723 3180 793 Lprovidebat,
3211 745 3230 771 ι
3276 721 3500 787 Surius,
3535 729 3667 776 tom.
3709 719 3808 774 Ill.

2112 813 2386 883 Sigebert.
2420 813 2490 867 ad
2521 826 2743 867 annum
2779 813 2930 866 1050.

2185 900 2267 970 (υ)
2301 901 2435 955 lein.
2470 929 2541 941 —
2568 900 2755 969 Majas
2810 899 3221 956 monasterium
3261 897 3532 970 petiuere.
3577 895 3818 952 Celebre

2113 988 2260 1044 istud
2299 988 2706 1044 monasterium
2749 1003 2923 1058 prope
2949 989 3206 1045 Turones
3237 987 3309 1042 ad
3345 986 3558 1042 ﬂuenta
3593 985 3822 1054 Ligeris

2112 1078 2306 1144 situm,
2341 1090 2373 1131 a
2404 1085 2600 1132 sancto
2640 1077 2887 1133 Martino
2944 1077 3364 1146 archiepiscopo
3415 1073 3656 1144 sumpsit
3708 1071 3822 1126 ini-

2114 1162 2277 1218 tium.
2332 1163 2410 1222 De
2457 1177 2572 1232 quo
2611 1162 2919 1234 Gregorius
2968 1164 3183 1220 Turon.
3228 1164 3304 1218 De
3343 1163 3526 1234 gloria
3565 1161 3817 1217 confess.

2113 1265 2238 1320 cap.
2268 1253 2330 1319 8;
2356 1250 2582 1306 Glaber.
2617 1252 2713 1306 lib.
2747 1267 2828 1319 ιιι,
2862 1267 2988 1322 cap.
3024 1253 3078 1319 4,
3105 1261 3160 1308 et
3193 1251 3315 1306 alii.

2187 1341 2254 1394 Et
2291 1339 2565 1409 quoniam
2633 1340 3125 1396 nomenclaturam
3181 1339 3458 1396 abbatum
3489 1353 3523 1394 a
3569 1338 3824 1394 Roberto

2119 1428 2176 1482 in
2235 1427 2413 1482 Gallia
2464 1427 2789 1483 Christiana
2836 1429 3175 1498 expositam,
3211 1428 3267 1482 in
3318 1428 3513 1483 multis
3551 1427 3821 1480 vitiosam

2119 1515 2520 1582 animadverti,
2579 1523 2863 1585 quotquot
2919 1531 2992 1572 ex
3037 1517 3294 1586 antiquis
3347 1515 3696 1570 membranis
3760 1527 3826 1567 ac

2122 1603 2432 1659 ruderibus
2480 1603 2738 1672 ejusdem
2821 1604 3066 1660 abbatia
3132 1605 3381 1673 reperire
3436 1603 3644 1668 licebit,
3709 1601 3825 1656 huc

2054 1671 2092 1724 Β
2125 1699 2376 1746 attexere
2405 1671 2559 1746 haud
2594 1691 2794 1746 inutile
2822 1691 2937 1747 fore
2959 1671 3238 1762 judicavi.

2335 1779 2624 1832 Elenchuc
2670 1779 2939 1834 abbatum
2969 1780 3214 1848 Majoris
3243 1776 3600 1833 monasterii.

2197 1866 2422 1922 Primus
2451 1867 2628 1922 abbas
2659 1880 2726 1921 ac
2787 1866 3059 1922 fundator
3107 1875 3342 1922 sanctus
3388 1866 3666 1921 Martinus
3698 1865 3826 1934 epi-

2125 1970 2333 2024 scopus
2362 1956 2731 2011 Turonensis.
2759 1957 2826 2010 ll.
2847 1956 3148 2012 Galbertus
3178 1971 3212 2012 a
3242 1957 3302 2011 Β.
3336 1957 3580 2012 Martino
3611 1957 3827 2010 electus

2127 2060 2193 2101 ac
2225 2045 2574 2100 benedictus.
2591 2045 2766 2110 Quem
2786 2047 3079 2101 consecuti
3099 2045 3393 2116 regulares
3413 2044 3823 2113 abbates(quo-

2128 2148 2257 2190 rum
2299 2133 2536 2188 nomina
2565 2133 2851 2188 oblivione
2891 2133 3133 2203 sepulta)
3183 2146 3409 2188 omnem
3461 2137 3824 2186 navaverunt

2127 2236 2378 2292 operam,
2414 2230 2478 2276 ut
2510 2222 2565 2275 in
2613 2222 2810 2291 Majori
2843 2224 3186 2277 monasterio
3224 2221 3425 2292 religio
3459 2220 3706 2275 ﬂoreret.

2207 2315 2351 2364 ὕεα
2399 2310 2493 2364 ιιι.
2529 2311 2598 2365 Et
2625 2311 2731 2365 hoc
2776 2311 3043 2379 equidem
3071 2324 3254 2380 usque
3280 2311 3350 2365 ad
3381 2309 3695 2364 Robertum
3729 2321 3824 2362 co-

2131 2400 2322 2455 mitem
2372 2399 2583 2454 Odonis
2637 2399 2788 2466 regis
2834 2399 3112 2455 fratrem:
3162 2400 3264 2469 qui
3313 2413 3500 2454 comes
3554 2407 3608 2453 et
3649 2397 3826 2452 abbas

2129 2487 2361 2557 Majoris
2392 2487 2742 2554 monasterii,
2779 2488 2837 2542 in
2870 2488 3071 2543 charta
3100 2501 3252 2542 anno
3282 2489 3314 2540 6
3347 2485 3510 2556 regni
3568 2485 3828 2558 ejusdem

2129 2574 2338 2630 Odonis
2369 2573 2641 2641 confecta,
2675 2582 3069 2644 nuncupatur.

2203 2663 2499 2717 Destructo
2578 2675 2612 2716 a
2664 2663 3072 2717 Northmannis
3143 2662 3504 2725 monasterio,
3552 2662 3834 2731 casisque

2132 2751 2450 2815 monachis,
2483 2751 2580 2821 qui
2613 2751 2949 2820 superstites
2979 2751 3216 2806 fuerunt
3245 2765 3361 2806 una
3395 2765 3528 2805 cum
3568 2751 3838 2804 sacratis-

2135 2840 2277 2894 simo
2310 2840 2371 2893 B.
2409 2839 2633 2894 Martini
2671 2840 2905 2908 pignore
2965 2839 3022 2892 in
3072 2839 3470 2909 Burgundiam
3527 2851 3835 2901 secessere,

2063 2961 2104 3015 Ο
2135 2930 2204 2982 At
2229 2941 2300 2982 ex
2330 2927 2548 2982 clericis
2602 2926 2867 2981 nonnulli
2921 2926 3068 2981 inter
3101 2927 3303 2981 ruinas
3339 2926 3447 2981 sibi
3479 2927 3841 2981 fabricavere

2135 3015 2510 3080 domicilium,
2541 3022 2595 3070 et
2626 3014 2812 3070 locum
2863 3015 3057 3083 plures
3106 3029 3204 3083 per
3235 3027 3418 3068 annos
3447 3019 3836 3082 occuparunt.

2137 3104 2220 3159 [ta
2251 3103 2317 3158 iis
2348 3103 2762 3173 praetermissis,
2795 3103 2866 3157 ad
2900 3103 3192 3173 regulares
3222 3101 3664 3157 transeundum.

2207 3192 2302 3248 IV.
2349 3191 2403 3246 S.
2440 3192 2678 3262 Majolus
2716 3191 2893 3246 abbas
2945 3191 3354 3256 Cluniacensis,
3417 3197 3656 3259 rogante
3707 3187 3834 3242 Ble-

2131 3279 2282 3335 sensi
2341 3279 2543 3334 comite
2593 3279 2806 3346 Odone,
2871 3280 3249 3334 monasticum
3316 3278 3574 3334 ordinem
3641 3276 3830 3346 postli-

2136 3367 2311 3423 minio
2353 3367 2413 3422 in
2468 3368 2774 3437 pristinum
2835 3375 3047 3423 statum
3106 3367 3413 3422 revocavit.
3469 3365 3662 3421 Prodit
3715 3365 3832 3420 hac

2134 3457 2361 3514 disertis
2405 3459 2595 3513 verbis
2648 3457 2850 3512 charta
2894 3456 3216 3511 donationis
3264 3470 3466 3511 eorum
3518 3470 3652 3526 quae
3715 3453 3832 3509 Ste-

2138 3546 2366 3615 phanus
2418 3547 2696 3601 Blesensis
2743 3559 2929 3601 comes
2978 3545 3176 3615 Majori
3212 3543 3553 3600 monasterio
3587 3541 3839 3597 contule-

2139 3639 2245 3690 rat.
2288 3656 2309 3683 ι
2342 3634 2445 3690 Ubi
2479 3634 2599 3690 Odo
2626 3648 2772 3690 avus
2803 3648 2982 3701 meus,
3038 3633 3228 3702 inquit
3258 3634 3394 3701 ipse,
3424 3639 3479 3687 et
3511 3631 3687 3687 frater
3713 3632 3842 3699 ejus

2137 3723 2301 3792 Hugo
2373 3721 2744 3777 Bituricensis
2793 3721 3260 3791 archiepiscopus
3284 3729 3339 3776 et
3403 3734 3605 3775 eorum
3659 3727 3846 3774 mater

2141 3809 2365 3865 humati
2391 3810 2614 3881 jacent;
2653 3819 2706 3866 et
2737 3810 2890 3880 quod
2925 3818 3048 3880 post
3099 3809 3451 3864 eversionem
3483 3821 3516 3862 a
3549 3809 3727 3862 Danis
3757 3807 3847 3861 fa-

2138 3905 2286 3954 ctam
2339 3907 2721 3966 exstructum,
2769 3907 2844 3964 et,
2899 3899 3101 3954 amotis
3129 3897 3435 3962 canonicis,
3470 3895 3853 3952 facultatibus

2139 3987 2260 4043 suis
2321 3991 2579 4052 auctum,
2610 3987 2920 4042 monastico
2970 3985 3179 4053 ordini,
3230 3986 3331 4056 qui
3369 3985 3442 4040 ab
3486 3985 3650 4040 initio
3695 3986 3849 4040 anti-

2140 4075 2358 4144 quitus,
2393 4088 2427 4129 a
2452 4081 2699 4143 tempore
2737 4074 2884 4130 beati
2938 4074 3166 4130 Martini
3220 4072 3299 4128 ibi
3327 4073 3533 4140 fuerat,
3568 4074 3849 4129 restitue-

2141 4171 2310 4231 runt;
2344 4162 2728 4231 abbatemque
2769 4161 3180 4219 Guillebertum
3225 4162 3456 4218 nomine
3497 4172 3845 4232 posuerunt,

2065 4257 2110 4312 ι)
2139 4264 2173 4304 a
2226 4258 2424 4306 sancto
2481 4251 2686 4306 Maiolo
2733 4250 2842 4306 sibi
2877 4251 2946 4305 de
2989 4250 3259 4306 Cluniaco
3305 4249 3525 4305 datum.
3579 4251 3850 4314 Quorum

2139 4353 2386 4408 sequens
2419 4339 2656 4408 vestigia
2689 4348 2848 4408 pater
2904 4353 3084 4407 meus,
3118 4347 3241 4394 tum
3291 4353 3390 4408 pro
3440 4339 3768 4394 reverentia
3796 4348 3852 4393 et

2139 4441 2333 4482 amore
2372 4427 2603 4498 gloriosi
2647 4427 2987 4484 confessoris
3029 4427 3239 4483 Christi
3287 4426 3536 4494 Martini,
3571 4434 3700 4482 tum
3745 4442 3852 4498 pro

2139 4515 2413 4586 religione
2457 4515 2907 4572 inhabitantium
2959 4515 3395 4584 monachorum,
3426 4515 3691 4570 eamdem
3739 4517 3853 4571 ab—

2140 4605 2353 4660 batiam
2393 4604 2463 4660 de
2514 4605 2837 4661 substantia
2883 4619 2992 4662 sua
3053 4605 3360 4660 honoravit
3416 4603 3736 4659 admodum
3797 4613 3856 4659 et

2139 4693 2557 4763 augmentavit,
2596 4715 2618 4742 ι
2663 4701 2771 4749 etc.
2825 4695 2904 4749 Eo
2948 4694 3126 4764 igitur
3181 4693 3528 4750 monasterio
3575 4693 3853 4761 apprime

2137 4781 2404 4846 stabilito,
2437 4790 2492 4836 et
2534 4782 2870 4852 dignitatem
2902 4782 3266 4843 abbatialem,
3298 4790 3352 4837 et
3376 4780 3852 4852 jurisdictionem

2138 4869 2644 4941 omnimodamque
2691 4879 3021 4941 potestatem
3077 4872 3136 4925 in
3193 4871 3463 4927 humeros
3537 4867 3853 4925 Gisleberti

2137 4958 2415 5026 deposuit.

2211 5045 2269 5100 V.
2304 5044 2657 5102 Gislebertus
2687 5047 2950 5102 unanimi
2991 5046 3237 5103 fratrum
3271 5058 3512 5102 assensu
3540 5043 3599 5099 in
3635 5057 3852 5100 caeno—

2141 5130 2436 5187 biarcham
2468 5141 2800 5203 assumptus
2825 5144 2910 5191 est
2941 5149 3042 5192 an.
3077 5137 3200 5190 970.

2216 5219 2310 5275 VI.
2347 5220 2651 5278 Bernerius
2680 5225 2803 5277 987.

2213 5307 2333 5362 VII.
2387 5308 2745 5367 Gauzbertus
2825 5311 3013 5382 primo
3083 5310 3276 5368 Sancti
3335 5308 3555 5366 Juliani
3613 5309 3850 5366 Turon.

2139 5393 2342 5450 deinde
2372 5398 2544 5453 simul
2565 5398 2800 5469 Majoris
2829 5407 3074 5456 monast.
3112 5399 3398 5471 Burgulii,
3427 5406 3482 5454 et
3513 5396 3860 5455 Malleacen-

2135 5482 2214 5539 sis
2245 5484 2425 5540 abbas
2455 5486 2562 5543 fuit
2592 5490 2747 5543 1007.
