3932 6084
156 283 289 335 1065

225 410 370 465 Vill.
403 409 734 477 Sichardus,
762 409 882 465 sive
912 408 1240 465 Sichardus.

220 497 318 552 1X.
348 496 644 552 Ebrardus
698 499 852 551 1015.
887 496 957 552 Ut
1006 496 1210 551 ablatae
1250 495 1626 566 possessiones
1679 495 1844 551 resti-

150 592 469 647 tuerentur,
506 585 753 640 multum
781 585 1082 640 desudavit
1109 584 1561 652 elaboravitque.

220 672 291 728 X.
325 672 594 728 Albertus
646 675 801 727 1037.
857 673 973 727 Hoc
1022 673 1230 727 abbate
1278 672 1560 727 Airardus
1610 671 1848 726 Nanne-

152 762 326 816 tensis
376 761 696 830 episcopus,
748 769 918 816 antea
949 759 1141 815 Sancti
1191 759 1350 815 Pauli
1383 760 1440 814 in
1495 760 1639 815 urbe
1670 760 1850 815 abbas

147 855 203 904 et
250 848 579 915 cardinalis,
627 848 824 918 Majori
883 846 1261 915 Monasterio,
1318 849 1491 918 cujus
1535 849 1849 904 monachos

151 936 568 1006 impensissime
622 937 930 1007 diligebat,
992 936 1174 992 multa
1226 937 1473 992 contulit
1548 937 1844 993 beneficia.

151 1026 499 1081 lsembertus
568 1026 937 1081 Pictaviensis
995 1024 1230 1081 antistes
1287 1025 1514 1081 eosdem
1576 1027 1849 1095 praeclare

149 1114 511 1169 commendat
542 1114 600 1168 in
645 1113 855 1169 scheda
886 1113 975 1169 his
1016 1113 1208 1168 verbis
1240 1127 1253 1167 :
1288 1133 1316 1161 ‹‹
1363 1113 1625 1169 Monachi
1671 1114 1846 1184 Majo-

152 1202 233 1256 ris
280 1202 606 1258 Monasterii
644 1214 896 1271 quorum
944 1201 999 1256 in
1030 1209 1229 1255 sancto
1269 1202 1555 1270 proposito
1600 1203 1849 1272 percele-

155 1288 274 1344 bris
304 1289 459 1359 apud
487 1304 591 1345 nos
621 1289 871 1345 habetur
896 1289 1108 1359 opinio,
1142 1288 1429 1358 petierunt
1453 1302 1488 1344 a
1520 1304 1608 1345 me
1629 1304 1845 1357 rerum,

151 1391 300 1446 quas
334 1378 391 1432 in
439 1378 773 1447 episcopatu
823 1377 1159 1432 Pictaviensi
1208 1377 1591 1446 possidebant,
1629 1378 1847 1433 confir-

153 1464 483 1525 mationem.
544 1477 721 1533 quam
782 1471 837 1519 et
892 1464 1135 1519 libenter
1186 1467 1460 1531 concessi,
1511 1486 1532 1513 ι
1584 1474 1691 1521 etc.
1742 1464 1846 1520 Cui

150 1553 383 1622 signum
430 1552 694 1621 apposuit
725 1551 876 1608 alius
924 1551 1295 1616 Isambertus,
1336 1553 1577 1609 senioris
1621 1567 1847 1609 succes-

147 1653 271 1697 εον.

227 1751 249 1778 ι
284 1729 553 1785 Albertus
600 1728 779 1784 abbas
829 1729 1021 1798 (habet
1050 1728 1227 1785 codex
1262 1743 1365 1785 ms.
1399 1730 1468 1785 de
1511 1730 1692 1786 servis
1728 1731 1845 1786 Ma-

136 1818 284 1886 joris
334 1817 660 1872 Monasterii
695 1831 822 1886 cap.
871 1819 962 1885 3'2)
1012 1831 1143 1872 cum
1199 1818 1495 1886 fratribus,
1536 1820 1846 1888 quemdam

145 1920 383 1962 servum
435 1906 683 1962 liberum
733 1906 882 1972 fecit,
914 1914 969 1961 et
1014 1906 1305 1961 clericavit
1353 1906 1449 1961 tali
1499 1907 1739 1972 ratione,
1782 1915 1848 1963 ut

148 2008 457 2064 nunquam
489 2008 548 2049 se
578 2008 612 2049 a
661 1994 713 2049 S.
753 1994 978 2049 Martini
1009 1993 1241 2049 servitio
1272 1993 1345 2049 ad
1393 1994 1534 2049 alios
1565 1996 1848 2051 transiens

147 2081 393 2150 auferat,
451 2104 472 2129 -
532 2090 640 2136 etc.
702 2082 807 2137 Ubi
862 2082 1157 2136 advertere
1203 2089 1286 2137 est
1335 2081 1541 2136 clerico
1582 2082 1847 2139 szeculari

146 2171 223 2227 ab
255 2170 461 2226 abbate
494 2178 790 2226 tonsuram
819 2170 1136 2225 clericalem
1170 2177 1294 2226 tum
1325 2169 1609 2225 collatam.

221 2259 500 2315 Praeterea
561 2259 771 2315 illemet
821 2258 1002 2313 abbas
1050 2272 1175 2323 suo,
1228 2265 1282 2314 et
1333 2258 1567 2328 capituli
1613 2259 1847 2329 Majoris

146 2346 479 2404 Monasterii
556 2348 808 2415 nomine,
859 2346 1225 2415 praebendam
1278 2347 1397 2401 sive
1441 2347 1845 2403 canonieatum

145 2437 222 2492 ab
274 2437 558 2507 Agoberto
602 2436 833 2491 Carnot.
865 2435 1133 2504 episcopo
1180 2434 1434 2504 expetiit,
1481 2437 1574 2490 cui
1622 2436 1844 2505 episco-

151 2539 263 2595 pus
314 2539 433 2580 una
460 2538 593 2580 cum
651 2523 801 2579 clero
833 2523 1177 2594 perlibenter
1230 2525 1455 2590 annuit,
1491 2537 1557 2579 ea
1588 2524 1726 2594 lege,
1781 2533 1846 2581 ut

154 2621 360 2670 mutua
408 2613 556 2669 inter
584 2626 706 2668 sese
744 2626 980 2682 precum
1024 2611 1283 2667 subsidia
1334 2611 1728 2681 rependerent.
1762 2615 1844 2668 ita

144 2703 353 2758 litterae
396 2701 628 2757 Henrici
680 2700 850 2772 regis,
900 2714 1032 2770 quae
1069 2707 1300 2756 exstant
1350 2699 1411 2755 in
1440 2713 1613 2769 capsa
1653 2700 1843 2757 Sancti

146 2789 383 2846 Martini
412 2790 482 2845 de
511 2789 673 2847 Valle
703 2789 859 2859 apud
888 2788 1181 2845 Carnutes.
1213 2788 1540 2843 Alexander
1567 2803 1705 2844 vero
1738 2803 1844 2859 pa—

149 2892 221 2948 pa
251 2878 349 2944 III,
380 2878 689 2947 diplomate
720 2876 955 2932 mandat
985 2876 1353 2932 Carnotensis
1383 2876 1647 2932 Ecclesiae
1679 2891 1842 2933 cano-

146 2967 314 3031 nicis,
356 2974 646 3036 quatenus
677 2964 911 3037 Majoris
956 2965 1286 3021 Monasterii
1318 2965 1626 3020 monachos
1673 2965 1844 3021 mini-
1884 2989 1924 3045 ο

147 3068 240 3110 me
272 3053 585 3123 impediant
613 3052 935 3122 praebenda}
960 3052 1184 3108 fructus
1217 3053 1527 3122 perciper».

222 3141 412 3212 Hujus
458 3141 722 3207 abbatis,
771 3148 828 3196 et
865 3148 1120 3211 quatuor
1167 3140 1427 3209 proxime
1481 3142 1845 3212 subsequen-

147 3229 297 3285 tium
329 3228 589 3285 meminit
616 3228 867 3285 0rderic.
898 3228 1099 3285 Vitalis
1122 3226 1223 3283 lib.
1256 3244 1307 3283 IV
1340 3229 1482 3283 Hist.
1518 3244 1530 3283 :
1567 3247 1593 3281 α
1625 3229 1848 3286 Nostris

142 3317 503 3387 temporibus
534 3316 806 3373 Albertus
831 3323 887 3372 et
924 3316 1391 3383 Bartholomzeus,
1433 3317 1762 3373 Bernardus
1791 3326 1846 3374 et

145 3405 438 3476 Hilgotus,
495 3419 562 3461 ac
611 3404 953 3460 Guillelmus
989 3404 1368 3471 Nanticensis,
1427 3404 1663 3460 abbates
1710 3406 1847 3462 huic

143 3494 499 3550 monasterio
542 3493 917 3567 praefuerunt,
967 3492 1070 3562 qui
1115 3491 1416 3547 sanctitate
1460 3499 1515 3547 et
1565 3493 1846 3562 probitate

142 3582 344 3638 multis
392 3581 754 3651 profuerunt.
785 3588 842 3635 et
884 3580 1054 3650 longe
1107 3578 1335 3649 lateque
1366 3579 1587 3648 famosi,
1641 3581 1847 3638 vicinis

143 3678 200 3726 et
227 3669 486 3726 externis
525 3668 770 3724 viriliter
811 3668 1160 3723 micuerunt.
1206 3688 1234 3717 ι
1267 3669 1332 3723 Et
1361 3682 1687 3738 anonymus
1733 3684 1845 3725 au-

142 3766 269 3814 ctor
321 3757 671 3827 Appendicis
700 3756 770 3811 ad
823 3755 1131 3811 Historiam
1175 3756 1380 3812 Franc.
1426 3755 1685 3827 Gregorii
1724 3758 1845 3813 Tu-

143 3848 426 3912 ronensis,
464 3846 542 3900 De
585 3853 727 3915 gest.
756 3844 926 3912 episc.
977 3843 1197 3899 Turon.
1246 3852 1301 3899 et
1349 3844 1628 3900 abbatum
1665 3845 1844 3916 Majo-

142 3934 226 3989 ris
262 3931 584 3988 Monasterii
617 3945 791 4001 quem
823 3933 1034 4000 passim
1079 3933 1138 3986 in
1170 3931 1419 3987 medium
1465 3932 1841 4001 proferemus,

142 4020 223 4077 ait
267 4020 337 4076 de
391 4019 625 4075 Alberto
656 4034 670 4072 :
704 4040 725 4067 ι
778 4018 1102 4089 Requiescit
1147 4018 1202 4074 in
1247 4019 1486 4076 dextera
1542 4028 1702 4090 parte
1746 4035 1845 4076 ec-

144 4108 335 4164 clesiae
378 4107 449 4162 ad
481 4106 661 4162 altare
691 4105 746 4161 S.
792 4106 1076 4163 Mauricii.
1110 4106 1215 4162 Hic
1261 4107 1441 4163 bonas
1470 4108 1844 4165 consuetudi-

145 4211 247 4253 nes
302 4195 569 4251 Ecclesize
618 4193 853 4251 solerter
901 4193 1168 4263 instituit,
1214 4202 1269 4251 et
1314 4195 1644 4267 ordinavit;
1695 4211 1844 4268 quas

145 4284 247 4354 qui
282 4290 478 4353 postea
502 4290 730 4338 mutare
763 4282 1145 4352 praesumpsit,
1180 4283 1475 4354 pejeravit.
1511 4303 1539 4335 ι)

216 4371 318 4427 Xl.
354 4370 807 4426 Bartholomaeus
858 4370 1013 4437 1063,
1064 4385 1168 4427 seu
1223 4372 1360 4425 1064
1391 4387 1405 4426 :
1441 4390 1470 4423 oi
1517 4372 1705 4443 Hujus
1750 4373 1845 4428 vi-

151 4466 266 4515 tam
298 4458 478 4529 signis
504 4466 560 4513 et
590 4456 903 4513 virtutibus
930 4465 1106 4528 atque
1150 4458 1445 4515 miraculis
1472 4459 1697 4530 plenam
1742 4460 1844 4530 qui

148 4547 296 4603 scire
342 4546 611 4612 voluerit,
659 4545 716 4600 in
761 4553 956 4601 nostro
990 4547 1242 4602 armario
1285 4547 1531 4618 reperire
1562 4549 1786 4618 poterit,
1815 4567 1842 4600 ι)

147 4643 256 4691 etc.
300 4635 516 4691 Auctor
559 4647 930 4703 anonymus:
971 4655 993 4681 ι
1031 4634 1427 4691 Bartholomaei
1479 4643 1730 4705 tempore
1788 4636 1845 4691 in

149 4724 381 4779 abbatia
406 4723 475 4779 de
523 4722 673 4777 Bello
716 4721 1079 4777 Goisbertum
1128 4723 1355 4793 Majoris
1382 4724 1706 4780 Monasterii
1754 4738 1846 4780 re-

148 4812 421 4882 ligiosum
452 4810 820 4878 monachum,
847 4809 1113 4865 abbatem
1144 4811 1438 4868 constituit
1460 4812 1650 4882 (Guill.
1672 4813 1843 4884 Angl.

148 4899 276 4968 rex)
333 4912 450 4968 quo
526 4897 806 4953 monitore
859 4898 1213 4954 monasticus
1262 4899 1401 4954 ordo
1451 4903 1507 4955 et
1559 4900 1847 4971 regularis

147 4987 451 5055 disciplina
506 4986 800 5042 commode
846 4985 1050 5056 viguit.
1101 5008 1128 5032 ››
1176 4985 1367 5043 Verba
1413 4994 1551 5042 sunt
1592 4986 1845 5043 0rderici

150 5075 321 5131 Vital.
378 5075 475 5130 lib.
509 5090 564 5130 IV
596 5074 734 5130 Hist.
788 5074 968 5139 initio.
999 5074 1081 5129 Ac
1132 5081 1298 5131 vetus
1325 5074 1695 5146 chronologia
1737 5090 1843 5132 ms.

148 5163 333 5219 sancti
382 5162 625 5219 Cornelii
673 5162 984 5232 Compend.
1036 5176 1190 5219 anno
1241 5164 1397 5233 1066,
1454 5177 1573 5234 qua
1603 5177 1846 5234 regnum

149 5250 378 5321 Anglice
425 5250 667 5306 victoria
713 5249 1052 5306 Guillelmus
1083 5249 1457 5320 Conquaestor
1499 5250 1571 5305 sit
1609 5250 1852 5319 adeptus

147 5352 452 5405 enarrans,
501 5338 621 5393 ait:
656 5359 684 5389 α
727 5338 909 5393 Locus
958 5337 1058 5393 ubi
1113 5346 1439 5408 pugnatum
1485 5345 1590 5401 est,
1641 5338 1851 5394 exinde

151 5425 376 5483 Bellum
405 5440 595 5496 usque
639 5424 806 5481 hodie
837 5433 1097 5480 vocatur.
1142 5426 1317 5481 Porro
1359 5425 1701 5482 Guillelmus
1746 5439 1851 5482 rex

152 5514 233 5572 ibi
263 5514 591 5572 coenobium
639 5514 859 5570 Sanctae
900 5513 1197 5569 Trinitatis
1236 5513 1316 5585 (S.
1347 5514 1600 5584 Martini,
1649 5522 1714 5572 ut
1744 5514 1853 5572 fert

512 5614 791 5680 Parnon.
843 5612 1047 5679 CLVI.

1424 278 1641 335 DOMNI
1681 279 1737 333 L.
1780 277 2123 333 D'ACHERY
2162 278 2381 334 NOT/E.

1880 410 1925 462 Α
1952 406 2233 477 fundatio)
2266 406 2591 467 construxit
2617 413 2672 462 et
2713 406 3022 462 monachos
3053 407 3125 462 ad
3159 407 3421 463 ordinem
3469 408 3657 478 Majo-

3521 280 3657 334 1066

1960 497 2038 550 ris
2068 495 2391 550 Monasterii
2440 496 2659 560 statuit,
2709 503 2885 564 atque
2925 496 3261 550 necessariis
3305 495 3509 564 opibus
3556 510 3657 566 pro

1960 584 2265 639 interfectis
2298 584 2602 654 utriusque
2636 584 2812 653 partis
2837 581 3054 639 affatim
3082 584 3304 639 ditavit.
3342 605 3369 631 ››

2028 674 2114 728 Ex
2147 673 2502 729 chartulario
2560 687 2755 729 rerum
2808 673 3047 729 Vindoc.
3100 674 3302 729 charta
3353 676 3442 740 28,
3504 674 3654 730 inter

1956 761 2317 817 Gusmanum
2384 761 2623 817 militem
2679 770 2735 817 et
2809 762 3288 817 Bartholomzeum
3347 762 3648 831 abbatem,

1956 863 2090 904 ann.
2152 851 2302 913 1070,
2356 850 2657 905 conventio
2710 849 2861 905 facta
2912 857 2996 905 est
3055 866 3068 903 :
3114 869 3141 900 α
3194 849 3358 914 Quod
3416 850 3464 905 si
3520 850 3654 920 quis

1956 936 2082 992 vult
2113 937 2327 992 discere
2375 937 2594 992 litteras
2638 937 2694 992 in
2722 937 2950 993 civitate
2978 938 3192 993 Turon.
3226 938 3315 992 vel
3363 938 3517 1007 apud
3556 952 3652 993 ca-

1956 1025 2183 1081 stellum
2232 1039 2451 1081 novum
2501 1024 2692 1080 Sancti
2736 1025 2986 1093 Martini,
3037 1026 3144 1081 sibi
3185 1034 3241 1081 et
3290 1040 3394 1082 suo
3437 1026 3653 1082 homini

1960 1113 2343 1183 prmbebimus
2377 1123 2490 1169 tres
2523 1128 2699 1183 panes
2743 1114 3130 1183 quotidianos,
3158 1121 3213 1170 et
3242 1122 3497 1184 quatuor
3521 1115 3653 1184 jus-

1961 1209 2045 1257 tas
2096 1202 2224 1270 (hoc
2250 1209 2332 1257 est
2377 1215 2680 1257 mensuras
2713 1201 2930 1270 solitas)
2963 1203 3104 1258 vini.
3139 1223 3168 1251 ››
3215 1202 3368 1259 Obiit
3409 1204 3653 1259 Bartho-

1957 1289 2195 1345 lomaeus
2241 1290 2396 1344 1084.
2444 1295 2594 1343 588
2650 1312 2671 1338 ι
2730 1290 2833 1344 Hic
2864 1290 3142 1346 humatus
3191 1290 3433 1360 quiescit
3476 1290 3535 1346 in
3584 1291 3655 1347 si-

1957 1377 2139 1432 nistra
2196 1384 2354 1446 parte
2402 1377 2473 1431 ad
2533 1376 2713 1432 altare
2760 1377 3163 1446 apostolorum.
3213 1399 3241 1427 ››
3291 1380 3650 1448 Anonymus.

1955 1466 2254 1522 Tetbertus
2280 1464 2538 1534 ejusdem
2589 1464 2694 1520 loci
2734 1465 3070 1534 monachus,
3106 1466 3343 1522 celebris
3371 1467 3651 1536 medicus,

1958 1553 2065 1608 hac
2092 1553 2215 1623 ipsa
2242 1560 2572 1622 tempestate
2602 1553 2816 1609 floruit.

2028 1642 2155 1697 Xll.
2193 1641 2523 1698 Bernardus
2578 1642 2648 1698 de
2678 1642 2731 1697 S.
2783 1642 3067 1699 Venantio
3122 1644 3277 1697 1084.
3312 1642 3416 1698 Cui
3467 1643 3650 1699 Urba-

1957 1744 2069 1787 nus
2100 1744 2251 1800 papa
2277 1730 2327 1785 ΙΙ
2354 1742 2507 1785 anno
2537 1731 2568 1783 3
2599 1730 2687 1785 sui
2720 1732 3107 1799 pontificatus,
3144 1730 3337 1786 indict.
3371 1746 3492 1797 xui,
3527 1732 3651 1801 pri-

1957 1818 2236 1889 vilegium
2262 1817 2560 1885 concessit,
2595 1832 2710 1888 quo
2740 1834 2854 1873 non
2883 1827 3108 1876 tantum
3131 1819 3394 1875 abbatem
3430 1833 3497 1875 ac
3526 1834 3654 1876 mo-

1955 1906 2190 1972 nachos,
2246 1906 2342 1960 sed
2396 1906 2569 1960 etiam
2627 1905 2962 1961 domesticos
3013 1914 3067 1961 et
3124 1921 3322 1962 omnes
3368 1920 3399 1960 a
3448 1907 3651 1977 Majori

1955 1992 2292 2049 Monasterio
2340 1992 2724 2062 dependentes
2776 1992 3084 2061 prioratus,
3117 1993 3191 2048 ab
3235 1978 3648 2063 archiepiscopi

1955 2081 2167 2136 Turon.
2201 2087 2256 2136 et
2302 2080 2546 2136 aliorum
2579 2083 2979 2150 episcoporum
3019 2080 3152 2149 jure
3184 2095 3420 2150 prorsus
3459 2095 3651 2136 exem-

1957 2176 2080 2240 ptos
2108 2168 2360 2224 declarat
2402 2183 2469 2223 ac
2493 2169 2765 2224 decernit.
2813 2171 2865 2225 ls
2895 2169 3012 2239 ipse
3061 2169 3331 2225 Urbanus
3362 2171 3486 2240 (qui
3532 2170 3653 2226 Tu-

1954 2272 2126 2313 rones
2178 2256 2405 2312 concilii
2448 2257 2773 2313 celebrandi
2831 2257 3017 2328 gratia
3070 2257 3326 2327 venerat)
3377 2259 3650 2314 exhorta-

1955 2348 2107 2402 tione
2136 2346 2338 2401 fratres
2386 2345 2618 2415 Majoris
2648 2345 2973 2401 Monasterii
3012 2354 3076 2402 ut
3106 2347 3163 2400 in
3195 2348 3399 2402 melius
3438 2347 3498 2401 in
3529 2347 3650 2402 dies

1954 2434 2308 2503 proficerent,
2362 2433 2682 2501 admonuit,
2733 2434 3063 2504 eisdemque
3107 2434 3164 2489 in
3200 2434 3451 2503 capitulo
3493 2433 3653 2488 abso-

1959 2522 2235 2578 lutionem
2270 2522 2560 2592 impertiit.

2025 2609 2323 2680 Philippus
2386 2612 2746 2667 Francorum
2812 2623 2915 2665 rex
2980 2622 3070 2665 an.
3162 2611 3296 2663 1093
3359 2608 3649 2665 Bernardo

1955 2698 2146 2754 Sancti
2192 2698 2453 2769 Maglorii
2499 2697 2835 2754 Parisiensis
2881 2698 3318 2765 monasterium,
3368 2698 3439 2753 ad
3479 2706 3650 2755 vetus

1955 2787 2255 2843 monastici
2288 2788 2509 2843 ordinis
2540 2786 2867 2843 institutum
2898 2786 3348 2853 resarciendum,
3377 2785 3609 2842 tradidit
3636 2804 3653 2853 ;

1962 2875 2117 2946 quod
2144 2889 2218 2930 ex
2248 2876 2402 2931 illius
2430 2883 2655 2931 constat
2686 2873 3012 2944 diplomate,
3047 2888 3200 2928 anno
3230 2873 3457 2929 circiter
3490 2875 3648 2942 i095,

1957 2984 1985 3014 ‹‹
2019 2963 2197 3020 Adela
2243 2964 2552 3031 comitissa,
2604 2963 2720 3018 ﬁlia
2748 2963 2897 3033 regis
2943 2961 3230 3018 Guillelmi
3282 2961 3406 3031 (fert
3451 2962 3653 3018 charta
3736 3024 3753 3033 ι

1956 3052 2146 3108 Sancti
2179 3051 2409 3107 Martini
2456 3052 2525 3107 de
2557 3051 2716 3108 Valle
2745 3052 3000 3120 Carnot.)
3031 3058 3086 3106 et
3127 3049 3400 3119 Stephani
3429 3048 3652 3106 comitis

1957 3139 2256 3208 (Blesens.)
2308 3153 2478 3205 uxor,
2538 3139 2682 3194 bene
2728 3139 3015 3209 patrizans
3052 3152 3191 3209 erga
3246 3138 3474 3208 Majoris
3524 3138 3650 3193 Mo-

1954 3228 2189 3284 nasterii
2222 3228 2553 3296 monachos,
2588 3226 2864 3283 beneficia
2899 3227 3082 3282 multa
3105 3237 3160 3283 et
3202 3226 3535 3297 largitiones
3577 3226 3649 3282 ab

1953 3317 2079 3386 ejus
2113 3324 2271 3385 patre
2302 3324 2608 3384 assecutos,
2638 3324 2692 3372 et
2720 3316 2792 3372 ab
2816 3317 3014 3372 eodem
3043 3315 3362 3385 specialiter
3388 3324 3646 3384 amatos;

1953 3419 2083 3460 cum
2118 3405 2286 3460 vellet
2314 3403 2526 3459 imitari
2549 3418 2802 3460 amorem
2834 3405 3011 3473 patris
3037 3404 3129 3459 sui
3156 3417 3293 3474 erga
3323 3418 3437 3470 eos,
3468 3417 3652 3472 quan-

1953 3499 2313 3562 tumcunque
2366 3500 2583 3561 poterat
2613 3507 2708 3548 eos
2752 3492 2961 3561 opibus
2999 3492 3368 3561 adimplebat,
3414 3499 3469 3546 et
3497 3504 3650 3546 anno

1953 3579 2329 3635 dedicationis
2360 3581 2609 3635 basilicae
2660 3579 2893 3649 Majoris
2939 3579 3264 3635 Monasterii
3312 3579 3384 3634 ab
3421 3578 3652 3634 Urbano

1953 3682 2099 3737 papa
2130 3669 2180 3723 Il
2213 3668 2395 3736 factae,
2422 3682 2557 3723 cum
2589 3668 2678 3723 vir
2718 3669 2844 3738 ejus
2871 3667 3005 3723 isset
3037 3668 3094 3722 in
3127 3666 3481 3722 Hierusalem
3514 3680 3647 3722 cum

1951 3758 2209 3811 exercitu
2266 3756 2769 3819 Christianorum,
2826 3755 2981 3810 dedit
3031 3754 3113 3810 eis
3186 3768 3360 3824 prope
3418 3754 3650 3809 Carnoti

1951 3857 2149 3899 muros
2175 3844 2467 3899 clibanum
2500 3843 2817 3913 publicum,
2855 3842 3072 3898 dictum
3117 3842 3338 3897 Bellum
3372 3842 3582 3897 videre.
3617 3862 3647 3891 ››

2020 3931 2219 4002 Neque
2248 3932 2709 4002 praetereundum
2746 3930 2886 3987 illud
2913 3931 3148 3996 factum,
3181 3944 3253 3985 ex
3284 3930 3650 4000 autographa

1951 4018 2322 4089 desumptum
2358 4034 2370 4073 :
2408 4039 2435 4071 α
2468 4021 2634 4090 Hugo
2681 4019 2750 4074 de
2794 4019 3163 4076 Calvomonte
3210 4018 3365 4073 filius
3411 4018 3650 4088 Sulpicii

1951 4106 2020 4163 de
2043 4107 2383 4164 Ambaziaco
2415 4118 2566 4172 (cum
2599 4107 2791 4163 adhuc
2839 4121 2982 4177 puer
3011 4106 3178 4176 esset)
3210 4115 3265 4163 et
3311 4114 3492 4163 mater
3523 4108 3653 4177 ejus

1951 4210 2083 4266 quae
2127 4196 2313 4266 neptis
2341 4203 2466 4251 erat
2509 4194 2779 4252 Gaufredi
2811 4195 2881 4250 de
2924 4194 3313 4260 Calvomonte,
3347 4208 3648 4250 consense-

1881 4276 1926 4329 D
1954 4292 2093 4340 runt
2135 4284 2451 4340 venditioni
2493 4284 2655 4340 factae
2707 4284 3005 4340 monachis
3047 4283 3280 4353 Majoris
3321 4282 3651 4338 Monasterii

1952 4373 2021 4428 de
2050 4372 2279 4428 duabus
2319 4373 2539 4443 quartis
2571 4380 2737 4428 terrae
2789 4372 2943 4442 apud
2992 4371 3282 4428 culturam
3324 4371 3646 4427 Rathonis:

1954 4468 2148 4530 postea
2185 4475 2315 4517 cum
2350 4460 2534 4516 factus
2560 4469 2705 4516 esset
2727 4460 2979 4531 juvenis,
3021 4467 3077 4515 et
3108 4460 3255 4529 patri
3287 4458 3651 4515 successisset

1955 4547 2013 4602 in
2041 4547 2274 4614 honore,
2307 4555 2361 4603 et
2391 4563 2523 4604 cum
2556 4548 2896 4604 Ambaziaco
2927 4546 3099 4603 simul
3125 4546 3645 4614 Calvummontem,

1954 4634 2075 4690 loco
2127 4635 2389 4691 Gaufridi
2458 4636 2735 4692 avunculi
2809 4637 2938 4703 sui,
3004 4634 3353 4704 possideret,
3419 4632 3650 4689 easdem

1954 4730 2193 4793 quartas
2241 4730 2495 4793 repetere
2531 4724 2730 4779 voluit.
2783 4724 3032 4794 Contigit
3077 4722 3307 4779 interim
3350 4722 3649 4778 Urbanum

1955 4822 2160 4879 papam
2210 4811 2406 4866 venire
2466 4810 2538 4866 ad
2572 4812 2760 4881 Majus
2804 4812 3210 4867 Monasterium
3249 4819 3303 4866 et
3356 4810 3650 4866 basilicam

1952 4898 2220 4955 dedicare
2273 4913 2286 4952 :
2345 4899 2437 4955 cui
2507 4899 2849 4955 dedicationi
2926 4898 3183 4954 interfuit
3256 4899 3374 4969 ipse
3456 4899 3643 4968 Hugo.

1955 4984 2186 5041 Sacrato
2220 4992 2412 5041 autem
2461 4999 2535 5041 ex
2567 5000 2722 5042 more
2750 4994 2806 5041 et
2854 4986 3091 5041 inuncto
3138 4985 3326 5053 altari,
3378 4999 3527 5055 papa
3555 4998 3652 5041 re-

1954 5072 2143 5129 sidens
2171 5072 2475 5128 advocavit
2523 5073 2851 5142 Fulconem,
2884 5082 2938 5130 et
2987 5073 3488 5130 circumstantium
3530 5081 3655 5128 tur-

1956 5160 2087 5216 bam
2119 5175 2439 5230 procerum,
2483 5176 2723 5217 monens
2751 5176 2846 5216 eos
2887 5169 2952 5218 ut
2977 5161 3226 5217 ecclesize
3251 5170 3306 5218 et
3349 5161 3515 5217 altari
3543 5175 3654 5217 no-

1956 5249 2104 5304 viter
2133 5248 2407 5305 dedicatis
2452 5250 2818 5320 providerent
2848 5250 3034 5307 dotem
3085 5251 3403 5306 secundum
3437 5264 3654 5306 morem

1958 5336 2209 5392 solitum.
2265 5337 2643 5395 Submonitus
2700 5339 2894 5410 itaque
2942 5352 2976 5393 a
3019 5338 3207 5405 nobis,
3256 5338 3655 5407 supradictum

1960 5427 2256 5496 Hugonem
2289 5428 2360 5482 ad
2390 5442 2449 5483 se
2500 5429 2748 5491 vocavit,
2797 5436 2852 5484 et
2885 5428 3110 5485 monuit
3162 5435 3228 5483 ut
3260 5434 3499 5496 quartas
3528 5426 3657 5481 illas

1960 5514 2126 5572 nobis
2173 5515 2543 5588 relinqueret,
2596 5518 2750 5589 quod
2787 5517 2881 5574 ille
2918 5524 3216 5588 gratanter
3257 5515 3406 5579 fecit.
3441 5513 3546 5572 Cui
3574 5514 3657 5570 rei

3262 5621 3347 5679 34
