3932 6084
138 283 275 338 1069

1396 284 1607 342 DOMNI
1648 286 1707 340 L.
1750 283 2091 341 D’ACHERY
2131 287 2351 342 NOTAE.

3490 293 3630 348 1070

128 414 264 470 huic
294 414 588 470 donationi
639 426 931 470 assensum
972 413 1270 485 praebuere
1322 415 1422 471 lilii
1459 416 1822 474 Theobaldus
1857 425 1905 477 A
1931 420 2287 487 Anonymus.
2323 418 2501 474 Usum
2554 419 2735 475 mitrae
2768 418 3012 475 Boberto
3060 422 3337 477 concessit
3363 436 3627 480 summus

129 518 199 560 ac
250 504 551 571 Robertus,
609 512 715 559 etc.
766 525 793 553 ‹‹
825 504 946 560 Odo
1003 500 1469 577 abbas‘quiescit
1517 508 1574 562 in
1620 508 1822 565 dextro

130 593 356 664 porticu
410 592 681 658 ecclesia,
734 607 769 648 a
817 602 976 663 parte
1024 595 1306 663 superiori
1355 596 1618 652 videlicet
1652 597 1825 666 juxta

127 682 390 738 abbatem
425 681 800 737 Bernardum.
840 702 860 729 ι
888 683 1245 752 Anonymus.

200 769 352 830 XVI,
393 767 727 836 Garnerius,
778 772 932 825 H37.
967 792 993 818 «
1045 770 1316 827 Omnium
1371 772 1620 829 ecclesiae
1650 774 1827 845 hujus

126 857 422 928 piissimus
461 857 586 923 fuit,
634 879 653 904 ι
695 866 937 914 testatur
973 872 1318 929 anonymus.
1376 864 1529 917 Inter
1583 862 1828 931 antiqua

127 945 417 1015 prioratus
462 944 822 1013 Dalmeriaci,
865 956 1257 1015 monumenta,
1291 949 1487 1005 isthaec
1527 964 1601 1005 ex
1627 950 1829 1006 charta

125 1034 451 1089 donationis
529 1034 829 1089 Forestarii
913 1034 1240 1105 cujusdam,
1301 1037 1531 1093 nomine
1580 1036 1824 1106 Balbini,

126 1122 404 1193 leguntur
436 1137 449 1176 :
486 1144 512 1171 ‹‹
549 1122 693 1177 Data
723 1137 817 1177 an.
853 1123 1144 1180 Incarnat.
1176 1126 1331 1193 1148,
1383 1125 1482 1196 qui
1533 1134 1656 1183 erat
1684 1127 1828 1182 duo-

126 1210 386 1266 decimus
428 1211 807 1267 ordinationis
851 1213 1087 1282 piissimi
1129 1214 1314 1271 Patris
1355 1214 1615 1271 Garnerii
1645 1216 1829 1271 abba-

129 1296 221 1352 tis.
261 1318 283 1345 »
320 1298 386 1352 In
437 1297 904 1368 chartopbylacio
945 1300 1177 1371 Majoris
1224 1302 1551 1358 Monasterii
1601 1310 1829 1358 exstant

133 1382 336 1439 litterze
376 1384 619 1455 Eugenii
678 1400 841 1455 papae
894 1388 968 1442 lll
1033 1388 1222 1443 Remis
1263 1389 1580 1457 existentis,
1616 1390 1831 1460 quibus

136 1471 411 1530 Garnerio
470 1473 666 1529 abbati
725 1475 1092 1544 respondens,
1162 1478 1458 1548 episcopus
1514 1478 1830 1535 Galliarum

132 1561 472 1617 submonet:
512 1583 534 1610 ε
577 1561 735 1626 Quod
793 1563 849 1617 in
880 1564 1246 1633 generalibus
1286 1566 1561 1634 conciliis,
1618 1566 1827 1636 inquit,

133 1657 413 1706 statutum
444 1665 564 1706 esse
596 1653 978 1722 cognoscitur,
1012 1661 1077 1709 ut
1115 1654 1452 1723 sacerdotes,
1487 1655 1591 1726 qui
1646 1655 1705 1711 in
1747 1669 1834 1711 ec-

132 1737 316 1794 clesiis
353 1738 424 1793 ad
474 1741 817 1796 monasteria
872 1742 1315 1811 pertinentibus,
1375 1744 1444 1799 de
1497 1744 1826 1801 animarum

129 1828 361 1898 quidem
392 1844 535 1885 cura
567 1830 882 1885 dimcesano
907 1832 1607 1902 episcopojrespondeant;
1632 1832 1828 1888 abbati

124 1930 264 1972 vero
293 1925 349 1972 et
383 1917 660 1973 fratribus
688 1918 812 1973 suis
850 1931 950 1987 pro
998 1919 1172 1975 rebus
1204 1920 1609 1990 temporalibus
1637 1922 1827 1991 subje-

123 2006 374 2060 ctionem
428 2006 770 2062 exhibeant:
826 2021 945 2076 quo
1013 2016 1213 2063 contra
1253 2009 1443 2065 dilecti
1506 2009 1606 2064 lilii
1650 2010 1828 2065 nostri

122 2093 388 2149 Garnerii
425 2095 653 2150 abbatis
703 2095 935 2165 Majoris
976 2097 1303 2153 Monasterii
1336 2106 1391 2153 et
1420 2097 1663 2154 fratrum
1694 2113 1830 2154 suo-

124 2197 257 2237 rum
293 2183 585 2252 querelam
616 2185 959 2252 accepimus,
998 2206 1020 2233 ι
1054 2192 1160 2241 etc.

201 2272 384 2326 Beatze
438 2272 631 2327 Maria}
677 2271 820 2327 Bom'
856 2271 1047 2327 nuntii
1079 2273 1372 2329 Aurelian.
1428 2274 1682 2331 Ecclesia
1729 2289 1831 2331 ca-

107 2359 470 2416 -nonicorum
520 2360 721 2431 Majori
754 2362 1098 2418 Monasterio
1158 2364 1365 2418 tradita
1390 2373 1474 2419 est
1520 2378 1555 2419 a
1603 2363 1830 2420 Simone

126 2447 201 2503 de
246 2448 645 2519 Balgenciaco,
707 2456 772 2505 ut
814 2449 874 2504 in
922 2450 1215 2506 meliorem
1299 2458 1514 2507 statum
1568 2452 1830 2509 restitue-

126 2544 309 2593 ΓΘΙΠΓ.

203 2623 442 2680 Abhatis
470 2624 728 2680 Garnerii
759 2638 827 2680 ac
880 2625 1297 2682 monachorum
1349 2628 1475 2699 ejus
1523 2628 1732 2685 iterum
1770 2629 1829 2684 in

126 2712 393 2783 Angliam
441 2712 783 2783 pervulgata
833 2721 918 2769 est
967 2721 1128 2770 arcta
1175 2714 1326 2785 vita;
1390 2715 1597 2773 idcirco
1672 2720 1827 2785 H39,

126 2802 316 2871 prima
345 2801 582 2857 cmnohii
629 2800 723 2857 SS.
767 2802 1062 2859 Trinitatis
1113 2803 1170 2858 in
1202 2803 1549 2861 Eboracensi
1601 2805 1831 2862 civitate

122 2903 160 2944 a
219 2888 459 2944 Radulfo
519 2890 588 2945 de
630 2890 933 2961 Paganello
980 2891 1268 2963 (Paisnel)
1317 2900 1371 2949 et
1422 2908 1603 2950 uxore
1654 2895 1833 2964 ipsius

123 2976 419 3074 biathilde,
491 2979 980 3074 consentientibus
1049 2980 1179 3036 filiis
1240 2980 1545 3074 Guillelmo
1588 2990 1642 3037 et
1674 2982 1825 3074 _Jor—
1866 3019 1906 3074 ϐ

121 3064 298 3131 dauo,
328 3063 484 3134 jacta
510 3074 647 3121 sunt
677 3066 1073 3134 fundamenta,
1107 3081 1173 3123 ac
1213 3069 1407 3125 multae
1449 3068 1828 3138 possessiones

120 3151 437 3207 attributze.
467 3153 547 3208 De
574 3152 850 3210 Garucrio
879 3155 1195 3211 monachus
1225 3169 1550 3225 anonymus
1583 3171 1596 3209 :
1643 3179 1664 3203 ι
1711 3155 1827 3210 Do-

121 3253 289 3296 mum
322 3239 472 3295 hanc
521 3242 760 3297 omnino
809 3243 1117 3311 reparavit,
1151 3242 1469 3309 cellarium,
1493 3243 1824 3313 coquinam,

122 3328 552 3398 dormitorium,
588 3330 834 3386 mediam
866 3345 1101 3401 quoque
1126 3339 1346 3401 partem
1383 3331 1620 3387 claustri
1664 3331 1829 3385 inﬁr-

126 3430 360 3472 morum
406 3416 555 3485 fecit,
609 3425 749 3485 etc.;
801 3433 932 3474 cum
985 3433 1115 3474 v.ro
1171 3418 1406 3474 domum
1465 3419 1827 3474 infirmorum

124 3519 412 3562 renovare
484 3506 846 3572 decrevisset,
934 3515 1271 3577 partemque
1358 3514 1827 3573 consummasset,

126 3594 357 3651 Christo
384 3608 518 3651 eum
568 3602 809 3651 vocante
837 3595 909 3651 ad
949 3595 1197 3652 ccelestia
1255 3608 1435 3665 regna
1491 3595 1762 3665 migravit
1791 3609 1831 3650 x

126 3681 374 3738 Kalend.
407 3682 586 3751 Iunii,
620 3698 753 3739 cum
783 3698 848 3740 eo
886 3683 1214 3752 perenniter
1243 3692 1611 3754 regnaturus.
1657 3682 1831 3750 Quie-

132 3771 244 3827 scit
294 3770 469 3841 juxta
522 3771 804 3828 domuum
852 3777 993 3827 59!
1054 3771 1427 3828 Gillebertum
1467 3772 1733 3829 abbatem
1772 3772 1832 3828 in

130 3859 412 3930 capitulo.
453 3881 481 3909 »

201 3949 384 4006 XVII.
440 3970 468 3999 «
525 3949 722 4007 Abbas
775 3948 1060 4006 Bobertus
1107 3950 1264 4006 Brito
1310 3950 1379 4006 de
1429 3949 1688 4021 Magueri
1727 3949 1835 4006 fuit

124 4037 264 4093 vitae
303 4036 632 4103 laudabilis,
683 4040 796 4095 Deo
846 4043 901 4095 et
956 4038 1283 4095 hominibus
1329 4038 1613 4105 amabilis,
1661 4059 1683 4086 ι
1723 4045 1829 4094 etc.

126 4128 486 4196 Anonymus.
545 4127 780 4183 Praefuit
812 4140 949 4182 anu.
1005 4130 1159 4190 H55,
1185 4127 1257 4182 ad
1285 4140 1379 4182 an.
1417 4129 1569 4181 H66.
1603 4126 1835 4183 Constat

126 4228 205 4270 ex
236 4212 441 4270 litteris
470 4214 704 4271 bullatis
754 4214 1066 4270 Alexandri
1123 4228 1287 4285 papae
1316 4215 1413 4279 III,
1445 4215 1515 4270 ad
1568 4215 1833 4271 eumdem

1935 505 2207 574 pontifex.
2238 509 2307 562 Et
2333 507 2513 563 abbas
2557 507 2669 576 ipse
2703 510 2957 563 maxima
2995 509 3173 563 animi
3224 510 3623 575 submissione,

1934 594 2168 650 humilis
2197 596 2425 665 Majoris
2455 596 2776 651 Monasterii
2836 595 3213 667 Dirperwafor
3249 598 3431 655 voluit
3468 614 3628 656 nun-

1933 683 2152 752 cupari.
2186 682 2339 739 Sedit
2367 698 2464 739 an.
2504 684 2636 739 H66
2666 685 2736 739 ad
2763 698 2856 740 an.
2898 688 3053 739 H76.

2005 772 2159 826 XIX.
2193 789 2215 813 α
2252 772 2452 828 Petrus
2478 773 2546 828 de
2586 772 2864 828 Gasconia
2894 776 3048 828 H77.
3111 774 3242 830 Fuit
3272 774 3438 831 valde
3488 777 3629 832 sim-

1935 860 2067 929 plex
2112 868 2167 916 et
2214 860 2553 931 religiosus:
2599 861 2892 917 szecularis
2940 864 3208 919 versutia}
3250 878 3317 920 ac
3358 866 3631 936 nequitiae

1936 948 2194 1019 ignarus,
2228 969 2255 997 ››
2291 956 2420 1017 etc.,
2456 950 2646 1019 inquit
2675 963 3017 1019 anonymus.

2006 1038 2131 1093 XX.
2171 1038 2428 1093 Herveus
2452 1039 2521 1094 de
2552 1038 2688 1093 villa
2735 1038 2968 1094 Petrosa
2996 1039 3069 1094 ab
3118 1053 3271 1094 anno
3300 1042 3358 1096 C.
3391 1042 3526 1095 H78
3557 1042 3629 1096 ad

1938 1128 2073 1180 1186
2104 1126 2388 1194 pastorale
2420 1140 2635 1182 munus
2663 1127 2965 1196 protraxit.
3006 1127 3154 1182 Eum
3185 1127 3459 1183 laudibus
3491 1143 3630 1198 pro-

1935 1215 2202 1284 sequitur
2254 1215 2451 1270 multis
2491 1229 2835 1285 anonymus.
2883 1216 3051 1272 Notat
3101 1223 3291 1272 autem
3326 1217 3476 1273 inter
3519 1218 3633 1273 alia

1937 1307 2059 1355 tum
2093 1298 2346 1355 strictam
2380 1298 2435 1354 S.
2480 1299 2697 1370 regulae
2753 1299 3200 1367 observantiam,
3257 1302 3349 1357 cui
3400 1301 3634 1359 minime

1938 1395 2223 1459 repugnat
2254 1386 2412 1442 bulla
2440 1386 2744 1443 Clementis
2785 1402 2944 1457 papa:
2974 1389 3051 1442 Ill
3087 1389 3187 1458 qui
3244 1396 3522 1446 statutum
3560 1391 3633 1447 ab

1939 1476 2161 1531 Herveo
2210 1475 2415 1531 abbate
2454 1475 2655 1543 latum,
2698 1484 2872 1545 atque
2909 1490 2943 1531 a
2988 1477 3281 1532 monachis
3320 1487 3630 1547 receptum,

1939 1563 2164 1620 laudat:
2236 1577 2437 1633 nempe
2490 1564 2809 1633 hospitibus
2873 1563 3025 1619 intra
3091 1565 3417 1620 monasterii
3475 1575 3636 1636 septa

1938 1667 2141 1708 carnes
2183 1667 2465 1722 apponere
2522 1652 2834 1708 inhibetur.
2884 1652 3226 1723 Comprobat
3275 1652 3445 1709 etiam
3498 1653 3635 1710 Ale-

1870 1723 1910 1776 Β
1944 1742 2165 1797 xander
2196 1742 2267 1796 ΙΙΙ
2297 1756 2494 1798 omnes
2528 1740 2919 1797 immunitates
2947 1755 2981 1795 a
3033 1740 3155 1796 suis
3203 1741 3635 1810 praadecessori-

1937 1830 2045 1885 bus
2077 1829 2326 1896 Urbano,
2362 1829 2642 1896 Paschali,
2677 1829 2919 1898 Calixto,
2950 1830 3280 1885 Innocentio
3338 1831 3389 1885 II
3418 1838 3473 1887 et
3514 1831 3633 1887 Eu-

1894 1920 1898 1924 ‘
1936 1919 2102 1989 genio
2153 1919 2229 1973 III
2275 1917 2475 1988 Majori
2520 1918 2860 1973 Monasterio
2916 1917 3169 1974 iudultas
3209 1959 3223 1973 .
3272 1918 3636 1988 pontiﬁcatus

1936 2007 2025 2063 sui
2051 2020 2146 2062 an.
2179 2021 2304 2075 XIX,
2336 2007 2531 2062 indict.
2564 2021 2645 2062 x1.

2008 2096 2228 2151 Herveo
2258 2095 2580 2166 subjectum
2615 2096 2722 2151 fuit
2759 2094 3084 2151 coanobium
3137 2095 3326 2151 Sancti
3374 2096 3633 2168 Maglorii

1936 2185 2004 2241 de
2036 2184 2316 2250 Lehonio;
2365 2192 2541 2254 atque
2578 2184 2733 2239 omni
2776 2183 2927 2254 jure,
2963 2198 3084 2254 quo
3138 2184 3462 2253 potiebatur
3497 2184 3634 2241 olim
3736 2224 3741 2229 ι

1935 2272 2204 2328 Albertus
2253 2272 2442 2327 Sancti
2475 2271 2737 2327 Maclovii
2783 2272 3084 2342 episcopus
3144 2272 3265 2328 suis
3328 2272 3530 2329 litteris
3576 2274 3635 2328 iu

1938 2361 2241 2431 praasentia
2269 2360 2497 2415 Henrici
2527 2360 2679 2429 regis
2715 2360 3034 2430 Anglorum
3068 2360 3240 2416 libere
3272 2361 3355 2417 uti
3400 2375 3634 2417 conces-

1935 2449 2007 2505 sit
2039 2462 2134 2504 an.
2171 2451 2326 2503 1181.
2360 2448 2572 2504 Lucius
2602 2461 2749 2517 papa
2780 2448 2854 2502 IlI
2892 2448 3000 2504 sub
3021 2449 3637 2506 excommunicationis

1937 2550 2106 2607 pinna
2135 2536 2392 2606 prtecipit
2422 2537 2657 2603 Herveo,
2694 2550 2764 2591 ne
2792 2536 3169 2592 saecularibus
3192 2537 3404 2609 quovis
3448 2538 3635 2594 colore

1937 2622 2123 2679 ullum
2189 2638 2220 2680 e
2295 2624 2646 2695 prioratibus
2719 2624 2992 2692 conferat,
3066 2632 3168 2681 aut
3211 2639 3307 2681 eos
3353 2625 3636 2695 possidere

1939 2711 2213 2781 patiatur.

2007 2800 2227 2857 Nivello
2274 2800 2342 2856 de
2391 2799 2627 2870 Cberisy
2694 2800 3118 2857 Suessionensis
3182 2802 3505 2872 episcopus,
3560 2817 3635 2859 ex

1939 2888 2155 2944 familia
2183 2873 2550 2945 dominorum
2608 2888 2982 2956 Petraefontis,
3030 2891 3088 2944 in
3143 2890 3344 2946 charta
3377 2905 3635 2947 conven—

1941 2978 2109 3033 tionis
2174 2986 2452 3033 rectorem
2516 2979 2662 3033 inter
2720 2985 2775 3033 et
2824 2978 3136 3034 monachos
3174 2978 3365 3035 Sancti
3411 2979 3633 3049 Sulpitii

1935 3064 2307 3132 Petrrefontis,
2376 3066 2497 3121 bzec
2543 3066 2611 3121 de
2671 3066 2892 3122 Herveo
2950 3065 3245 3136 inseruit:
3305 3089 3326 3116 ι
3379 3068 3636 3124 Herveus

1935 3161 2073 3210 tunc
2104 3155 2378 3224 temporis
2425 3154 2767 3210 venerabilis
2805 3154 2984 3209 abbas
3023 3155 3255 3225 Majoris
3309 3156 3635 3212 Monasterii

1935 3243 2156 3298 amicus
2194 3251 2403 3306 noster,
2458 3242 2772 3298 familiaris.
2823 3251 2878 3298 et
2936 3243 3453 3313 consanguinitatis
3486 3244 3637 3300 linea

1934 3331 2099 3387 nobis
2149 3332 2535 3401 propinquus,
2610 3331 2760 3386 hanc
2829 3331 3294 3402 compositionem
3358 3332 3636 3403 approba-

1933 3419 2037 3487 vit,
2074 3440 2095 3467 ι
2120 3427 2225 3475 etc.

2008 3508 2159 3563 XXI.
2217 3506 2529 3563 Gaufridus
2598 3510 2751 3562 1187.
2832 3509 2895 3562 Ιη
2960 3507 3163 3564 charta
3227 3508 3516 3578 prioratus
3567 3509 3637 3565 de

1940 3597 2295 3653 Fractavalle
2330 3595 2420 3666 (de
2465 3596 2746 3665 Frelecal)
2794 3597 2928 3652 data
2958 3611 3096 3652 ann.
3134 3599 3288 3665 H90,
3351 3597 3636 3653 Robertus

1939 3685 1996 3741 S.
2040 3685 2331 3742 Valeriani
2389 3684 2563 3741 frater
2591 3684 2852 3741 Gaufridi
2909 3685 3132 3741 abbatis
3188 3693 3534 3742 recensetur.
3566 3687 3638 3743 Et

1938 3773 2155 3829 chartae
2195 3772 2263 3828 de
2315 3771 2662 3829 Combornio
2710 3772 2804 3840 (de
2861 3772 3165 3843 Combour)
3195 3771 3537 3828 Gaufridum
3567 3772 3639 3828 de

1939 3861 2139 3918 Cursol
2172 3860 2292 3916 sive
2325 3861 2394 3916 de
2423 3860 2645 3917 Cursou
2683 3862 3112 3932 cognominant.
3152 3862 3449 3918 Matthzeus
3479 3861 3640 3918 Paris

1940 3949 2012 4005 ad
2042 3962 2179 4004 ann.
2214 3948 2353 4002 H96
2378 3962 2509 4004 eum
2560 3962 2665 4017 pro
2691 3962 2824 4020 rege
2856 3950 3208 4006 Francorum
3271 3949 3557 4020 Philippo,
3583 3957 3640 4007 et

1940 4038 2177 4093 abbates
2225 4037 2628 4092 Cluniacenses
2681 4044 2736 4093 et
2762 4038 2951 4093 Sancti
2990 4038 3267 4108 Dionysii,
3299 4052 3366 4094 ac
3393 4039 3638 4108 priorem

1942 4126 2010 4181 de
2041 4125 2350 4191 Charitate,
2383 4124 2607 4180 obsides
2634 4124 2917 4181 Richardo
2951 4125 3265 4196 Anglorum
3302 4126 3421 4197 regi
3478 4127 3641 4181 datos

1943 4212 2212 4269 affirmat.
2260 4215 2601 4282 Anonymus
2658 4213 2887 4269 tandem
2922 4229 2934 4267 :
2970 4236 2998 4261 ‹‹
3058 4213 3372 4270 Gaufridus
3408 4214 3641 4271 natione

129 4302 281 4359 datis
310 4316 405 4357 an.
469 4303 625 4371 1164,
658 4302 976 4359 Blesensem
1019 4302 1281 4359 comitem
1337 4301 1547 4373 negotii
1579 4302 1829 4358 multum
1869 4314 1913 4368 ι)
1948 4300 2292 4369 Britannica,
2353 4300 2530 4356 nobili
2562 4302 2827 4370 prosapia
2874 4309 3053 4367 ortus,
3104 4301 3350 4358 clericali
3403 4302 3641 4358 scientia

131 4390 327 4447 abbati
378 4399 432 4448 et
479 4392 776 4448 monachis
829 4390 1062 4462 Majoris
1118 4390 1441 4447 Monasterii
1519 4390 1829 4458 facessisse,

132 4481 195 4536 in
226 4479 427 4536 litteris
454 4480 709 4551 ejusdem
742 4480 1057 4537 Alexandri
1092 4494 1230 4537 ann.
1281 4482 1419 4537 H64
1468 4480 1695 4551 scriptis
1751 4495 1835 4536 re-

128 4582 309 4640 perto.

212 4679 233 4707 ι
274 4657 460 4728 Hujus
505 4657 726 4714 abbatis
779 4666 1030 4727 tempore
1070 4657 1265 4729 (refert
1313 4656 1657 4728 anonymus)
1704 4656 1833 4712 Ale-

130 4746 361 4803 xander
417 4759 566 4816 papa
620 4747 880 4802 Turonos
934 4746 1241 4802 deveniens
1270 4745 1328 4801 in
1374 4745 1636 4814 praesenti
1667 4744 1834 4800 domo

130 4834 557 4905 perendiuavit.
585 4834 745 4890 Vixit
789 4842 981 4891 autem
1022 4842 1326 4905 postquam
1376 4833 1590 4889 electus
1639 4840 1724 4889 est
1775 4833 1834 4887 in

128 4923 402 4980 abbatem
454 4923 645 4979 decem
680 4922 877 4988 anuis;
914 4922 968 4978 in
1026 4922 1332 4979 undecimo
1374 4935 1511 4977 vero
1541 4920 1838 4992 appositus

131 5015 221 5065 est
250 5008 324 5063 ad
356 5014 546 5078 patres
576 5025 590 5076 ;
622 5016 677 5064 et
702 5007 852 5078 jacet
892 5009 949 5063 in
982 5008 1187 5065 dextra
1216 5016 1377 5078 parte
1408 5007 1638 5078 capituli
1663 5007 1837 5078 juxta

130 5096 401 5154 abbatem
438 5097 800 5153 Garnerium.
834 5117 857 5146 ι

205 5185 413 5242 XVIII.
467 5205 494 5237 α
539 5186 823 5242 Bobertus
869 5186 917 5241 ΙΙ
971 5185 1249 5242 Blesensis
1286 5184 1491 5249 dictus,
1530 5183 1624 5239 vir
1670 5184 1839 5240 valde

127 5274 478 5331 venerabilis
502 5283 556 5331 et
586 5274 895 5347 gratiosus,
927 5282 1035 5331 etc.
1076 5274 1236 5332 Vixit
1281 5280 1474 5330 autem
1533 5280 1837 5343 postquam

124 5363 350 5419 electus
380 5362 439 5418 in
471 5363 734 5420 abbatem
771 5363 971 5419 decem
1003 5362 1191 5429 annis,
1220 5368 1276 5416 et
1306 5360 1367 5416 in
1421 5360 1726 5416 undecimo
1748 5361 1841 5416 de-

134 5449 309 5507 cessit
365 5464 399 5505 a
452 5451 626 5508 rebus
682 5450 973 5507 humanis.
1026 5449 1132 5504 Hic
1177 5448 1483 5519 requiescit
1522 5447 1579 5503 in
1611 5448 1841 5504 sinistra

136 5546 308 5611 parte
357 5539 595 5610 capituli
635 5540 785 5596 inter
839 5538 1168 5595 columnam
1202 5543 1257 5592 et
1311 5534 1485 5591 sedile
1534 5535 1775 5592 abbatis.
1815 5558 1835 5584 ι

1940 4389 2222 4457 eruditus,
2256 4397 2479 4446 statura
2522 4389 2807 4459 vultuque
2835 4389 3094 4446 decorus.
3131 4391 3257 4461 Ipse
3295 4405 3354 4446 se
3403 4390 3635 4457 dimisit,

1939 4486 1995 4535 et
2016 4487 2231 4548 postea,
2263 4478 2411 4534 sicut
2440 4477 2683 4533 Domino
2712 4478 2943 4548 placuit,
2968 4479 3030 4533 in
3057 4492 3193 4549 pace
3223 4479 3465 4549 quievit.
3506 4501 3528 4527 ›

2008 4567 2194 4622 XXII.
2223 4588 2242 4616 α
2282 4567 2446 4637 Hugo
2500 4567 2656 4621 I210.
2703 4566 2942 4623 Natioue
2992 4567 3376 4635 Caruotensis,
3416 4580 3452 4622 a
3492 4582 3640 4636 pue—

1942 4655 2075 4712 ritia
2102 4655 2162 4711 in
2192 4656 2539 4711 monachum
2592 4662 2893 4724 susceptus
2945 4663 3047 4711 est.
3095 4656 3219 4725 Ipse
3249 4664 3372 4712 erat
3425 4670 3642 4725 parvus

1944 4744 2001 4799 in
2054 4758 2286 4813 corpore
2337 4752 2393 4799 et
2449 4742 2798 4798 sufficienter
2850 4743 3153 4799 litteratus.
3190 4766 3212 4792 ι
3277 4744 3637 4813 Anonymus.

1943 4834 2142 4888 Frater
2218 4832 2326 4888 fuit
2396 4831 2663 4887 Guillemi
2734 4831 2804 4886 de
2854 4832 3117 4901 Rupibus
3174 4831 3469 4887 Corbonis.
3515 4830 3643 4886 Non

1943 4919 2166 4976 abbatis
2192 4933 2398 4974 nomen
2449 4918 2545 4972 sed
2577 4917 2820 4972 ministri
2871 4918 2975 4973 sibi
3008 4918 3241 4974 ascribit
3276 4918 3381 4973 hoc
3428 4918 3596 4973 modo
3625 4932 3638 4971 :

1943 5030 1972 5057 ‹‹
2023 5007 2305 5063 Omnibus
2358 5014 2666 5077 praesentes
2722 5005 2939 5062 litteras
3015 5007 3382 5076 inspecturis,
3434 5007 3643 5063 fratres

1943 5096 2180 5166 capituli
2220 5096 2450 5166 Majoris
2481 5093 2825 5160 Monasterii,
2857 5105 2911 5150 et
2941 5096 3105 5166 Hugo
3153 5094 3391 5150 humilis
3442 5108 3640 5151 eorum

1943 5185 2223 5251 minister,
2258 5206 2287 5233 ››
2322 5192 2429 5240 etc.
2464 5182 2628 5246 Quod
2667 5182 2842 5237 moris
2873 5182 2944 5237 ab
2978 5183 3202 5253 Hilgoto
3229 5182 3435 5238 abbate
3468 5185 3532 5237 l3
3572 5182 3645 5239 ad

1945 5273 2182 5329 abbates
2250 5270 2773 5328 Commendatarios
2851 5270 3123 5326 continuo
3181 5270 3490 5325 deductum
3542 5277 3643 5325 est.

1945 5360 2293 5430 Quanquam
2345 5359 2393 5415 is
2446 5359 2564 5429 ipse
2606 5357 2795 5428 Hugo,
2838 5358 2935 5414 ubi
2989 5357 3294 5414 necessitas
3354 5357 3645 5428 exigebat,

1948 5447 2192 5518 publicis
2216 5448 2376 5503 verbi
2405 5447 2593 5518 gratia
2626 5445 2684 5501 in
2708 5447 3126 5514 instrumentis,
3159 5445 3384 5501 abbatis
3414 5444 3644 5502 titulum

1948 5536 2292 5606 usurpabat.
