3932 6084
335 294 466 347 1071

1370 290 1467 344 AD
1507 290 1656 344 OPP.
1701 288 1855 346 VEN.
1899 289 2220 344 GUIBERTI
2264 290 2352 342 DE
2392 289 2786 345 NOVIGENTO

3693 293 3829 344 1072

406 430 704 484 Luctuosm
759 426 955 481 eadem
1000 430 1330 494 tempestate
1381 424 1699 490 discordiae,
1742 423 1885 493 quin
1933 437 2026 493 po-
2064 423 2598 492 Aapostolicorum,
2675 423 2916 492 Philippi
2994 424 3381 486 Bituricensis,
3435 431 3488 479 et
3531 423 3828 480 Clementis

334 517 448 572 tius
475 515 732 571 nefanda:
763 515 1036 569 comitum
1067 513 1438 577 Blesensium,
1467 512 1566 582 qui
1621 520 1887 582 patronos
1911 525 2033 567 sese

334 607 418 660 vel
453 605 758 658 advocatos
805 603 1036 672 Majoris
1086 602 1407 656 Monasterii
1452 602 1814 671 jactitabant,
1864 615 2029 671 gras—

332 692 580 748 sationes
607 698 840 756 exortae,
898 691 1053 747 unde
1101 690 1431 746 monasterii
1481 689 1739 759 ejusdem
1773 703 1840 744 ac
1871 689 2030 758 prio-

331 788 564 836 ratuum
599 779 659 834 in
707 780 981 834 comitatu
1037 778 1280 833 Blesensi
1323 778 1715 842 existentium,
1747 777 2029 833 universae

332 869 745 939 propemodum
775 883 866 922 res
917 868 1221 932 distractae,
1254 874 1309 922 et
1340 867 1574 935 perinde
1629 879 1802 936 atque
1833 881 1866 921 a
1902 878 2028 934 per-

328 956 616 1012 duellibus
647 956 879 1025 direpta:
913 963 1049 1010 sunt
1075 956 1146 1010 ab
1166 955 1398 1010 eisdem.

400 1044 599 1100 Sedem
641 1043 869 1114 Hugoni
923 1044 1128 1099 tribuit
1192 1043 1474 1099 Robertus
1530 1043 1585 1096 in
1636 1042 1818 1098 Gallia
1866 1041 2025 1097 Chri-

327 1133 514 1187 stiana
548 1134 694 1187 inter
720 1131 1010 1201 episcopos
1061 1132 1479 1201 Lingonenses;
1516 1132 1668 1200 quod
1731 1130 2029 1185 nihilomi-

327 1232 438 1272 nus
467 1217 636 1272 silent
689 1224 745 1272 et
793 1216 1036 1285 antiqua
1097 1222 1492 1283 monumenta,
1541 1224 1596 1270 et
1643 1214 2029 1284 chronologus

324 1318 668 1373 anonymus,
715 1319 745 1359 e
779 1303 951 1373 cujus
995 1303 1325 1358 narratione
1374 1303 1476 1358 ista
1532 1303 1601 1357 de
1642 1303 1886 1372 Hugone
1930 1302 2026 1356 de-

324 1406 490 1447 sumo
524 1406 536 1445 :
571 1415 591 1440 «
625 1392 836 1447 Contra
883 1391 1380 1460 archiepiscopum
1430 1391 1816 1446 Turonensem
1855 1389 2024 1459 placi-

330 1481 518 1541 tabat:
552 1494 685 1535 nam
727 1480 1187 1548 archiepiscopus
1229 1479 1415 1535 aiebat
1470 1479 1732 1534 abbatem
1766 1487 2023 1534 nostrum

326 1569 531 1624 baculo
589 1567 859 1638 pastorali
914 1576 1016 1623 aut
1066 1568 1235 1622 mitra
1293 1567 1377 1622 uti
1431 1582 1543 1622 non
1575 1567 1825 1622 debere:
1873 1579 2028 1636 qua-

327 1666 557 1726 propter
590 1658 708 1726 ipsc
757 1657 922 1726 Hugo
972 1657 1226 1725 prudens
1270 1663 1324 1710 et
1368 1655 1626 1721 humilis,
1679 1655 2026 1724 prospiciens

327 1745 561 1800 mitram
595 1746 724 1814 plus
761 1743 965 1800 afferre
1019 1743 1211 1799 oneris
1262 1758 1438 1813 quam
1498 1744 1799 1810 commodi,
1844 1743 2030 1798 noluit

326 1833 578 1889 inaniter
605 1833 852 1903 litigare,
887 1841 942 1888 et
993 1833 1075 1887 sic
1125 1833 1434 1902 potentiam
1467 1833 1589 1888 sine
1641 1831 1830 1896 mitra,
1882 1831 2030 1886 sicut

325 1921 555 1990 antiqui
584 1921 1024 1990 praedecessores
1055 1921 1166 1986 sui,
1196 1921 1265 1975 de
1323 1930 1524 1976 caetero
1552 1919 1823 1990 portavit,
1864 1942 1883 1967 ι
1920 1924 2026 1974 etc.

399 2011 604 2066 XXIII.
638 2008 952 2065 Gaufridus
984 2009 1032 2064 II
1071 2011 1223 2063 1227.
1271 2010 1380 2064 Iste
1413 2023 1529 2063 una
1560 2023 1689 2064 cum
1731 2015 2024 2078 sequente,

323 2111 608 2168 anonymo
688 2097 1028 2168 incognitus.
1095 2100 1207 2152 Hoc
1266 2097 1460 2152 eodem
1529 2111 1680 2152 anno
1735 2098 2029 2165 episcopus

324 2186 714 2242 Macloviensis
760 2186 1091 2252 Gaufridus,
1148 2186 1219 2240 ab
1254 2186 1552 2241 invasione
1605 2185 2024 2255 possessionum

326 2275 553 2345 Majoris
592 2274 917 2330 Monasterii
967 2289 1100 2343 quae
1142 2273 1198 2328 in
1232 2287 1339 2328 sua
1369 2274 1591 2329 dioecesi
1637 2281 1821 2340 erant,
1871 2273 2026 2327 viros

326 2363 542 2418 nobiles
569 2375 824 2417 coercere
849 2361 1084 2430 nititur;
1118 2361 1213 2416 sed
1262 2361 1450 2416 oleum
1492 2360 1637 2416 ludit
1684 2369 1738 2416 et
1767 2373 2021 2429 operam,

323 2451 538 2520 quippe
578 2457 693 2504 tam
725 2449 992 2518 nequiter
1019 2457 1073 2504 et
1115 2448 1410 2518 prmfracte
1463 2447 1659 2503 iisdem
1712 2448 2024 2502 retinendis

323 2539 508 2594 addici
557 2538 737 2593 solent
771 2537 871 2598 illi,
919 2546 984 2592 ut
1033 2537 1131 2592 vix
1179 2551 1247 2592 ac
1300 2551 1370 2592 ne
1429 2537 1526 2591 vix
1553 2537 1785 2606 quidem
1819 2537 1891 2591 ab
1931 2536 2022 2591 his

322 2627 515 2682 divelli
545 2627 780 2696 possint.

393 2715 596 2771 XXIV.
662 2714 953 2770 Guarinus
1001 2717 1157 2769 1229.
1235 2713 1466 2769 Mandat
1515 2711 1825 2783 Gregorius
1877 2725 2019 2782 papa

323 2803 400 2858 IX
435 2802 626 2857 abbati
666 2802 736 2856 de
787 2801 1078 2857 Gastineta
1118 2802 1239 2856 ord.
1290 2801 1343 2856 S.
1392 2800 1724 2870 Augustini,
1767 2800 2020 2856 dioecesis

321 2892 538 2946 Turon.
582 2890 666 2946 uti
699 2889 987 2945 tenuiores
1015 2904 1046 2944 θ
1093 2889 1293 2960 Majori
1342 2888 1681 2944 Monasterio
1713 2888 2018 2957 pendentes

2140 512 2398 567 Dolensis
2427 513 2841 582 episcoporum,
2869 527 2970 567 nec
3002 528 3116 567 non
3156 513 3380 568 abbatis
3411 513 3830 582 Burgidolensis

2141 601 2512 656 Bituricensis
2570 601 2840 655 dltheSiS.
2917 602 3127 656 Verum
3173 616 3355 670 pauco
3406 609 3526 670 post
3584 609 3830 670 tempore

2138 690 2449 745 cmnobitas
2475 689 2546 745 ad
2603 690 2890 745 meliorem
2943 691 3200 745 redactos
3239 691 3483 760 frugem,
3542 690 3694 745 haud
3740 690 3832 744 ob-

2139 791 2306 832 scure
2347 785 2549 832 notant
2615 777 2814 833 littera
2869 778 3104 833 Joannis
3154 777 3401 846 episcopi
3453 778 3826 833 Redonensis:

2141 865 2239 920 ubi
2267 865 2334 919 de
2385 867 2642 934 prioratu
2680 866 2748 921 de
2792 866 2942 921 Sallo
2990 866 3149 921 Gallo
3206 866 3428 936 (Solio!)
3473 867 3696 935 Majoris
3726 867 3836 920 Mo-

2137 951 2372 1006 nasterii
2406 952 2567 1007 unito
2619 952 2830 1023 agitur.
2883 954 2966 1007 Ita
2996 968 3053 1008 se
3095 952 3304 1008 habent
3339 968 3350 1006 :
3387 975 3414 1001 ‹‹
3449 953 3562 1008 Nos
3588 954 3835 1008 Joannes

2137 1040 2434 1108 cpiscopus
2487 1039 2853 1105 Redonensis,
2909 1040 3263 1095 attendentes
3313 1041 3590 1095 fervorem
3638 1041 3834 1094 chari—

2138 1128 2270 1182 tatis
2319 1129 2731 1182 monachorum
2791 1128 3022 1198 Majoris
3057 1129 3384 1184 Monasterii
3437 1137 3491 1184 et
3538 1133 3835 1184 necessita-

2137 1216 2288 1271 tibus
2337 1216 2429 1284 pio
2484 1217 2840 1271 attendentes
2888 1215 3117 1280 affectu,
3161 1217 3394 1271 domum
3445 1231 3609 1271 suam
3643 1217 3711 1271 de
3746 1219 3837 1272 So-

2139 1304 2234 1359 Iial
2266 1312 2472 1358 nostrae
2501 1303 2776 1369 dicecesis,
2820 1305 2875 1358 in
2908 1319 3024 1373 qua
3047 1304 3119 1358 ab
3150 1305 3390 1373 antiquo
3423 1303 3580 1359 solus
3641 1319 3836 1360 mona-

2136 1393 2282 1447 chus
2311 1391 2528 1446 solebat
2559 1391 2839 1458 habitare,
2885 1399 2942 1446 et
2991 1391 3145 1462 quod
3188 1392 3244 1445 in
3294 1391 3657 1446 Lateranensi
3690 1404 3834 1444 con-

2137 1481 2268 1536 cilio
2305 1481 2479 1536 fuerit
2517 1487 2820 1543 statutum,
2875 1487 2941 1534 ut
2996 1480 3257 1534 monachi
3321 1479 3556 1534 solitarii
3589 1479 3831 1533 debeant

2137 1569 2410 1635 amoveri,
2441 1568 2825 1625 concessimus
2860 1567 3116 1636 ipsorum
3149 1569 3203 1622 in
3238 1567 3498 1637 proprios
3528 1581 3671 1622 usus
3700 1581 3831 1622 con-

2137 1657 2489 1723 vertendam,
2530 1677 2550 1704 ι
2585 1665 2690 1712 etc.

2210 1745 2376 1800 Anno
2413 1747 2551 1800 1254
2594 1745 2829 1800 Romam
2881 1744 2948 1798 ad
2996 1744 3195 1799 limina
3225 1744 3614 1812 apostolorum
3647 1744 3833 1813 petiis-

2137 1847 2196 1888 se
2225 1831 2564 1888 Gaufridum
2611 1833 2871 1888 abbatem
2918 1833 3154 1901 planum
3196 1832 3413 1887 faciunt
3445 1833 3645 1887 litterae
3677 1832 3834 1887 Nan-

2138 1919 2372 1974 netelini
2403 1921 2767 1990 Agaunensis
2797 1920 3039 1974 abbatis.

2206 2007 2408 2063 XXVI.
2442 2008 2768 2076 Stephanus
2797 2007 2870 2063 ab
2905 2021 3040 2062 ann.
3069 2009 3209 2060 1263
3243 2007 3313 2061 ad
3337 2021 3472 2061 ann.
3512 2009 3670 2072 1284,
3705 2007 3832 2063 Vin-

2135 2096 2359 2151 centius
2399 2096 2650 2164 archiep.
2705 2095 3022 2150 Turonens.
3057 2109 3149 2149 an.
3185 2096 3242 2150 C.
3301 2097 3460 2160 1264,
3494 2097 3825 2150 sententiam

2133 2183 2238 2238 fert
2277 2185 2332 2238 in
2382 2185 2644 2238 comitem
2720 2183 3058 2250 Blesensem,
3119 2185 3219 2254 qui
3262 2185 3545 2254 majorum
3593 2198 3823 2239 suorum

2135 2285 2315 2340 pravo
2344 2272 2607 2342 exemplo
2635 2273 3061 2340 exstimulatus,
3107 2274 3416 2328 monachos
3447 2273 3683 2342 Majoris
3714 2273 3824 2328 Mo-

2131 2360 2365 2415 nasterii
2394 2363 2690 2430 exagitare
2711 2375 2823 2416 non
2865 2361 3185 2417 desistebat.

2201 2448 2361 2515 Quod
2416 2449 2495 2503 nil
2533 2463 2706 2518 prope
2732 2463 2932 2504 eorum
2981 2463 3111 2519 qua
3160 2450 3479 2519 possidebat
3513 2450 3567 2504 in
3629 2449 3826 2519 Anglia

2133 2538 2318 2607 Majus
2347 2537 2776 2604 Monasterium,
2823 2538 3111 2607 percipere
3139 2546 3340 2607 posset,
3389 2539 3486 2593 dat
3542 2539 3828 2593 licentiam

2129 2624 2441 2693 Gregorius
2477 2638 2622 2693 papa
2663 2625 2951 2680 maximus
3004 2640 3155 2680 anno
3204 2629 3336 2681 1274
3397 2626 3688 2696 Stephano
3733 2629 3829 2680 ab-

2130 2715 2247 2770 bati
2269 2729 2336 2769 ea
2362 2715 2555 2768 omnia
2596 2714 2987 2777 venundandi,
3021 2717 3160 2781 sive,
3195 2722 3257 2770 ut
3290 2715 3475 2779 aiunt,
3507 2714 3833 2770 abalienan.

2127 2803 2215 2867 di;
2247 2817 2495 2871 quorum
2531 2811 2718 2857 tamen
2748 2804 3023 2870 pecunias
3065 2803 3124 2858 in
3156 2803 3282 2857 aliis
3311 2802 3638 2857 utilioribus
3667 2803 3835 2858 collo-

2127 2906 2256 2948 care
2291 2891 2563 2961 praecipit.

324 2978 630 3050 prioratus,
664 2977 761 3033 ubi
791 2983 939 3031 59%
979 2991 1182 3046 nempe
1237 2977 1351 3033 duo
1413 2975 1674 3031 monachi
1724 2978 2016 3032 commode
2058 2998 2098 3052 ρ
2199 2979 2472 3049 Stephani
2517 2979 2870 3048 temporibus
2930 2977 3278 3043 institutum,
3336 2979 3561 3047 opinor,
3606 2993 3676 3032 ac
3728 2980 3835 3034 de—

321 3067 664 3138 regulariter
711 3066 905 3121 vivere
973 3066 1300 3134 nequirent,
1357 3065 1549 3133 plures
1618 3065 1914 3120 reduceret
1964 3065 2022 3121 in

321 3169 506 3211 unum
538 3170 550 3208 :
586 3155 939 3223 Przeceptum
970 3153 1122 3207 enim
1164 3160 1333 3207 antea
1364 3152 1550 3207 fuerat
1581 3153 1651 3208 ab
1695 3152 2024 3210 Alexandro

321 3257 468 3312 papa
523 3243 598 3296 III
655 3241 855 3296 concil.
913 3241 1175 3296 Lateran.
1228 3255 1286 3295 ιιι
1338 3254 1460 3309 cap.
1514 3242 1577 3294 10
1623 3257 1636 3294 :
1685 3263 1705 3289 ι
1763 3241 2022 3297 Monachi

321 3345 436 3385 non
468 3329 679 3400 singuli
714 3343 812 3398 per
851 3328 1015 3383 villas
1064 3337 1118 3383 et
1149 3328 1377 3397 oppida,
1410 3343 1512 3383 seu
1539 3329 1610 3382 ad
1641 3342 2023 3400 quascunque

321 3418 674 3489 parochiales
705 3424 996 3486 ponantur
1049 3416 1344 3483 ecclesias;
1379 3416 1474 3471 sed
1526 3416 1581 3470 in
1641 3417 1842 3486 majori
1885 3431 2020 3472 con-

319 3515 519 3574 ventu,
576 3514 677 3561 aut
721 3519 852 3560 cum
903 3503 1198 3574 aliquibus
1250 3504 1525 3560 fratribus
1584 3512 1874 3571 maneant,
1917 3520 2022 3561 nec

319 3594 425 3650 soli
477 3596 623 3650 inter
669 3593 972 3651 saeculares
1027 3593 1284 3648 homines
1334 3593 1718 3662 spiritualium
1770 3593 2018 3650 hostium

324 3682 741 3739 conflictionem
771 3689 1120 3751 exspectent,
1151 3703 1172 3729 ι
1209 3689 1314 3737 etc.

388 3772 543 3829 XXV.
599 3770 913 3827 Gaufridus
967 3770 1044 3824 III
1104 3771 1173 3825 de
1229 3771 1464 3825 Conam.
1525 3772 1752 3826 1235.Α
1800 3769 2020 3825 Joanne

320 3859 564 3915 Blesensi
597 3861 800 3914 comite
847 3857 1161 3914 advocatiae
1211 3871 1382 3914 causa
1421 3859 1788 3929 gravissimas
1819 3872 2022 3928 passus

318 3956 402 4004 est
448 3948 818 4009 calamitates.
871 3947 1013 4017 quin
1047 3947 1216 4002 etiam
1241 3947 1472 4016 ,carceri
1525 3947 1820 4016 septennio
1853 3960 2017 4002 man-

317 4037 543 4107 cipatus
603 4037 662 4090 in
713 4043 902 4090 castro
948 4035 1323 4102 Guisiacensi,
1369 4042 1422 4090 et
1454 4036 1616 4090 binos
1648 4049 1833 4090 comes
1863 4034 1955 4091 ille
1985 4049 2019 4090 a

321 4124 443 4180 suis
473 4123 814 4180 satellitibus
846 4138 875 4177 e
931 4132 1119 4177 monte
1171 4122 1480 4178 monachos
1524 4123 1844 4192 praecipites
1891 4122 2016 4177 dari

313 4212 484 4284 jussit
541 4229 554 4266 :
603 4212 671 4267 de
725 4211 813 4266 his
869 4211 1038 4280 plura
1094 4225 1368 4280 anonym.
1422 4211 1673 4266 Tandem
1734 4218 1798 4265 ut
1843 4210 2018 4265 tantis

2133 3076 2373 3133 cretum,
2406 3077 2694 3138 quatenus
2711 3068 2780 3122 ad
2795 3067 2974 3136 Majus
2988 3065 3416 3130 Monasterium,
3444 3065 3829 3133 prioratuum,

2130 3155 2520 3221 ecclesiarum,
2559 3168 2624 3209 ac
2655 3155 2905 3209 locorum
2938 3153 3122 3208 eidem
3161 3153 3418 3207 cmnobio
3462 3152 3830 3208 subditorum

2131 3243 2362 3308 chartae,
2417 3241 2733 3311 privilegia,
2809 3241 3223 3306 immunitates,
3293 3249 3467 3310 atque
3513 3241 3826 3310 diplomata

2131 3331 2491 3386 deferrentur
2515 3330 2671 3384 velut
2715 3327 2773 3384 in
2822 3343 2952 3385 arce
2983 3330 3377 3384 conservanda
3406 3344 3419 3382 :
3455 3329 3608 3384 unde
3640 3329 3824 3384 hacte-

2131 3433 2260 3486 nus,
2299 3418 2484 3473 rabies
2530 3417 2974 3472 Calvinistarum
3006 3417 3131 3472 licet
3161 3417 3352 3472 omnia
3384 3432 3601 3487 susque
3642 3417 3826 3487 deque

2130 3507 2463 3574 vastaverit,
2495 3505 2668 3561 illaasa
2700 3517 3082 3574 permansere.
3315 3551 3320 3556 .

2202 3599 2434 3656 XXVII.
2472 3618 2499 3648 ‹‹
2532 3598 2811 3652 Rohertus
2850 3597 2919 3651 de
2961 3595 3228 3651 Flandria
3265 3603 3438 3651 natus
3463 3595 3648 3662 (refert
3681 3610 3830 3650 ano-

2129 3689 2362 3759 nymus)
2410 3695 2650 3756 eratque
2695 3685 2954 3755 pulcher,
3001 3693 3055 3740 et
3099 3685 3445 3740 sufficienter
3497 3685 3832 3748 litteratus;

2130 3784 2252 3832 erat
2281 3775 2450 3830 etiam
2483 3773 2641 3843 prior
2666 3773 2734 3827 de
2775 3773 2926 3828 Cella
2973 3773 3028 3828 in
3079 3774 3226 3839 Bria,
3261 3795 3288 3822 ››
3318 3782 3425 3829 etc.
3458 3773 3837 3843 Privilegium

2131 3864 2332 3921 tribuit
2385 3863 2630 3918 Roberto
2696 3860 2975 3916 Martinus
3022 3876 3172 3931 papa
3228 3862 3319 3929 IV,
3357 3863 3444 3917 sui
3511 3862 3836 3931 pontificat.

2128 3967 2279 4008 anno
2299 3957 2353 4018 4,
2387 3951 2605 4020 ubique
2637 3949 2891 4003 locorum
2920 3949 3170 4014 (civitate
3200 3950 3519 4005 Turonensi
3559 3954 3837 4022 excepta)

2129 4041 2381 4106 mitram,
2435 4037 2717 4093 annulum
2775 4045 2828 4091 et
2858 4045 3075 4091 czeterae
3106 4036 3454 4106 pontiﬁcalia
3487 4039 3840 4097 indumenta

2126 4127 2433 4193 deferendi,
2468 4139 2572 4181 nec
2601 4139 2715 4179 non
2757 4131 2811 4180 et
2872 4123 3320 4179 benedictionem
3373 4125 3580 4194 populo
3611 4126 3841 4183 solem—

2127 4217 2276 4273 niter
2306 4213 2685 4284 impertiendi,
2713 4226 2780 4267 ac
2807 4212 3174 4268 benedicendi
3217 4212 3397 4282 pallas
3426 4211 3640 4268 altaris.

317 4301 626 4356 sceleribus
691 4307 1018 4355 occurreret
1078 4299 1448 4355 Innocentius
1519 4313 1667 4368 Papa
1721 4298 1794 4354 Ν
1853 4312 2005 4353 anno
2043 4309 2088 4364 D
2189 4305 2332 4362 Cum
2369 4301 2647 4357 Blesensis
2694 4314 2901 4367 comes,
2965 4307 3190 4369 patrum
3237 4301 3492 4371 vestigiis
3531 4301 3836 4360 insistens.

319 4389 473 4444 1254.
514 4386 802 4443 Nicolaum
863 4387 1015 4443 misit
1059 4389 1116 4442 in
1159 4386 1418 4453 Galliam,
1473 4388 1572 4456 qui
1628 4386 1849 4456 judicio
1898 4387 2017 4442 sive

316 4476 598 4533 sententia
653 4476 710 4531 in
757 4490 890 4531 eum
961 4475 1120 4531 velut
1178 4485 1572 4530 contumacem
1616 4474 1856 4543 prolata,
1885 4473 2016 4544 jure

316 4564 648 4632 advocatim,
698 4571 753 4620 et
823 4563 1046 4619 cunctis
1101 4577 1232 4632 qum
1289 4564 1344 4616 in
1390 4575 1480 4617 res
1528 4564 1854 4618 monasterii
1907 4563 2013 4617 sibi

316 4653 656 4720 vindicarat,
689 4653 995 4722 spoliavit;
1048 4649 1416 4705 nihilosecius
1442 4665 1628 4705 comes
1674 4650 2012 4705 sententiam

315 4743 670 4807 detrectavit,
706 4740 939 4810 sprevit,
972 4748 1028 4794 et
1057 4739 1393 4794 continuata
1421 4738 1479 4793 in
1521 4739 1745 4793 eosdem
1799 4746 2016 4794 ascetas

315 4830 475 4886 rabie
499 4829 884 4884 debacchatus
913 4835 1013 4882 est.

386 4918 714 4974 Ludovicus
746 4916 825 4971 IX
856 4929 960 4970 rex
989 4929 1084 4970 an.
1143 4918 1278 4969 1255
1330 4915 1544 4971 litteras
1593 4914 1684 4969 avi
1743 4913 1834 4971 sui
1881 4914 2012 4970 Phi-

312 5007 451 5077 lippi
521 5005 788 5075 Augusti,
841 5004 1007 5074 queis
1058 5004 1114 5059 in
1167 5004 1600 5060 Northmannize
1641 5003 2010 5060 Scacharium

313 5094 491 5165 (quod
531 5091 744 5148 multas
797 5091 857 5146 in
909 5091 1104 5146 eodem
1156 5091 1371 5147 ducatu
1402 5092 1780 5161 possessiones
1838 5090 2011 5146 habe-

314 5183 464 5250 rent)
496 5181 652 5236 velut
682 5179 996 5250 inquilinos
1052 5178 1282 5248 Majoris
1335 5178 1656 5234 Monasterii
1706 5179 2012 5234 monachos

313 5269 386 5325 ad
428 5270 568 5338 jura
608 5267 1029 5339 prosequenda,
1092 5266 1471 5322 admittendos
1525 5267 1860 5335 imperatur,
1917 5279 2013 5334 ap-

312 5357 535 5428 probat.

384 5445 822 5511 Labefactatam,
857 5458 929 5500 ex
980 5441 1219 5514 praefata
1267 5442 1388 5497 sine
1429 5440 1605 5497 dubio
1666 5441 2005 5505 calamitate,

313 5531 488 5590 fuisse
519 5533 845 5605 regularem
879 5531 1239 5601 disciplinam
1271 5530 1474 5586 docent
1503 5537 1629 5586 acta
1688 5529 2008 5602 legatorum

2123 4395 2356 4465 Majoris
2413 4391 2736 4450 Monasterii
2795 4404 2885 4445 res
2941 4391 3212 4444 continuo
3278 4390 3587 4456 infestaret,
3646 4393 3841 4446 tantis

2124 4482 2395 4539 molestiis
2424 4489 2487 4536 ut
2518 4479 2688 4535 linem
2745 4479 3078 4547 imponeret,
3114 4477 3416 4533 Matthzeus
3463 4478 3643 4533 abbas
3700 4494 3843 4533 san-

2123 4571 2196 4626 cti
2245 4567 2517 4638 Dionysii,
2551 4575 2674 4622 tum
2704 4566 2854 4636 regis
2887 4567 3040 4621 vices
3065 4580 3243 4636 agens
3290 4566 3346 4620 in
3398 4567 3664 4632 Francia,
3733 4567 3844 4621 Ro.

2125 4656 2280 4712 berto
2310 4655 2501 4710 abbati
2556 4653 2799 4722 ejusque
2848 4652 3143 4707 monachis
3194 4652 3414 4707 litteras
3453 4652 3837 4720 impertitur:

2121 4743 2396 4797 ordinans
2424 4741 2469 4796 si
2497 4741 2636 4810 quid
2687 4740 3040 4808 inposterum
3101 4741 3244 4795 inter
3273 4741 3500 4796 eosdem
3537 4747 3594 4795 et
3640 4740 3841 4796 Joan—

2122 4842 2258 4883 nam
2289 4829 2578 4897 Alenconii
2611 4828 2976 4893 comitissam,
3025 4827 3305 4882 Blesensis
3361 4826 3584 4882 comitis
3620 4826 3838 4892 ﬁliam,

2121 4917 2344 4974 dissidii
2373 4923 2707 4986 emergeret,
2766 4916 2923 4986 regio
2980 4915 3037 4970 in
3071 4916 3282 4986 palatio
3335 4916 3452 4971 fore
3509 4916 3841 4972 discutien-

2120 5007 2280 5063 dum.

2191 5093 2465 5149 Durando
2525 5090 2874 5147 Nannetensi
2903 5091 3190 5160 episcopo,
3227 5091 3326 5160 qui
3358 5091 3630 5160 pecunias
3656 5092 3841 5148 titulo

2118 5181 2462 5236 visitationis
2507 5193 2579 5234 ex
2625 5179 2977 5248 prioratibus
3033 5179 3120 5234 sui
3171 5179 3324 5246 juris
3352 5187 3707 5248 extorquere
3745 5195 3842 5234 co-

2119 5269 2388 5338 nabatur,
2470 5269 2650 5324 abbas
2720 5267 3000 5323 Robertus
3073 5266 3408 5336 privilegiis,
3469 5275 3522 5322 et
3578 5268 3842 5323 concilio

2119 5355 2388 5425 Lugdun.
2446 5371 2561 5412 non
2611 5356 2828 5425 pridem
2878 5354 3180 5420 celebrato,
3215 5353 3269 5408 id
3321 5353 3659 5423 prohibente
3691 5369 3836 5424 cap.

2114 5444 2184 5496 24
2221 5443 2420 5510 fretus,
2452 5445 2694 5501 viriliter
2723 5458 2841 5500 sese
2869 5444 3151 5513 opposuit,
3199 5441 3601 5512 cohibuitque.

2186 5529 2450 5588 XXVIII.
2510 5529 2629 5587 Odo
2666 5530 2736 5586 de
2785 5529 3070 5586 Braccolis
3118 5543 3222 5585 seu
3283 5528 3590 5598 Braccolis,
3643 5528 3836 5585 nobili
