  <div class='ocr_page' id='page_1' title='image "/cluster/home/n/w/nwhite01/storage/ocr_20150623/156/hvd.32044054760145/542.png"; bbox 0 0 3932 6084; ppageno 0'>
   <div class='ocr_carea' id='block_1_1' title="bbox 163 268 300 323">
    <p class='ocr_par' dir='ltr' id='par_1_1' title="bbox 163 268 300 323">
     <span class='ocr_line' id='line_1_1' title="bbox 163 268 300 323; baseline 0.007 -1"><span class='ocrx_word' id='word_1_1' title='bbox 163 268 300 323; x_wconf 83' lang='grc'>1073</span> 
     </span>
    </p>
   </div>
   <div class='ocr_carea' id='block_1_2' title="bbox 1411 269 2385 327">
    <p class='ocr_par' dir='ltr' id='par_1_2' title="bbox 1411 269 2385 327">
     <span class='ocr_line' id='line_1_2' title="bbox 1411 269 2385 327; baseline 0.003 -3"><span class='ocrx_word' id='word_1_2' title='bbox 1411 269 1636 325; x_wconf 79' lang='grc' dir='ltr'>ΒΟΜΝῘ</span> <span class='ocrx_word' id='word_1_3' title='bbox 1677 270 1734 324; x_wconf 87' lang='lat' dir='ltr'><strong>L.</strong></span> <span class='ocrx_word' id='word_1_4' title='bbox 1777 269 2123 326; x_wconf 81' lang='lat' dir='ltr'><strong>D&#39;ACHERY</strong></span> <span class='ocrx_word' id='word_1_5' title='bbox 2161 271 2385 327; x_wconf 72' lang='lat' dir='ltr'><strong>NOTAE.</strong></span> 
     </span>
    </p>
   </div>
   <div class='ocr_carea' id='block_1_3' title="bbox 3528 277 3664 332">
    <p class='ocr_par' dir='ltr' id='par_1_3' title="bbox 3528 277 3664 332">
     <span class='ocr_line' id='line_1_3' title="bbox 3528 277 3664 332; baseline 0.007 -1"><span class='ocrx_word' id='word_1_6' title='bbox 3528 277 3664 332; x_wconf 83' lang='grc'><strong>1074</strong></span> 
     </span>
    </p>
   </div>
   <div class='ocr_carea' id='block_1_4' title="bbox 159 404 3660 477">
    <p class='ocr_par' dir='ltr' id='par_1_4' title="bbox 159 404 3660 477">
     <span class='ocr_line' id='line_1_4' title="bbox 159 404 3660 477; baseline 0.003 -18"><span class='ocrx_word' id='word_1_7' title='bbox 159 417 368 474; x_wconf 84' lang='lat' dir='ltr'><strong>genere</strong></span> <span class='ocrx_word' id='word_1_8' title='bbox 400 410 580 471; x_wconf 93' lang='lat' dir='ltr'><strong>ortus,</strong></span> <span class='ocrx_word' id='word_1_9' title='bbox 613 418 679 459; x_wconf 91' lang='lat' dir='ltr'><strong>ac</strong></span> <span class='ocrx_word' id='word_1_10' title='bbox 702 404 985 466; x_wconf 89' lang='lat' dir='ltr'><strong>eruditus,</strong></span> <span class='ocrx_word' id='word_1_11' title='bbox 1015 404 1124 460; x_wconf 87' lang='lat' dir='ltr'><strong>fuit</strong></span> <span class='ocrx_word' id='word_1_12' title='bbox 1154 406 1334 460; x_wconf 84' lang='lat' dir='ltr'><strong>abbas</strong></span> <span class='ocrx_word' id='word_1_13' title='bbox 1377 405 1722 461; x_wconf 90' lang='lat' dir='ltr'><strong>constitutus</strong></span> <span class='ocrx_word' id='word_1_14' title='bbox 1753 420 1848 460; x_wconf 91' lang='lat' dir='ltr'><strong>an.</strong></span> <span class='ocrx_word' id='word_1_15' title='bbox 1889 407 1935 459; x_wconf 87' lang='lat' dir='ltr'><strong>A</strong></span> <span class='ocrx_word' id='word_1_16' title='bbox 1969 405 2268 477; x_wconf 79' lang='lat' dir='ltr'><strong>patefecit;</strong></span> <span class='ocrx_word' id='word_1_17' title='bbox 2306 420 2440 462; x_wconf 90' lang='lat' dir='ltr'><strong>nam</strong></span> <span class='ocrx_word' id='word_1_18' title='bbox 2490 407 2604 477; x_wconf 90' lang='lat' dir='ltr'><strong>ipse</strong></span> <span class='ocrx_word' id='word_1_19' title='bbox 2638 407 2767 464; x_wconf 92' lang='lat' dir='ltr'><strong>licet</strong></span> <span class='ocrx_word' id='word_1_20' title='bbox 2813 408 3029 464; x_wconf 90' lang='lat' dir='ltr'><strong>ducatu</strong></span> <span class='ocrx_word' id='word_1_21' title='bbox 3059 409 3380 466; x_wconf 89' lang='lat' dir='ltr'><strong>Turonensi</strong></span> <span class='ocrx_word' id='word_1_22' title='bbox 3429 411 3660 468; x_wconf 79' lang='lat' dir='ltr'><strong>fratrem</strong></span> 
     </span>
    </p>
   </div>
   <div class='ocr_carea' id='block_1_5' title="bbox 163 493 1848 563">
    <p class='ocr_par' dir='ltr' id='par_1_5' title="bbox 163 493 1848 563">
     <span class='ocr_line' id='line_1_5' title="bbox 163 493 1848 563; baseline 0.001 -17"><span class='ocrx_word' id='word_1_23' title='bbox 163 494 320 546; x_wconf 86' lang='lat' dir='ltr'><strong>I296.</strong></span> <span class='ocrx_word' id='word_1_24' title='bbox 372 493 496 560; x_wconf 85' lang='lat' dir='ltr'><strong>Ipse</strong></span> <span class='ocrx_word' id='word_1_25' title='bbox 523 503 578 548; x_wconf 93' lang='lat' dir='ltr'><strong>et</strong></span> <span class='ocrx_word' id='word_1_26' title='bbox 625 493 885 548; x_wconf 80' lang='lat' dir='ltr'><strong>monachi</strong></span> <span class='ocrx_word' id='word_1_27' title='bbox 931 508 966 548; x_wconf 90' lang='lat' dir='ltr'><strong>a</strong></span> <span class='ocrx_word' id='word_1_28' title='bbox 994 493 1420 548; x_wconf 88' lang='lat' dir='ltr'><strong>visitationibus</strong></span> <span class='ocrx_word' id='word_1_29' title='bbox 1465 494 1848 563; x_wconf 90' lang='lat' dir='ltr'><strong>prioratuum,</strong></span> 
     </span>
    </p>
   </div>
   <div class='ocr_carea' id='block_1_6' title="bbox 157 579 1852 653">
    <p class='ocr_par' dir='ltr' id='par_1_6' title="bbox 157 579 1852 653">
     <span class='ocr_line' id='line_1_6' title="bbox 157 579 1852 653; baseline 0.002 -18"><span class='ocrx_word' id='word_1_30' title='bbox 157 595 227 636; x_wconf 90' lang='lat' dir='ltr'><strong>ac</strong></span> <span class='ocrx_word' id='word_1_31' title='bbox 255 579 774 648; x_wconf 78' lang='lat' dir='ltr'><strong>procurationibus,</strong></span> <span class='ocrx_word' id='word_1_32' title='bbox 817 581 1272 651; x_wconf 83' lang='lat' dir='ltr'><strong>archiepisc0pns</strong></span> <span class='ocrx_word' id='word_1_33' title='bbox 1313 582 1609 653; x_wconf 90' lang='lat' dir='ltr'><strong>Burdigal.</strong></span> <span class='ocrx_word' id='word_1_34' title='bbox 1645 597 1852 638; x_wconf 89' lang='lat' dir='ltr'><strong>arcue-</strong></span> 
     </span>
    </p>
   </div>
   <div class='ocr_carea' id='block_1_7' title="bbox 158 669 1854 740">
    <p class='ocr_par' dir='ltr' id='par_1_7' title="bbox 158 669 1854 740">
     <span class='ocr_line' id='line_1_7' title="bbox 158 669 1854 740; baseline 0.001 -16"><span class='ocrx_word' id='word_1_35' title='bbox 158 676 335 732; x_wconf 84' lang='lat' dir='ltr'><strong>runt;</strong></span> <span class='ocrx_word' id='word_1_36' title='bbox 395 682 735 738; x_wconf 83' lang='lat' dir='ltr'><strong>quanquam</strong></span> <span class='ocrx_word' id='word_1_37' title='bbox 795 669 892 732; x_wconf 85' lang='lat' dir='ltr'><strong>illi,</strong></span> <span class='ocrx_word' id='word_1_38' title='bbox 943 670 1083 739; x_wconf 92' lang='lat' dir='ltr'><strong>proh</strong></span> <span class='ocrx_word' id='word_1_39' title='bbox 1147 670 1342 725; x_wconf 91' lang='lat' dir='ltr'><strong>nefas!</strong></span> <span class='ocrx_word' id='word_1_40' title='bbox 1400 679 1538 726; x_wconf 88' lang='lat' dir='ltr'><strong>tunc</strong></span> <span class='ocrx_word' id='word_1_41' title='bbox 1585 673 1854 740; x_wconf 90' lang='lat' dir='ltr'><strong>temporis</strong></span> 
     </span>
    </p>
   </div>
   <div class='ocr_carea' id='block_1_8' title="bbox 155 755 1849 829">
    <p class='ocr_par' dir='ltr' id='par_1_8' title="bbox 155 755 1849 829">
     <span class='ocr_line' id='line_1_8' title="bbox 155 755 1849 829; baseline 0.001 -18"><span class='ocrx_word' id='word_1_42' title='bbox 155 756 300 812; x_wconf 79' lang='lat' dir='ltr'><strong>foede</strong></span> <span class='ocrx_word' id='word_1_43' title='bbox 367 757 437 811; x_wconf 90' lang='lat' dir='ltr'><strong>ab</strong></span> <span class='ocrx_word' id='word_1_44' title='bbox 493 755 706 827; x_wconf 63' lang='lat' dir='ltr'><strong>regulae</strong></span> <span class='ocrx_word' id='word_1_45' title='bbox 771 757 1134 812; x_wconf 85' lang='lat' dir='ltr'><strong>observantia</strong></span> <span class='ocrx_word' id='word_1_46' title='bbox 1209 759 1492 823; x_wconf 87' lang='lat' dir='ltr'><strong>defecere;</strong></span> <span class='ocrx_word' id='word_1_47' title='bbox 1563 759 1849 829; x_wconf 85' lang='lat' dir='ltr'><strong>siquidem</strong></span> 
     </span>
    </p>
   </div>
   <div class='ocr_carea' id='block_1_9' title="bbox 157 845 1852 915">
    <p class='ocr_par' dir='ltr' id='par_1_9' title="bbox 157 845 1852 915">
     <span class='ocr_line' id='line_1_9' title="bbox 157 845 1852 915; baseline 0.002 -17"><span class='ocrx_word' id='word_1_48' title='bbox 157 845 519 914; x_wconf 90' lang='lat' dir='ltr'><strong>prioratuum</strong></span> <span class='ocrx_word' id='word_1_49' title='bbox 581 845 836 899; x_wconf 91' lang='lat' dir='ltr'><strong>redditus</strong></span> <span class='ocrx_word' id='word_1_50' title='bbox 886 847 1035 901; x_wconf 91' lang='lat' dir='ltr'><strong>inter</strong></span> <span class='ocrx_word' id='word_1_51' title='bbox 1081 860 1201 900; x_wconf 67' lang='lat' dir='ltr'><strong>sese</strong></span> <span class='ocrx_word' id='word_1_52' title='bbox 1251 846 1680 915; x_wconf 90' lang='lat' dir='ltr'><strong>dispertierunt,</strong></span> <span class='ocrx_word' id='word_1_53' title='bbox 1731 856 1786 902; x_wconf 92' lang='lat' dir='ltr'><strong>et</strong></span> <span class='ocrx_word' id='word_1_54' title='bbox 1819 862 1852 902; x_wconf 90' lang='lat' dir='ltr'><strong>a</strong></span> 
     </span>
    </p>
   </div>
   <div class='ocr_carea' id='block_1_10' title="bbox 155 932 1850 1005">
    <p class='ocr_par' dir='ltr' id='par_1_10' title="bbox 155 932 1850 1005">
     <span class='ocr_line' id='line_1_10' title="bbox 155 932 1850 1005; baseline 0.002 -18"><span class='ocrx_word' id='word_1_55' title='bbox 155 932 448 987; x_wconf 92' lang='lat' dir='ltr'><strong>communi</strong></span> <span class='ocrx_word' id='word_1_56' title='bbox 507 947 783 988; x_wconf 82' lang='lat' dir='ltr'><strong>recessere</strong></span> <span class='ocrx_word' id='word_1_57' title='bbox 832 933 968 988; x_wconf 91' lang='lat' dir='ltr'><strong>vita.</strong></span> <span class='ocrx_word' id='word_1_58' title='bbox 1025 934 1186 989; x_wconf 89' lang='lat' dir='ltr'><strong>Unde</strong></span> <span class='ocrx_word' id='word_1_59' title='bbox 1239 949 1353 988; x_wconf 87' lang='lat' dir='ltr'><strong>non</strong></span> <span class='ocrx_word' id='word_1_60' title='bbox 1407 937 1616 990; x_wconf 91' lang='lat' dir='ltr'><strong>mirum</strong></span> <span class='ocrx_word' id='word_1_61' title='bbox 1679 936 1850 1005; x_wconf 83' lang='lat' dir='ltr'><strong>(quod</strong></span> 
     </span>
    </p>
   </div>
   <div class='ocr_carea' id='block_1_11' title="bbox 156 1019 1848 1091">
    <p class='ocr_par' dir='ltr' id='par_1_11' title="bbox 156 1019 1848 1091">
     <span class='ocr_line' id='line_1_11' title="bbox 156 1019 1848 1091; baseline 0.003 -18"><span class='ocrx_word' id='word_1_62' title='bbox 156 1019 292 1074; x_wconf 88' lang='lat' dir='ltr'><strong>alibi</strong></span> <span class='ocrx_word' id='word_1_63' title='bbox 339 1021 685 1086; x_wconf 79' lang='lat' dir='ltr'><strong>notavimus)</strong></span> <span class='ocrx_word' id='word_1_64' title='bbox 711 1021 755 1074; x_wconf 90' lang='lat' dir='ltr'><strong>si</strong></span> <span class='ocrx_word' id='word_1_65' title='bbox 787 1021 1090 1076; x_wconf 71' lang='lat' dir='ltr'><strong>saeculares</strong></span> <span class='ocrx_word' id='word_1_66' title='bbox 1123 1022 1251 1087; x_wconf 92' lang='lat' dir='ltr'><strong>viri,</strong></span> <span class='ocrx_word' id='word_1_67' title='bbox 1289 1023 1400 1077; x_wconf 91' lang='lat' dir='ltr'><strong>Deo</strong></span> <span class='ocrx_word' id='word_1_68' title='bbox 1431 1023 1512 1077; x_wconf 91' lang='lat' dir='ltr'><strong>sic</strong></span> <span class='ocrx_word' id='word_1_69' title='bbox 1552 1022 1848 1091; x_wconf 90' lang='lat' dir='ltr'><strong>plectente,</strong></span> 
     </span>
    </p>
   </div>
   <div class='ocr_carea' id='block_1_12' title="bbox 155 1107 1854 1180">
    <p class='ocr_par' dir='ltr' id='par_1_12' title="bbox 155 1107 1854 1180">
     <span class='ocr_line' id='line_1_12' title="bbox 155 1107 1854 1180; baseline 0.003 -19"><span class='ocrx_word' id='word_1_70' title='bbox 155 1115 211 1162; x_wconf 91' lang='lat' dir='ltr'><strong>et</strong></span> <span class='ocrx_word' id='word_1_71' title='bbox 253 1107 500 1177; x_wconf 89' lang='lat' dir='ltr'><strong>episcopi</strong></span> <span class='ocrx_word' id='word_1_72' title='bbox 545 1109 871 1178; x_wconf 88' lang='lat' dir='ltr'><strong>complures</strong></span> <span class='ocrx_word' id='word_1_73' title='bbox 898 1109 1004 1164; x_wconf 91' lang='lat' dir='ltr'><strong>hoc</strong></span> <span class='ocrx_word' id='word_1_74' title='bbox 1031 1124 1154 1164; x_wconf 74' lang='lat' dir='ltr'><strong>aevo</strong></span> <span class='ocrx_word' id='word_1_75' title='bbox 1199 1111 1616 1166; x_wconf 89' lang='lat' dir='ltr'><strong>monachorum</strong></span> <span class='ocrx_word' id='word_1_76' title='bbox 1646 1111 1854 1180; x_wconf 90' lang='lat' dir='ltr'><strong>opibus</strong></span> 
     </span>
    </p>
   </div>
   <div class='ocr_carea' id='block_1_13' title="bbox 154 1195 462 1251">
    <p class='ocr_par' dir='ltr' id='par_1_13' title="bbox 154 1195 462 1251">
     <span class='ocr_line' id='line_1_13' title="bbox 154 1195 462 1251; baseline -0.003 -2"><span class='ocrx_word' id='word_1_77' title='bbox 154 1195 462 1251; x_wconf 89' lang='lat' dir='ltr'><strong>inhiarent.</strong></span> 
     </span>
    </p>
   </div>
   <div class='ocr_carea' id='block_1_14' title="bbox 227 1285 1849 1354">
    <p class='ocr_par' dir='ltr' id='par_1_14' title="bbox 227 1285 1849 1354">
     <span class='ocr_line' id='line_1_14' title="bbox 227 1285 1849 1354; baseline 0.002 -15"><span class='ocrx_word' id='word_1_78' title='bbox 227 1285 434 1339; x_wconf 92' lang='lat' dir='ltr'><strong>XXIX.</strong></span> <span class='ocrx_word' id='word_1_79' title='bbox 475 1306 494 1333; x_wconf 74' lang='grc' dir='ltr'><strong><em>ο</em></strong></span> <span class='ocrx_word' id='word_1_80' title='bbox 541 1285 788 1340; x_wconf 85' lang='lat' dir='ltr'><strong>Joannes</strong></span> <span class='ocrx_word' id='word_1_81' title='bbox 836 1285 903 1340; x_wconf 89' lang='lat' dir='ltr'><strong>de</strong></span> <span class='ocrx_word' id='word_1_82' title='bbox 946 1287 1285 1341; x_wconf 86' lang='lat' dir='ltr'><strong>Moutelonis</strong></span> <span class='ocrx_word' id='word_1_83' title='bbox 1314 1288 1433 1342; x_wconf 88' lang='lat' dir='ltr'><strong>sive</strong></span> <span class='ocrx_word' id='word_1_84' title='bbox 1463 1287 1849 1354; x_wconf 81' lang='lat' dir='ltr'><strong>Monteleonis,</strong></span> 
     </span>
    </p>
   </div>
   <div class='ocr_carea' id='block_1_15' title="bbox 158 1372 1855 1446">
    <p class='ocr_par' dir='ltr' id='par_1_15' title="bbox 158 1372 1855 1446">
     <span class='ocr_line' id='line_1_15' title="bbox 158 1372 1855 1446; baseline 0.003 -20"><span class='ocrx_word' id='word_1_85' title='bbox 158 1372 228 1427; x_wconf 92' lang='lat' dir='ltr'><strong>de</strong></span> <span class='ocrx_word' id='word_1_86' title='bbox 261 1373 543 1428; x_wconf 89' lang='lat' dir='ltr'><strong>territorio</strong></span> <span class='ocrx_word' id='word_1_87' title='bbox 571 1373 908 1429; x_wconf 89' lang='lat' dir='ltr'><strong>Pictaviensi</strong></span> <span class='ocrx_word' id='word_1_88' title='bbox 932 1374 1234 1441; x_wconf 89' lang='lat' dir='ltr'><strong>oriundus,</strong></span> <span class='ocrx_word' id='word_1_89' title='bbox 1266 1383 1320 1429; x_wconf 93' lang='lat' dir='ltr'><strong>et</strong></span> <span class='ocrx_word' id='word_1_90' title='bbox 1351 1375 1419 1429; x_wconf 91' lang='lat' dir='ltr'><strong>de</strong></span> <span class='ocrx_word' id='word_1_91' title='bbox 1449 1376 1622 1430; x_wconf 90' lang='lat' dir='ltr'><strong>nobili</strong></span> <span class='ocrx_word' id='word_1_92' title='bbox 1647 1390 1855 1446; x_wconf 85' lang='lat' dir='ltr'><strong>genere</strong></span> 
     </span>
    </p>
   </div>
   <div class='ocr_carea' id='block_1_16' title="bbox 157 1464 1854 1532">
    <p class='ocr_par' dir='ltr' id='par_1_16' title="bbox 157 1464 1854 1532">
     <span class='ocr_line' id='line_1_16' title="bbox 157 1464 1854 1532; baseline 0.004 -18"><span class='ocrx_word' id='word_1_93' title='bbox 157 1469 511 1529; x_wconf 90' lang='lat' dir='ltr'><strong>procreatus,</strong></span> <span class='ocrx_word' id='word_1_94' title='bbox 547 1476 737 1530; x_wconf 68' lang='lat' dir='ltr'><strong>parvze</strong></span> <span class='ocrx_word' id='word_1_95' title='bbox 768 1470 960 1517; x_wconf 91' lang='lat' dir='ltr'><strong>tamen</strong></span> <span class='ocrx_word' id='word_1_96' title='bbox 1005 1471 1262 1528; x_wconf 72' lang='lat' dir='ltr'><strong>staturae,</strong></span> <span class='ocrx_word' id='word_1_97' title='bbox 1297 1464 1392 1518; x_wconf 86' lang='lat' dir='ltr'><strong>sed</strong></span> <span class='ocrx_word' id='word_1_98' title='bbox 1425 1464 1667 1532; x_wconf 90' lang='lat' dir='ltr'><strong>pulchra</strong></span> <span class='ocrx_word' id='word_1_99' title='bbox 1713 1464 1854 1520; x_wconf 88' lang='lat' dir='ltr'><strong>facie</strong></span> 
     </span>
    </p>
   </div>
   <div class='ocr_carea' id='block_1_17' title="bbox 155 1549 1852 1622">
    <p class='ocr_par' dir='ltr' id='par_1_17' title="bbox 155 1549 1852 1622">
     <span class='ocr_line' id='line_1_17' title="bbox 155 1549 1852 1622; baseline 0.003 -19"><span class='ocrx_word' id='word_1_100' title='bbox 155 1549 476 1615; x_wconf 88' lang='lat' dir='ltr'><strong>decoratus,</strong></span> <span class='ocrx_word' id='word_1_101' title='bbox 529 1572 555 1597; x_wconf 82' lang='lat'>»</span> <span class='ocrx_word' id='word_1_102' title='bbox 599 1557 705 1604; x_wconf 90' lang='lat' dir='ltr'><strong>etc.</strong></span> <span class='ocrx_word' id='word_1_103' title='bbox 733 1550 1091 1618; x_wconf 78' lang='lat' dir='ltr'><strong>Anonymus.</strong></span> <span class='ocrx_word' id='word_1_104' title='bbox 1144 1552 1338 1607; x_wconf 87' lang='lat' dir='ltr'><strong>Multis</strong></span> <span class='ocrx_word' id='word_1_105' title='bbox 1370 1552 1476 1606; x_wconf 91' lang='lat' dir='ltr'><strong>hac</strong></span> <span class='ocrx_word' id='word_1_106' title='bbox 1536 1553 1657 1622; x_wconf 92' lang='lat' dir='ltr'><strong>ipsa</strong></span> <span class='ocrx_word' id='word_1_107' title='bbox 1706 1560 1852 1608; x_wconf 87' lang='lat' dir='ltr'><strong>tem-</strong></span> 
     </span>
    </p>
   </div>
   <div class='ocr_carea' id='block_1_18' title="bbox 155 1637 1850 1710">
    <p class='ocr_par' dir='ltr' id='par_1_18' title="bbox 155 1637 1850 1710">
     <span class='ocr_line' id='line_1_18' title="bbox 155 1637 1850 1710; baseline 0.002 -18"><span class='ocrx_word' id='word_1_108' title='bbox 155 1645 372 1706; x_wconf 89' lang='lat' dir='ltr'><strong>pestate</strong></span> <span class='ocrx_word' id='word_1_109' title='bbox 421 1652 454 1691; x_wconf 90' lang='lat' dir='ltr'><strong>a</strong></span> <span class='ocrx_word' id='word_1_110' title='bbox 488 1638 779 1693; x_wconf 90' lang='lat' dir='ltr'><strong>nobilibus</strong></span> <span class='ocrx_word' id='word_1_111' title='bbox 828 1637 1093 1694; x_wconf 74' lang='lat' dir='ltr'><strong>allectum</strong></span> <span class='ocrx_word' id='word_1_112' title='bbox 1127 1640 1554 1695; x_wconf 81' lang='lat' dir='ltr'><strong>calamitatibus</strong></span> <span class='ocrx_word' id='word_1_113' title='bbox 1602 1649 1656 1695; x_wconf 94' lang='lat' dir='ltr'><strong>et</strong></span> <span class='ocrx_word' id='word_1_114' title='bbox 1690 1641 1850 1710; x_wconf 89' lang='lat' dir='ltr'><strong>inju-</strong></span> 
     </span>
    </p>
   </div>
   <div class='ocr_carea' id='block_1_19' title="bbox 1962 494 3656 568">
    <p class='ocr_par' dir='ltr' id='par_1_19' title="bbox 1962 494 3656 568">
     <span class='ocr_line' id='line_1_19' title="bbox 1962 494 3656 568; baseline 0.004 -18"><span class='ocrx_word' id='word_1_115' title='bbox 1962 494 2340 562; x_wconf 89' lang='lat' dir='ltr'><strong>Ludovicum,</strong></span> <span class='ocrx_word' id='word_1_116' title='bbox 2367 495 2571 551; x_wconf 90' lang='lat' dir='ltr'><strong>ducem</strong></span> <span class='ocrx_word' id='word_1_117' title='bbox 2592 497 3038 568; x_wconf 82' lang='lat' dir='ltr'><strong>Andcgavorum</strong></span> <span class='ocrx_word' id='word_1_118' title='bbox 3063 499 3339 565; x_wconf 83' lang='lat' dir='ltr'><strong>auxisset,</strong></span> <span class='ocrx_word' id='word_1_119' title='bbox 3364 513 3656 556; x_wconf 91' lang='lat' dir='ltr'><strong>summum</strong></span> 
     </span>
    </p>
   </div>
   <div class='ocr_carea' id='block_1_20' title="bbox 1959 583 3649 656">
    <p class='ocr_par' dir='ltr' id='par_1_20' title="bbox 1959 583 3649 656">
     <span class='ocr_line' id='line_1_20' title="bbox 1959 583 3649 656; baseline 0.004 -19"><span class='ocrx_word' id='word_1_120' title='bbox 1959 583 2339 638; x_wconf 89' lang='lat' dir='ltr'><strong>nihilominus</strong></span> <span class='ocrx_word' id='word_1_121' title='bbox 2371 583 2426 638; x_wconf 92' lang='lat' dir='ltr'><strong>in</strong></span> <span class='ocrx_word' id='word_1_122' title='bbox 2482 583 2706 654; x_wconf 87' lang='lat' dir='ltr'><strong>Majoris</strong></span> <span class='ocrx_word' id='word_1_123' title='bbox 2732 586 3053 642; x_wconf 86' lang='lat' dir='ltr'><strong>Monasterii</strong></span> <span class='ocrx_word' id='word_1_124' title='bbox 3099 601 3207 650; x_wconf 85' lang='lat' dir='ltr'><strong>res,</strong></span> <span class='ocrx_word' id='word_1_125' title='bbox 3240 586 3338 656; x_wconf 88' lang='lat' dir='ltr'><strong>jus</strong></span> <span class='ocrx_word' id='word_1_126' title='bbox 3369 600 3435 642; x_wconf 93' lang='lat' dir='ltr'><strong>ac</strong></span> <span class='ocrx_word' id='word_1_127' title='bbox 3474 589 3649 644; x_wconf 89' lang='lat' dir='ltr'><strong>domi-</strong></span> 
     </span>
    </p>
   </div>
   <div class='ocr_carea' id='block_1_21' title="bbox 1959 672 2880 728">
    <p class='ocr_par' dir='ltr' id='par_1_21' title="bbox 1959 672 2880 728">
     <span class='ocr_line' id='line_1_21' title="bbox 1959 672 2880 728; baseline 0 -2"><span class='ocrx_word' id='word_1_128' title='bbox 1959 672 2123 727; x_wconf 90' lang='lat' dir='ltr'><strong>nium</strong></span> <span class='ocrx_word' id='word_1_129' title='bbox 2156 673 2337 726; x_wconf 91' lang='lat' dir='ltr'><strong>voluit</strong></span> <span class='ocrx_word' id='word_1_130' title='bbox 2365 673 2468 727; x_wconf 91' lang='lat' dir='ltr'><strong>sibi</strong></span> <span class='ocrx_word' id='word_1_131' title='bbox 2505 681 2880 728; x_wconf 87' lang='lat' dir='ltr'><strong>reservatum.</strong></span> 
     </span>
    </p>
   </div>
   <div class='ocr_carea' id='block_1_22' title="bbox 2030 759 3656 825">
    <p class='ocr_par' dir='ltr' id='par_1_22' title="bbox 2030 759 3656 825">
     <span class='ocr_line' id='line_1_22' title="bbox 2030 759 3656 825; baseline 0.004 -13"><span class='ocrx_word' id='word_1_132' title='bbox 2030 759 2112 813; x_wconf 74' lang='lat' dir='ltr'><strong>Ad</strong></span> <span class='ocrx_word' id='word_1_133' title='bbox 2145 759 2465 815; x_wconf 89' lang='lat' dir='ltr'><strong>Gcrardum</strong></span> <span class='ocrx_word' id='word_1_134' title='bbox 2513 761 2580 814; x_wconf 92' lang='lat' dir='ltr'><strong>de</strong></span> <span class='ocrx_word' id='word_1_135' title='bbox 2617 761 2806 825; x_wconf 86' lang='lat' dir='ltr'><strong>Podio,</strong></span> <span class='ocrx_word' id='word_1_136' title='bbox 2840 770 2893 816; x_wconf 92' lang='lat' dir='ltr'><strong>et</strong></span> <span class='ocrx_word' id='word_1_137' title='bbox 2923 763 3196 817; x_wconf 87' lang='lat' dir='ltr'><strong>Joannem</strong></span> <span class='ocrx_word' id='word_1_138' title='bbox 3239 763 3422 818; x_wconf 89' lang='lat' dir='ltr'><strong>sancti</strong></span> <span class='ocrx_word' id='word_1_139' title='bbox 3466 765 3656 820; x_wconf 83' lang='lat' dir='ltr'><strong>Albini</strong></span> 
     </span>
    </p>
   </div>
   <div class='ocr_carea' id='block_1_23' title="bbox 1959 848 3658 919">
    <p class='ocr_par' dir='ltr' id='par_1_23' title="bbox 1959 848 3658 919">
     <span class='ocr_line' id='line_1_23' title="bbox 1959 848 3658 919; baseline 0.003 -16"><span class='ocrx_word' id='word_1_140' title='bbox 1959 848 2386 917; x_wconf 81' lang='lat' dir='ltr'><strong>Andegavensis</strong></span> <span class='ocrx_word' id='word_1_141' title='bbox 2433 848 2743 903; x_wconf 84' lang='lat' dir='ltr'><strong>antistitem</strong></span> <span class='ocrx_word' id='word_1_142' title='bbox 2778 849 3050 904; x_wconf 87' lang='lat' dir='ltr'><strong>Urbanus</strong></span> <span class='ocrx_word' id='word_1_143' title='bbox 3080 849 3127 904; x_wconf 87' lang='lat' dir='ltr'><strong>V</strong></span> <span class='ocrx_word' id='word_1_144' title='bbox 3172 849 3262 904; x_wconf 91' lang='lat' dir='ltr'><strong>sui</strong></span> <span class='ocrx_word' id='word_1_145' title='bbox 3291 851 3658 919; x_wconf 85' lang='lat' dir='ltr'><strong>pontificatus</strong></span> 
     </span>
    </p>
   </div>
   <div class='ocr_carea' id='block_1_24' title="bbox 1961 935 3654 1007">
    <p class='ocr_par' dir='ltr' id='par_1_24' title="bbox 1961 935 3654 1007">
     <span class='ocr_line' id='line_1_24' title="bbox 1961 935 3654 1007; baseline 0.003 -17"><span class='ocrx_word' id='word_1_146' title='bbox 1961 940 2013 1001; x_wconf 90' lang='lat'><strong>7,</strong></span> <span class='ocrx_word' id='word_1_147' title='bbox 2060 935 2264 991; x_wconf 92' lang='lat' dir='ltr'><strong>deinde</strong></span> <span class='ocrx_word' id='word_1_148' title='bbox 2313 935 2624 1006; x_wconf 84' lang='lat' dir='ltr'><strong>Gregorius</strong></span> <span class='ocrx_word' id='word_1_149' title='bbox 2680 936 2778 1000; x_wconf 90' lang='lat' dir='ltr'><strong>XI,</strong></span> <span class='ocrx_word' id='word_1_150' title='bbox 2839 937 3044 1005; x_wconf 90' lang='lat' dir='ltr'><strong>primo,</strong></span> <span class='ocrx_word' id='word_1_151' title='bbox 3101 939 3378 1007; x_wconf 89' lang='lat' dir='ltr'><strong>rescripta</strong></span> <span class='ocrx_word' id='word_1_152' title='bbox 3431 939 3654 1007; x_wconf 90' lang='lat' dir='ltr'><strong>misere,</strong></span> 
     </span>
    </p>
   </div>
   <div class='ocr_carea' id='block_1_25' title="bbox 1961 1023 3657 1094">
    <p class='ocr_par' dir='ltr' id='par_1_25' title="bbox 1961 1023 3657 1094">
     <span class='ocr_line' id='line_1_25' title="bbox 1961 1023 3657 1094; baseline 0.002 -16"><span class='ocrx_word' id='word_1_153' title='bbox 1961 1023 2179 1093; x_wconf 87' lang='lat' dir='ltr'><strong>quibus</strong></span> <span class='ocrx_word' id='word_1_154' title='bbox 2221 1023 2699 1094; x_wconf 91' lang='lat' dir='ltr'><strong>inquirendorum</strong></span> <span class='ocrx_word' id='word_1_155' title='bbox 2749 1024 3162 1080; x_wconf 90' lang='lat' dir='ltr'><strong>miraculorum</strong></span> <span class='ocrx_word' id='word_1_156' title='bbox 3193 1025 3375 1080; x_wconf 90' lang='lat' dir='ltr'><strong>Caroli</strong></span> <span class='ocrx_word' id='word_1_157' title='bbox 3427 1026 3657 1081; x_wconf 89' lang='lat' dir='ltr'><strong>Britan-</strong></span> 
     </span>
    </p>
   </div>
   <div class='ocr_carea' id='block_1_26' title="bbox 1961 1111 3656 1183">
    <p class='ocr_par' dir='ltr' id='par_1_26' title="bbox 1961 1111 3656 1183">
     <span class='ocr_line' id='line_1_26' title="bbox 1961 1111 3656 1183; baseline 0.002 -17"><span class='ocrx_word' id='word_1_158' title='bbox 1961 1113 2071 1166; x_wconf 75' lang='lat' dir='ltr'><strong>niae</strong></span> <span class='ocrx_word' id='word_1_159' title='bbox 2127 1111 2328 1177; x_wconf 92' lang='lat' dir='ltr'><strong>ducis,</strong></span> <span class='ocrx_word' id='word_1_160' title='bbox 2391 1113 2688 1181; x_wconf 88' lang='lat' dir='ltr'><strong>provincia</strong></span> <span class='ocrx_word' id='word_1_161' title='bbox 2740 1113 3144 1167; x_wconf 90' lang='lat' dir='ltr'><strong>demandatur.</strong></span> <span class='ocrx_word' id='word_1_162' title='bbox 3217 1113 3362 1183; x_wconf 83' lang='lat' dir='ltr'><strong>Lege</strong></span> <span class='ocrx_word' id='word_1_163' title='bbox 3417 1115 3656 1170; x_wconf 71' lang='lat' dir='ltr'><strong>Andreaa</strong></span> 
     </span>
    </p>
   </div>
   <div class='ocr_carea' id='block_1_27' title="bbox 1962 1199 3651 1272">
    <p class='ocr_par' dir='ltr' id='par_1_27' title="bbox 1962 1199 3651 1272">
     <span class='ocr_line' id='line_1_27' title="bbox 1962 1199 3651 1272; baseline 0.001 -18"><span class='ocrx_word' id='word_1_164' title='bbox 1962 1199 2260 1254; x_wconf 85' lang='lat' dir='ltr'><strong>Duchesne</strong></span> <span class='ocrx_word' id='word_1_165' title='bbox 2321 1199 2529 1254; x_wconf 82' lang='lat' dir='ltr'><strong>Hister.</strong></span> <span class='ocrx_word' id='word_1_166' title='bbox 2564 1199 2874 1255; x_wconf 89' lang='lat' dir='ltr'><strong>Castillion.</strong></span> <span class='ocrx_word' id='word_1_167' title='bbox 2910 1201 3004 1255; x_wconf 90' lang='lat' dir='ltr'><strong>lib.</strong></span> <span class='ocrx_word' id='word_1_168' title='bbox 3043 1215 3100 1266; x_wconf 90' lang='lat' dir='ltr'><strong>v,</strong></span> <span class='ocrx_word' id='word_1_169' title='bbox 3129 1215 3254 1270; x_wconf 89' lang='lat' dir='ltr'><strong>cap.</strong></span> <span class='ocrx_word' id='word_1_170' title='bbox 3288 1204 3336 1267; x_wconf 92' lang='lat' dir='ltr'><strong>I,</strong></span> <span class='ocrx_word' id='word_1_171' title='bbox 3372 1216 3503 1272; x_wconf 86' lang='lat' dir='ltr'><strong>pag.</strong></span> <span class='ocrx_word' id='word_1_172' title='bbox 3529 1204 3651 1268; x_wconf 93' lang='lat'><strong>228,</strong></span> 
     </span>
    </p>
   </div>
   <div class='ocr_carea' id='block_1_28' title="bbox 1961 1287 3655 1358">
    <p class='ocr_par' dir='ltr' id='par_1_28' title="bbox 1961 1287 3655 1358">
     <span class='ocr_line' id='line_1_28' title="bbox 1961 1287 3655 1358; baseline 0.001 -16"><span class='ocrx_word' id='word_1_173' title='bbox 1961 1295 2018 1342; x_wconf 90' lang='lat' dir='ltr'><strong>et</strong></span> <span class='ocrx_word' id='word_1_174' title='bbox 2048 1287 2104 1341; x_wconf 92' lang='lat' dir='ltr'><strong>in</strong></span> <span class='ocrx_word' id='word_1_175' title='bbox 2137 1287 2364 1342; x_wconf 89' lang='lat' dir='ltr'><strong>Probat.</strong></span> <span class='ocrx_word' id='word_1_176' title='bbox 2415 1301 2546 1358; x_wconf 85' lang='lat' dir='ltr'><strong>pag.</strong></span> <span class='ocrx_word' id='word_1_177' title='bbox 2584 1290 2700 1341; x_wconf 88' lang='lat' dir='ltr'><strong>I27.</strong></span> <span class='ocrx_word' id='word_1_178' title='bbox 2752 1287 3072 1344; x_wconf 87' lang='lat' dir='ltr'><strong>Gcrardum</strong></span> <span class='ocrx_word' id='word_1_179' title='bbox 3115 1297 3307 1344; x_wconf 92' lang='lat' dir='ltr'><strong>autem</strong></span> <span class='ocrx_word' id='word_1_180' title='bbox 3359 1303 3655 1358; x_wconf 89' lang='lat' dir='ltr'><strong>purpureo</strong></span> 
     </span>
    </p>
   </div>
   <div class='ocr_carea' id='block_1_29' title="bbox 1963 1374 3653 1446">
    <p class='ocr_par' dir='ltr' id='par_1_29' title="bbox 1963 1374 3653 1446">
     <span class='ocr_line' id='line_1_29' title="bbox 1963 1374 3653 1446; baseline 0.002 -16"><span class='ocrx_word' id='word_1_181' title='bbox 1963 1374 2156 1443; x_wconf 84' lang='lat' dir='ltr'><strong>galero</strong></span> <span class='ocrx_word' id='word_1_182' title='bbox 2203 1375 2479 1430; x_wconf 90' lang='lat' dir='ltr'><strong>donatum</strong></span> <span class='ocrx_word' id='word_1_183' title='bbox 2513 1382 2779 1430; x_wconf 90' lang='lat' dir='ltr'><strong>asserunt</strong></span> <span class='ocrx_word' id='word_1_184' title='bbox 2810 1389 3136 1446; x_wconf 87' lang='lat' dir='ltr'><strong>anonymus</strong></span> <span class='ocrx_word' id='word_1_185' title='bbox 3163 1384 3218 1431; x_wconf 92' lang='lat' dir='ltr'><strong>et</strong></span> <span class='ocrx_word' id='word_1_186' title='bbox 3265 1377 3569 1433; x_wconf 89' lang='lat' dir='ltr'><strong>Ciaconius</strong></span> <span class='ocrx_word' id='word_1_187' title='bbox 3597 1378 3653 1432; x_wconf 92' lang='lat' dir='ltr'><strong>in</strong></span> 
     </span>
    </p>
   </div>
   <div class='ocr_carea' id='block_1_30' title="bbox 1963 1462 3262 1532">
    <p class='ocr_par' dir='ltr' id='par_1_30' title="bbox 1963 1462 3262 1532">
     <span class='ocr_line' id='line_1_30' title="bbox 1963 1462 3262 1532; baseline -0.001 -14"><span class='ocrx_word' id='word_1_188' title='bbox 1963 1464 2100 1519; x_wconf 88' lang='lat' dir='ltr'><strong>Vitis</strong></span> <span class='ocrx_word' id='word_1_189' title='bbox 2130 1462 2480 1532; x_wconf 88' lang='lat' dir='ltr'><strong>pontificum,</strong></span> <span class='ocrx_word' id='word_1_190' title='bbox 2514 1463 2924 1532; x_wconf 89' lang='lat' dir='ltr'><strong>sepultumque</strong></span> <span class='ocrx_word' id='word_1_191' title='bbox 2953 1463 3262 1519; x_wconf 83' lang='lat' dir='ltr'><strong>Avenione.</strong></span> 
     </span>
    </p>
   </div>
   <div class='ocr_carea' id='block_1_31' title="bbox 2034 1550 3656 1617">
    <p class='ocr_par' dir='ltr' id='par_1_31' title="bbox 2034 1550 3656 1617">
     <span class='ocr_line' id='line_1_31' title="bbox 2034 1550 3656 1617; baseline 0.002 -12"><span class='ocrx_word' id='word_1_192' title='bbox 2034 1550 2298 1606; x_wconf 82' lang='lat' dir='ltr'><strong>XXXIII.</strong></span> <span class='ocrx_word' id='word_1_193' title='bbox 2333 1551 2624 1607; x_wconf 92' lang='lat' dir='ltr'><strong>Gerardus</strong></span> <span class='ocrx_word' id='word_1_194' title='bbox 2653 1553 2702 1606; x_wconf 93' lang='lat' dir='ltr'><strong>II</strong></span> <span class='ocrx_word' id='word_1_195' title='bbox 2738 1551 2940 1617; x_wconf 79' lang='lat' dir='ltr'><strong>Panle,</strong></span> <span class='ocrx_word' id='word_1_196' title='bbox 2989 1552 3077 1606; x_wconf 89' lang='lat' dir='ltr'><strong>vel</strong></span> <span class='ocrx_word' id='word_1_197' title='bbox 3107 1553 3296 1605; x_wconf 80' lang='lat' dir='ltr'><strong>Paule</strong></span> <span class='ocrx_word' id='word_1_198' title='bbox 3322 1559 3490 1608; x_wconf 92' lang='lat' dir='ltr'><strong>antea</strong></span> <span class='ocrx_word' id='word_1_199' title='bbox 3523 1553 3656 1608; x_wconf 90' lang='lat' dir='ltr'><strong>Flo-</strong></span> 
     </span>
    </p>
   </div>
   <div class='ocr_carea' id='block_1_32' title="bbox 1963 1638 3652 1705">
    <p class='ocr_par' dir='ltr' id='par_1_32' title="bbox 1963 1638 3652 1705">
     <span class='ocr_line' id='line_1_32' title="bbox 1963 1638 3652 1705; baseline 0.001 -13"><span class='ocrx_word' id='word_1_200' title='bbox 1963 1638 2234 1695; x_wconf 88' lang='lat' dir='ltr'><strong>riacensis</strong></span> <span class='ocrx_word' id='word_1_201' title='bbox 2265 1640 2454 1695; x_wconf 87' lang='lat' dir='ltr'><strong>Sancti</strong></span> <span class='ocrx_word' id='word_1_202' title='bbox 2491 1640 2773 1695; x_wconf 89' lang='lat' dir='ltr'><strong>Benedicti</strong></span> <span class='ocrx_word' id='word_1_203' title='bbox 2803 1639 3000 1705; x_wconf 89' lang='lat' dir='ltr'><strong>abbas,</strong></span> <span class='ocrx_word' id='word_1_204' title='bbox 3036 1640 3263 1694; x_wconf 90' lang='lat' dir='ltr'><strong>natione</strong></span> <span class='ocrx_word' id='word_1_205' title='bbox 3294 1639 3652 1696; x_wconf 85' lang='lat' dir='ltr'><strong>Lemovicus.</strong></span> 
     </span>
    </p>
   </div>
   <div class='ocr_carea' id='block_1_33' title="bbox 151 1701 3332 1798">
    <p class='ocr_par' dir='ltr' id='par_1_33' title="bbox 151 1701 3332 1798">
     <span class='ocr_line' id='line_1_33' title="bbox 151 1701 3332 1798; baseline 0.001 -18"><span class='ocrx_word' id='word_1_206' title='bbox 151 1701 256 1780; x_wconf 74' lang='lat' dir='ltr'><strong>riis</strong></span> <span class='ocrx_word' id='word_1_207' title='bbox 311 1725 494 1795; x_wconf 90' lang='lat' dir='ltr'><strong>Majus</strong></span> <span class='ocrx_word' id='word_1_208' title='bbox 544 1726 972 1791; x_wconf 84' lang='lat' dir='ltr'><strong>Monasterium,</strong></span> <span class='ocrx_word' id='word_1_209' title='bbox 1025 1727 1411 1797; x_wconf 84' lang='lat' dir='ltr'><strong>conjecturam</strong></span> <span class='ocrx_word' id='word_1_210' title='bbox 1477 1728 1642 1783; x_wconf 84' lang='lat' dir='ltr'><strong>infert</strong></span> <span class='ocrx_word' id='word_1_211' title='bbox 1693 1701 1851 1784; x_wconf 83' lang='lat' dir='ltr'><strong>bulla</strong></span> <span class='ocrx_word' id='word_1_212' title='bbox 1887 1701 1932 1756; x_wconf 82' lang='lat' dir='ltr'><strong>B</strong></span> <span class='ocrx_word' id='word_1_213' title='bbox 1959 1727 2233 1798; x_wconf 70' lang='lat' dir='ltr'><strong>Sepullu:</strong></span> <span class='ocrx_word' id='word_1_214' title='bbox 2259 1735 2342 1782; x_wconf 80' lang='lat' dir='ltr'><strong>est</strong></span> <span class='ocrx_word' id='word_1_215' title='bbox 2369 1729 2434 1781; x_wconf 77' lang='lat' dir='ltr'><strong>in.</strong></span> <span class='ocrx_word' id='word_1_216' title='bbox 2467 1727 2642 1782; x_wconf 81' lang='lat' dir='ltr'><strong>choro</strong></span> <span class='ocrx_word' id='word_1_217' title='bbox 2668 1726 2937 1782; x_wconf 57' lang='lat' dir='ltr'><strong>ecclesia.</strong></span> <span class='ocrx_word' id='word_1_218' title='bbox 2972 1701 3332 1796; x_wconf 61' lang='lat' dir='ltr'><strong>Anonymus.</strong></span> 
     </span>
    </p>
   </div>
   <div class='ocr_carea' id='block_1_34' title="bbox 148 1815 1846 1884">
    <p class='ocr_par' dir='ltr' id='par_1_34' title="bbox 148 1815 1846 1884">
     <span class='ocr_line' id='line_1_34' title="bbox 148 1815 1846 1884; baseline 0.001 -15"><span class='ocrx_word' id='word_1_219' title='bbox 148 1815 388 1869; x_wconf 86' lang='lat' dir='ltr'><strong>Joannis</strong></span> <span class='ocrx_word' id='word_1_220' title='bbox 443 1820 591 1868; x_wconf 72' lang='lat'><strong>593</strong></span> <span class='ocrx_word' id='word_1_221' title='bbox 636 1828 796 1884; x_wconf 59' lang='lat' dir='ltr'><strong>papm</strong></span> <span class='ocrx_word' id='word_1_222' title='bbox 843 1816 1018 1881; x_wconf 82' lang='lat' dir='ltr'><strong>XXII,</strong></span> <span class='ocrx_word' id='word_1_223' title='bbox 1072 1816 1206 1870; x_wconf 87' lang='lat' dir='ltr'><strong>data</strong></span> <span class='ocrx_word' id='word_1_224' title='bbox 1244 1819 1534 1871; x_wconf 83' lang='lat' dir='ltr'><strong>Avenionc</strong></span> <span class='ocrx_word' id='word_1_225' title='bbox 1585 1818 1741 1882; x_wconf 86' lang='lat' dir='ltr'><strong>I320,</strong></span> <span class='ocrx_word' id='word_1_226' title='bbox 1777 1817 1846 1871; x_wconf 90' lang='lat' dir='ltr'><strong>ad</strong></span> 
     </span>
    </p>
   </div>
   <div class='ocr_carea' id='block_1_35' title="bbox 149 1902 1846 1971">
    <p class='ocr_par' dir='ltr' id='par_1_35' title="bbox 149 1902 1846 1971">
     <span class='ocr_line' id='line_1_35' title="bbox 149 1902 1846 1971; baseline 0.002 -15"><span class='ocrx_word' id='word_1_227' title='bbox 149 1902 384 1958; x_wconf 89' lang='lat' dir='ltr'><strong>abbates</strong></span> <span class='ocrx_word' id='word_1_228' title='bbox 432 1903 621 1958; x_wconf 81' lang='lat' dir='ltr'><strong>Sancti</strong></span> <span class='ocrx_word' id='word_1_229' title='bbox 655 1903 923 1958; x_wconf 87' lang='lat' dir='ltr'><strong>Germani</strong></span> <span class='ocrx_word' id='word_1_230' title='bbox 974 1904 1325 1971; x_wconf 78' lang='lat' dir='ltr'><strong>Parisiensis,</strong></span> <span class='ocrx_word' id='word_1_231' title='bbox 1371 1904 1846 1960; x_wconf 87' lang='lat' dir='ltr'><strong>Vindocinensem</strong></span> 
     </span>
    </p>
   </div>
   <div class='ocr_carea' id='block_1_36' title="bbox 147 1991 1848 2061">
    <p class='ocr_par' dir='ltr' id='par_1_36' title="bbox 147 1991 1848 2061">
     <span class='ocr_line' id='line_1_36' title="bbox 147 1991 1848 2061; baseline 0.002 -17"><span class='ocrx_word' id='word_1_232' title='bbox 147 2004 218 2044; x_wconf 87' lang='lat' dir='ltr'><strong>ac</strong></span> <span class='ocrx_word' id='word_1_233' title='bbox 251 1991 784 2061; x_wconf 81' lang='lat' dir='ltr'><strong>Rothomagensem,</strong></span> <span class='ocrx_word' id='word_1_234' title='bbox 833 2006 950 2061; x_wconf 85' lang='lat' dir='ltr'><strong>qua</strong></span> <span class='ocrx_word' id='word_1_235' title='bbox 982 1991 1304 2046; x_wconf 86' lang='lat' dir='ltr'><strong>defensores</strong></span> <span class='ocrx_word' id='word_1_236' title='bbox 1333 2001 1386 2047; x_wconf 93' lang='lat' dir='ltr'><strong>et</strong></span> <span class='ocrx_word' id='word_1_237' title='bbox 1416 2002 1848 2048; x_wconf 89' lang='lat' dir='ltr'><strong>conservatores</strong></span> 
     </span>
    </p>
   </div>
   <div class='ocr_carea' id='block_1_37' title="bbox 149 2079 1846 2150">
    <p class='ocr_par' dir='ltr' id='par_1_37' title="bbox 149 2079 1846 2150">
     <span class='ocr_line' id='line_1_37' title="bbox 149 2079 1846 2150; baseline 0.002 -17"><span class='ocrx_word' id='word_1_238' title='bbox 149 2087 350 2133; x_wconf 85' lang='lat' dir='ltr'><strong>contra</strong></span> <span class='ocrx_word' id='word_1_239' title='bbox 404 2080 629 2134; x_wconf 89' lang='lat' dir='ltr'><strong>eosdem</strong></span> <span class='ocrx_word' id='word_1_240' title='bbox 700 2079 917 2134; x_wconf 89' lang='lat' dir='ltr'><strong>nobiles</strong></span> <span class='ocrx_word' id='word_1_241' title='bbox 973 2088 1027 2135; x_wconf 92' lang='lat' dir='ltr'><strong>et</strong></span> <span class='ocrx_word' id='word_1_242' title='bbox 1081 2081 1410 2150; x_wconf 85' lang='lat' dir='ltr'><strong>episcopos.</strong></span> <span class='ocrx_word' id='word_1_243' title='bbox 1485 2082 1846 2150; x_wconf 88' lang='lat' dir='ltr'><strong>prioratuum</strong></span> 
     </span>
    </p>
   </div>
   <div class='ocr_carea' id='block_1_38' title="bbox 149 2162 1864 2237">
    <p class='ocr_par' dir='ltr' id='par_1_38' title="bbox 149 2162 1864 2237">
     <span class='ocr_line' id='line_1_38' title="bbox 149 2162 1864 2237; baseline 0.002 -16"><span class='ocrx_word' id='word_1_244' title='bbox 149 2166 382 2236; x_wconf 85' lang='lat' dir='ltr'><strong>Majoris</strong></span> <span class='ocrx_word' id='word_1_245' title='bbox 432 2165 751 2221; x_wconf 81' lang='lat' dir='ltr'><strong>Monasterii</strong></span> <span class='ocrx_word' id='word_1_246' title='bbox 800 2168 1183 2235; x_wconf 78' lang='lat' dir='ltr'><strong>possessiones</strong></span> <span class='ocrx_word' id='word_1_247' title='bbox 1225 2181 1342 2235; x_wconf 88' lang='lat' dir='ltr'><strong>qua</strong></span> <span class='ocrx_word' id='word_1_248' title='bbox 1391 2168 1474 2222; x_wconf 88' lang='lat' dir='ltr'><strong>fas</strong></span> <span class='ocrx_word' id='word_1_249' title='bbox 1523 2183 1640 2237; x_wconf 87' lang='lat' dir='ltr'><strong>qua</strong></span> <span class='ocrx_word' id='word_1_250' title='bbox 1689 2162 1864 2224; x_wconf 89' lang='lat' dir='ltr'><strong>nefas</strong></span> 
     </span>
    </p>
   </div>
   <div class='ocr_carea' id='block_1_39' title="bbox 149 2255 1846 2325">
    <p class='ocr_par' dir='ltr' id='par_1_39' title="bbox 149 2255 1846 2325">
     <span class='ocr_line' id='line_1_39' title="bbox 149 2255 1846 2325; baseline 0 -15"><span class='ocrx_word' id='word_1_251' title='bbox 149 2255 579 2324; x_wconf 84' lang='lat' dir='ltr'><strong>occupantium,</strong></span> <span class='ocrx_word' id='word_1_252' title='bbox 605 2255 1035 2310; x_wconf 87' lang='lat' dir='ltr'><strong>denuntiantur.</strong></span> <span class='ocrx_word' id='word_1_253' title='bbox 1079 2278 1098 2303; x_wconf 75' lang='grc' dir='ltr'><strong>α</strong></span> <span class='ocrx_word' id='word_1_254' title='bbox 1134 2256 1240 2310; x_wconf 90' lang='lat' dir='ltr'><strong>Iste</strong></span> <span class='ocrx_word' id='word_1_255' title='bbox 1259 2257 1506 2310; x_wconf 84' lang='lat' dir='ltr'><strong>Joannes</strong></span> <span class='ocrx_word' id='word_1_256' title='bbox 1533 2256 1846 2325; x_wconf 77' lang='lat' dir='ltr'><strong>resignavn</strong></span> 
     </span>
    </p>
   </div>
   <div class='ocr_carea' id='block_1_40' title="bbox 151 2341 1846 2411">
    <p class='ocr_par' dir='ltr' id='par_1_40' title="bbox 151 2341 1846 2411">
     <span class='ocr_line' id='line_1_40' title="bbox 151 2341 1846 2411; baseline 0 -13"><span class='ocrx_word' id='word_1_257' title='bbox 151 2343 366 2398; x_wconf 90' lang='lat' dir='ltr'><strong>Simoni</strong></span> <span class='ocrx_word' id='word_1_258' title='bbox 420 2343 468 2398; x_wconf 89' lang='lat' dir='ltr'><strong>le</strong></span> <span class='ocrx_word' id='word_1_259' title='bbox 510 2343 669 2411; x_wconf 79' lang='lat' dir='ltr'><strong>Maye</strong></span> <span class='ocrx_word' id='word_1_260' title='bbox 719 2341 1034 2398; x_wconf 90' lang='lat' dir='ltr'><strong>camerario</strong></span> <span class='ocrx_word' id='word_1_261' title='bbox 1077 2358 1169 2398; x_wconf 91' lang='lat' dir='ltr'><strong>an.</strong></span> <span class='ocrx_word' id='word_1_262' title='bbox 1210 2345 1362 2409; x_wconf 91' lang='lat' dir='ltr'><strong>I330,</strong></span> <span class='ocrx_word' id='word_1_263' title='bbox 1415 2352 1467 2398; x_wconf 90' lang='lat' dir='ltr'><strong>et</strong></span> <span class='ocrx_word' id='word_1_264' title='bbox 1497 2344 1634 2398; x_wconf 92' lang='lat' dir='ltr'><strong>obiit</strong></span> <span class='ocrx_word' id='word_1_265' title='bbox 1692 2358 1846 2398; x_wconf 92' lang='lat' dir='ltr'><strong>anno</strong></span> 
     </span>
    </p>
   </div>
   <div class='ocr_carea' id='block_1_41' title="bbox 146 2431 1844 2502">
    <p class='ocr_par' dir='ltr' id='par_1_41' title="bbox 146 2431 1844 2502">
     <span class='ocr_line' id='line_1_41' title="bbox 146 2431 1844 2502; baseline 0.001 -16"><span class='ocrx_word' id='word_1_266' title='bbox 146 2431 432 2501; x_wconf 83' lang='lat' dir='ltr'><strong>sequenti,</strong></span> <span class='ocrx_word' id='word_1_267' title='bbox 483 2439 537 2486; x_wconf 90' lang='lat' dir='ltr'><strong>et</strong></span> <span class='ocrx_word' id='word_1_268' title='bbox 563 2431 653 2486; x_wconf 90' lang='lat' dir='ltr'><strong>die</strong></span> <span class='ocrx_word' id='word_1_269' title='bbox 685 2431 933 2485; x_wconf 91' lang='lat' dir='ltr'><strong>crastino</strong></span> <span class='ocrx_word' id='word_1_270' title='bbox 967 2433 1022 2485; x_wconf 92' lang='lat' dir='ltr'><strong>in</strong></span> <span class='ocrx_word' id='word_1_271' title='bbox 1071 2447 1186 2500; x_wconf 87' lang='lat' dir='ltr'><strong>quo</strong></span> <span class='ocrx_word' id='word_1_272' title='bbox 1240 2432 1575 2502; x_wconf 89' lang='lat' dir='ltr'><strong>resignavit.</strong></span> <span class='ocrx_word' id='word_1_273' title='bbox 1608 2455 1634 2480; x_wconf 80' lang='grc'><strong>››</strong></span> <span class='ocrx_word' id='word_1_274' title='bbox 1683 2432 1844 2487; x_wconf 80' lang='lat' dir='ltr'><strong>Ano-</strong></span> 
     </span>
    </p>
   </div>
   <div class='ocr_carea' id='block_1_42' title="bbox 150 2535 381 2590">
    <p class='ocr_par' dir='ltr' id='par_1_42' title="bbox 150 2535 381 2590">
     <span class='ocr_line' id='line_1_42' title="bbox 150 2535 381 2590; baseline -0.009 -15"><span class='ocrx_word' id='word_1_275' title='bbox 150 2535 381 2590; x_wconf 85' lang='lat' dir='ltr'><strong>nymus.</strong></span> 
     </span>
    </p>
   </div>
   <div class='ocr_carea' id='block_1_43' title="bbox 225 2607 1842 2678">
    <p class='ocr_par' dir='ltr' id='par_1_43' title="bbox 225 2607 1842 2678">
     <span class='ocr_line' id='line_1_43' title="bbox 225 2607 1842 2678; baseline -0.001 -15"><span class='ocrx_word' id='word_1_276' title='bbox 225 2608 406 2663; x_wconf 86' lang='lat' dir='ltr'><strong>XXX.</strong></span> <span class='ocrx_word' id='word_1_277' title='bbox 444 2629 471 2655; x_wconf 85' lang='lat'><strong>«</strong></span> <span class='ocrx_word' id='word_1_278' title='bbox 514 2607 707 2662; x_wconf 93' lang='lat' dir='ltr'><strong>Simon</strong></span> <span class='ocrx_word' id='word_1_279' title='bbox 753 2607 801 2662; x_wconf 93' lang='lat' dir='ltr'><strong>le</strong></span> <span class='ocrx_word' id='word_1_280' title='bbox 831 2609 987 2676; x_wconf 83' lang='lat' dir='ltr'><strong>Maye</strong></span> <span class='ocrx_word' id='word_1_281' title='bbox 1021 2611 1171 2662; x_wconf 86' lang='lat' dir='ltr'><strong>I33I.</strong></span> <span class='ocrx_word' id='word_1_282' title='bbox 1213 2607 1343 2662; x_wconf 87' lang='lat' dir='ltr'><strong>Fuit</strong></span> <span class='ocrx_word' id='word_1_283' title='bbox 1372 2609 1440 2662; x_wconf 90' lang='lat' dir='ltr'><strong>de</strong></span> <span class='ocrx_word' id='word_1_284' title='bbox 1487 2621 1630 2678; x_wconf 92' lang='lat' dir='ltr'><strong>pago</strong></span> <span class='ocrx_word' id='word_1_285' title='bbox 1661 2608 1842 2662; x_wconf 88' lang='lat' dir='ltr'><strong>Turo-</strong></span> 
     </span>
    </p>
   </div>
   <div class='ocr_carea' id='block_1_44' title="bbox 148 2696 1845 2765">
    <p class='ocr_par' dir='ltr' id='par_1_44' title="bbox 148 2696 1845 2765">
     <span class='ocr_line' id='line_1_44' title="bbox 148 2696 1845 2765; baseline -0.001 -14"><span class='ocrx_word' id='word_1_286' title='bbox 148 2697 312 2751; x_wconf 89' lang='lat' dir='ltr'><strong>nensi</strong></span> <span class='ocrx_word' id='word_1_287' title='bbox 361 2696 662 2758; x_wconf 88' lang='lat' dir='ltr'><strong>oriundus,</strong></span> <span class='ocrx_word' id='word_1_288' title='bbox 714 2704 768 2750; x_wconf 89' lang='lat' dir='ltr'><strong>et</strong></span> <span class='ocrx_word' id='word_1_289' title='bbox 798 2705 1179 2764; x_wconf 90' lang='lat' dir='ltr'><strong>competenter</strong></span> <span class='ocrx_word' id='word_1_290' title='bbox 1219 2696 1520 2751; x_wconf 88' lang='lat' dir='ltr'><strong>litteratus.</strong></span> <span class='ocrx_word' id='word_1_291' title='bbox 1567 2697 1634 2751; x_wconf 85' lang='lat' dir='ltr'><strong>Et</strong></span> <span class='ocrx_word' id='word_1_292' title='bbox 1665 2709 1845 2765; x_wconf 87' lang='lat' dir='ltr'><strong>quan-</strong></span> 
     </span>
    </p>
   </div>
   <div class='ocr_carea' id='block_1_45' title="bbox 146 2783 1840 2853">
    <p class='ocr_par' dir='ltr' id='par_1_45' title="bbox 146 2783 1840 2853">
     <span class='ocr_line' id='line_1_45' title="bbox 146 2783 1840 2853; baseline 0.001 -15"><span class='ocrx_word' id='word_1_293' title='bbox 146 2791 270 2838; x_wconf 88' lang='lat' dir='ltr'><strong>tum</strong></span> <span class='ocrx_word' id='word_1_294' title='bbox 323 2783 494 2838; x_wconf 85' lang='lat' dir='ltr'><strong>fuerit</strong></span> <span class='ocrx_word' id='word_1_295' title='bbox 543 2791 742 2852; x_wconf 88' lang='lat' dir='ltr'><strong>potens</strong></span> <span class='ocrx_word' id='word_1_296' title='bbox 771 2785 827 2838; x_wconf 90' lang='lat' dir='ltr'><strong>in</strong></span> <span class='ocrx_word' id='word_1_297' title='bbox 871 2799 974 2838; x_wconf 87' lang='lat' dir='ltr'><strong>suo</strong></span> <span class='ocrx_word' id='word_1_298' title='bbox 1023 2784 1320 2853; x_wconf 88' lang='lat' dir='ltr'><strong>regimine,</strong></span> <span class='ocrx_word' id='word_1_299' title='bbox 1373 2798 1547 2853; x_wconf 89' lang='lat' dir='ltr'><strong>opera</strong></span> <span class='ocrx_word' id='word_1_300' title='bbox 1594 2783 1840 2840; x_wconf 91' lang='lat' dir='ltr'><strong>testimo-</strong></span> 
     </span>
    </p>
   </div>
   <div class='ocr_carea' id='block_1_46' title="bbox 147 2872 1840 2942">
    <p class='ocr_par' dir='ltr' id='par_1_46' title="bbox 147 2872 1840 2942">
     <span class='ocr_line' id='line_1_46' title="bbox 147 2872 1840 2942; baseline -0.002 -16"><span class='ocrx_word' id='word_1_301' title='bbox 147 2873 310 2927; x_wconf 90' lang='lat' dir='ltr'><strong>nium</strong></span> <span class='ocrx_word' id='word_1_302' title='bbox 367 2872 664 2942; x_wconf 90' lang='lat' dir='ltr'><strong>perhibent</strong></span> <span class='ocrx_word' id='word_1_303' title='bbox 710 2872 954 2928; x_wconf 90' lang='lat' dir='ltr'><strong>veritati.</strong></span> <span class='ocrx_word' id='word_1_304' title='bbox 1004 2893 1031 2919; x_wconf 84' lang='lat'>»</span> <span class='ocrx_word' id='word_1_305' title='bbox 1076 2873 1446 2942; x_wconf 90' lang='lat' dir='ltr'><strong>Prosequitur</strong></span> <span class='ocrx_word' id='word_1_306' title='bbox 1496 2887 1840 2942; x_wconf 83' lang='lat' dir='ltr'><strong>anonymus.</strong></span> 
     </span>
    </p>
   </div>
   <div class='ocr_carea' id='block_1_47' title="bbox 144 2960 1843 3031">
    <p class='ocr_par' dir='ltr' id='par_1_47' title="bbox 144 2960 1843 3031">
     <span class='ocr_line' id='line_1_47' title="bbox 144 2960 1843 3031; baseline 0.001 -17"><span class='ocrx_word' id='word_1_307' title='bbox 144 2960 456 3015; x_wconf 89' lang='lat' dir='ltr'><strong>Eduardus</strong></span> <span class='ocrx_word' id='word_1_308' title='bbox 514 2962 831 3031; x_wconf 81' lang='lat' dir='ltr'><strong>Anglorum</strong></span> <span class='ocrx_word' id='word_1_309' title='bbox 901 2975 1001 3015; x_wconf 88' lang='lat' dir='ltr'><strong>rex</strong></span> <span class='ocrx_word' id='word_1_310' title='bbox 1063 2963 1191 3014; x_wconf 87' lang='lat' dir='ltr'><strong>I333</strong></span> <span class='ocrx_word' id='word_1_311' title='bbox 1262 2961 1475 3015; x_wconf 87' lang='lat' dir='ltr'><strong>Simoni</strong></span> <span class='ocrx_word' id='word_1_312' title='bbox 1536 2961 1732 3016; x_wconf 90' lang='lat' dir='ltr'><strong>scribit</strong></span> <span class='ocrx_word' id='word_1_313' title='bbox 1784 2975 1843 3016; x_wconf 93' lang='lat' dir='ltr'><strong>se</strong></span> 
     </span>
    </p>
   </div>
   <div class='ocr_carea' id='block_1_48' title="bbox 143 3048 1841 3121">
    <p class='ocr_par' dir='ltr' id='par_1_48' title="bbox 143 3048 1841 3121">
     <span class='ocr_line' id='line_1_48' title="bbox 143 3048 1841 3121; baseline 0 -17"><span class='ocrx_word' id='word_1_314' title='bbox 143 3063 344 3104; x_wconf 88' lang='lat' dir='ltr'><strong>omnes</strong></span> <span class='ocrx_word' id='word_1_315' title='bbox 378 3048 608 3119; x_wconf 86' lang='lat' dir='ltr'><strong>Majoris</strong></span> <span class='ocrx_word' id='word_1_316' title='bbox 658 3048 986 3104; x_wconf 87' lang='lat' dir='ltr'><strong>Monasterii</strong></span> <span class='ocrx_word' id='word_1_317' title='bbox 1026 3050 1397 3117; x_wconf 90' lang='lat' dir='ltr'><strong>possessiones</strong></span> <span class='ocrx_word' id='word_1_318' title='bbox 1429 3050 1482 3103; x_wconf 92' lang='lat' dir='ltr'><strong>in</strong></span> <span class='ocrx_word' id='word_1_319' title='bbox 1530 3065 1634 3104; x_wconf 93' lang='lat' dir='ltr'><strong>suo</strong></span> <span class='ocrx_word' id='word_1_320' title='bbox 1667 3063 1841 3121; x_wconf 91' lang='lat' dir='ltr'><strong>regno</strong></span> 
     </span>
    </p>
   </div>
   <div class='ocr_carea' id='block_1_49' title="bbox 142 3137 1840 3208">
    <p class='ocr_par' dir='ltr' id='par_1_49' title="bbox 142 3137 1840 3208">
     <span class='ocr_line' id='line_1_49' title="bbox 142 3137 1840 3208; baseline 0.001 -16"><span class='ocrx_word' id='word_1_321' title='bbox 142 3139 454 3192; x_wconf 82' lang='lat' dir='ltr'><strong>existentes</strong></span> <span class='ocrx_word' id='word_1_322' title='bbox 500 3137 862 3204; x_wconf 83' lang='lat' dir='ltr'><strong>confirmare,</strong></span> <span class='ocrx_word' id='word_1_323' title='bbox 916 3137 1344 3208; x_wconf 79' lang='lat' dir='ltr'><strong>instituisseque</strong></span> <span class='ocrx_word' id='word_1_324' title='bbox 1381 3137 1453 3192; x_wconf 90' lang='lat' dir='ltr'><strong>ad</strong></span> <span class='ocrx_word' id='word_1_325' title='bbox 1508 3138 1632 3193; x_wconf 88' lang='lat' dir='ltr'><strong>illas</strong></span> <span class='ocrx_word' id='word_1_326' title='bbox 1679 3146 1840 3194; x_wconf 88' lang='lat' dir='ltr'><strong>tuen-</strong></span> 
     </span>
    </p>
   </div>
   <div class='ocr_carea' id='block_1_50' title="bbox 143 3225 700 3294">
    <p class='ocr_par' dir='ltr' id='par_1_50' title="bbox 143 3225 700 3294">
     <span class='ocr_line' id='line_1_50' title="bbox 143 3225 700 3294; baseline -0.002 -14"><span class='ocrx_word' id='word_1_327' title='bbox 143 3225 250 3280; x_wconf 91' lang='lat' dir='ltr'><strong>das</strong></span> <span class='ocrx_word' id='word_1_328' title='bbox 286 3231 700 3294; x_wconf 87' lang='lat' dir='ltr'><strong>procuratores.</strong></span> 
     </span>
    </p>
   </div>
   <div class='ocr_carea' id='block_1_51' title="bbox 217 3313 1840 3384">
    <p class='ocr_par' dir='ltr' id='par_1_51' title="bbox 217 3313 1840 3384">
     <span class='ocr_line' id='line_1_51' title="bbox 217 3313 1840 3384; baseline 0.001 -16"><span class='ocrx_word' id='word_1_329' title='bbox 217 3315 284 3369; x_wconf 88' lang='lat' dir='ltr'><strong>In</strong></span> <span class='ocrx_word' id='word_1_330' title='bbox 321 3313 814 3382; x_wconf 89' lang='lat' dir='ltr'><strong>archiepiscopum</strong></span> <span class='ocrx_word' id='word_1_331' title='bbox 852 3313 1142 3384; x_wconf 88' lang='lat' dir='ltr'><strong>Burdigal.</strong></span> <span class='ocrx_word' id='word_1_332' title='bbox 1193 3313 1447 3382; x_wconf 89' lang='lat' dir='ltr'><strong>Petrum,</strong></span> <span class='ocrx_word' id='word_1_333' title='bbox 1482 3315 1634 3383; x_wconf 90' lang='lat' dir='ltr'><strong>quod</strong></span> <span class='ocrx_word' id='word_1_334' title='bbox 1673 3328 1840 3383; x_wconf 88' lang='lat' dir='ltr'><strong>pecu-</strong></span> 
     </span>
    </p>
   </div>
   <div class='ocr_carea' id='block_1_52' title="bbox 144 3402 1841 3473">
    <p class='ocr_par' dir='ltr' id='par_1_52' title="bbox 144 3402 1841 3473">
     <span class='ocr_line' id='line_1_52' title="bbox 144 3402 1841 3473; baseline 0.001 -17"><span class='ocrx_word' id='word_1_335' title='bbox 144 3402 274 3457; x_wconf 88' lang='lat' dir='ltr'><strong>nias</strong></span> <span class='ocrx_word' id='word_1_336' title='bbox 330 3402 550 3457; x_wconf 89' lang='lat' dir='ltr'><strong>insolite</strong></span> <span class='ocrx_word' id='word_1_337' title='bbox 591 3417 622 3458; x_wconf 94' lang='lat' dir='ltr'>e</span> <span class='ocrx_word' id='word_1_338' title='bbox 652 3402 845 3472; x_wconf 86' lang='lat' dir='ltr'><strong>Majori</strong></span> <span class='ocrx_word' id='word_1_339' title='bbox 904 3403 1238 3458; x_wconf 85' lang='lat' dir='ltr'><strong>Monasterio</strong></span> <span class='ocrx_word' id='word_1_340' title='bbox 1285 3403 1563 3473; x_wconf 79' lang='lat' dir='ltr'><strong>exigeret,</strong></span> <span class='ocrx_word' id='word_1_341' title='bbox 1606 3412 1841 3459; x_wconf 90' lang='lat' dir='ltr'><strong>senten-</strong></span> 
     </span>
    </p>
   </div>
   <div class='ocr_carea' id='block_1_53' title="bbox 143 3490 1842 3562">
    <p class='ocr_par' dir='ltr' id='par_1_53' title="bbox 143 3490 1842 3562">
     <span class='ocr_line' id='line_1_53' title="bbox 143 3490 1842 3562; baseline 0 -16"><span class='ocrx_word' id='word_1_342' title='bbox 143 3491 283 3546; x_wconf 90' lang='lat' dir='ltr'><strong>tiam</strong></span> <span class='ocrx_word' id='word_1_343' title='bbox 318 3491 446 3545; x_wconf 90' lang='lat' dir='ltr'><strong>tulit</strong></span> <span class='ocrx_word' id='word_1_344' title='bbox 483 3492 820 3559; x_wconf 85' lang='lat' dir='ltr'><strong>Aymericus</strong></span> <span class='ocrx_word' id='word_1_345' title='bbox 851 3491 1028 3546; x_wconf 89' lang='lat' dir='ltr'><strong>abbas</strong></span> <span class='ocrx_word' id='word_1_346' title='bbox 1069 3490 1262 3546; x_wconf 89' lang='lat' dir='ltr'><strong>Sancti</strong></span> <span class='ocrx_word' id='word_1_347' title='bbox 1291 3491 1606 3562; x_wconf 84' lang='lat' dir='ltr'><strong>Augustini</strong></span> <span class='ocrx_word' id='word_1_348' title='bbox 1638 3492 1842 3546; x_wconf 86' lang='lat' dir='ltr'><strong>Lemo-</strong></span> 
     </span>
    </p>
   </div>
   <div class='ocr_carea' id='block_1_54' title="bbox 141 3579 1842 3649">
    <p class='ocr_par' dir='ltr' id='par_1_54' title="bbox 141 3579 1842 3649">
     <span class='ocr_line' id='line_1_54' title="bbox 141 3579 1842 3649; baseline 0 -15"><span class='ocrx_word' id='word_1_349' title='bbox 141 3580 391 3634; x_wconf 86' lang='lat' dir='ltr'><strong>vicensis</strong></span> <span class='ocrx_word' id='word_1_350' title='bbox 421 3593 454 3634; x_wconf 89' lang='lat' dir='ltr'><strong>a</strong></span> <span class='ocrx_word' id='word_1_351' title='bbox 483 3580 613 3634; x_wconf 91' lang='lat' dir='ltr'><strong>sede</strong></span> <span class='ocrx_word' id='word_1_352' title='bbox 641 3579 947 3648; x_wconf 89' lang='lat' dir='ltr'><strong>apostolica</strong></span> <span class='ocrx_word' id='word_1_353' title='bbox 974 3579 1155 3648; x_wconf 88' lang='lat' dir='ltr'><strong>judex</strong></span> <span class='ocrx_word' id='word_1_354' title='bbox 1185 3579 1498 3649; x_wconf 85' lang='lat' dir='ltr'><strong>delegatus.</strong></span> <span class='ocrx_word' id='word_1_355' title='bbox 1523 3579 1648 3644; x_wconf 87' lang='lat' dir='ltr'><strong>Qua</strong></span> <span class='ocrx_word' id='word_1_356' title='bbox 1680 3579 1748 3634; x_wconf 92' lang='lat' dir='ltr'><strong>de</strong></span> <span class='ocrx_word' id='word_1_357' title='bbox 1781 3593 1842 3635; x_wconf 93' lang='lat' dir='ltr'><strong>re</strong></span> 
     </span>
    </p>
   </div>
   <div class='ocr_carea' id='block_1_55' title="bbox 143 3665 1838 3737">
    <p class='ocr_par' dir='ltr' id='par_1_55' title="bbox 143 3665 1838 3737">
     <span class='ocr_line' id='line_1_55' title="bbox 143 3665 1838 3737; baseline -0.002 -14"><span class='ocrx_word' id='word_1_358' title='bbox 143 3668 312 3724; x_wconf 89' lang='lat' dir='ltr'><strong>etiam</strong></span> <span class='ocrx_word' id='word_1_359' title='bbox 371 3669 668 3737; x_wconf 89' lang='lat' dir='ltr'><strong>episcopus</strong></span> <span class='ocrx_word' id='word_1_360' title='bbox 722 3667 1016 3723; x_wconf 85' lang='lat' dir='ltr'><strong>Trecensis</strong></span> <span class='ocrx_word' id='word_1_361' title='bbox 1081 3680 1115 3720; x_wconf 90' lang='lat' dir='ltr'><strong>a</strong></span> <span class='ocrx_word' id='word_1_362' title='bbox 1171 3665 1471 3722; x_wconf 90' lang='lat' dir='ltr'><strong>Benedicto</strong></span> <span class='ocrx_word' id='word_1_363' title='bbox 1531 3681 1680 3736; x_wconf 90' lang='lat' dir='ltr'><strong>papa</strong></span> <span class='ocrx_word' id='word_1_364' title='bbox 1738 3667 1838 3721; x_wconf 88' lang='lat' dir='ltr'><strong>XII</strong></span> 
     </span>
    </p>
   </div>
   <div class='ocr_carea' id='block_1_56' title="bbox 141 3755 1837 3827">
    <p class='ocr_par' dir='ltr' id='par_1_56' title="bbox 141 3755 1837 3827">
     <span class='ocr_line' id='line_1_56' title="bbox 141 3755 1837 3827; baseline -0.001 -16"><span class='ocrx_word' id='word_1_365' title='bbox 141 3757 488 3819; x_wconf 84' lang='lat' dir='ltr'><strong>accersitus,</strong></span> <span class='ocrx_word' id='word_1_366' title='bbox 558 3756 895 3827; x_wconf 89' lang='lat' dir='ltr'><strong>gravissime</strong></span> <span class='ocrx_word' id='word_1_367' title='bbox 977 3755 1436 3824; x_wconf 88' lang='lat' dir='ltr'><strong>reprehenditur.</strong></span> <span class='ocrx_word' id='word_1_368' title='bbox 1519 3755 1837 3824; x_wconf 88' lang='lat' dir='ltr'><strong>Quemdam</strong></span> 
     </span>
    </p>
   </div>
   <div class='ocr_carea' id='block_1_57' title="bbox 141 3843 1840 3914">
    <p class='ocr_par' dir='ltr' id='par_1_57' title="bbox 141 3843 1840 3914">
     <span class='ocr_line' id='line_1_57' title="bbox 141 3843 1840 3914; baseline -0.002 -14"><span class='ocrx_word' id='word_1_369' title='bbox 141 3845 416 3900; x_wconf 91' lang='lat' dir='ltr'><strong>clericum</strong></span> <span class='ocrx_word' id='word_1_370' title='bbox 452 3845 782 3914; x_wconf 87' lang='lat' dir='ltr'><strong>participem</strong></span> <span class='ocrx_word' id='word_1_371' title='bbox 810 3845 1031 3913; x_wconf 88' lang='lat' dir='ltr'><strong>piorum</strong></span> <span class='ocrx_word' id='word_1_372' title='bbox 1060 3858 1298 3913; x_wconf 93' lang='lat' dir='ltr'><strong>operum</strong></span> <span class='ocrx_word' id='word_1_373' title='bbox 1325 3857 1456 3912; x_wconf 71' lang='lat' dir='ltr'><strong>quae</strong></span> <span class='ocrx_word' id='word_1_374' title='bbox 1477 3856 1512 3897; x_wconf 89' lang='lat' dir='ltr'><strong>a</strong></span> <span class='ocrx_word' id='word_1_375' title='bbox 1542 3843 1840 3898; x_wconf 90' lang='lat' dir='ltr'><strong>monachis</strong></span> 
     </span>
    </p>
   </div>
   <div class='ocr_carea' id='block_1_58' title="bbox 143 3930 1840 4002">
    <p class='ocr_par' dir='ltr' id='par_1_58' title="bbox 143 3930 1840 4002">
     <span class='ocr_line' id='line_1_58' title="bbox 143 3930 1840 4002; baseline -0.001 -15"><span class='ocrx_word' id='word_1_376' title='bbox 143 3933 356 3988; x_wconf 87' lang='lat' dir='ltr'><strong>fiebant</strong></span> <span class='ocrx_word' id='word_1_377' title='bbox 386 3933 634 3988; x_wconf 88' lang='lat' dir='ltr'><strong>admittit</strong></span> <span class='ocrx_word' id='word_1_378' title='bbox 661 3933 892 4002; x_wconf 86' lang='lat' dir='ltr'><strong>Simon;</strong></span> <span class='ocrx_word' id='word_1_379' title='bbox 921 3939 1072 4001; x_wconf 91' lang='lat' dir='ltr'><strong>patet</strong></span> <span class='ocrx_word' id='word_1_380' title='bbox 1099 3946 1171 3986; x_wconf 89' lang='lat' dir='ltr'><strong>ex</strong></span> <span class='ocrx_word' id='word_1_381' title='bbox 1209 3930 1475 3997; x_wconf 86' lang='lat' dir='ltr'><strong>formula,</strong></span> <span class='ocrx_word' id='word_1_382' title='bbox 1511 3931 1612 3986; x_wconf 92' lang='lat' dir='ltr'><strong>ubi</strong></span> <span class='ocrx_word' id='word_1_383' title='bbox 1645 3931 1840 3986; x_wconf 76' lang='lat' dir='ltr'><strong>isthaec</strong></span> 
     </span>
    </p>
   </div>
   <div class='ocr_carea' id='block_1_59' title="bbox 141 4017 1840 4090">
    <p class='ocr_par' dir='ltr' id='par_1_59' title="bbox 141 4017 1840 4090">
     <span class='ocr_line' id='line_1_59' title="bbox 141 4017 1840 4090; baseline -0.002 -14"><span class='ocrx_word' id='word_1_384' title='bbox 141 4021 455 4090; x_wconf 68' lang='lat' dir='ltr'><strong>prmsertim</strong></span> <span class='ocrx_word' id='word_1_385' title='bbox 489 4021 661 4076; x_wconf 89' lang='lat' dir='ltr'><strong>verba</strong></span> <span class='ocrx_word' id='word_1_386' title='bbox 716 4021 1129 4090; x_wconf 86' lang='lat' dir='ltr'><strong>exprimuntur</strong></span> <span class='ocrx_word' id='word_1_387' title='bbox 1167 4035 1179 4074; x_wconf 94' lang='lat'>:</span> <span class='ocrx_word' id='word_1_388' title='bbox 1214 4017 1418 4086; x_wconf 64' lang='lat' dir='ltr'><strong>Misere,</strong></span> <span class='ocrx_word' id='word_1_389' title='bbox 1469 4018 1840 4088; x_wconf 70' lang='lat' dir='ltr'><strong>eleemosynae</strong></span> 
     </span>
    </p>
   </div>
   <div class='ocr_carea' id='block_1_60' title="bbox 141 4109 558 4180">
    <p class='ocr_par' dir='ltr' id='par_1_60' title="bbox 141 4109 558 4180">
     <span class='ocr_line' id='line_1_60' title="bbox 141 4109 558 4180; baseline -0.005 -16"><span class='ocrx_word' id='word_1_390' title='bbox 141 4113 198 4164; x_wconf 83' lang='lat' dir='ltr'><strong>et</strong></span> <span class='ocrx_word' id='word_1_391' title='bbox 221 4109 558 4180; x_wconf 68' lang='lat' dir='ltr'><strong>disciplinae.</strong></span> 
     </span>
    </p>
   </div>
   <div class='ocr_carea' id='block_1_61' title="bbox 213 4197 1838 4267">
    <p class='ocr_par' dir='ltr' id='par_1_61' title="bbox 213 4197 1838 4267">
     <span class='ocr_line' id='line_1_61' title="bbox 213 4197 1838 4267; baseline -0.001 -14"><span class='ocrx_word' id='word_1_392' title='bbox 213 4199 463 4254; x_wconf 86' lang='lat' dir='ltr'><strong>Tandem</strong></span> <span class='ocrx_word' id='word_1_393' title='bbox 497 4198 690 4254; x_wconf 91' lang='lat' dir='ltr'><strong>Simon</strong></span> <span class='ocrx_word' id='word_1_394' title='bbox 723 4199 837 4266; x_wconf 90' lang='lat' dir='ltr'><strong>ipse</strong></span> <span class='ocrx_word' id='word_1_395' title='bbox 867 4197 924 4252; x_wconf 93' lang='lat' dir='ltr'><strong>in</strong></span> <span class='ocrx_word' id='word_1_396' title='bbox 957 4197 1288 4267; x_wconf 89' lang='lat' dir='ltr'><strong>episcopum</strong></span> <span class='ocrx_word' id='word_1_397' title='bbox 1319 4197 1721 4253; x_wconf 87' lang='lat' dir='ltr'><strong>Carnotensem</strong></span> <span class='ocrx_word' id='word_1_398' title='bbox 1755 4205 1838 4253; x_wconf 92' lang='lat' dir='ltr'><strong>est</strong></span> 
     </span>
    </p>
   </div>
   <div class='ocr_carea' id='block_1_62' title="bbox 143 4295 1000 4356">
    <p class='ocr_par' dir='ltr' id='par_1_62' title="bbox 143 4295 1000 4356">
     <span class='ocr_line' id='line_1_62' title="bbox 143 4295 1000 4356; baseline -0.005 -14"><span class='ocrx_word' id='word_1_399' title='bbox 143 4296 492 4356; x_wconf 86' lang='lat' dir='ltr'><strong>assumptus.</strong></span> <span class='ocrx_word' id='word_1_400' title='bbox 531 4295 666 4342; x_wconf 90' lang='lat' dir='ltr'><strong>teste</strong></span> <span class='ocrx_word' id='word_1_401' title='bbox 691 4300 1000 4355; x_wconf 81' lang='lat' dir='ltr'><strong>anonymo.</strong></span> 
     </span>
    </p>
   </div>
   <div class='ocr_carea' id='block_1_63' title="bbox 216 4373 1832 4444">
    <p class='ocr_par' dir='ltr' id='par_1_63' title="bbox 216 4373 1832 4444">
     <span class='ocr_line' id='line_1_63' title="bbox 216 4373 1832 4444; baseline -0.001 -14"><span class='ocrx_word' id='word_1_402' title='bbox 216 4377 404 4430; x_wconf 85' lang='lat' dir='ltr'><strong>XXXI.</strong></span> <span class='ocrx_word' id='word_1_403' title='bbox 457 4376 657 4431; x_wconf 93' lang='lat' dir='ltr'><strong>Petrus</strong></span> <span class='ocrx_word' id='word_1_404' title='bbox 685 4375 753 4430; x_wconf 92' lang='lat' dir='ltr'><strong>de</strong></span> <span class='ocrx_word' id='word_1_405' title='bbox 787 4375 960 4430; x_wconf 82' lang='lat' dir='ltr'><strong>Pedio</strong></span> <span class='ocrx_word' id='word_1_406' title='bbox 1016 4373 1277 4444; x_wconf 79' lang='lat' dir='ltr'><strong>(Dupuy)</strong></span> <span class='ocrx_word' id='word_1_407' title='bbox 1334 4375 1665 4432; x_wconf 91' lang='lat' dir='ltr'><strong>Lemovicus</strong></span> <span class='ocrx_word' id='word_1_408' title='bbox 1700 4377 1832 4429; x_wconf 85' lang='lat' dir='ltr'><strong>I357</strong></span> 
     </span>
    </p>
   </div>
   <div class='ocr_carea' id='block_1_64' title="bbox 142 4462 1834 4532">
    <p class='ocr_par' dir='ltr' id='par_1_64' title="bbox 142 4462 1834 4532">
     <span class='ocr_line' id='line_1_64' title="bbox 142 4462 1834 4532; baseline -0.002 -12"><span class='ocrx_word' id='word_1_409' title='bbox 142 4477 214 4520; x_wconf 88' lang='lat' dir='ltr'><strong>ex</strong></span> <span class='ocrx_word' id='word_1_410' title='bbox 242 4465 448 4520; x_wconf 89' lang='lat' dir='ltr'><strong>abbate</strong></span> <span class='ocrx_word' id='word_1_411' title='bbox 487 4463 542 4518; x_wconf 91' lang='lat' dir='ltr'><strong>S.</strong></span> <span class='ocrx_word' id='word_1_412' title='bbox 575 4463 841 4518; x_wconf 83' lang='lat' dir='ltr'><strong>Florentii</strong></span> <span class='ocrx_word' id='word_1_413' title='bbox 888 4462 1312 4527; x_wconf 88' lang='lat' dir='ltr'><strong>Salmuriensis,</strong></span> <span class='ocrx_word' id='word_1_414' title='bbox 1346 4463 1834 4532; x_wconf 87' lang='lat' dir='ltr'><strong>quemadmodum</strong></span> 
     </span>
    </p>
   </div>
   <div class='ocr_carea' id='block_1_65' title="bbox 143 4551 1836 4622">
    <p class='ocr_par' dir='ltr' id='par_1_65' title="bbox 143 4551 1836 4622">
     <span class='ocr_line' id='line_1_65' title="bbox 143 4551 1836 4622; baseline -0.001 -15"><span class='ocrx_word' id='word_1_415' title='bbox 143 4553 410 4622; x_wconf 87' lang='lat' dir='ltr'><strong>indigitat</strong></span> <span class='ocrx_word' id='word_1_416' title='bbox 442 4553 676 4622; x_wconf 87' lang='lat' dir='ltr'><strong>ipsemet</strong></span> <span class='ocrx_word' id='word_1_417' title='bbox 709 4552 765 4606; x_wconf 92' lang='lat' dir='ltr'><strong>in</strong></span> <span class='ocrx_word' id='word_1_418' title='bbox 803 4551 1000 4607; x_wconf 91' lang='lat' dir='ltr'><strong>tabula</strong></span> <span class='ocrx_word' id='word_1_419' title='bbox 1031 4564 1185 4606; x_wconf 92' lang='lat' dir='ltr'><strong>anno</strong></span> <span class='ocrx_word' id='word_1_420' title='bbox 1216 4553 1346 4604; x_wconf 78' lang='lat' dir='ltr'><strong>I357</strong></span> <span class='ocrx_word' id='word_1_421' title='bbox 1379 4560 1636 4606; x_wconf 84' lang='lat' dir='ltr'><strong>exarata.</strong></span> <span class='ocrx_word' id='word_1_422' title='bbox 1685 4551 1836 4607; x_wconf 90' lang='lat' dir='ltr'><strong>Obiit</strong></span> 
     </span>
    </p>
   </div>
   <div class='ocr_carea' id='block_1_66' title="bbox 141 4639 1834 4709">
    <p class='ocr_par' dir='ltr' id='par_1_66' title="bbox 141 4639 1834 4709">
     <span class='ocr_line' id='line_1_66' title="bbox 141 4639 1834 4709; baseline -0.002 -12"><span class='ocrx_word' id='word_1_423' title='bbox 141 4656 279 4697; x_wconf 89' lang='lat' dir='ltr'><strong>ann.</strong></span> <span class='ocrx_word' id='word_1_424' title='bbox 318 4643 471 4708; x_wconf 72' lang='lat' dir='ltr'><strong>I364,</strong></span> <span class='ocrx_word' id='word_1_425' title='bbox 518 4641 610 4696; x_wconf 92' lang='lat' dir='ltr'><strong>die</strong></span> <span class='ocrx_word' id='word_1_426' title='bbox 638 4640 819 4696; x_wconf 89' lang='lat' dir='ltr'><strong>sancti</strong></span> <span class='ocrx_word' id='word_1_427' title='bbox 867 4639 1008 4695; x_wconf 81' lang='lat' dir='ltr'><strong>Sixti</strong></span> <span class='ocrx_word' id='word_1_428' title='bbox 1041 4653 1202 4709; x_wconf 64' lang='lat' dir='ltr'><strong>papae</strong></span> <span class='ocrx_word' id='word_1_429' title='bbox 1231 4639 1492 4708; x_wconf 88' lang='lat' dir='ltr'><strong>sepultus</strong></span> <span class='ocrx_word' id='word_1_430' title='bbox 1540 4639 1598 4694; x_wconf 92' lang='lat' dir='ltr'><strong>in</strong></span> <span class='ocrx_word' id='word_1_431' title='bbox 1630 4639 1834 4696; x_wconf 93' lang='lat' dir='ltr'><strong>sacello</strong></span> 
     </span>
    </p>
   </div>
   <div class='ocr_carea' id='block_1_67' title="bbox 140 4729 1071 4799">
    <p class='ocr_par' dir='ltr' id='par_1_67' title="bbox 140 4729 1071 4799">
     <span class='ocr_line' id='line_1_67' title="bbox 140 4729 1071 4799; baseline -0.005 -13"><span class='ocrx_word' id='word_1_432' title='bbox 140 4730 194 4786; x_wconf 95' lang='lat' dir='ltr'><strong>S.</strong></span> <span class='ocrx_word' id='word_1_433' title='bbox 235 4729 497 4786; x_wconf 85' lang='lat' dir='ltr'><strong>Florentii</strong></span> <span class='ocrx_word' id='word_1_434' title='bbox 530 4729 683 4799; x_wconf 90' lang='lat' dir='ltr'><strong>quod</strong></span> <span class='ocrx_word' id='word_1_435' title='bbox 717 4729 1071 4784; x_wconf 90' lang='lat' dir='ltr'><strong>condiderat.</strong></span> 
     </span>
    </p>
   </div>
   <div class='ocr_carea' id='block_1_68' title="bbox 213 4815 1836 4886">
    <p class='ocr_par' dir='ltr' id='par_1_68' title="bbox 213 4815 1836 4886">
     <span class='ocr_line' id='line_1_68' title="bbox 213 4815 1836 4886; baseline -0.003 -12"><span class='ocrx_word' id='word_1_436' title='bbox 213 4818 448 4874; x_wconf 87' lang='lat' dir='ltr'><strong>XXXII.</strong></span> <span class='ocrx_word' id='word_1_437' title='bbox 499 4848 567 4857; x_wconf 98' lang='lat'><strong>—</strong></span> <span class='ocrx_word' id='word_1_438' title='bbox 611 4816 900 4873; x_wconf 83' lang='lat' dir='ltr'><strong>Gerardus</strong></span> <span class='ocrx_word' id='word_1_439' title='bbox 945 4817 1013 4871; x_wconf 83' lang='lat' dir='ltr'><strong>de</strong></span> <span class='ocrx_word' id='word_1_440' title='bbox 1062 4815 1269 4878; x_wconf 87' lang='lat' dir='ltr'><strong>Podio,</strong></span> <span class='ocrx_word' id='word_1_441' title='bbox 1327 4815 1471 4870; x_wconf 91' lang='lat' dir='ltr'><strong>Petri</strong></span> <span class='ocrx_word' id='word_1_442' title='bbox 1524 4828 1836 4886; x_wconf 89' lang='lat' dir='ltr'><strong>germanus</strong></span> 
     </span>
    </p>
   </div>
   <div class='ocr_carea' id='block_1_69' title="bbox 142 4903 1837 4975">
    <p class='ocr_par' dir='ltr' id='par_1_69' title="bbox 142 4903 1837 4975">
     <span class='ocr_line' id='line_1_69' title="bbox 142 4903 1837 4975; baseline -0.002 -14"><span class='ocrx_word' id='word_1_443' title='bbox 142 4908 300 4962; x_wconf 75' lang='grc'>1334.</span> <span class='ocrx_word' id='word_1_444' title='bbox 330 4906 475 4962; x_wconf 89' lang='lat' dir='ltr'><strong>Cum</strong></span> <span class='ocrx_word' id='word_1_445' title='bbox 507 4907 653 4962; x_wconf 90' lang='lat' dir='ltr'><strong>duos</strong></span> <span class='ocrx_word' id='word_1_446' title='bbox 679 4919 1005 4974; x_wconf 86' lang='lat' dir='ltr'><strong>anonymus</strong></span> <span class='ocrx_word' id='word_1_447' title='bbox 1037 4904 1290 4975; x_wconf 91' lang='lat' dir='ltr'><strong>ejusdem</strong></span> <span class='ocrx_word' id='word_1_448' title='bbox 1326 4903 1573 4960; x_wconf 90' lang='lat' dir='ltr'><strong>nominis</strong></span> <span class='ocrx_word' id='word_1_449' title='bbox 1602 4904 1837 4960; x_wconf 87' lang='lat' dir='ltr'><strong>abbates</strong></span> 
     </span>
    </p>
   </div>
   <div class='ocr_carea' id='block_1_70' title="bbox 138 4991 1833 5066">
    <p class='ocr_par' dir='ltr' id='par_1_70' title="bbox 138 4991 1833 5066">
     <span class='ocr_line' id='line_1_70' title="bbox 138 4991 1833 5066; baseline -0.002 -15"><span class='ocrx_word' id='word_1_450' title='bbox 138 4996 403 5066; x_wconf 80' lang='lat' dir='ltr'><strong>proxime</strong></span> <span class='ocrx_word' id='word_1_451' title='bbox 443 4995 882 5064; x_wconf 89' lang='lat' dir='ltr'><strong>subsequentes,</strong></span> <span class='ocrx_word' id='word_1_452' title='bbox 932 5003 1107 5064; x_wconf 91' lang='lat' dir='ltr'><strong>atque</strong></span> <span class='ocrx_word' id='word_1_453' title='bbox 1140 4993 1196 5047; x_wconf 91' lang='lat' dir='ltr'><strong>in</strong></span> <span class='ocrx_word' id='word_1_454' title='bbox 1229 4993 1444 5048; x_wconf 89' lang='lat' dir='ltr'><strong>chartis</strong></span> <span class='ocrx_word' id='word_1_455' title='bbox 1477 4991 1656 5049; x_wconf 87' lang='lat' dir='ltr'><strong>ferme</strong></span> <span class='ocrx_word' id='word_1_456' title='bbox 1689 5007 1833 5048; x_wconf 87' lang='lat' dir='ltr'><strong>sem-</strong></span> 
     </span>
    </p>
   </div>
   <div class='ocr_carea' id='block_1_71' title="bbox 139 5079 1836 5154">
    <p class='ocr_par' dir='ltr' id='par_1_71' title="bbox 139 5079 1836 5154">
     <span class='ocr_line' id='line_1_71' title="bbox 139 5079 1836 5154; baseline -0.004 -15"><span class='ocrx_word' id='word_1_457' title='bbox 139 5098 242 5154; x_wconf 90' lang='lat' dir='ltr'><strong>per</strong></span> <span class='ocrx_word' id='word_1_458' title='bbox 293 5097 609 5153; x_wconf 87' lang='lat' dir='ltr'><strong>cognomen</strong></span> <span class='ocrx_word' id='word_1_459' title='bbox 660 5083 1035 5148; x_wconf 88' lang='lat' dir='ltr'><strong>subticeatur,</strong></span> <span class='ocrx_word' id='word_1_460' title='bbox 1088 5096 1200 5137; x_wconf 91' lang='lat' dir='ltr'><strong>non</strong></span> <span class='ocrx_word' id='word_1_461' title='bbox 1232 5081 1380 5136; x_wconf 89' lang='lat' dir='ltr'><strong>facili</strong></span> <span class='ocrx_word' id='word_1_462' title='bbox 1429 5082 1654 5152; x_wconf 88' lang='lat' dir='ltr'><strong>negotio</strong></span> <span class='ocrx_word' id='word_1_463' title='bbox 1699 5079 1836 5136; x_wconf 88' lang='lat' dir='ltr'><strong>anni</strong></span> 
     </span>
    </p>
   </div>
   <div class='ocr_carea' id='block_1_72' title="bbox 137 5168 1837 5240">
    <p class='ocr_par' dir='ltr' id='par_1_72' title="bbox 137 5168 1837 5240">
     <span class='ocr_line' id='line_1_72' title="bbox 137 5168 1837 5240; baseline 0 -16"><span class='ocrx_word' id='word_1_464' title='bbox 137 5170 457 5240; x_wconf 89' lang='lat' dir='ltr'><strong>regiminis,</strong></span> <span class='ocrx_word' id='word_1_465' title='bbox 520 5171 592 5226; x_wconf 93' lang='lat' dir='ltr'><strong>ab</strong></span> <span class='ocrx_word' id='word_1_466' title='bbox 642 5170 877 5226; x_wconf 88' lang='lat' dir='ltr'><strong>Gerardi</strong></span> <span class='ocrx_word' id='word_1_467' title='bbox 952 5170 1358 5239; x_wconf 89' lang='lat' dir='ltr'><strong>subsequentis</strong></span> <span class='ocrx_word' id='word_1_468' title='bbox 1420 5177 1656 5239; x_wconf 90' lang='lat' dir='ltr'><strong>possunt</strong></span> <span class='ocrx_word' id='word_1_469' title='bbox 1723 5168 1837 5224; x_wconf 89' lang='lat' dir='ltr'><strong>dis-</strong></span> 
     </span>
    </p>
   </div>
   <div class='ocr_carea' id='block_1_73' title="bbox 139 5256 1834 5329">
    <p class='ocr_par' dir='ltr' id='par_1_73' title="bbox 139 5256 1834 5329">
     <span class='ocr_line' id='line_1_73' title="bbox 139 5256 1834 5329; baseline -0.002 -15"><span class='ocrx_word' id='word_1_470' title='bbox 139 5259 328 5329; x_wconf 88' lang='lat' dir='ltr'><strong>cerni;</strong></span> <span class='ocrx_word' id='word_1_471' title='bbox 365 5273 432 5314; x_wconf 91' lang='lat' dir='ltr'><strong>ac</strong></span> <span class='ocrx_word' id='word_1_472' title='bbox 462 5258 698 5328; x_wconf 90' lang='lat' dir='ltr'><strong>proinde</strong></span> <span class='ocrx_word' id='word_1_473' title='bbox 725 5273 873 5328; x_wconf 73' lang='lat' dir='ltr'><strong>szepe</strong></span> <span class='ocrx_word' id='word_1_474' title='bbox 905 5258 1018 5313; x_wconf 86' lang='lat' dir='ltr'><strong>fato</strong></span> <span class='ocrx_word' id='word_1_475' title='bbox 1058 5272 1346 5328; x_wconf 86' lang='lat' dir='ltr'><strong>anonymo</strong></span> <span class='ocrx_word' id='word_1_476' title='bbox 1381 5259 1518 5314; x_wconf 80' lang='lat' dir='ltr'><strong>fides</strong></span> <span class='ocrx_word' id='word_1_477' title='bbox 1555 5266 1639 5314; x_wconf 91' lang='lat' dir='ltr'><strong>est</strong></span> <span class='ocrx_word' id='word_1_478' title='bbox 1669 5256 1834 5312; x_wconf 88' lang='lat' dir='ltr'><strong>adhi-</strong></span> 
     </span>
    </p>
   </div>
   <div class='ocr_carea' id='block_1_74' title="bbox 142 5347 351 5402">
    <p class='ocr_par' dir='ltr' id='par_1_74' title="bbox 142 5347 351 5402">
     <span class='ocr_line' id='line_1_74' title="bbox 142 5347 351 5402; baseline -0.01 0"><span class='ocrx_word' id='word_1_479' title='bbox 142 5347 351 5402; x_wconf 89' lang='lat' dir='ltr'><strong>benda.</strong></span> 
     </span>
    </p>
   </div>
   <div class='ocr_carea' id='block_1_75' title="bbox 215 5435 1834 5505">
    <p class='ocr_par' dir='ltr' id='par_1_75' title="bbox 215 5435 1834 5505">
     <span class='ocr_line' id='line_1_75' title="bbox 215 5435 1834 5505; baseline 0.001 -15"><span class='ocrx_word' id='word_1_480' title='bbox 215 5436 375 5498; x_wconf 90' lang='lat' dir='ltr'><strong>Quod</strong></span> <span class='ocrx_word' id='word_1_481' title='bbox 434 5450 768 5505; x_wconf 86' lang='lat' dir='ltr'><strong>propensam</strong></span> <span class='ocrx_word' id='word_1_482' title='bbox 836 5450 978 5504; x_wconf 87' lang='lat' dir='ltr'><strong>erga</strong></span> <span class='ocrx_word' id='word_1_483' title='bbox 1032 5436 1211 5504; x_wconf 80' lang='lat' dir='ltr'><strong>Majus</strong></span> <span class='ocrx_word' id='word_1_484' title='bbox 1263 5435 1664 5490; x_wconf 90' lang='lat' dir='ltr'><strong>Monasterium</strong></span> <span class='ocrx_word' id='word_1_485' title='bbox 1733 5450 1834 5492; x_wconf 85' lang='lat' dir='ltr'><strong>rex</strong></span> 
     </span>
    </p>
   </div>
   <div class='ocr_carea' id='block_1_76' title="bbox 141 5522 1835 5588">
    <p class='ocr_par' dir='ltr' id='par_1_76' title="bbox 141 5522 1835 5588">
     <span class='ocr_line' id='line_1_76' title="bbox 141 5522 1835 5588; baseline -0.002 -7"><span class='ocrx_word' id='word_1_486' title='bbox 141 5522 381 5581; x_wconf 80' lang='lat' dir='ltr'><strong>Carolus</strong></span> <span class='ocrx_word' id='word_1_487' title='bbox 413 5524 457 5580; x_wconf 88' lang='lat' dir='ltr'><strong>V</strong></span> <span class='ocrx_word' id='word_1_488' title='bbox 501 5525 767 5581; x_wconf 88' lang='lat' dir='ltr'><strong>habuerit</strong></span> <span class='ocrx_word' id='word_1_489' title='bbox 814 5522 1186 5588; x_wconf 79' lang='lat' dir='ltr'><strong>voluntatem,</strong></span> <span class='ocrx_word' id='word_1_490' title='bbox 1237 5536 1388 5577; x_wconf 91' lang='lat' dir='ltr'><strong>anno</strong></span> <span class='ocrx_word' id='word_1_491' title='bbox 1424 5523 1646 5578; x_wconf 92' lang='lat' dir='ltr'><strong>Domini</strong></span> <span class='ocrx_word' id='word_1_492' title='bbox 1705 5527 1835 5579; x_wconf 91' lang='lat' dir='ltr'><strong>I370</strong></span> 
     </span>
    </p>
   </div>
   <div class='ocr_carea' id='block_1_77' title="bbox 2028 1815 3654 1886">
    <p class='ocr_par' dir='ltr' id='par_1_77' title="bbox 2028 1815 3654 1886">
     <span class='ocr_line' id='line_1_77' title="bbox 2028 1815 3654 1886; baseline -0.001 -14"><span class='ocrx_word' id='word_1_493' title='bbox 2028 1816 2293 1873; x_wconf 91' lang='lat' dir='ltr'><strong>XXXIV.</strong></span> <span class='ocrx_word' id='word_1_494' title='bbox 2332 1817 2520 1872; x_wconf 87' lang='lat' dir='ltr'><strong>Helias</strong></span> <span class='ocrx_word' id='word_1_495' title='bbox 2562 1816 2621 1870; x_wconf 90' lang='lat' dir='ltr'><strong>in</strong></span> <span class='ocrx_word' id='word_1_496' title='bbox 2669 1815 3061 1886; x_wconf 89' lang='lat' dir='ltr'><strong>Petragorensi</strong></span> <span class='ocrx_word' id='word_1_497' title='bbox 3111 1815 3396 1871; x_wconf 90' lang='lat' dir='ltr'><strong>territorio</strong></span> <span class='ocrx_word' id='word_1_498' title='bbox 3446 1815 3654 1872; x_wconf 91' lang='lat' dir='ltr'><strong>humili</strong></span> 
     </span>
    </p>
   </div>
   <div class='ocr_carea' id='block_1_78' title="bbox 1957 1903 3656 1975">
    <p class='ocr_par' dir='ltr' id='par_1_78' title="bbox 1957 1903 3656 1975">
     <span class='ocr_line' id='line_1_78' title="bbox 1957 1903 3656 1975; baseline -0.001 -15"><span class='ocrx_word' id='word_1_499' title='bbox 1957 1904 2078 1960; x_wconf 91' lang='lat' dir='ltr'><strong>loco</strong></span> <span class='ocrx_word' id='word_1_500' title='bbox 2122 1912 2334 1960; x_wconf 92' lang='lat' dir='ltr'><strong>natus:</strong></span> <span class='ocrx_word' id='word_1_501' title='bbox 2367 1905 2619 1974; x_wconf 89' lang='lat' dir='ltr'><strong>primum</strong></span> <span class='ocrx_word' id='word_1_502' title='bbox 2671 1903 2763 1960; x_wconf 93' lang='lat' dir='ltr'><strong>SS.</strong></span> <span class='ocrx_word' id='word_1_503' title='bbox 2809 1903 2992 1974; x_wconf 89' lang='lat' dir='ltr'><strong>Sergii</strong></span> <span class='ocrx_word' id='word_1_504' title='bbox 3039 1911 3096 1960; x_wconf 90' lang='lat' dir='ltr'><strong>et</strong></span> <span class='ocrx_word' id='word_1_505' title='bbox 3144 1904 3350 1959; x_wconf 89' lang='lat' dir='ltr'><strong>Bacchi</strong></span> <span class='ocrx_word' id='word_1_506' title='bbox 3392 1904 3656 1975; x_wconf 80' lang='lat' dir='ltr'><strong>Andega-</strong></span> 
     </span>
    </p>
   </div>
   <div class='ocr_carea' id='block_1_79' title="bbox 1955 1990 3651 2062">
    <p class='ocr_par' dir='ltr' id='par_1_79' title="bbox 1955 1990 3651 2062">
     <span class='ocr_line' id='line_1_79' title="bbox 1955 1990 3651 2062; baseline -0.001 -15"><span class='ocrx_word' id='word_1_507' title='bbox 1955 1992 2166 2059; x_wconf 90' lang='lat' dir='ltr'><strong>vensis,</strong></span> <span class='ocrx_word' id='word_1_508' title='bbox 2229 1992 2434 2048; x_wconf 85' lang='lat' dir='ltr'><strong>deinde</strong></span> <span class='ocrx_word' id='word_1_509' title='bbox 2487 1991 2900 2062; x_wconf 87' lang='lat' dir='ltr'><strong>permutatione</strong></span> <span class='ocrx_word' id='word_1_510' title='bbox 2955 1990 3128 2059; x_wconf 86' lang='lat' dir='ltr'><strong>facta,</strong></span> <span class='ocrx_word' id='word_1_511' title='bbox 3176 1991 3404 2061; x_wconf 84' lang='lat' dir='ltr'><strong>Majoris</strong></span> <span class='ocrx_word' id='word_1_512' title='bbox 3463 1992 3651 2047; x_wconf 87' lang='lat' dir='ltr'><strong>Mona-</strong></span> 
     </span>
    </p>
   </div>
   <div class='ocr_carea' id='block_1_80' title="bbox 1956 2079 3650 2136">
    <p class='ocr_par' dir='ltr' id='par_1_80' title="bbox 1956 2079 3650 2136">
     <span class='ocr_line' id='line_1_80' title="bbox 1956 2079 3650 2136; baseline 0 -1"><span class='ocrx_word' id='word_1_513' title='bbox 1956 2081 2111 2136; x_wconf 91' lang='lat' dir='ltr'><strong>sterii</strong></span> <span class='ocrx_word' id='word_1_514' title='bbox 2169 2080 2348 2136; x_wconf 89' lang='lat' dir='ltr'><strong>abbas</strong></span> <span class='ocrx_word' id='word_1_515' title='bbox 2405 2094 2500 2135; x_wconf 93' lang='lat' dir='ltr'><strong>an.</strong></span> <span class='ocrx_word' id='word_1_516' title='bbox 2555 2083 2710 2136; x_wconf 90' lang='lat' dir='ltr'><strong>I389.</strong></span> <span class='ocrx_word' id='word_1_517' title='bbox 2772 2081 2880 2136; x_wconf 86' lang='lat' dir='ltr'><strong>Res</strong></span> <span class='ocrx_word' id='word_1_518' title='bbox 2929 2079 3260 2135; x_wconf 91' lang='lat' dir='ltr'><strong>monasterii</strong></span> <span class='ocrx_word' id='word_1_519' title='bbox 3315 2093 3430 2134; x_wconf 92' lang='lat' dir='ltr'><strong>non</strong></span> <span class='ocrx_word' id='word_1_520' title='bbox 3481 2079 3650 2135; x_wconf 91' lang='lat' dir='ltr'><strong>modo</strong></span> 
     </span>
    </p>
   </div>
   <div class='ocr_carea' id='block_1_81' title="bbox 1956 2167 3645 2238">
    <p class='ocr_par' dir='ltr' id='par_1_81' title="bbox 1956 2167 3645 2238">
     <span class='ocr_line' id='line_1_81' title="bbox 1956 2167 3645 2238; baseline 0 -15"><span class='ocrx_word' id='word_1_521' title='bbox 1956 2168 2315 2237; x_wconf 88' lang='lat' dir='ltr'><strong>dilapidavit,</strong></span> <span class='ocrx_word' id='word_1_522' title='bbox 2377 2168 2475 2224; x_wconf 90' lang='lat' dir='ltr'><strong>sed</strong></span> <span class='ocrx_word' id='word_1_523' title='bbox 2540 2168 2912 2224; x_wconf 90' lang='lat' dir='ltr'><strong>monasticam</strong></span> <span class='ocrx_word' id='word_1_524' title='bbox 2983 2182 3218 2237; x_wconf 90' lang='lat' dir='ltr'><strong>quoque</strong></span> <span class='ocrx_word' id='word_1_525' title='bbox 3283 2167 3645 2238; x_wconf 90' lang='lat' dir='ltr'><strong>disciplinam</strong></span> 
     </span>
    </p>
   </div>
   <div class='ocr_carea' id='block_1_82' title="bbox 1956 2255 3650 2326">
    <p class='ocr_par' dir='ltr' id='par_1_82' title="bbox 1956 2255 3650 2326">
     <span class='ocr_line' id='line_1_82' title="bbox 1956 2255 3650 2326; baseline -0.001 -15"><span class='ocrx_word' id='word_1_526' title='bbox 1956 2256 2272 2326; x_wconf 91' lang='lat' dir='ltr'><strong>pessumire</strong></span> <span class='ocrx_word' id='word_1_527' title='bbox 2314 2255 2617 2312; x_wconf 90' lang='lat' dir='ltr'><strong>consensit.</strong></span> <span class='ocrx_word' id='word_1_528' title='bbox 2653 2255 2930 2311; x_wconf 88' lang='lat' dir='ltr'><strong>Nonnulli</strong></span> <span class='ocrx_word' id='word_1_529' title='bbox 2961 2255 3066 2311; x_wconf 92' lang='lat' dir='ltr'><strong>hoc</strong></span> <span class='ocrx_word' id='word_1_530' title='bbox 3110 2264 3359 2324; x_wconf 91' lang='lat' dir='ltr'><strong>tempore</strong></span> <span class='ocrx_word' id='word_1_531' title='bbox 3387 2270 3418 2311; x_wconf 91' lang='lat' dir='ltr'><strong>e</strong></span> <span class='ocrx_word' id='word_1_532' title='bbox 3451 2269 3650 2310; x_wconf 90' lang='lat' dir='ltr'><strong>mona-</strong></span> 
     </span>
    </p>
   </div>
   <div class='ocr_carea' id='block_1_83' title="bbox 1954 2343 3648 2416">
    <p class='ocr_par' dir='ltr' id='par_1_83' title="bbox 1954 2343 3648 2416">
     <span class='ocr_line' id='line_1_83' title="bbox 1954 2343 3648 2416; baseline -0.002 -16"><span class='ocrx_word' id='word_1_533' title='bbox 1954 2346 2078 2400; x_wconf 89' lang='lat' dir='ltr'><strong>chis</strong></span> <span class='ocrx_word' id='word_1_534' title='bbox 2118 2345 2345 2416; x_wconf 88' lang='lat' dir='ltr'><strong>Majoris</strong></span> <span class='ocrx_word' id='word_1_535' title='bbox 2387 2344 2707 2400; x_wconf 83' lang='lat' dir='ltr'><strong>Monasterii</strong></span> <span class='ocrx_word' id='word_1_536' title='bbox 2737 2343 3016 2399; x_wconf 90' lang='lat' dir='ltr'><strong>Lauream</strong></span> <span class='ocrx_word' id='word_1_537' title='bbox 3064 2343 3544 2400; x_wconf 89' lang='lat' dir='ltr'><strong>Baccalaureatus</strong></span> <span class='ocrx_word' id='word_1_538' title='bbox 3592 2343 3648 2398; x_wconf 92' lang='lat' dir='ltr'><strong>in</strong></span> 
     </span>
    </p>
   </div>
   <div class='ocr_carea' id='block_1_84' title="bbox 1953 2431 3648 2502">
    <p class='ocr_par' dir='ltr' id='par_1_84' title="bbox 1953 2431 3648 2502">
     <span class='ocr_line' id='line_1_84' title="bbox 1953 2431 3648 2502; baseline -0.002 -13"><span class='ocrx_word' id='word_1_539' title='bbox 1953 2434 2194 2490; x_wconf 89' lang='lat' dir='ltr'><strong>decretis</strong></span> <span class='ocrx_word' id='word_1_540' title='bbox 2247 2433 2566 2499; x_wconf 90' lang='lat' dir='ltr'><strong>obtinuere,</strong></span> <span class='ocrx_word' id='word_1_541' title='bbox 2626 2432 2854 2502; x_wconf 90' lang='lat' dir='ltr'><strong>publice</strong></span> <span class='ocrx_word' id='word_1_542' title='bbox 2909 2434 3068 2487; x_wconf 92' lang='lat' dir='ltr'><strong>Petro</strong></span> <span class='ocrx_word' id='word_1_543' title='bbox 3113 2432 3320 2488; x_wconf 89' lang='lat' dir='ltr'><strong>abbate</strong></span> <span class='ocrx_word' id='word_1_544' title='bbox 3368 2431 3428 2487; x_wconf 93' lang='lat' dir='ltr'><strong>S.</strong></span> <span class='ocrx_word' id='word_1_545' title='bbox 3479 2431 3648 2502; x_wconf 88' lang='lat' dir='ltr'><strong>Eligii</strong></span> 
     </span>
    </p>
   </div>
   <div class='ocr_carea' id='block_1_85' title="bbox 1952 2519 3647 2585">
    <p class='ocr_par' dir='ltr' id='par_1_85' title="bbox 1952 2519 3647 2585">
     <span class='ocr_line' id='line_1_85' title="bbox 1952 2519 3647 2585; baseline -0.002 -9"><span class='ocrx_word' id='word_1_546' title='bbox 1952 2521 2345 2576; x_wconf 89' lang='lat' dir='ltr'><strong>Noviomensis</strong></span> <span class='ocrx_word' id='word_1_547' title='bbox 2396 2521 2665 2585; x_wconf 87' lang='lat' dir='ltr'><strong>docente,</strong></span> <span class='ocrx_word' id='word_1_548' title='bbox 2723 2533 2861 2574; x_wconf 87' lang='lat' dir='ltr'><strong>ann.</strong></span> <span class='ocrx_word' id='word_1_549' title='bbox 2922 2521 3077 2574; x_wconf 59' lang='lat' dir='ltr'><strong>I394.</strong></span> <span class='ocrx_word' id='word_1_550' title='bbox 3139 2519 3326 2574; x_wconf 83' lang='lat' dir='ltr'><strong>Helias</strong></span> <span class='ocrx_word' id='word_1_551' title='bbox 3381 2533 3530 2575; x_wconf 93' lang='lat' dir='ltr'><strong>onus</strong></span> <span class='ocrx_word' id='word_1_552' title='bbox 3588 2519 3647 2573; x_wconf 91' lang='lat' dir='ltr'><strong>in</strong></span> 
     </span>
    </p>
   </div>
   <div class='ocr_carea' id='block_1_86' title="bbox 1954 2607 3646 2678">
    <p class='ocr_par' dir='ltr' id='par_1_86' title="bbox 1954 2607 3646 2678">
     <span class='ocr_line' id='line_1_86' title="bbox 1954 2607 3646 2678; baseline -0.002 -13"><span class='ocrx_word' id='word_1_553' title='bbox 1954 2608 2266 2665; x_wconf 86' lang='lat' dir='ltr'><strong>Guidonem</strong></span> <span class='ocrx_word' id='word_1_554' title='bbox 2301 2607 2369 2662; x_wconf 91' lang='lat' dir='ltr'><strong>de</strong></span> <span class='ocrx_word' id='word_1_555' title='bbox 2417 2609 2568 2662; x_wconf 88' lang='lat' dir='ltr'><strong>Luro</strong></span> <span class='ocrx_word' id='word_1_556' title='bbox 2599 2607 2864 2662; x_wconf 90' lang='lat' dir='ltr'><strong>abbatem</strong></span> <span class='ocrx_word' id='word_1_557' title='bbox 2907 2607 3099 2663; x_wconf 88' lang='lat' dir='ltr'><strong>Sancti</strong></span> <span class='ocrx_word' id='word_1_558' title='bbox 3131 2607 3314 2678; x_wconf 86' lang='lat' dir='ltr'><strong>Sergii</strong></span> <span class='ocrx_word' id='word_1_559' title='bbox 3361 2607 3646 2676; x_wconf 90' lang='lat' dir='ltr'><strong>deposuit,</strong></span> 
     </span>
    </p>
   </div>
   <div class='ocr_carea' id='block_1_87' title="bbox 1950 2695 3642 2765">
    <p class='ocr_par' dir='ltr' id='par_1_87' title="bbox 1950 2695 3642 2765">
     <span class='ocr_line' id='line_1_87' title="bbox 1950 2695 3642 2765; baseline -0.001 -14"><span class='ocrx_word' id='word_1_560' title='bbox 1950 2704 2006 2751; x_wconf 93' lang='lat' dir='ltr'><strong>et</strong></span> <span class='ocrx_word' id='word_1_561' title='bbox 2051 2696 2314 2751; x_wconf 89' lang='lat' dir='ltr'><strong>abdicata</strong></span> <span class='ocrx_word' id='word_1_562' title='bbox 2359 2697 2516 2750; x_wconf 91' lang='lat' dir='ltr'><strong>omni</strong></span> <span class='ocrx_word' id='word_1_563' title='bbox 2547 2695 2879 2764; x_wconf 77' lang='lat' dir='ltr'><strong>praelatura,</strong></span> <span class='ocrx_word' id='word_1_564' title='bbox 2913 2703 3088 2765; x_wconf 91' lang='lat' dir='ltr'><strong>atque</strong></span> <span class='ocrx_word' id='word_1_565' title='bbox 3127 2695 3399 2751; x_wconf 90' lang='lat' dir='ltr'><strong>omnibus</strong></span> <span class='ocrx_word' id='word_1_566' title='bbox 3429 2708 3642 2750; x_wconf 90' lang='lat' dir='ltr'><strong>renun-</strong></span> 
     </span>
    </p>
   </div>
   <div class='ocr_carea' id='block_1_88' title="bbox 1955 2782 3651 2854">
    <p class='ocr_par' dir='ltr' id='par_1_88' title="bbox 1955 2782 3651 2854">
     <span class='ocr_line' id='line_1_88' title="bbox 1955 2782 3651 2854; baseline -0.001 -15"><span class='ocrx_word' id='word_1_567' title='bbox 1955 2786 2104 2839; x_wconf 90' lang='lat' dir='ltr'><strong>tians</strong></span> <span class='ocrx_word' id='word_1_568' title='bbox 2153 2783 2308 2839; x_wconf 85' lang='lat' dir='ltr'><strong>flevit</strong></span> <span class='ocrx_word' id='word_1_569' title='bbox 2356 2798 2487 2854; x_wconf 72' lang='lat' dir='ltr'><strong>quae</strong></span> <span class='ocrx_word' id='word_1_570' title='bbox 2517 2791 2772 2854; x_wconf 87' lang='lat' dir='ltr'><strong>gesserat</strong></span> <span class='ocrx_word' id='word_1_571' title='bbox 2821 2783 2992 2838; x_wconf 91' lang='lat' dir='ltr'><strong>mala.</strong></span> <span class='ocrx_word' id='word_1_572' title='bbox 3038 2783 3188 2840; x_wconf 90' lang='lat' dir='ltr'><strong>Obiit</strong></span> <span class='ocrx_word' id='word_1_573' title='bbox 3218 2797 3276 2837; x_wconf 85' lang='grc' dir='ltr'><strong>ιιι</strong></span> <span class='ocrx_word' id='word_1_574' title='bbox 3313 2782 3440 2838; x_wconf 85' lang='lat' dir='ltr'><strong>Kal.</strong></span> <span class='ocrx_word' id='word_1_575' title='bbox 3490 2783 3651 2838; x_wconf 88' lang='lat' dir='ltr'><strong>Octo-</strong></span> 
     </span>
    </p>
   </div>
   <div class='ocr_carea' id='block_1_89' title="bbox 1954 2872 2260 2928">
    <p class='ocr_par' dir='ltr' id='par_1_89' title="bbox 1954 2872 2260 2928">
     <span class='ocr_line' id='line_1_89' title="bbox 1954 2872 2260 2928; baseline -0.007 0"><span class='ocrx_word' id='word_1_576' title='bbox 1954 2872 2072 2928; x_wconf 91' lang='lat' dir='ltr'><strong>bris</strong></span> <span class='ocrx_word' id='word_1_577' title='bbox 2103 2873 2260 2926; x_wconf 78' lang='grc'>1418.</span> 
     </span>
    </p>
   </div>
   <div class='ocr_carea' id='block_1_90' title="bbox 1883 2958 3648 3048">
    <p class='ocr_par' dir='ltr' id='par_1_90' title="bbox 1883 2958 3648 3048">
     <span class='ocr_line' id='line_1_90' title="bbox 1883 2958 3648 3048; baseline -0.001 -31"><span class='ocrx_word' id='word_1_578' title='bbox 1883 2994 1922 3048; x_wconf 78' lang='lat' dir='ltr'>C</span> <span class='ocrx_word' id='word_1_579' title='bbox 2023 2961 2249 3017; x_wconf 87' lang='lat' dir='ltr'><strong>XXXV.</strong></span> <span class='ocrx_word' id='word_1_580' title='bbox 2301 2959 2486 3017; x_wconf 90' lang='lat' dir='ltr'><strong>Guido</strong></span> <span class='ocrx_word' id='word_1_581' title='bbox 2543 2960 2613 3016; x_wconf 89' lang='lat' dir='ltr'><strong>de</strong></span> <span class='ocrx_word' id='word_1_582' title='bbox 2671 2959 2845 3027; x_wconf 89' lang='lat' dir='ltr'><strong>Luro,</strong></span> <span class='ocrx_word' id='word_1_583' title='bbox 2907 2959 3391 3048; x_wconf 87' lang='lat' dir='ltr'><strong>Lemovicus,ex</strong></span> <span class='ocrx_word' id='word_1_584' title='bbox 3441 2958 3648 3015; x_wconf 90' lang='lat' dir='ltr'><strong>abbate</strong></span> 
     </span>
    </p>
   </div>
   <div class='ocr_carea' id='block_1_91' title="bbox 1951 3047 3644 3120">
    <p class='ocr_par' dir='ltr' id='par_1_91' title="bbox 1951 3047 3644 3120">
     <span class='ocr_line' id='line_1_91' title="bbox 1951 3047 3644 3120; baseline -0.002 -15"><span class='ocrx_word' id='word_1_585' title='bbox 1951 3049 2142 3106; x_wconf 89' lang='lat' dir='ltr'><strong>Sancti</strong></span> <span class='ocrx_word' id='word_1_586' title='bbox 2186 3048 2367 3120; x_wconf 90' lang='lat' dir='ltr'><strong>Sergii</strong></span> <span class='ocrx_word' id='word_1_587' title='bbox 2411 3047 2839 3119; x_wconf 83' lang='lat' dir='ltr'><strong>Andegavensis</strong></span> <span class='ocrx_word' id='word_1_588' title='bbox 2890 3049 3045 3102; x_wconf 80' lang='grc'>1413.</span> <span class='ocrx_word' id='word_1_589' title='bbox 3099 3047 3325 3104; x_wconf 89' lang='lat' dir='ltr'><strong>Litteris</strong></span> <span class='ocrx_word' id='word_1_590' title='bbox 3375 3061 3492 3104; x_wconf 92' lang='lat' dir='ltr'><strong>non</strong></span> <span class='ocrx_word' id='word_1_591' title='bbox 3521 3061 3644 3102; x_wconf 89' lang='lat' dir='ltr'><strong>me-</strong></span> 
     </span>
    </p>
   </div>
   <div class='ocr_carea' id='block_1_92' title="bbox 1949 3136 3643 3203">
    <p class='ocr_par' dir='ltr' id='par_1_92' title="bbox 1949 3136 3643 3203">
     <span class='ocr_line' id='line_1_92' title="bbox 1949 3136 3643 3203; baseline -0.002 -9"><span class='ocrx_word' id='word_1_592' title='bbox 1949 3139 2217 3194; x_wconf 90' lang='lat' dir='ltr'><strong>diocriter</strong></span> <span class='ocrx_word' id='word_1_593' title='bbox 2268 3138 2550 3194; x_wconf 91' lang='lat' dir='ltr'><strong>eruditus.</strong></span> <span class='ocrx_word' id='word_1_594' title='bbox 2585 3138 2808 3193; x_wconf 89' lang='lat' dir='ltr'><strong>Damna</strong></span> <span class='ocrx_word' id='word_1_595' title='bbox 2849 3145 2974 3194; x_wconf 91' lang='lat' dir='ltr'><strong>tum</strong></span> <span class='ocrx_word' id='word_1_596' title='bbox 3019 3136 3098 3193; x_wconf 90' lang='lat' dir='ltr'><strong>rei</strong></span> <span class='ocrx_word' id='word_1_597' title='bbox 3129 3136 3468 3203; x_wconf 74' lang='lat' dir='ltr'><strong>domesticae,</strong></span> <span class='ocrx_word' id='word_1_598' title='bbox 3520 3143 3643 3192; x_wconf 89' lang='lat' dir='ltr'><strong>tum</strong></span> 
     </span>
    </p>
   </div>
   <div class='ocr_carea' id='block_1_93' title="bbox 1949 3225 3642 3298">
    <p class='ocr_par' dir='ltr' id='par_1_93' title="bbox 1949 3225 3642 3298">
     <span class='ocr_line' id='line_1_93' title="bbox 1949 3225 3642 3298; baseline -0.001 -16"><span class='ocrx_word' id='word_1_599' title='bbox 1949 3229 2119 3282; x_wconf 91' lang='lat' dir='ltr'><strong>etiam</strong></span> <span class='ocrx_word' id='word_1_600' title='bbox 2172 3227 2456 3298; x_wconf 90' lang='lat' dir='ltr'><strong>regularis</strong></span> <span class='ocrx_word' id='word_1_601' title='bbox 2490 3227 2868 3282; x_wconf 72' lang='lat' dir='ltr'><strong>observantiae</strong></span> <span class='ocrx_word' id='word_1_602' title='bbox 2891 3240 2926 3281; x_wconf 91' lang='lat' dir='ltr'><strong>a</strong></span> <span class='ocrx_word' id='word_1_603' title='bbox 2963 3226 3257 3281; x_wconf 90' lang='lat' dir='ltr'><strong>decessore</strong></span> <span class='ocrx_word' id='word_1_604' title='bbox 3305 3225 3484 3290; x_wconf 90' lang='lat' dir='ltr'><strong>illata,</strong></span> <span class='ocrx_word' id='word_1_605' title='bbox 3519 3239 3642 3280; x_wconf 89' lang='lat' dir='ltr'><strong>ma-</strong></span> 
     </span>
    </p>
   </div>
   <div class='ocr_carea' id='block_1_94' title="bbox 1948 3313 3644 3385">
    <p class='ocr_par' dir='ltr' id='par_1_94' title="bbox 1948 3313 3644 3385">
     <span class='ocr_line' id='line_1_94' title="bbox 1948 3313 3644 3385; baseline -0.001 -16"><span class='ocrx_word' id='word_1_606' title='bbox 1948 3316 2109 3370; x_wconf 89' lang='lat' dir='ltr'><strong>xima</strong></span> <span class='ocrx_word' id='word_1_607' title='bbox 2154 3323 2312 3385; x_wconf 89' lang='lat' dir='ltr'><strong>parte</strong></span> <span class='ocrx_word' id='word_1_608' title='bbox 2342 3315 2658 3371; x_wconf 90' lang='lat' dir='ltr'><strong>resarcivit.</strong></span> <span class='ocrx_word' id='word_1_609' title='bbox 2707 3315 2986 3370; x_wconf 86' lang='lat' dir='ltr'><strong>Addictus</strong></span> <span class='ocrx_word' id='word_1_610' title='bbox 3035 3313 3346 3384; x_wconf 67' lang='lat' dir='ltr'><strong>praesertim</strong></span> <span class='ocrx_word' id='word_1_611' title='bbox 3395 3313 3644 3369; x_wconf 89' lang='lat' dir='ltr'><strong>eleemo—</strong></span> 
     </span>
    </p>
   </div>
   <div class='ocr_carea' id='block_1_95' title="bbox 1947 3402 3643 3474">
    <p class='ocr_par' dir='ltr' id='par_1_95' title="bbox 1947 3402 3643 3474">
     <span class='ocr_line' id='line_1_95' title="bbox 1947 3402 3643 3474; baseline -0.001 -16"><span class='ocrx_word' id='word_1_612' title='bbox 1947 3404 2107 3473; x_wconf 90' lang='lat' dir='ltr'><strong>synis</strong></span> <span class='ocrx_word' id='word_1_613' title='bbox 2158 3405 2514 3474; x_wconf 90' lang='lat' dir='ltr'><strong>pauperibus</strong></span> <span class='ocrx_word' id='word_1_614' title='bbox 2559 3403 2866 3474; x_wconf 89' lang='lat' dir='ltr'><strong>erogandis</strong></span> <span class='ocrx_word' id='word_1_615' title='bbox 2894 3402 3024 3469; x_wconf 85' lang='lat' dir='ltr'><strong>fuit,</strong></span> <span class='ocrx_word' id='word_1_616' title='bbox 3075 3417 3143 3457; x_wconf 93' lang='lat' dir='ltr'><strong>ac</strong></span> <span class='ocrx_word' id='word_1_617' title='bbox 3171 3402 3502 3457; x_wconf 89' lang='lat' dir='ltr'><strong>monasterii</strong></span> <span class='ocrx_word' id='word_1_618' title='bbox 3539 3403 3643 3472; x_wconf 92' lang='lat' dir='ltr'><strong>ju-</strong></span> 
     </span>
    </p>
   </div>
   <div class='ocr_carea' id='block_1_96' title="bbox 1947 3490 3642 3561">
    <p class='ocr_par' dir='ltr' id='par_1_96' title="bbox 1947 3490 3642 3561">
     <span class='ocr_line' id='line_1_96' title="bbox 1947 3490 3642 3561; baseline -0.001 -15"><span class='ocrx_word' id='word_1_619' title='bbox 1947 3493 2120 3560; x_wconf 90' lang='lat' dir='ltr'><strong>rium,</strong></span> <span class='ocrx_word' id='word_1_620' title='bbox 2172 3492 2725 3560; x_wconf 89' lang='lat' dir='ltr'><strong>immunitatumque</strong></span> <span class='ocrx_word' id='word_1_621' title='bbox 2787 3500 3182 3561; x_wconf 89' lang='lat' dir='ltr'><strong>propugnator</strong></span> <span class='ocrx_word' id='word_1_622' title='bbox 3223 3505 3236 3543; x_wconf 85' lang='lat'>:</span> <span class='ocrx_word' id='word_1_623' title='bbox 3284 3490 3533 3560; x_wconf 90' lang='lat' dir='ltr'><strong>denique</strong></span> <span class='ocrx_word' id='word_1_624' title='bbox 3583 3490 3642 3544; x_wconf 89' lang='lat' dir='ltr'><strong>in</strong></span> 
     </span>
    </p>
   </div>
   <div class='ocr_carea' id='block_1_97' title="bbox 1945 3577 3635 3650">
    <p class='ocr_par' dir='ltr' id='par_1_97' title="bbox 1945 3577 3635 3650">
     <span class='ocr_line' id='line_1_97' title="bbox 1945 3577 3635 3650; baseline -0.002 -16"><span class='ocrx_word' id='word_1_625' title='bbox 1945 3594 2082 3649; x_wconf 89' lang='lat' dir='ltr'><strong>pace</strong></span> <span class='ocrx_word' id='word_1_626' title='bbox 2108 3580 2346 3650; x_wconf 88' lang='lat' dir='ltr'><strong>quievit,</strong></span> <span class='ocrx_word' id='word_1_627' title='bbox 2381 3579 2550 3649; x_wconf 88' lang='lat' dir='ltr'><strong>cujus</strong></span> <span class='ocrx_word' id='word_1_628' title='bbox 2598 3593 2806 3648; x_wconf 87' lang='lat' dir='ltr'><strong>corpus</strong></span> <span class='ocrx_word' id='word_1_629' title='bbox 2835 3580 3090 3634; x_wconf 90' lang='lat' dir='ltr'><strong>delatum</strong></span> <span class='ocrx_word' id='word_1_630' title='bbox 3136 3591 3204 3633; x_wconf 90' lang='lat' dir='ltr'><strong>ac</strong></span> <span class='ocrx_word' id='word_1_631' title='bbox 3232 3577 3523 3646; x_wconf 90' lang='lat' dir='ltr'><strong>sepultum</strong></span> <span class='ocrx_word' id='word_1_632' title='bbox 3577 3577 3635 3631; x_wconf 92' lang='lat' dir='ltr'><strong>in</strong></span> 
     </span>
    </p>
   </div>
   <div class='ocr_carea' id='block_1_98' title="bbox 1946 3665 3640 3738">
    <p class='ocr_par' dir='ltr' id='par_1_98' title="bbox 1946 3665 3640 3738">
     <span class='ocr_line' id='line_1_98' title="bbox 1946 3665 3640 3738; baseline -0.002 -15"><span class='ocrx_word' id='word_1_633' title='bbox 1946 3669 2120 3723; x_wconf 90' lang='lat' dir='ltr'><strong>choro</strong></span> <span class='ocrx_word' id='word_1_634' title='bbox 2149 3669 2376 3738; x_wconf 82' lang='lat' dir='ltr'><strong>Majoris</strong></span> <span class='ocrx_word' id='word_1_635' title='bbox 2409 3669 2736 3723; x_wconf 88' lang='lat' dir='ltr'><strong>Monasterii</strong></span> <span class='ocrx_word' id='word_1_636' title='bbox 2772 3667 2881 3722; x_wconf 91' lang='lat' dir='ltr'><strong>sub</strong></span> <span class='ocrx_word' id='word_1_637' title='bbox 2936 3667 3134 3722; x_wconf 89' lang='lat' dir='ltr'><strong>tumba</strong></span> <span class='ocrx_word' id='word_1_638' title='bbox 3162 3679 3376 3734; x_wconf 92' lang='lat' dir='ltr'><strong>cuprea</strong></span> <span class='ocrx_word' id='word_1_639' title='bbox 3417 3665 3640 3720; x_wconf 88' lang='lat' dir='ltr'><strong>Geraldi</strong></span> 
     </span>
    </p>
   </div>
   <div class='ocr_carea' id='block_1_99' title="bbox 1946 3755 3640 3824">
    <p class='ocr_par' dir='ltr' id='par_1_99' title="bbox 1946 3755 3640 3824">
     <span class='ocr_line' id='line_1_99' title="bbox 1946 3755 3640 3824; baseline -0.002 -13"><span class='ocrx_word' id='word_1_640' title='bbox 1946 3756 2162 3811; x_wconf 70' lang='lat' dir='ltr'><strong>Paultaa</strong></span> <span class='ocrx_word' id='word_1_641' title='bbox 2217 3755 2440 3812; x_wconf 91' lang='lat' dir='ltr'><strong>abbatis</strong></span> <span class='ocrx_word' id='word_1_642' title='bbox 2469 3758 2556 3823; x_wconf 89' lang='lat'><strong>33,</strong></span> <span class='ocrx_word' id='word_1_643' title='bbox 2602 3755 2750 3824; x_wconf 90' lang='lat' dir='ltr'><strong>patri</strong></span> <span class='ocrx_word' id='word_1_644' title='bbox 2781 3757 2890 3811; x_wconf 91' lang='lat' dir='ltr'><strong>sui.</strong></span> <span class='ocrx_word' id='word_1_645' title='bbox 2942 3756 3027 3810; x_wconf 89' lang='lat' dir='ltr'><strong>Ita</strong></span> <span class='ocrx_word' id='word_1_646' title='bbox 3071 3761 3262 3809; x_wconf 91' lang='lat' dir='ltr'><strong>noster</strong></span> <span class='ocrx_word' id='word_1_647' title='bbox 3292 3767 3640 3823; x_wconf 90' lang='lat' dir='ltr'><strong>anonymus,</strong></span> 
     </span>
    </p>
   </div>
   <div class='ocr_carea' id='block_1_100' title="bbox 1946 3841 3640 3916">
    <p class='ocr_par' dir='ltr' id='par_1_100' title="bbox 1946 3841 3640 3916">
     <span class='ocr_line' id='line_1_100' title="bbox 1946 3841 3640 3916; baseline -0.002 -16"><span class='ocrx_word' id='word_1_648' title='bbox 1946 3845 2050 3916; x_wconf 89' lang='lat' dir='ltr'><strong>qui</strong></span> <span class='ocrx_word' id='word_1_649' title='bbox 2106 3845 2340 3916; x_wconf 85' lang='lat' dir='ltr'><strong>Majoris</strong></span> <span class='ocrx_word' id='word_1_650' title='bbox 2394 3843 2716 3900; x_wconf 84' lang='lat' dir='ltr'><strong>Monasterii</strong></span> <span class='ocrx_word' id='word_1_651' title='bbox 2775 3843 3055 3899; x_wconf 88' lang='lat' dir='ltr'><strong>abbatum</strong></span> <span class='ocrx_word' id='word_1_652' title='bbox 3126 3842 3330 3898; x_wconf 91' lang='lat' dir='ltr'><strong>seriem</strong></span> <span class='ocrx_word' id='word_1_653' title='bbox 3397 3841 3640 3898; x_wconf 90' lang='lat' dir='ltr'><strong>ulterius</strong></span> 
     </span>
    </p>
   </div>
   <div class='ocr_carea' id='block_1_101' title="bbox 1947 3933 2506 4002">
    <p class='ocr_par' dir='ltr' id='par_1_101' title="bbox 1947 3933 2506 4002">
     <span class='ocr_line' id='line_1_101' title="bbox 1947 3933 2506 4002; baseline -0.007 -14"><span class='ocrx_word' id='word_1_654' title='bbox 1947 3933 2182 3990; x_wconf 90' lang='lat' dir='ltr'><strong>minime</strong></span> <span class='ocrx_word' id='word_1_655' title='bbox 2215 3933 2506 4002; x_wconf 91' lang='lat' dir='ltr'><strong>perduxit.</strong></span> 
     </span>
    </p>
   </div>
   <div class='ocr_carea' id='block_1_102' title="bbox 2016 4019 3633 4090">
    <p class='ocr_par' dir='ltr' id='par_1_102' title="bbox 2016 4019 3633 4090">
     <span class='ocr_line' id='line_1_102' title="bbox 2016 4019 3633 4090; baseline -0.003 -13"><span class='ocrx_word' id='word_1_656' title='bbox 2016 4022 2274 4078; x_wconf 88' lang='lat' dir='ltr'><strong>XXXVI.</strong></span> <span class='ocrx_word' id='word_1_657' title='bbox 2329 4022 2528 4077; x_wconf 87' lang='lat' dir='ltr'><strong>Petrus</strong></span> <span class='ocrx_word' id='word_1_658' title='bbox 2577 4021 2842 4090; x_wconf 87' lang='lat' dir='ltr'><strong>Marques</strong></span> <span class='ocrx_word' id='word_1_659' title='bbox 2895 4019 2967 4075; x_wconf 89' lang='lat' dir='ltr'><strong>ab</strong></span> <span class='ocrx_word' id='word_1_660' title='bbox 3014 4033 3109 4075; x_wconf 90' lang='lat' dir='ltr'><strong>an.</strong></span> <span class='ocrx_word' id='word_1_661' title='bbox 3163 4020 3299 4074; x_wconf 77' lang='grc'>1429</span> <span class='ocrx_word' id='word_1_662' title='bbox 3359 4019 3431 4075; x_wconf 94' lang='lat' dir='ltr'><strong>ad</strong></span> <span class='ocrx_word' id='word_1_663' title='bbox 3477 4019 3633 4074; x_wconf 80' lang='grc'>1453.</span> 
     </span>
    </p>
   </div>
   <div class='ocr_carea' id='block_1_103' title="bbox 1945 4107 3635 4181">
    <p class='ocr_par' dir='ltr' id='par_1_103' title="bbox 1945 4107 3635 4181">
     <span class='ocr_line' id='line_1_103' title="bbox 1945 4107 3635 4181; baseline -0.002 -16"><span class='ocrx_word' id='word_1_664' title='bbox 1945 4109 2316 4181; x_wconf 84' lang='lat' dir='ltr'><strong>Privilegium</strong></span> <span class='ocrx_word' id='word_1_665' title='bbox 2370 4110 2667 4180; x_wconf 90' lang='lat' dir='ltr'><strong>singulare</strong></span> <span class='ocrx_word' id='word_1_666' title='bbox 2716 4108 2914 4179; x_wconf 85' lang='lat' dir='ltr'><strong>Majori</strong></span> <span class='ocrx_word' id='word_1_667' title='bbox 2954 4107 3292 4165; x_wconf 83' lang='lat' dir='ltr'><strong>Monasterio</strong></span> <span class='ocrx_word' id='word_1_668' title='bbox 3350 4122 3464 4163; x_wconf 93' lang='lat' dir='ltr'><strong>non</strong></span> <span class='ocrx_word' id='word_1_669' title='bbox 3520 4115 3635 4162; x_wconf 92' lang='lat' dir='ltr'><strong>tam</strong></span> 
     </span>
    </p>
   </div>
   <div class='ocr_carea' id='block_1_104' title="bbox 1945 4196 3638 4267">
    <p class='ocr_par' dir='ltr' id='par_1_104' title="bbox 1945 4196 3638 4267">
     <span class='ocr_line' id='line_1_104' title="bbox 1945 4196 3638 4267; baseline -0.001 -15"><span class='ocrx_word' id='word_1_670' title='bbox 1945 4197 2205 4264; x_wconf 91' lang='lat' dir='ltr'><strong>indulsit,</strong></span> <span class='ocrx_word' id='word_1_671' title='bbox 2257 4197 2525 4253; x_wconf 91' lang='lat' dir='ltr'><strong>Nicolaus</strong></span> <span class='ocrx_word' id='word_1_672' title='bbox 2557 4211 2706 4267; x_wconf 90' lang='lat' dir='ltr'><strong>papa</strong></span> <span class='ocrx_word' id='word_1_673' title='bbox 2753 4197 2822 4263; x_wconf 87' lang='lat' dir='ltr'><strong>V,</strong></span> <span class='ocrx_word' id='word_1_674' title='bbox 2854 4210 3029 4267; x_wconf 91' lang='lat' dir='ltr'><strong>quam</strong></span> <span class='ocrx_word' id='word_1_675' title='bbox 3080 4196 3442 4267; x_wconf 90' lang='lat' dir='ltr'><strong>approbavit.</strong></span> <span class='ocrx_word' id='word_1_676' title='bbox 3473 4196 3638 4260; x_wconf 86' lang='lat' dir='ltr'><strong>Quod</strong></span> 
     </span>
    </p>
   </div>
   <div class='ocr_carea' id='block_1_105' title="bbox 1873 4284 3640 4355">
    <p class='ocr_par' dir='ltr' id='par_1_105' title="bbox 1873 4284 3640 4355">
     <span class='ocr_line' id='line_1_105' title="bbox 1873 4284 3640 4355; baseline -0.001 -14"><span class='ocrx_word' id='word_1_677' title='bbox 1873 4287 1918 4340; x_wconf 92' lang='lat' dir='ltr'><strong>D</strong></span> <span class='ocrx_word' id='word_1_678' title='bbox 1947 4287 2083 4342; x_wconf 92' lang='lat' dir='ltr'><strong>huic</strong></span> <span class='ocrx_word' id='word_1_679' title='bbox 2111 4287 2386 4342; x_wconf 88' lang='lat' dir='ltr'><strong>abbatum</strong></span> <span class='ocrx_word' id='word_1_680' title='bbox 2426 4286 2676 4342; x_wconf 88' lang='lat' dir='ltr'><strong>Elencbo</strong></span> <span class='ocrx_word' id='word_1_681' title='bbox 2706 4285 2954 4342; x_wconf 89' lang='lat' dir='ltr'><strong>inserere</strong></span> <span class='ocrx_word' id='word_1_682' title='bbox 2996 4285 3363 4355; x_wconf 87' lang='lat' dir='ltr'><strong>profuturum</strong></span> <span class='ocrx_word' id='word_1_683' title='bbox 3394 4284 3640 4341; x_wconf 91' lang='lat' dir='ltr'><strong>subinde</strong></span> 
     </span>
    </p>
   </div>
   <div class='ocr_carea' id='block_1_106' title="bbox 1940 4375 2220 4446">
    <p class='ocr_par' dir='ltr' id='par_1_106' title="bbox 1940 4375 2220 4446">
     <span class='ocr_line' id='line_1_106' title="bbox 1940 4375 2220 4446; baseline -0.007 -14"><span class='ocrx_word' id='word_1_684' title='bbox 1940 4375 2220 4446; x_wconf 87' lang='lat' dir='ltr'><strong>judicavi.</strong></span> 
     </span>
    </p>
   </div>
   <div class='ocr_carea' id='block_1_107' title="bbox 2017 4460 3634 4536">
    <p class='ocr_par' dir='ltr' id='par_1_107' title="bbox 2017 4460 3634 4536">
     <span class='ocr_line' id='line_1_107' title="bbox 2017 4460 3634 4536; baseline -0.002 -16"><span class='ocrx_word' id='word_1_685' title='bbox 2017 4485 2045 4513; x_wconf 85' lang='lat'>«</span> <span class='ocrx_word' id='word_1_686' title='bbox 2085 4464 2356 4520; x_wconf 91' lang='lat' dir='ltr'><strong>Nicolaus</strong></span> <span class='ocrx_word' id='word_1_687' title='bbox 2397 4465 2717 4536; x_wconf 91' lang='lat' dir='ltr'><strong>episcopus,</strong></span> <span class='ocrx_word' id='word_1_688' title='bbox 2773 4478 2977 4520; x_wconf 91' lang='lat' dir='ltr'><strong>servus</strong></span> <span class='ocrx_word' id='word_1_689' title='bbox 3023 4477 3323 4520; x_wconf 90' lang='lat' dir='ltr'><strong>servorum</strong></span> <span class='ocrx_word' id='word_1_690' title='bbox 3377 4462 3499 4529; x_wconf 91' lang='lat' dir='ltr'><strong>Dei,</strong></span> <span class='ocrx_word' id='word_1_691' title='bbox 3562 4460 3634 4516; x_wconf 92' lang='lat' dir='ltr'><strong>ad</strong></span> 
     </span>
    </p>
   </div>
   <div class='ocr_carea' id='block_1_108' title="bbox 1944 4549 3635 4621">
    <p class='ocr_par' dir='ltr' id='par_1_108' title="bbox 1944 4549 3635 4621">
     <span class='ocr_line' id='line_1_108' title="bbox 1944 4549 3635 4621; baseline -0.004 -13"><span class='ocrx_word' id='word_1_692' title='bbox 1944 4551 2199 4608; x_wconf 90' lang='lat' dir='ltr'><strong>futuram</strong></span> <span class='ocrx_word' id='word_1_693' title='bbox 2234 4553 2309 4608; x_wconf 94' lang='lat' dir='ltr'><strong>rei</strong></span> <span class='ocrx_word' id='word_1_694' title='bbox 2342 4553 2696 4619; x_wconf 88' lang='lat' dir='ltr'><strong>memoriam,</strong></span> <span class='ocrx_word' id='word_1_695' title='bbox 2727 4553 2798 4608; x_wconf 88' lang='lat' dir='ltr'><strong>ad</strong></span> <span class='ocrx_word' id='word_1_696' title='bbox 2831 4553 3090 4608; x_wconf 90' lang='lat' dir='ltr'><strong>decorem</strong></span> <span class='ocrx_word' id='word_1_697' title='bbox 3116 4565 3293 4606; x_wconf 76' lang='lat' dir='ltr'><strong>sacrae</strong></span> <span class='ocrx_word' id='word_1_698' title='bbox 3325 4549 3635 4621; x_wconf 89' lang='lat' dir='ltr'><strong>religionis,</strong></span> 
     </span>
    </p>
   </div>
   <div class='ocr_carea' id='block_1_109' title="bbox 1944 4639 3638 4711">
    <p class='ocr_par' dir='ltr' id='par_1_109' title="bbox 1944 4639 3638 4711">
     <span class='ocr_line' id='line_1_109' title="bbox 1944 4639 3638 4711; baseline -0.001 -16"><span class='ocrx_word' id='word_1_699' title='bbox 1944 4653 2012 4695; x_wconf 91' lang='lat' dir='ltr'><strong>ac</strong></span> <span class='ocrx_word' id='word_1_700' title='bbox 2046 4647 2109 4696; x_wconf 92' lang='lat' dir='ltr'><strong>ut</strong></span> <span class='ocrx_word' id='word_1_701' title='bbox 2130 4641 2285 4695; x_wconf 91' lang='lat' dir='ltr'><strong>illius</strong></span> <span class='ocrx_word' id='word_1_702' title='bbox 2315 4641 2501 4696; x_wconf 86' lang='lat' dir='ltr'><strong>felices</strong></span> <span class='ocrx_word' id='word_1_703' title='bbox 2531 4642 2750 4711; x_wconf 91' lang='lat' dir='ltr'><strong>ubique</strong></span> <span class='ocrx_word' id='word_1_704' title='bbox 2771 4641 3087 4696; x_wconf 88' lang='lat' dir='ltr'><strong>dilatentur</strong></span> <span class='ocrx_word' id='word_1_705' title='bbox 3117 4639 3418 4695; x_wconf 86' lang='lat' dir='ltr'><strong>fecundius</strong></span> <span class='ocrx_word' id='word_1_706' title='bbox 3438 4651 3638 4708; x_wconf 91' lang='lat' dir='ltr'><strong>propa-</strong></span> 
     </span>
    </p>
   </div>
   <div class='ocr_carea' id='block_1_110' title="bbox 1945 4728 3638 4799">
    <p class='ocr_par' dir='ltr' id='par_1_110' title="bbox 1945 4728 3638 4799">
     <span class='ocr_line' id='line_1_110' title="bbox 1945 4728 3638 4799; baseline -0.001 -15"><span class='ocrx_word' id='word_1_707' title='bbox 1945 4729 2126 4799; x_wconf 88' lang='lat' dir='ltr'><strong>gines,</strong></span> <span class='ocrx_word' id='word_1_708' title='bbox 2171 4743 2394 4784; x_wconf 91' lang='lat' dir='ltr'><strong>necnon</strong></span> <span class='ocrx_word' id='word_1_709' title='bbox 2447 4730 2679 4785; x_wconf 90' lang='lat' dir='ltr'><strong>honoris</strong></span> <span class='ocrx_word' id='word_1_710' title='bbox 2737 4730 2923 4795; x_wconf 87' lang='lat' dir='ltr'><strong>ﬂores,</strong></span> <span class='ocrx_word' id='word_1_711' title='bbox 2968 4731 3024 4784; x_wconf 92' lang='lat' dir='ltr'><strong>et</strong></span> <span class='ocrx_word' id='word_1_712' title='bbox 3052 4728 3362 4784; x_wconf 90' lang='lat' dir='ltr'><strong>honestatis</strong></span> <span class='ocrx_word' id='word_1_713' title='bbox 3416 4728 3638 4783; x_wconf 89' lang='lat' dir='ltr'><strong>fructus</strong></span> 
     </span>
    </p>
   </div>
   <div class='ocr_carea' id='block_1_111' title="bbox 1946 4815 3632 4887">
    <p class='ocr_par' dir='ltr' id='par_1_111' title="bbox 1946 4815 3632 4887">
     <span class='ocr_line' id='line_1_111' title="bbox 1946 4815 3632 4887; baseline -0.001 -15"><span class='ocrx_word' id='word_1_714' title='bbox 1946 4818 2002 4872; x_wconf 92' lang='lat' dir='ltr'><strong>in</strong></span> <span class='ocrx_word' id='word_1_715' title='bbox 2029 4831 2116 4884; x_wconf 91' lang='lat' dir='ltr'><strong>ea,</strong></span> <span class='ocrx_word' id='word_1_716' title='bbox 2143 4817 2202 4872; x_wconf 90' lang='lat' dir='ltr'><strong>in</strong></span> <span class='ocrx_word' id='word_1_717' title='bbox 2224 4817 2408 4873; x_wconf 91' lang='lat' dir='ltr'><strong>salute</strong></span> <span class='ocrx_word' id='word_1_718' title='bbox 2439 4817 2846 4887; x_wconf 89' lang='lat' dir='ltr'><strong>plurimorum,</strong></span> <span class='ocrx_word' id='word_1_719' title='bbox 2882 4817 2938 4871; x_wconf 90' lang='lat' dir='ltr'><strong>in</strong></span> <span class='ocrx_word' id='word_1_720' title='bbox 2962 4815 3224 4872; x_wconf 89' lang='lat' dir='ltr'><strong>ubertate</strong></span> <span class='ocrx_word' id='word_1_721' title='bbox 3243 4818 3632 4882; x_wconf 86' lang='lat' dir='ltr'><strong>concrescant,</strong></span> 
     </span>
    </p>
   </div>
   <div class='ocr_carea' id='block_1_112' title="bbox 1945 4902 3638 4974">
    <p class='ocr_par' dir='ltr' id='par_1_112' title="bbox 1945 4902 3638 4974">
     <span class='ocr_line' id='line_1_112' title="bbox 1945 4902 3638 4974; baseline -0.001 -14"><span class='ocrx_word' id='word_1_722' title='bbox 1945 4905 2266 4974; x_wconf 65' lang='lat' dir='ltr'><strong>apostolicae</strong></span> <span class='ocrx_word' id='word_1_723' title='bbox 2332 4905 2719 4961; x_wconf 89' lang='lat' dir='ltr'><strong>meditationis</strong></span> <span class='ocrx_word' id='word_1_724' title='bbox 2793 4905 3192 4960; x_wconf 91' lang='lat' dir='ltr'><strong>vehementius</strong></span> <span class='ocrx_word' id='word_1_725' title='bbox 3256 4902 3638 4959; x_wconf 82' lang='lat' dir='ltr'><strong>diffundimus</strong></span> 
     </span>
    </p>
   </div>
   <div class='ocr_carea' id='block_1_113' title="bbox 1944 4991 3634 5064">
    <p class='ocr_par' dir='ltr' id='par_1_113' title="bbox 1944 4991 3634 5064">
     <span class='ocr_line' id='line_1_113' title="bbox 1944 4991 3634 5064; baseline -0.002 -15"><span class='ocrx_word' id='word_1_726' title='bbox 1944 4993 2250 5064; x_wconf 88' lang='lat' dir='ltr'><strong>cogitatus,</strong></span> <span class='ocrx_word' id='word_1_727' title='bbox 2301 4993 2644 5063; x_wconf 89' lang='lat' dir='ltr'><strong>specialibus</strong></span> <span class='ocrx_word' id='word_1_728' title='bbox 2680 5007 2748 5048; x_wconf 90' lang='lat' dir='ltr'><strong>ea</strong></span> <span class='ocrx_word' id='word_1_729' title='bbox 2796 5000 3204 5062; x_wconf 87' lang='lat' dir='ltr'><strong>prosequentes</strong></span> <span class='ocrx_word' id='word_1_730' title='bbox 3250 4991 3634 5057; x_wconf 89' lang='lat' dir='ltr'><strong>adminiculis,</strong></span> 
     </span>
    </p>
   </div>
   <div class='ocr_carea' id='block_1_114' title="bbox 1944 5081 3636 5152">
    <p class='ocr_par' dir='ltr' id='par_1_114' title="bbox 1944 5081 3636 5152">
     <span class='ocr_line' id='line_1_114' title="bbox 1944 5081 3636 5152; baseline -0.001 -16"><span class='ocrx_word' id='word_1_731' title='bbox 1944 5096 2046 5151; x_wconf 93' lang='lat' dir='ltr'><strong>per</strong></span> <span class='ocrx_word' id='word_1_732' title='bbox 2075 5097 2206 5152; x_wconf 77' lang='lat' dir='ltr'><strong>quze</strong></span> <span class='ocrx_word' id='word_1_733' title='bbox 2237 5096 2492 5151; x_wconf 66' lang='lat' dir='ltr'><strong>personae</strong></span> <span class='ocrx_word' id='word_1_734' title='bbox 2536 5081 2811 5152; x_wconf 73' lang='lat' dir='ltr'><strong>religiosae</strong></span> <span class='ocrx_word' id='word_1_735' title='bbox 2840 5081 3208 5152; x_wconf 88' lang='lat' dir='ltr'><strong>singularum</strong></span> <span class='ocrx_word' id='word_1_736' title='bbox 3239 5081 3636 5136; x_wconf 91' lang='lat' dir='ltr'><strong>turbationum</strong></span> 
     </span>
    </p>
   </div>
   <div class='ocr_carea' id='block_1_115' title="bbox 1945 5168 3638 5241">
    <p class='ocr_par' dir='ltr' id='par_1_115' title="bbox 1945 5168 3638 5241">
     <span class='ocr_line' id='line_1_115' title="bbox 1945 5168 3638 5241; baseline -0.002 -15"><span class='ocrx_word' id='word_1_737' title='bbox 1945 5171 2300 5226; x_wconf 88' lang='lat' dir='ltr'><strong>cessantibus</strong></span> <span class='ocrx_word' id='word_1_738' title='bbox 2354 5171 2697 5241; x_wconf 92' lang='lat' dir='ltr'><strong>dispendiis,</strong></span> <span class='ocrx_word' id='word_1_739' title='bbox 2758 5169 2814 5226; x_wconf 89' lang='lat' dir='ltr'><strong>in</strong></span> <span class='ocrx_word' id='word_1_740' title='bbox 2881 5170 3039 5239; x_wconf 91' lang='lat' dir='ltr'><strong>pacis</strong></span> <span class='ocrx_word' id='word_1_741' title='bbox 3093 5177 3149 5225; x_wconf 92' lang='lat' dir='ltr'><strong>et</strong></span> <span class='ocrx_word' id='word_1_742' title='bbox 3202 5168 3638 5240; x_wconf 89' lang='lat' dir='ltr'><strong>tranquillitatis</strong></span> 
     </span>
    </p>
   </div>
   <div class='ocr_carea' id='block_1_116' title="bbox 1945 5257 3634 5329">
    <p class='ocr_par' dir='ltr' id='par_1_116' title="bbox 1945 5257 3634 5329">
     <span class='ocr_line' id='line_1_116' title="bbox 1945 5257 3634 5329; baseline -0.002 -15"><span class='ocrx_word' id='word_1_743' title='bbox 1945 5259 2266 5327; x_wconf 91' lang='lat' dir='ltr'><strong>dulcedine,</strong></span> <span class='ocrx_word' id='word_1_744' title='bbox 2327 5259 2436 5315; x_wconf 91' lang='lat' dir='ltr'><strong>sub</strong></span> <span class='ocrx_word' id='word_1_745' title='bbox 2492 5259 2813 5329; x_wconf 73' lang='lat' dir='ltr'><strong>apostolicae</strong></span> <span class='ocrx_word' id='word_1_746' title='bbox 2875 5259 3154 5314; x_wconf 88' lang='lat' dir='ltr'><strong>libertatis</strong></span> <span class='ocrx_word' id='word_1_747' title='bbox 3212 5257 3518 5327; x_wconf 67' lang='lat' dir='ltr'><strong>praesidiis,</strong></span> <span class='ocrx_word' id='word_1_748' title='bbox 3577 5257 3634 5311; x_wconf 93' lang='lat' dir='ltr'><strong>in</strong></span> 
     </span>
    </p>
   </div>
   <div class='ocr_carea' id='block_1_117' title="bbox 1945 5345 3635 5417">
    <p class='ocr_par' dir='ltr' id='par_1_117' title="bbox 1945 5345 3635 5417">
     <span class='ocr_line' id='line_1_117' title="bbox 1945 5345 3635 5417; baseline -0.001 -15"><span class='ocrx_word' id='word_1_749' title='bbox 1945 5356 2155 5403; x_wconf 68' lang='lat' dir='ltr'><strong>sanctae</strong></span> <span class='ocrx_word' id='word_1_750' title='bbox 2215 5347 2705 5417; x_wconf 89' lang='lat' dir='ltr'><strong>contemplationis</strong></span> <span class='ocrx_word' id='word_1_751' title='bbox 2753 5347 3038 5404; x_wconf 88' lang='lat' dir='ltr'><strong>suavitate</strong></span> <span class='ocrx_word' id='word_1_752' title='bbox 3083 5345 3338 5416; x_wconf 89' lang='lat' dir='ltr'><strong>quietius</strong></span> <span class='ocrx_word' id='word_1_753' title='bbox 3381 5354 3435 5401; x_wconf 90' lang='lat' dir='ltr'><strong>et</strong></span> <span class='ocrx_word' id='word_1_754' title='bbox 3483 5359 3635 5400; x_wconf 91' lang='lat' dir='ltr'><strong>com-</strong></span> 
     </span>
    </p>
   </div>
   <div class='ocr_carea' id='block_1_118' title="bbox 1943 5436 3384 5492">
    <p class='ocr_par' dir='ltr' id='par_1_118' title="bbox 1943 5436 3384 5492">
     <span class='ocr_line' id='line_1_118' title="bbox 1943 5436 3384 5492; baseline -0.003 0"><span class='ocrx_word' id='word_1_755' title='bbox 1943 5437 2172 5492; x_wconf 89' lang='lat' dir='ltr'><strong>modius</strong></span> <span class='ocrx_word' id='word_1_756' title='bbox 2195 5437 2489 5492; x_wconf 87' lang='lat' dir='ltr'><strong>exsolvere</strong></span> <span class='ocrx_word' id='word_1_757' title='bbox 2524 5436 2750 5492; x_wconf 88' lang='lat' dir='ltr'><strong>valeant</strong></span> <span class='ocrx_word' id='word_1_758' title='bbox 2787 5436 3064 5492; x_wconf 90' lang='lat' dir='ltr'><strong>altissimo</strong></span> <span class='ocrx_word' id='word_1_759' title='bbox 3093 5449 3200 5490; x_wconf 91' lang='lat' dir='ltr'><strong>sua</strong></span> <span class='ocrx_word' id='word_1_760' title='bbox 3237 5442 3384 5490; x_wconf 89' lang='lat' dir='ltr'><strong>vota.</strong></span> 
     </span>
    </p>
   </div>
   <div class='ocr_carea' id='block_1_119' title="bbox 2019 5522 3632 5596">
    <p class='ocr_par' dir='ltr' id='par_1_119' title="bbox 2019 5522 3632 5596">
     <span class='ocr_line' id='line_1_119' title="bbox 2019 5522 3632 5596; baseline -0.001 -16"><span class='ocrx_word' id='word_1_761' title='bbox 2019 5546 2046 5573; x_wconf 86' lang='grc'><strong>‹‹</strong></span> <span class='ocrx_word' id='word_1_762' title='bbox 2075 5525 2220 5580; x_wconf 85' lang='lat' dir='ltr'><strong>Hinc</strong></span> <span class='ocrx_word' id='word_1_763' title='bbox 2273 5532 2358 5582; x_wconf 93' lang='lat' dir='ltr'><strong>est</strong></span> <span class='ocrx_word' id='word_1_764' title='bbox 2409 5525 2562 5596; x_wconf 90' lang='lat' dir='ltr'><strong>quod</strong></span> <span class='ocrx_word' id='word_1_765' title='bbox 2613 5539 2718 5580; x_wconf 88' lang='lat' dir='ltr'><strong>nos</strong></span> <span class='ocrx_word' id='word_1_766' title='bbox 2774 5523 3096 5580; x_wconf 89' lang='lat' dir='ltr'><strong>charissimi</strong></span> <span class='ocrx_word' id='word_1_767' title='bbox 3153 5522 3210 5578; x_wconf 92' lang='lat' dir='ltr'><strong>in</strong></span> <span class='ocrx_word' id='word_1_768' title='bbox 3258 5523 3483 5580; x_wconf 91' lang='lat' dir='ltr'><strong>Christo</strong></span> <span class='ocrx_word' id='word_1_769' title='bbox 3533 5523 3632 5580; x_wconf 88' lang='lat' dir='ltr'><strong>lilii</strong></span> 
     </span>
    </p>
   </div>
  </div>
