3922 6080
174 276 179 281 -
267 240 405 294 1075

1250 236 1347 292 AD
1386 235 1538 291 OPP.
1579 235 1748 291 VEN.
1793 233 2120 290 GUlBEBTI
2158 234 2250 288 DE
2289 232 2682 290 NOVIGENTO

3652 228 3824 287 1076

264 369 443 428 nostri
471 369 659 426 Caroli
709 370 1062 424 Francorum
1110 368 1261 440 regis
1315 366 1574 434 illustris,
1603 380 1672 423 ac
1714 366 1944 423 dilecto-
1987 370 2028 422 Δ
2058 366 2424 423 contineatur
2469 380 2758 437 expresse,
2817 379 2948 436 quae
2978 365 3051 421 ad
3100 364 3325 436 quaavis
3372 371 3665 436 exempta
3703 362 3817 420 vel

266 472 398 515 rum
430 458 679 514 ﬁliorum
708 457 934 513 abbatis
965 464 1020 512 et
1048 463 1369 512 conventus
1416 454 1746 511 monasterii
1779 455 1965 526 Majo-

266 547 346 602 ris
373 545 699 602 Monasterii
749 559 922 615 prope
951 546 1260 612 Turonem,
1302 545 1375 600 ad
1403 545 1719 600 Romanam
1765 543 1966 599 Eccle-

269 635 414 690 siam
466 635 628 690 nullo
676 635 862 690 medio
902 634 1261 704 pertinentis,
1289 634 1509 689 ordinis
1557 633 1750 689 Sancti
1795 634 1968 689 Bene-

270 722 425 790 dicti,
453 728 605 775 594
635 735 702 778 ac
748 721 1006 792 priorum
1035 722 1399 792 prioratuum
1427 722 1577 777 dicto
1623 721 1968 777 monasterio

268 810 683 881 subjectorum,
716 811 777 866 in
822 811 930 865 hac
957 819 1117 880 parte
1163 809 1680 879 supplicationibus
1711 809 1969 865 inclinati

271 898 472 969 potiori
508 913 609 969 pro
655 899 883 954 cautela
929 898 1338 953 monasterium
1382 899 1737 967 pradictum,
1790 912 1857 953 ac
1889 898 1969 953 illi

274 986 551 1057 subjecta,
582 994 639 1042 et
670 986 727 1042 in
776 986 1042 1042 futurum
1075 986 1437 1055 subjicienda
1467 986 1803 1056 ubicunque
1828 1000 1970 1042 con-

275 1074 570 1141 sistentia,
624 1076 942 1145 prioratus,
1000 1075 1342 1144 hospitalia,
1397 1075 1691 1142 membra,
1751 1082 1805 1130 et
1852 1075 1973 1130 loca

275 1177 679 1233 quacunque;
729 1177 949 1218 necnon
978 1162 1311 1218 monasterii
1364 1162 1747 1232 prioratuum,
1791 1177 1971 1218 mem-

278 1251 538 1316 brorum,
586 1250 977 1320 hospitalium,
1021 1257 1077 1306 et
1124 1250 1378 1305 locorum
1415 1250 1817 1320 praedictorum
1867 1250 1976 1306 ab-

278 1339 458 1404 bates,
508 1338 726 1408 priores
754 1346 810 1394 et
848 1338 1172 1407 superiores
1216 1352 1534 1408 eorumque
1563 1338 1891 1405 monachos,
1923 1346 1978 1394 et

280 1441 552 1496 personas
584 1426 914 1494 familiares,
950 1426 1309 1492 domesticos,
1356 1427 1660 1483 continuos
1685 1441 1973 1483 commen-

279 1515 446 1582 sales,
496 1528 565 1569 ac
613 1528 884 1584 personas
914 1517 972 1570 in
1025 1514 1163 1584 ipsis
1211 1514 1541 1580 residentes,
1577 1523 1886 1584 praesentes
1924 1524 1979 1571 et

282 1603 530 1671 futuros,
563 1617 697 1659 cum
745 1603 1014 1659 omnibus
1058 1603 1311 1672 ipsorum
1347 1602 1657 1658 mobilibus
1683 1610 1739 1658 et
1783 1605 1978 1658 immo-

281 1691 493 1747 bilibus
542 1691 721 1759 bonis,
770 1691 964 1761 rebus,
1011 1690 1263 1762 juribus,
1314 1698 1369 1746 et
1399 1691 1758 1761 pertinentiis
1804 1692 1977 1748 etiam

281 1780 660 1849 praesentibus
691 1787 745 1835 et
776 1778 1009 1844 futuris,
1044 1780 1117 1837 ab
1142 1780 1296 1834 omni
1339 1778 1763 1849 jurisdictione,
1794 1780 1977 1836 domi-

280 1868 396 1934 nio,
449 1867 826 1937 subjectione,
879 1870 1253 1934 auctoritate,
1308 1874 1617 1937 potestate,
1674 1869 1980 1938 superiori-

282 1962 413 2022 tate,
472 1955 816 2023 visitatione,
891 1957 1259 2021 correctione,
1318 1955 1675 2022 coercitione,
1727 1964 1782 2012 et
1828 1971 1979 2012 com-

194 2076 201 2077 ί
283 2042 545 2113 pulsione
574 2043 1136 2112 archiepiscoporum
1182 2042 1629 2110 Turonensium,
1660 2058 1979 2114 eorumque

280 2129 631 2187 vicariorum
687 2139 740 2187 et
783 2131 1135 2199 ofticialium,
1192 2144 1259 2187 ac
1305 2131 1693 2202 quorumlibet
1731 2132 1978 2189 aliorum

281 2218 728 2286 ordinariorum,
783 2226 837 2275 et
875 2220 1267 2291 praelatorum,
1300 2233 1367 2275 ac
1396 2234 1770 2290 personarum
1800 2221 1979 2277 eccle-

284 2304 680 2377 siasticarum;
753 2321 975 2363 necnon
1023 2322 1057 2363 a
1122 2308 1403 2363 solutione
1469 2321 1977 2378 quorumcunque,

285 2393 673 2461 collectarum,
754 2395 1146 2466 pedagiorum,
1206 2394 1639 2451 caritativorum
1710 2395 1985 2451 subsidio-

285 2495 437 2550 rum,
474 2482 903 2552 impositionum
932 2492 987 2540 et
1012 2498 1275 2551 onerum,
1310 2497 1378 2538 ac
1406 2484 1812 2555 cujuscunque
1842 2485 1979 2541 alte-

286 2569 409 2625 rius
468 2570 694 2640 generis
752 2571 1142 2637 exactionum,
1193 2572 1262 2626 de
1309 2572 1630 2641 apostolicae
1693 2575 1981 2643 potestatis

285 2657 659 2726 plenitudine,
694 2665 750 2713 et
780 2673 853 2715 ex
895 2666 1052 2715 certa
1078 2659 1340 2727 scientia,
1385 2674 1620 2730 prorsus
1648 2662 1980 2729 eximimus,

287 2752 342 2800 et
394 2746 640 2801 totaliter
693 2746 1025 2815 liberamus,
1089 2761 1156 2802 ac
1206 2747 1263 2802 in
1319 2748 1417 2819 jus
1466 2756 1521 2805 et
1578 2751 1981 2820 proprietatem

290 2833 440 2890 beati
490 2834 640 2890 Petri
686 2835 836 2890 sedis
887 2836 1230 2904 apostolicae,
1265 2844 1320 2892 et
1363 2837 1472 2892 sub
1501 2852 1701 2894 eorum
1753 2839 1981 2908 speciali

2073 470 2189 510 non
2234 462 2523 526 exempta,
2577 455 2883 525 prioratus,
2930 468 3030 510 seu
3063 454 3185 510 loca
3222 468 3281 510 se
3330 454 3682 520 extendant,
3721 467 3814 508 ex

2073 543 2272 613 aliqua
2300 542 2427 613 ejus
2469 544 2875 614 cujuscunque
2906 543 3118 597 tenoris
3147 542 3357 597 existat
3386 542 3809 613 indulgentia,

2074 645 2190 686 non
2247 631 2517 701 obsistat;
2569 630 2678 687 nisi
2737 630 2930 686 forsan
2983 630 3148 685 dictae
3191 630 3396 687 litterae
3448 630 3818 700 apostolica:

2076 720 2145 776 de
2193 720 2394 776 ordine
2446 729 2501 776 et
2556 720 2898 775 mmastorio
2950 719 3200 789 przefatis
3257 733 3322 776 ac
3373 720 3812 789 praesentibus,

2076 808 2146 863 de
2177 809 2352 865 verbo
2402 809 2473 864 ad
2517 809 2783 875 verbum,
2838 823 3057 863 :zecnon
3105 808 3402 863 monachis
3432 817 3485 863 et
3519 808 3818 878 degenti-

2076 896 2186 953 bus
2270 897 2332 952 in
2418 897 2799 960 monasterio,
2873 896 3256 966 prioratibus,
3354 897 3816 966 hospitalibus,

2077 986 2349 1041 membris
2395 992 2451 1041 et
2508 985 2646 1040 locis
2696 985 2980 1054 praedictis
3037 985 3265 1054 plenam
3317 992 3372 1041 et
3420 998 3818 1054 expressam,

2079 1086 2147 1127 ac
2197 1073 2371 1129 etiam
2429 1080 2694 1128 notanter
2755 1082 2812 1128 et
2864 1072 3188 1143 specialiter
3239 1073 3472 1128 fecerint
3537 1073 3817 1128 mentio-

2084 1176 2240 1217 nem.

2158 1272 2180 1299 ι
2214 1252 2275 1306 Et
2323 1250 2558 1319 insuper
2611 1250 2880 1306 volumus
2922 1257 2978 1305 et
3024 1250 3235 1305 eisdem
3288 1249 3502 1316 abbati,
3538 1257 3596 1305 et
3652 1265 3824 1304 con—

2084 1339 2304 1405 ventui,
2372 1346 2427 1393 et
2493 1337 2784 1408 prioribus
2846 1338 2999 1393 dicta
3064 1337 3374 1406 apostolica
3445 1337 3822 1393 auctoritate

2086 1426 2473 1493 concedimus,
2507 1439 2638 1496 qum
2668 1427 2737 1481 de
2791 1425 3169 1496 praesentibus
3197 1433 3250 1481 et
3283 1427 3338 1480 in
3371 1426 3452 1480 eis
3481 1426 3819 1490 contentis,

2087 1515 2262 1570 alicui
2293 1528 2363 1570 ex
2413 1514 2872 1583 archiepiscopis,
2919 1527 2986 1568 ac
3017 1513 3143 1568 aliis
3192 1514 3445 1569 locorum
3477 1513 3821 1568 ordinariis

2088 1604 2394 1674 praedictis,
2430 1603 2488 1658 in
2520 1617 2720 1659 eorum
2763 1603 2881 1658 vita
2908 1602 3016 1657 nisi
3039 1602 3211 1658 semel
3244 1610 3490 1667 tantum,
3537 1602 3580 1657 si
3613 1616 3818 1672 super

2088 1692 2194 1749 hoc
2225 1706 2325 1761 per
2352 1706 2446 1748 eos
2472 1691 2731 1762 requisiti
2757 1691 2970 1746 fuerint
3002 1691 3169 1746 ﬁdem
3196 1691 3379 1747 facere
3407 1704 3810 1761 nequaquam

2086 1786 2412 1847 teneantur,
2463 1794 2566 1836 nec
2621 1779 2692 1835 ad
2739 1779 2792 1834 id
2852 1779 3019 1834 inviti
3081 1779 3309 1834 valcant
3358 1778 3815 1849 quomodolibet

2087 1869 2366 1925 coarctari
2414 1869 2593 1925 felicis
2631 1868 3042 1925 recordationis
3084 1868 3397 1923 Innocentii
3452 1867 3526 1923 IV
3573 1868 3809 1937 praede—

2086 1958 2323 2014 cesseris
2365 1958 2566 2025 nostri,
2612 1964 2667 2013 et
2714 1956 2839 2013 aliis
2887 1956 3213 2026 apostolicis
3252 1955 3802 2019 constitutionibus,

2087 2059 2311 2102 necnon
2340 2045 2563 2117 legibus
2592 2045 2987 2115 imperialibus
3018 2057 3084 2099 ac
3116 2043 3364 2105 statutis,
3396 2051 3450 2099 et
3478 2053 3807 2099 consuetu-

2087 2136 2340 2201 dinibus,
2374 2150 2597 2190 necnon
2626 2134 2738 2190 illis
2768 2148 2869 2203 per
2898 2147 3029 2204 quae
3061 2132 3355 2202 praemissa
3388 2140 3621 2201 possent
3655 2148 3808 2203 quo-

2088 2224 2396 2280 modolibet
2442 2223 2683 2294 infringi
2738 2223 2825 2277 vel
2863 2221 3146 2291 impediri,
3178 2230 3232 2277 et
3292 2221 3419 2275 aliis
3453 2221 3512 2275 in
3561 2230 3803 2277 contra-

2090 2315 2244 2370 rium
2275 2312 2441 2369 editis
2470 2311 2954 2368 nonobstantibus
2985 2310 3457 2380 quibuscunque.
3488 2309 3612 2365 Nos
3646 2311 3805 2365 enim

2090 2415 2474 2472 quascunque
2516 2398 3205 2465 excommunicationum,
3240 2399 3722 2467 suspensionum,
3753 2408 3807 2454 et

2091 2490 2397 2556 interdicti,
2448 2488 2707 2558 aliasque
2753 2487 3167 2543 ecclesiasticas
3209 2487 3541 2551 sententias,
3589 2501 3809 2542 censu-

2091 2592 2187 2634 ras
2216 2587 2271 2634 et
2297 2591 2515 2647 pinnas,
2559 2591 2781 2631 necnon
2812 2590 3195 2647 quoscunque
3247 2589 3569 2645 processus,
3620 2577 3805 2631 etiam

2092 2680 2474 2738 quascunque
2521 2665 2832 2721 sententias
2877 2671 2932 2720 et
2961 2678 3158 2733 poenas
3207 2662 3262 2717 in
3302 2678 3361 2718 se
3410 2663 3804 2730 continentes,

2091 2769 2259 2826 quas,
2291 2765 2345 2810 et
2387 2768 2533 2825 quos
2557 2761 2757 2809 contra
2799 2753 3088 2819 abbatem,
3138 2758 3507 2817 conventum,
3545 2752 3800 2820 priores.

2095 2843 2425 2910 monachos,
2474 2842 2784 2898 residentes
2836 2855 3124 2911 personas,
3176 2841 3612 2906 monasterium,
3658 2842 3810 2909 prio-

288 2934 359 3010 ac
408 2920 739 2977 immediata
785 2923 1129 2992 protectione
1176 2925 1539 2995 suscipimus,
1586 2935 1761 2997 atque
1790 2936 1986 2984 nostra
2025 2953 2068 3010 ρ
2096 2941 2277 2998 ratus,
2330 2930 2651 3001 hospitalia,
2700 2929 2961 2984 membra
2987 2936 3042 2983 et
3080 2929 3201 2983 loca
3252 2927 3540 2998 praadicta,
3592 2937 3808 2984 contra

290 3009 659 3066 decernentes
714 3013 1167 3079 monasterium,
1246 3013 1570 3083 prioratus,
1640 3015 1981 3085 hospitalia,

293 3098 570 3165 membra,
626 3098 768 3167 loca,
803 3099 1058 3167 abbates,
1092 3101 1330 3171 priores,
1374 3104 1700 3172 monachos,
1734 3105 1987 3160 familia-

294 3199 385 3241 res
415 3199 707 3255 personas,
741 3188 892 3244 bona
918 3196 972 3245 et
1020 3203 1110 3246 res
1136 3191 1442 3261 praedicta;
1493 3193 1678 3247 solum
1708 3201 1764 3248 et
1795 3193 1989 3249 imme-

294 3273 446 3329 diate
503 3274 667 3331 dicta
706 3276 827 3332 sedi
880 3278 939 3332 in
994 3278 1260 3335 omnibus
1305 3280 1637 3349 subjacere;
1698 3281 1778 3335 ita
1831 3283 1983 3351 quod

295 3360 727 3433 archiepiscopi,
772 3365 993 3430 vicarii,
1035 3365 1324 3433 officiales,
1358 3368 1633 3423 ordinarii
1682 3376 1735 3424 et
1768 3369 1988 3438 praelati

298 3448 573 3516 praedicti.
608 3450 697 3506 vel
730 3451 924 3521 quivis
962 3452 1054 3508 alii
1088 3454 1145 3508 in
1174 3467 1261 3521 ea,
1294 3462 1490 3525 utpote
1522 3469 1757 3525 prorsus
1788 3471 1988 3513 exem-

295 3538 411 3604 pta,
463 3539 806 3608 generaliter
851 3548 907 3597 et
956 3541 1295 3612 specialiter,
1344 3551 1445 3599 aut
1473 3545 1855 3601 communiter
1899 3545 1989 3602 vel

297 3623 523 3680 divisim
567 3640 680 3682 non
714 3628 930 3697 possint
978 3630 1185 3700 quavis
1216 3630 1551 3686 auctoritate
1592 3632 1991 3689 excommuni-

297 3712 539 3768 cationis
592 3716 1000 3785 suspensionis,
1057 3717 1143 3773 vel
1179 3718 1481 3785 interdicti,
1529 3727 1631 3776 aut
1677 3720 1819 3776 alias
1860 3735 1993 3777 sen-

301 3802 506 3857 tentias
552 3804 979 3873 ecclesiasticas,
1030 3821 1305 3862 censuras
1349 3815 1405 3863 et
1436 3822 1631 3877 pronas
1673 3810 1989 3878 quomodo-

300 3888 437 3945 libet
468 3893 856 3964 promulgare,
904 3909 1006 3951 seu
1037 3895 1179 3951 alias
1207 3897 1379 3952 etiam
1411 3898 1629 3952 ratione
1659 3897 1869 3965 delicti,
1897 3899 1990 3956 vel

300 3985 647 4047 contractus,
678 3990 780 4038 aut
817 3983 917 4051 rei,
951 3984 1020 4039 de
1061 3998 1179 4055 qua
1210 3986 1423 4056 agitur,
1472 3985 1804 4057 ubicunque
1834 4002 1988 4043 com-

302 4065 563 4124 mittatur
594 4069 886 4140 delictum,
935 4072 1164 4129 ineatur
1208 4081 1555 4140 contractus,
1598 4083 1700 4130 aut
1748 4089 1838 4130 res
1868 4076 1992 4145 ipsa

300 4154 607 4225 consistat;
671 4166 1019 4228 potestatem,
1068 4161 1550 4233 jurisdictionem,
1612 4162 1991 4231 superiorita-

2096 3027 2347 3076 tenorem
2401 3026 2457 3075 et
2507 3018 2750 3074 formam
2823 3016 3212 3087 praesentium,
3286 3029 3354 3070 ac
3409 3016 3808 3085 exemptionis

2095 3108 2432 3181 hujusmodi
2493 3105 2852 3177 promulgari
2904 3113 2960 3161 et
3014 3104 3253 3171 haberi;
3316 3117 3535 3158 necnon
3615 3108 3801 3160 totum

2096 3198 2173 3263 id,
2218 3204 2273 3253 et
2301 3194 2590 3267 quidquid
2641 3194 2701 3249 in
2732 3193 3089 3249 contrarium
3140 3206 3175 3247 a
3217 3205 3537 3261 quoquam,
3587 3194 3803 3262 quavis

2096 3285 2452 3351 auctoritate,
2507 3283 2753 3339 scienter
2824 3281 2915 3336 vel
2971 3281 3308 3351 ignoranter
3365 3280 3507 3346 ﬁeri,
3571 3281 3666 3335 vel
3725 3289 3802 3336 at-

2097 3373 2302 3431 tentari
2363 3371 2686 3442 contigerit,
2741 3370 2926 3437 nulla,
2980 3383 3172 3436 cassa,
3234 3368 3416 3436 irrita,
3478 3367 3701 3425 infecta
3750 3378 3802 3425 et

2096 3462 2314 3527 inania,
2350 3474 2417 3516 ac
2441 3459 2662 3516 nullius
2700 3458 2873 3514 etiam
2902 3456 3267 3514 decernimus
3298 3457 3546 3513 existere
3577 3458 3802 3513 roboris

2096 3550 2187 3606 vel
2218 3547 2512 3605 momenti.

2170 3660 2199 3689 ‹‹
2228 3637 2380 3695 Nulli
2413 3650 2553 3708 ergo
2584 3634 2886 3690 hominum
2918 3634 3081 3690 liceat
3109 3634 3261 3689 hanc
3284 3633 3561 3704 paginam
3589 3641 3801 3689 nostra:

2096 3725 2495 3796 exemptionis,
2545 3722 2919 3791 liberationis,
2969 3722 3359 3791 susceptionis,
3409 3721 3645 3789 decreti,
3696 3737 3805 3778 vo-

2097 3815 2355 3882 luntatis,
2411 3812 2791 3870 concessionis
2845 3819 2901 3867 et
2969 3810 3394 3866 constitutionis
3459 3810 3800 3882 infringere,

2098 3904 2187 3961 vel
2216 3904 2265 3960 ei
2303 3917 2454 3959 ausu
2509 3901 2812 3958 temerario
2843 3901 3145 3966 contraire,
3195 3899 3247 3954 Si
3285 3898 3417 3969 quis
3446 3906 3641 3955 autem
3692 3901 3799 3955 hoc

2099 4001 2377 4050 attentare
2408 3984 2858 4063 praesumpserit,
2902 3989 3355 4059 indignationem
3387 3988 3803 4057 omnipotentis

2099 4082 2219 4149 Dei,
2250 4089 2306 4138 et
2336 4081 2632 4137 beatorum
2666 4078 2813 4135 Petri
2847 4086 2901 4134 et
2935 4078 3096 4133 Pauli
3128 4076 3516 4147 apostolorum
3549 4077 3702 4146 ejus,
3735 4092 3797 4132 se

2099 4166 2324 4223 noverit
2375 4166 2769 4220 incursurum.
2812 4164 3019 4219 Datum
3070 4162 3262 4218 Romae
3312 4162 3462 4230 apud
3521 4160 3793 4218 Sanctam

303 4249 435 4310 tem,
462 4246 881 4316 auctoritatem,
930 4248 1334 4315 visitationem,
1367 4249 1795 4316 correctionem,
1841 4265 1993 4307 coer—
2028 4237 2072 4291 Ῑ)
2100 4252 2498 4309 Potentianam
2524 4264 2676 4306 anno
2708 4248 3127 4306 Incarnationis
3157 4247 3468 4303 Dominicae
3493 4247 3799 4305 millesimo

300 4329 609 4402 citionem,
669 4337 1155 4405 compulsionem,
1216 4338 1304 4394 vel
1379 4337 1701 4394 dominium
1758 4339 1992 4410 aliquod

216 4466 223 4469 .
302 4434 585 4478 exercere.
637 4423 918 4496 Quodque
971 4426 1144 4482 etiam
1190 4426 1447 4493 abbates,
1499 4426 1714 4496 priores
1749 4434 1805 4483 et
1861 4442 1994 4484 con-

303 4518 509 4567 ventus
553 4513 820 4582 praedicti,
873 4515 1093 4570 ratione
1130 4514 1413 4571 bonorum
1452 4515 1798 4581 monasterii,
1849 4517 1997 4587 prio-

302 4608 558 4669 ratuum,
592 4600 979 4670 hospitalium,
1029 4603 1419 4659 membrorum
1451 4617 1518 4659 ac
1556 4603 1809 4660 locorum
1841 4620 1995 4675 prae-

301 4688 607 4757 dictorum,
658 4691 1120 4759 procurationem
1169 4691 1453 4763 aliquam,
1499 4692 1587 4749 vel
1632 4694 1803 4749 etiam
1853 4708 1995 4750 con-

300 4776 646 4845 ventionem,
698 4785 799 4834 aut
848 4778 1259 4834 charitativum
1315 4778 1676 4846 subsidium,
1719 4780 1994 4851 gabellas,

304 4865 563 4937 pedagia,
584 4865 807 4922 tefonea
826 4874 880 4922 et
926 4866 1067 4922 alias
1093 4866 1440 4934 exactiones,
1472 4867 1783 4937 quibusvis
1835 4867 1992 4939 regi-

303 4953 432 5023 bus,
465 4967 569 5011 seu
598 4954 726 5010 aliis
755 4954 1012 5025 personis
1054 4955 1466 5024 ecclesiasticis,
1505 4955 1593 5011 vel
1620 4956 1997 5013 saecularibus

302 5043 460 5111 dare,
517 5041 756 5111 solvere,
805 5042 1042 5099 minime
1090 5051 1428 5111 teneantur;
1486 5059 1592 5100 nec
1630 5044 1700 5101 ad
1742 5044 1799 5100 id
1850 5058 1999 5100 com-

303 5130 435 5201 pelli
482 5131 715 5201 possint,
750 5130 840 5187 vel
882 5146 1056 5202 super
1103 5133 1230 5200 hoc,
1288 5140 1391 5190 aut
1432 5132 1573 5189 alias
1624 5147 1659 5188 a
1697 5146 1994 5204 quoquam

305 5218 729 5288 quomodolibet
762 5220 1076 5288 conveniri,
1112 5222 1198 5277 vel
1233 5236 1334 5291 per
1362 5218 1581 5278 litteras
1609 5221 1758 5277 sedis
1785 5223 1995 5291 praedi—

305 5313 429 5373 ctae,
479 5315 581 5364 aut
623 5307 966 5378 legatorum,
1015 5310 1103 5366 vel
1150 5311 1564 5380 delegatorum,
1616 5324 1719 5366 seu
1770 5311 1998 5367 nuntio-

304 5405 435 5449 rum
468 5395 668 5465 ipsius,
691 5404 792 5452 aut
820 5397 1271 5455 dioecesanorum
1300 5399 1578 5468 locorum,
1602 5398 1693 5455 vel
1724 5412 1999 5469 quorum-

305 5495 538 5552 cunque
591 5482 857 5555 aliorum,
905 5486 1080 5542 etiam
1128 5488 1249 5543 sive
1295 5488 1555 5558 ejusdem
1604 5487 1755 5545 sedis
1795 5487 1998 5545 litteris

2101 4337 2668 4412 quadringentesimo
2767 4336 3213 4408 quadragesimo
3299 4343 3543 4403 octavo,
3634 4337 3801 4392 tertio

2101 4427 2322 4483 decimo
2350 4426 2590 4482 Kalend.
2638 4425 2982 4493 Decembris,
3016 4423 3380 4495 pontiﬁcatus
3428 4424 3607 4480 nostri
3646 4438 3801 4481 anno

2101 4515 2375 4572 secundo.
2409 4535 2438 4565 »

2173 4611 2323 4659 595
2354 4604 2644 4661 XXXVII.
2695 4603 2879 4660 Guido
2903 4602 3122 4673 Vigerii
3152 4600 3403 4674 (Vigier)
3440 4602 3599 4657 1453.
3638 4602 3802 4658 Hisce

2106 4693 2460 4763 temporibus
2503 4691 2894 4761 expostularat
2948 4689 3201 4760 pontifex
3247 4690 3541 4745 maximus
3583 4689 3720 4746 Pius
3749 4691 3798 4745 II

2102 4780 2345 4853 (quippe
2394 4779 2815 4850 expeditionem
2852 4778 3089 4848 parabat
3137 4778 3194 4833 in
3236 4778 3474 4845 Turcas)
3506 4778 3580 4833 ab
3629 4779 3800 4834 eccle-

2104 4869 2346 4925 siasticis
2417 4868 2558 4925 viris
2608 4868 2930 4931 decimam:
3007 4878 3186 4937 quam
3248 4866 3576 4937 persolvere
3633 4868 3795 4922 multi

2104 4957 2507 5013 detrectavere.
2565 4955 2925 5027 Quapropter
2989 4954 3424 5025 Andegavensis
3484 4955 3794 5023 provinciae

2102 5044 2325 5112 Clerici,
2381 5044 2535 5116 quod
2588 5047 2648 5101 in
2684 5058 2753 5101 ea
2802 5044 2995 5115 plures
3050 5044 3362 5100 existerent
3406 5042 3638 5114 Majoris
3686 5045 3794 5100 Mo-

2104 5134 2335 5190 nasterii
2384 5134 2693 5204 prioratus,
2746 5132 3063 5189 Guidonem
3125 5132 3389 5188 abbatem
3445 5131 3792 5187 submonue-

2103 5230 2260 5289 runt,
2294 5229 2584 5293 quatenus
2635 5235 2767 5277 cum
2803 5221 2914 5276 illis
2959 5221 3127 5276 iniret
3177 5220 3544 5286 societatem;
3578 5228 3637 5276 at
3684 5221 3791 5290 ipse

2105 5310 2263 5367 nefas
2305 5324 2534 5366 summo
2574 5310 2785 5380 pastori
2813 5310 2993 5379 jussis
3036 5322 3151 5364 non
3201 5321 3508 5377 assurgere
3549 5308 3787 5378 putavit.

2175 5404 2237 5454 A.
2268 5397 2329 5456 Ο.
2368 5399 2522 5465 1458,
2584 5397 2875 5454 abbatiam
2906 5396 2965 5452 in
2998 5396 3214 5465 nepotis
3255 5395 3536 5452 Guidonis
3585 5395 3789 5466 Vigerii

2105 5487 2349 5560 gratiam
2400 5486 2707 5543 abdicavit.
2748 5486 2845 5542 ille
2879 5486 3128 5542 vicissim
3178 5484 3468 5555 prioratus
3512 5485 3785 5555 quosdam
