3932 6084
225 297 364 352 1077

1511 299 1730 354 ΟΟΜΝΙ
1770 299 1829 354 L.
1872 296 2218 354 D’ACHERY
2256 299 2478 355 NO'I‘AL‘.

3589 304 3728 359 1078

218 429 428 487 refudit
461 430 771 486 avunculo.
798 431 914 486 Hac
943 431 1012 485 de
1042 445 1102 486 re
1134 431 1291 486 bulla
1337 430 1417 486 Pii
1450 445 1608 500 pasz
1633 431 1679 484 II
1709 431 1906 486 eodem
1948 430 1995 486 A
2026 437 2188 486 tates.
2225 429 2519 485 Prioratus
2548 442 2648 498 per
2693 428 2778 484 fas
2819 434 2874 484 et
2913 427 3073 484 nefas
3109 429 3486 486 saacularibus
3533 433 3723 489 confe-

217 533 370 574 anno
417 519 767 588 conscripta;
803 519 858 574 in
903 533 1020 589 qua
1069 519 1321 588 pontifex
1368 519 1687 575 Guidonem
1735 517 1912 573 nobili

218 622 422 678 genere
464 616 845 677 procreatum,
877 617 1050 677 atque
1081 608 1137 662 in
1172 607 1369 678 Majori
1411 608 1754 663 Monasterio
1786 622 1912 662 mo-

216 697 470 750 nasticeu
506 696 841 764 professum,
867 711 970 751 nec
997 711 1110 750 non
1137 711 1169 750 a
1199 711 1256 751 se
1288 704 1543 751 creatum
1572 696 1908 751 Bibliensem

215 782 546 852 episcopum
580 791 756 838 notat.
796 785 916 853 Ego
959 798 1089 838 vero
1120 792 1433 854 utrumque
1454 792 1508 839 et
1548 785 1910 839 avunculum

215 878 268 927 et
339 881 596 940 nepotem
672 872 1087 926 nundinatores
1161 872 1584 938 beneliciorum,
1665 873 1910 942 priorem

218 960 467 1015 maxime
501 960 916 1016 animadverto.

285 1049 603 1104 XXXVIII.
665 1050 849 1106 Guido
928 1049 1138 1119 Vigerii
1204 1063 1376 1118 nepos
1423 1064 1559 1105 ann.
1636 1051 1794 1116 1458,
1840 1049 1909 1104 ad

214 1149 311 1191 an.
377 1137 538 1190 1499.
610 1138 922 1193 Fidelitatis
999 1145 1423 1192 sacramentum
1492 1138 1778 1192 Ludovico
1832 1139 1909 1192 XI

215 1227 333 1296 rogi
371 1229 526 1292 I493,
561 1234 700 1282 tunc
728 1227 1028 1290 Ambasiae,
1063 1240 1128 1281 ac
1163 1228 1517 1294 postmodum
1552 1227 1753 1282 Carolo
1780 1227 1910 1282 VIII

217 1315 421 1370 ibidem
458 1315 744 1383 existenti,
801 1315 955 1381 facit,
1005 1316 1152 1370 sicut
1190 1316 1570 1370 instrumenta
1603 1323 1908 1370 testantur.

287 1404 548 1460 XXXIX.
582 1404 907 1458 Ludovicus
939 1407 1036 1459 Pot
1072 1406 1224 1458 I499.
1271 1404 1463 1459 Abbas
1505 1403 1678 1459 simul
1720 1404 1911 1460 Sancti

216 1491 560 1547 Launomari
621 1492 917 1547 Blesensis.
973 1492 1294 1547 Prioratum
1339 1501 1551 1561 septem
1610 1493 1909 1549 Dormien—

211 1580 378 1647 tium,
411 1583 509 1650 qui
563 1582 709 1636 intra
765 1582 1091 1637 monasterii
1129 1596 1322 1636 muros
1375 1582 1719 1648 continetur,
1767 1595 1910 1637 con—

210 1667 360 1722 tulit.
393 1669 458 1722 In
492 1668 690 1723 litteris
709 1667 1040 1737 episcopum
1073 1669 1488 1724 Tornacensem
1518 1677 1691 1740 atque
1721 1671 1909 1726 Lecto-

205 1769 426 1811 rensem
485 1771 543 1810 se
594 1756 850 1826 insignit.
922 1758 997 1812 De
1060 1758 1348 1812 Ludovico
1410 1759 1507 1813 Pot
1564 1773 1630 1814 ac
1664 1759 1732 1814 de
1776 1759 1904 1829 ejus

203 1844 419 1898 familia
452 1845 729 1900 Andrzpas
761 1846 1061 1900 Duchesne
1102 1846 1156 1900 in
1193 1847 1436 1900 Historia
1489 1848 1897 1902 Montmorenc.

199 1931 301 1987 lib.
332 1947 386 1998 v,
416 1947 548 2002 cap.
589 1937 630 1999 l,
662 1947 794 2003 pag.
824 1937 946 1995 355.
971 1942 1025 1989 et
1056 1934 1112 1988 in
1146 1935 1586 1991 Probationibus
1609 1950 1742 2006 pag.
1772 1938 1897 2003 260,

199 2021 330 2077 Vita
361 2019 632 2090 fungitur
659 2036 752 2076 an.
803 2024 956 2076 1504.

272 2109 388 2164 XL.
445 2110 786 2165 Franciscus
844 2110 1052 2165 Slortia
1133 2111 1286 2174 1504,
1337 2123 1409 2164 ex
1467 2110 1645 2166 nobili
1691 2127 1900 2182 genere

196 2195 615 2252 Sfortiauorum
675 2197 980 2258 oriundus,
1043 2199 1099 2251 in
1154 2196 1355 2266 Majori
1383 2196 1718 2252 Monasterio
1749 2199 1900 2268 leges

197 2284 544 2340 monasticas
618 2285 859 2355 juravit,
921 2301 986 2340 ac
1043 2287 1280 2356 jubente
1337 2299 1469 2356 rege
1530 2286 1828 2342 Francisco
1877 2288 1898 2340 Ι

194 2373 389 2427 adhuc
427 2373 660 2442 juvenis
715 2381 795 2428 est
841 2388 875 2428 a
928 2375 1225 2429 monachis
1272 2375 1327 2428 in
1361 2374 1624 2429 abbatem
1661 2375 1893 2430 electus.

193 2459 300 2516 Sed
343 2470 541 2515 contra
588 2461 972 2517 ecclesiastica
1009 2471 1291 2531 praecepta
1324 2461 1613 2516 venationi
1667 2477 1896 2532 operam

193 2563 327 2603 cum
357 2549 536 2614 daret,
566 2549 620 2603 in
654 2549 894 2615 foveam,
923 2566 1097 2620 quam
1124 2566 1274 2620 equo
1308 2551 1588 2606 concitato
1611 2552 1897 2608 transilire

193 2638 478 2706 cupiebat,
533 2637 874 2707 prolabitur.
944 2639 1052 2705 Qui
1111 2639 1360 2708 pondere
1406 2639 1540 2708 equi
1591 2655 1898 2709 oppressus

195 2727 569 2795 graviterque
643 2728 935 2782 sauciatus
1005 2728 1190 2794 rediit,
1247 2742 1313 2781 ac
1368 2737 1649 2796 postremo
1691 2744 1721 2784 e
1776 2730 1896 2786 vita

193 2815 432 2869 decessit
463 2829 556 2869 an.
593 2818 717 2868 I5II

269 2903 404 2958 XLI.
445 2903 749 2959 Matthc'eus
775 2903 1037 2960 Galterus
1089 2903 1400 2970 (Gaullier)
1451 2907 1602 2958 1511.
1665 2905 1894 2975 Majoris

1945 1713 1986 1766 Β

2021 518 2200 585 rebat,
2233 517 2535 573 excidebat
2575 517 2770 578 silvas,
2804 524 2860 572 et
2916 517 3205 588 quidquid
3255 518 3310 573 in
3342 534 3420 575 zes
3467 521 3721 577 converti

2020 614 2257 675 poterat,
2292 605 2579 660 conﬂabat
2607 619 2680 660 ex
2720 619 2786 660 eo
2830 620 3131 674 nummos;
3186 606 3416 675 aliaque
3447 610 3719 677 patravit,

2021 709 2152 763 qua:
2179 703 2313 749 sunt
2339 703 2550 748 aeterno
2580 693 2804 748 silentio
2843 693 3243 748 oblitteranda.
3279 695 3514 751 Mortem
3545 703 3721 766 oppet-

2019 783 2152 838 tisse
2185 783 2374 838 ferunt
2397 796 2548 836 anno
2584 784 2736 848 1555,
2758 781 3235 852 atquesepultum
3259 783 3415 853 apud
3447 784 3720 840 Sanctum

2018 869 2368 925 Germanum
2404 871 2460 924 in
2485 871 2654 938 Laya.

2089 959 2286 1015 XLIV.
2376 959 2612 1014 Carolus
2682 958 2992 1013 cardinalis
3075 971 3109 1012 a
3190 959 3562 1031 Lotharingia
3633 962 3718 1017 tit.

2018 1049 2074 1104 S.
2134 1048 2502 1117 Apollinaris,
2561 1061 2733 1115 nepos
2801 1046 3058 1112 Joannis,
3134 1050 3289 1115 I555,
3343 1048 3428 1102 vel
3488 1057 3551 1104 ut
3593 1049 3722 1105 aliis

2016 1137 2198 1206 placet
2261 1138 2413 1189 1550.
2497 1137 2562 1190 lu
2619 1135 2875 1190 Comitiis
2934 1135 3300 1204 generalibus
3357 1145 3572 1193 statuta
3621 1153 3720 1207 pro

2016 1225 2370 1282 scholasticis
2439 1222 2662 1293 collegii
2724 1222 2954 1292 Majoris
3010 1224 3334 1279 Monasterii
3386 1225 3721 1280 Parisiensis

2017 1327 2112 1368 an.
2151 1316 2285 1367 I552
2317 1312 2483 1368 condi
2512 1310 2705 1382 jussit.

2087 1401 2252 1458 XLV.
2312 1401 2561 1456 Joannes
2608 1400 2677 1454 de
2727 1400 2780 1454 la
2825 1399 3292 1456 Rochel‘oucault.
3359 1401 3545 1457 Abbas
3586 1401 3717 1457 item

2016 1479 2388 1555 Cormeriaci,‘
2458 1501 2524 1542 ac
2592 1486 3041 1557 Villelupensis;
3110 1489 3463 1544 musicorum
3509 1490 3721 1559 pariter

2016 1578 2164 1634 aulae
2221 1577 2391 1648 regiae
2420 1576 2736 1645 praefectus.
2768 1577 3171 1633 Juramentum
3209 1578 3494 1634 ﬁdelitatis
3520 1579 3718 1636 Carolo

2015 1681 2168 1722 nono
2220 1666 2422 1721 Franc.
2483 1665 2603 1736 regi
2648 1673 2879 1735 praestat
2932 1669 3085 1732 I566,
3138 1680 3172 1722 a
3212 1681 3328 1737 quo
3375 1675 3430 1724 et
3458 1669 3720 1725 tutelaris

2012 1753 2262 1825 praesidii
2321 1753 2573 1828 diploma
2649 1767 2787 1809 ann.
2867 1757 3004 1810 I568
3073 1756 3419 1825 impetravit.
3473 1758 3720 1814 Joannes

2011 1843 2190 1899 abbas
2211 1842 2464 1912 probatae
2495 1841 2626 1897 vitae
2675 1841 2802 1898 fuit.
2831 1841 3056 1899 Solebat
3084 1843 3143 1898 in
3197 1844 3396 1914 Majori
3427 1845 3717 1902 Monaste-

2010 1931 2097 1987 rio
2125 1945 2241 1986 non
2273 1929 2590 1986 monachus
2627 1944 2760 1985 cum
2791 1931 3088 1986 monachis
3143 1931 3408 2002 religiose
3474 1934 3710 1990 versari.

2011 2017 2192 2074 Multa
2220 2016 2461 2072 contulit
2490 2017 2796 2085 beneﬁcia;
2831 2019 2962 2073 totis
2990 2017 3144 2073 enim
3185 2018 3406 2075 viribus
3433 2028 3490 2075 et
3519 2023 3714 2078 animo

2009 2105 2400 2174 incumbebat,
2457 2113 2521 2161 ut
2580 2104 2783 2176 Majori
2833 2106 3169 2162 Monasterio
3224 2106 3381 2162 illata
3435 2121 3470 2162 a
3514 2109 3708 2176 fratre,

2009 2195 2253 2266 pessimo
2311 2194 2598 2260 haretico,
2628 2194 2842 2249 damna
2871 2194 3188 2250 resarciret.
3224 2193 3353 2263 Qui,
3397 2209 3601 2266 nempe
3639 2199 3710 2253 ad

2007 2284 2275 2355 pietatem
2323 2297 2390 2338 ac
2455 2282 2903 2338 misericordiam
2981 2283 3292 2338 admodum
3371 2298 3706 2354 propensus,

2008 2385 2202 2428 sacras
2232 2379 2416 2426 vestes
2446 2370 2710 2426 Ecclesiae
2738 2378 2794 2426 et
2821 2371 3039 2426 codices
3085 2370 3281 2426 divino
3327 2371 3509 2428 cultui
3549 2383 3710 2443 aptos

2007 2460 2252 2516 contulit
2298 2459 2548 2514 abunde.
2603 2458 2895 2528 Quidquid
2951 2459 3228 2530 religiosis
3281 2459 3371 2515 die
3419 2469 3710 2532 noctuque

2010 2549 2119 2603 Deo
2152 2547 2568 2603 famulantibus
2611 2554 2735 2602 erat
2785 2547 3175 2602 necessarium
3226 2555 3459 2618 paterne
3511 2551 3709 2620 provi-

2007 2635 2174 2691 debat
2203 2635 2746 2704 suppeditabatque.
3076 2694 3080 2699 _

2079 2724 2405 2794 Egenorum
2477 2731 2749 2792 praeterea
2793 2729 2849 2778 et
2903 2723 3121 2779 morbis
3169 2723 3413 2795 aliisque
3463 2726 3707 2783 miseriis

2004 2811 2432 2877 afﬂictatorum,
2484 2825 2600 2866 non
2651 2819 2876 2867 tantum
2931 2809 3183 2881 inopiam
3231 2812 3430 2870 eﬁusis
3465 2815 3706 2872 eleemo-

2003 2900 2181 2970 synis,
2226 2913 2292 2955 ac
2349 2899 2736 2956 beneficentiis
2776 2899 3135 2966 sublevabat,
3169 2901 3265 2957 sed
3296 2909 3350 2958 et
3411 2905 3705 2960 recreabat

191 2991 513 3046 Monasterii
569 2993 869 3059 coenobita,
917 3001 971 3047 et
1024 2993 1218 3047 doctor
1261 2992 1562 3061 theologus
1609 2993 1894 3047 societatis
1932 2985 1974 3041 C
2003 2988 2122 3057 ipse
2148 3000 2254 3042 sua
2277 2988 2598 3056 praesentia.
2637 2987 2889 3043 Tandem
2943 2987 3050 3057 piis
3101 2987 3158 3043 id
3189 3003 3375 3060 genus
3416 2991 3704 3048 exercitiis

189 3081 398 3136 domus
444 3080 786 3136 Sorbonicze.
821 3082 1082 3150 Impense
1131 3081 1190 3134 in
1237 3081 1295 3134 Β.
1343 3082 1591 3144 Annam,
1646 3081 1738 3134 Dei
1779 3080 1891 3136 Ge-

192 3166 417 3222 nitricis
476 3175 736 3233 matrem,
815 3175 937 3222 erat
1004 3167 1271 3231 affectus;
1332 3181 1513 3236 quare
1571 3168 1643 3222 ab
1687 3168 1891 3224 abbate

190 3253 247 3308 S.
299 3253 564 3308 Florentii
617 3253 863 3309 Salmur.
918 3253 1232 3324 portionem
1286 3254 1489 3323 capitis
1529 3253 1681 3309 illius
1714 3254 1888 3324 (quod

189 3342 472 3396 asservari
523 3341 715 3398 ferunt
758 3343 813 3397 in
849 3343 1104 3411 prioratu
1157 3343 1226 3396 de
1281 3342 1438 3412 Gaya
1467 3343 1725 3399 dimcesis
1755 3345 1887 3399 Tre-

187 3429 394 3489 censis,
429 3428 501 3483 ab
549 3427 656 3484 hoc
702 3430 820 3498 ipso
866 3428 1124 3484 cmnobio
1171 3430 1474 3498 pendente)
1521 3430 1788 3485 obtinuit.
1823 3431 1887 3484 In

186 3515 390 3571 litteris
434 3518 566 3570 I550
597 3517 665 3572 de
697 3517 961 3572 Prioratu
1011 3525 1224 3586 septem
1283 3517 1696 3572 Dormientium
1741 3518 1889 3573 Mat-

188 3603 377 3658 thzeus
407 3604 586 3659 abbas
632 3605 934 3674 episcopus
986 3604 1356 3675 Nigropontis
1386 3605 1713 3660 denotatur.
1748 3606 1888 3661 Per-

186 3691 435 3746 mutavit
485 3692 775 3748 abbatiam
821 3707 951 3749 cum
1000 3693 1260 3762 Philippo
1303 3692 1568 3760 Hurault,
1604 3707 1704 3762 pro
1738 3694 1888 3749 Bur-

184 3780 431 3850 guliensi
469 3783 522 3835 in
585 3783 865 3837 territorio
919 3783 1339 3854 Andegavensi.
1392 3783 1642 3838 Mattbaei
1688 3797 1883 3852 nepos,

184 3868 419 3939 Majoris
478 3870 806 3925 Monasterii
843 3871 1137 3941 presbyter
1166 3879 1378 3938 asceta,
1405 3885 1471 3926 ac
1493 3871 1690 3926 doctor
1721 3871 1885 3926 theo-

183 3956 371 4025 logus,
404 3957 693 4013 Adrianus
735 3958 996 4013 Galterus
1025 3959 1275 4026 nomine,
1321 3967 1523 4014 auctor
1551 3959 1755 4028 operis,
1790 3956 1883 4014 cui

180 4045 463 4106 titulus,c
521 4047 913 4116 quuilibrum
972 4048 1250 4104 virtutum
1309 4048 1371 4102 B.
1431 4047 1578 4103 Petri
1621 4047 1880 4118 apostoli,

181 4140 240 4188 et
268 4135 446 4189 sancti
484 4135 732 4189 Martini.
765 4155 792 4182 ››

257 4221 419 4275 XLII.
479 4223 772 4292 Philippus
829 4223 1078 4279 Hurault
1141 4226 1294 4279 I536.
1352 4224 1476 4280 Non
1521 4225 1623 4280 diu
1670 4224 1876 4295 pedum

181 4310 354 4376 gessit
389 4311 522 4379 ipse,
557 4312 657 4381 qui
712 4319 1030 4380 postremus
1059 4321 1141 4368 est
1171 4313 1468 4381 abbatum,
1502 4314 1622 4369 sive
1651 4322 1873 4383 patrum

181 4400 620 4463 monachorum,
695 4400 874 4456 vitam
928 4401 1251 4472 religiosam
1306 4402 1613 4471 professus.
1667 4403 1872 4458 Praesi-

179 4486 351 4541 debat
399 4490 532 4542 I538
588 4488 852 4558 Capitulo
893 4489 1143 4559 generali
1186 4490 1242 4544 in
1282 4491 1480 4560 Majori
1537 4490 1876 4547 Monasterio

177 4575 271 4628 die
337 4578 401 4629 I7
463 4577 674 4632 mensis
738 4577 949 4647 Aprilis
998 4577 1301 4634 celebrato.
1367 4579 1519 4634 Obiit
1565 4593 1659 4633 an.
1715 4581 1870 4632 I539.

177 4661 448 4731 Sepultus
472 4665 624 4734 jacet
663 4665 890 4720 Parisiis
922 4666 978 4720 in
1009 4667 1258 4722 ecclesiae
1295 4667 1830 4722 Albimantellorum
1857 4683 1870 4722 :

175 4750 348 4820 cujus
380 4753 674 4823 inscriptio
728 4753 1064 4823 sepulcralis
1115 4754 1172 4808 in
1203 4768 1487 4810 marmore
1530 4755 1696 4826 nigro
1753 4755 1874 4812 haec

173 4847 262 4894 BSt
295 4855 306 4893 ξ

249 4943 502 4985 ΡΙῙῙΜΡΡΕ
559 4945 821 4986 HURAULT
891 4933 1035 4986 ABBE
1093 4945 1164 4986 DE
1219 4945 1632 4997 MARMONSTIER,
1710 4945 1873 4989 BOUR'

245 5033 431 5085 GUEIL,
474 5033 542 5074 ET
580 5034 651 5074 DE
691 5033 884 5075 SAlNCT
921 5033 1152 5076 NICOLAS
1188 5019 1477 5086 D'ANGERS,
1519 5034 1610 5083 QUI
1649 5033 1870 5076 DECEDA

245 5122 312 5162 LE
374 5121 454 5162 XII
506 5123 805 5164 NOVEMBRE
857 5123 917 5164 Μ.
987 5125 1039 5164 D.
1101 5123 1290 5165 XXXIX
1349 5123 1446 5164 EST
1506 5123 1594 5164 ΙοΥ
1641 5123 1870 5165 DESSOUS

243 5211 517 5252 ENTERRE.

634 5290 680 5338 Α
692 5286 885 5339 bbates
911 5286 1405 5340 commendalarii.

245 5372 439 5426 XLIII.
494 5375 740 5428 Joannes
787 5375 1093 5428 cardinalis
1132 5388 1166 5429 a
1220 5375 1606 5445 Lotharingia,
1647 5376 1869 5444 primus

167 5459 348 5513 abbas
377 5463 917 5527 cotuummlatarius,
953 5463 1048 5530 qui
1087 5461 1470 5530 pcssumdedit
1509 5476 1706 5516 omnes
1733 5477 1866 5530 pro-

171 5548 477 5616 pemodum
524 5549 754 5619 Majoris
803 5550 1125 5606 Monasterii
1175 5551 1554 5620 possessiones
1603 5559 1658 5607 et
1686 5551 1865 5608 facul-

2000 3076 2145 3132 dans
2174 3089 2426 3145 operam,
2460 3076 2616 3145 apud
2649 3077 2894 3132 Verteuil
2954 3077 3013 3130 in
3066 3077 3484 3148 Engolismensi
3531 3093 3698 3150 pago,

2001 3170 2152 3218 596
2182 3164 2398 3219 efﬂavit
2428 3165 2682 3219 animam
2715 3178 2809 3220 an.
2839 3167 2992 3219 I583.
3028 3165 3216 3235 Atque
3240 3166 3460 3222 utinam
3494 3169 3699 3238 posteri

1997 3253 2231 3308 abbates
2259 3253 2732 3309 commendatarii
2760 3253 2886 3324 ejus
2943 3263 3394 3325 assequerentur
3447 3255 3698 3325 semitas,

1997 3341 2251 3411 vestigiis
2281 3341 2626 3398 inhaererent
2659 3340 2670 3395 l

2066 3429 2252 3484 XLVI.
2309 3431 2474 3484 Anno
2531 3432 2665 3484 I583
2712 3430 2959 3486 Jacobus
2991 3430 3316 3500 d’Apurilli,
3357 3431 3448 3487 vir
3487 3432 3698 3488 intimae

1993 3516 2357 3584 conditionis,
2393 3518 2546 3573 ﬁlius
2599 3518 2809 3574 lictoris
2839 3518 3290 3581 Aurelianensis,
3327 3521 3478 3576 dono
3510 3522 3696 3576 Fran-

1995 3604 2129 3658 cisci
2172 3603 2379 3660 Valesii
2436 3605 2866 3661 Aurelianensis
2923 3606 3105 3672 ducis,
3163 3615 3271 3662 etc.
3305 3608 3520 3664 Verum
3551 3609 3697 3665 duce

1996 3691 2297 3747 Francisco
2361 3706 2391 3748 e
2431 3693 2581 3748 vivis
2631 3693 2877 3762 sublato,
2938 3694 3186 3750 Jacobus
3239 3710 3344 3750 suo
3391 3696 3696 3752 destitutus

1991 3779 2276 3848 praesidio,
2314 3794 2419 3835 nec
2450 3794 2573 3835 eam
2610 3781 2947 3851 dignitatem
2998 3781 3282 3837 sustinere
3335 3783 3553 3851 valens,
3599 3785 3695 3840 ab-

1991 3876 2205 3932 batiam
2236 3877 2512 3932 cardinali
2537 3877 2838 3933 Francisco
2860 3879 2928 3933 de
2957 3879 3198 3948 Joyeuse
3221 3879 3556 3950 resignavit,
3581 3891 3688 3938 etc.

1992 3964 2124 4018 Haec
2151 3963 2350 4019 doctor
2411 3965 2711 4035 theologus
2767 3965 3007 4022 Jaculus
3062 3966 3420 4036 d'Huysseau
3467 3969 3696 4041 Majoris

1991 4050 2316 4106 Monasterii
2346 4052 2628 4108 cuenobita
2653 4067 2900 4109 coaevus.

2059 4139 2284 4196 XLVII.
2322 4141 2664 4197 Franciscus
2689 4142 2757 4198 de
2785 4143 3028 4212 Joyeuse
3060 4143 3369 4200 cardinalis
3404 4147 3560 4200 I584.

2062 4229 2313 4285 XLVIII.
2348 4231 2587 4287 Carolus
2620 4243 2654 4286 a
2684 4231 2966 4286 Borbonio
3004 4230 3144 4288 obiit
3175 4233 3330 4286 I6I0.

2061 4318 2260 4373 XLIX.
2317 4318 2688 4375 Sebastianus
2742 4318 2964 4391 Galigai
3003 4320 3468 4392 archiepiscopus
3493 4321 3684 4378 Turo-

1991 4407 2182 4462 nensis
2203 4407 2365 4462 1610.

2063 4495 2122 4550 L.
2164 4496 2492 4552 Alexander
2520 4511 2698 4567 eques
2729 4497 3158 4554 Vindocinensis
3192 4497 3345 4552 I6l7.

2061 4584 2150 4638 LI.
2184 4585 2386 4640 Petrus
2416 4585 2724 4641 cardinalis
2751 4586 2822 4642 de
2843 4585 3066 4642 Bérule.

2061 4671 2172 4726 LII.
2203 4673 2448 4728 Joannes
2505 4675 2852 4741 Armandus,
2907 4673 3216 4730 cardinalis
3244 4673 3315 4729 de
3343 4672 3633 4730 Richelieu
3665 4691 3680 4744 ;

1985 4760 2156 4831 cujus
2210 4761 2482 4831 auspiciis
2529 4761 2851 4818 instaurata
2894 4769 2976 4817 est
3018 4761 3236 4831 regulae
3302 4761 3682 4818 Benedictina:

1987 4849 2233 4918 perfecta
2267 4849 2568 4919 disciplina
2597 4864 2698 4919 per
2737 4850 2930 4905 Patres
2976 4849 3438 4921 congregationis
3490 4850 3680 4907 Sancti

1985 4938 2190 4994 Mauri.
2225 4938 2376 4994 Obiit
2407 4941 2563 5006 I642,
2593 4944 2628 4993 4
2657 4939 2919 4994 Decemb.

2059 5027 2197 5082 LIII.
2234 5028 2559 5084 Amadorus
2582 5028 2830 5084 Joannes
2860 5028 2998 5097 Bap.
3030 5027 3100 5083 de
3126 5027 3420 5097 Vignerot.

2056 5113 2143 5182 (⁴²)
2193 5112 2348 5169 CAP.
2414 5115 2484 5169 X.
2549 5145 2618 5154 —
2679 5114 2880 5171 Simon
2932 5113 3083 5168 enim
3162 5114 3414 5186 quidam.
3481 5115 3678 5173 Comes

1982 5201 2383 5272 Crespeiensis.
2449 5205 2639 5276 Hujus
2687 5205 2874 5262 Vitam
2928 5205 3000 5260 ab
3057 5212 3291 5261 auctore
3348 5205 3676 5276 synchrono

1980 5298 2298 5357 exaratam,
2331 5291 2606 5348 hactenus
2638 5293 2695 5347 in
2742 5291 3084 5347 monasterio
3135 5291 3450 5362 Ursicampi
3505 5308 3675 5363 prope

1979 5377 2406 5445 Noviodunum,
2489 5378 2955 5449 congregationis
3015 5378 3402 5434 Cisterciensis
3456 5380 3674 5435 ordinis

1981 5465 2170 5522 Sancti
2205 5467 2490 5522 Benedicti
2542 5467 2809 5523 latentem
2863 5467 3252 5537 evulgamus;
3299 5467 3490 5523 locum
3519 5469 3671 5524 obti—

1980 5562 2075 5610 net
2107 5555 2164 5610 in
2199 5555 2610 5612 Additamentis
2640 5556 2911 5628 operibus
2959 5556 3214 5613 Guiberti
3263 5557 3460 5614 nostri.
3497 5558 3670 5614 Insu-
