3922 6080
266 244 405 297 10⁸79

1304 234 1397 288 ΑΙ)
1436 233 1588 289 ΟΡΡ.
1631 231 1785 286 VEN.
1817 226 2154 286 GUIBERTI
2188 227 2278 282 DE
2318 225 2717 284 NOVIGENTO

3634 227 3655 279 1
3669 224 3780 279 080

263 394 366 452 per
400 392 473 435 ex
498 375 769 433 chronico
824 372 1091 430 Besuensi
1146 385 1251 427 ms.
1313 370 1633 441 pericopen.
1690 375 1754 426 ut
1813 375 1953 438 puta
1990 364 2125 420 Ain
2153 365 2428 434 spelunca
2454 363 2671 433 duplici
2711 360 2996 452 collocare
3043 360 3169 428 feci,
3229 367 3295 417 ut
3343 359 3553 417 melius
3609 358 3775 452 apud

267 471 417 526 lectu
447 481 564 523 non
612 465 932 533 indignam,
981 461 1135 518 etab
1170 461 1446 530 scriptore
1497 460 1640 515 Vita
1679 459 1740 514 Β.
1775 458 1961 514 Simo-

267 555 359 610 nis
388 554 592 624 partim
639 552 793 607 haud
842 550 1065 620 scriptis
1114 550 1448 619 consignata
1495 548 1958 617 complectentem

267 653 571 709 excerpere
635 639 825 694 visum
882 646 984 693 est.
1049 638 1233 707 Igitur
1282 638 1338 692 in
1402 637 1690 707 Stephano
1756 636 1963 691 abbate

269 725 580 782 Besuensi:
621 747 642 773 σ
679 727 744 780 In
802 725 1005 780 diebus
1053 725 1165 780 illis
1220 725 1446 780 vocavit
1501 738 1746 793 sponsus
1801 722 1872 777 ad
1904 735 1963 776 se

267 828 536 885 sponsam
566 828 732 870 suam
763 814 1044 879 Christus,
1073 814 1329 869 videlicet
1351 813 1677 875 Ecclesiam,
1714 812 1908 866 venire
1929 825 1963 865 a

250 898 555 959 'cubilihus
620 903 873 970 leonum,
922 911 978 957 et
1025 903 1316 958 montibus
1368 901 1787 971 leopardorum,
1863 914 1964 969 per

268 999 517 1047 montem
576 992 826 1061 myrrhze
872 999 927 1047 et
990 991 1161 1046 colles
1210 991 1407 1045 libani.
1460 991 1753 1059 Principes
1809 990 1962 1044 enim

269 1078 370 1148 qui
404 1079 565 1148 prius
596 1078 824 1134 fuerant
871 1078 1084 1134 similes
1134 1078 1395 1134 leonibus
1446 1086 1673 1146 propter
1710 1077 1963 1132 crudeli-

268 1174 440 1222 tatem
462 1174 516 1221 et
551 1174 846 1232 terrorem,
896 1175 952 1223 et
1004 1167 1287 1236 Ieopardis
1344 1175 1574 1235 propter
1603 1163 1963 1221 diversarum

271 1254 642 1325 iniquitatum
704 1254 1066 1320 varietatem;
1134 1255 1432 1323 hysopina,
1506 1255 1708 1309 humili
1753 1254 1965 1309 scilicet

269 1342 622 1397 confessione
649 1341 937 1408 mundati,
969 1355 1069 1411 per
1118 1341 1411 1409 myrrham
1461 1340 1962 1397 mortificationum

269 1430 517 1485 candore
546 1438 683 1485 sunt
712 1444 887 1499 super
908 1431 1096 1485 nivem
1128 1430 1396 1485 dealbati.
1431 1451 1451 1476 ι

347 1539 367 1565 ε
427 1518 645 1572 Horum
719 1526 913 1573 autem
965 1518 1183 1573 exstitit
1247 1525 1420 1588 caput
1463 1525 1518 1572 et
1558 1518 1680 1573 dux
1727 1517 1966 1588 quidam

270 1620 458 1662 comes
514 1606 865 1662 Francorum
951 1606 1359 1673 nobilissimus,
1435 1605 1628 1662 Simon
1715 1606 1962 1674 nomine,

2070 454 2268 513 Deum,
2300 452 2566 508 eumdem
2606 450 3098 520 archiepiscopum
3130 457 3182 505 et
3235 458 3567 518 martyrem,
3622 448 3781 502 vide-

2070 541 2196 597 licet
2251 541 2480 596 beatum
2533 539 2866 605 Arnulfum,
2926 538 3246 594 habeamus
3302 551 3404 606 pro
3462 537 3783 591 animabus

2069 630 2278 685 nostris
2338 630 2800 691 intercessorem;
2862 627 3043 681 eidem
3074 626 3324 681 ecclesiae
3354 639 3454 694 per
3483 624 3781 679 annulum

2071 731 2314 773 aureum
2348 725 2521 771 totam
2580 724 2792 770 terram
2824 714 2892 769 de
2934 714 3237 779 Bonoculo,
3273 728 3450 784 quam
3496 714 3787 768 hactenus

2072 804 2130 860 in
2160 805 2414 859 dominio
2455 803 2756 858 habebam.
2808 817 2937 856 cum
2971 802 3153 857 servis
3180 811 3235 857 et
3271 802 3541 857 omnibus
3566 815 3791 870 appen-

2073 894 2235 949 diciis
2256 894 2377 949 suis
2426 892 2694 958 concedo,
2736 901 2840 948 etc.
2877 896 3080 946 Actum
3115 890 3487 960 Crispiacensi
3521 890 3790 945 castlello

2072 996 2134 1037 ιι
2166 981 2289 1036 Kal.
2312 980 2488 1049 April.
2514 995 2608 1035 an.
2638 981 2930 1035 Incarnat.
2960 981 3110 1043 1077,
3134 980 3327 1034 indict.
3353 994 3450 1043 xv,
3472 986 3667 1047 epact.
3696 979 3789 1042 23,

2072 1084 2338 1125 concurr.
2372 1083 2449 1135 v1,
2481 1077 2758 1139 regnante
2790 1068 3056 1137 Philippo
3088 1083 3217 1137 rege
3254 1071 3638 1124 Francorum.

2149 1180 2170 1207 ι
2206 1158 2445 1228 Signum
2477 1157 2721 1227 Philippi
2755 1158 2925 1228 regis,
2964 1179 2983 1203 ι
3019 1165 3125 1212 etc.

2143 1246 2231 1301 Ita
2259 1245 2662 1301 Chartularius
2708 1244 3108 1314 Crespeiensis.
3142 1244 3278 1311 Quae
3337 1259 3472 1299 vero
3511 1243 3795 1312 sequitur

2075 1334 2318 1389 Simonis
2374 1334 2597 1388 comitis
2642 1332 2882 1403 epistola
2935 1333 3006 1387 ad
3058 1333 3285 1389 beatum
3322 1334 3628 1403 Hugeuem
3684 1345 3795 1399 pa-

2075 1421 2187 1476 lam
2223 1421 2355 1476 facit
2386 1422 2641 1476 eamdem
2683 1420 2876 1477 Sancti
2931 1421 3158 1476 Arnulti
3197 1421 3483 1477 abbatiam
3544 1420 3792 1475 Clunia-

2074 1509 2342 1565 censibus
2363 1508 2535 1564 fuisse
2565 1509 2855 1564 traditam.

2151 1620 2172 1646 ι
2210 1597 2541 1652 Venerando
2572 1597 2766 1653 abbati
2815 1597 3044 1668 Hugoni
3077 1605 3131 1653 et
3165 1598 3320 1653 omni
3351 1597 3796 1668 congregationi

272 1694 560 1763 Rodulpbi
620 1695 842 1750 comitis
887 1694 1032 1766 Imp.
1084 1694 1281 1765 ﬁlius].
1315 1659 1419 1751 Iiic
1450 1695 1651 1750 divina.
1678 1659 1967 1765 respectu;
2004 1659 2047 1713 Β
2075 1684 2468 1743 Cluniacensis
2513 1685 2772 1750 ccenobii,
2806 1686 3001 1741 Simon
3053 1700 3258 1753 comes,
3320 1686 3536 1741 Vestrae
3573 1686 3795 1741 sancti-

275 1781 687 1847 misericordia,
723 1782 1006 1838 mundum
1036 1782 1348 1853 fugientem
1402 1782 1565 1852 fugit,
1598 1791 1654 1838 et
1681 1782 1969 1839 Christum

275 1877 574 1925 vocantem
607 1884 666 1925 se
692 1878 925 1925 secutus
950 1878 1051 1925 est.
1090 1866 1579 1939 Expetiitbautem
1646 1869 1970 1926 coenobium

274 1958 453 2012 sancti
515 1958 773 2028 Eugendi
834 1958 1112 2024 Jurensis,
1173 1958 1250 2014 ibi
1288 1958 1512 2014 Christo
1575 1973 1635 2014 se
1684 1958 1971 2014 sacrifica-

276 2051 462 2099 turus.
497 2045 852 2101 Praemiserat
881 2054 1014 2102 ante
1044 2061 1103 2100 se
1142 2046 1288 2101 duos
1335 2046 1750 2102 illustrissimos
1800 2046 1971 2111 viros,

274 2129 550 2186 domuum
602 2132 992 2201 Rodulphum,
1023 2141 1078 2189 et
1124 2133 1400 2188 domnum
1455 2134 1836 2201 Franconem;
1882 2147 1975 2188 se-

276 2232 408 2273 cum
442 2233 575 2274 vero
604 2219 769 2275 duxit
813 2220 1090 2276 domuum
1149 2222 1477 2287 Robertum,
1534 2222 1811 2278 domuum
1860 2222 1975 2277 Ar-

277 2306 586 2375 nulphum,
641 2316 696 2362 et
761 2308 1031 2364 domuum
1103 2310 1473 2366 Varnerium.
1542 2311 1608 2365 Hi
1677 2324 1876 2365 omnes
1920 2317 1975 2365 et

279 2395 597 2451 secundum
664 2410 848 2466 genus
910 2396 1103 2453 saeculi
1170 2398 1489 2461 clarissimi,
1555 2407 1610 2453 et
1654 2398 1974 2454 secundum

278 2485 459 2538 Deum
488 2483 847 2550 nobilissimi,
894 2493 1086 2556 postea
1132 2501 1191 2541 se
1220 2486 1617 2542 holocaustum
1653 2486 1766 2542 Deo
1806 2486 1974 2542 obtu-

280 2570 489 2626 lerunt.

355 2682 375 2709 ι
420 2660 559 2715 Erat
587 2659 781 2715 adhuc
828 2660 1075 2716 domnus
1104 2659 1465 2729 Stephamus.
1515 2660 1585 2716 de
1640 2675 1757 2730 quo
1812 2662 1977 2717 nobis

277 2761 483 2813 sermo,
517 2748 780 2811 tenellus,
814 2748 1158 2805 militaribus
1185 2757 1407 2804 tantum
1441 2749 1617 2804 armis
1655 2750 1973 2806 decoratus.

278 2836 383 2891 Sed
450 2836 664 2891 saniori
740 2850 882 2891 usus
946 2837 1202 2902 consilio,
1264 2851 1401 2903 una,
1464 2839 1575 2892 Deo
1638 2837 1973 2907 inspirante,

279 2924 470 2977 Patres
499 2921 635 2977 istos
681 2930 932 2988 secutus,
973 2924 1235 2980 sweulari
1292 2925 1475 2981 balteo
1534 2925 1971 2993 abrenuntians,

275 3009 601 3080 Christique
654 3011 863 3081 jugum
920 3012 1257 3081 suscipiens,
1319 3014 1375 3068 in
1436 3014 1670 3083 praefato
1720 3015 1977 3071 coenobio

277 3096 659 3153 monachilem
688 3098 863 3152 vitam
904 3098 1171 3168 arripuit,
1232 3099 1427 3170 ibique
1466 3101 1575 3157 sub
1605 3102 1818 3157 domno
1849 3104 1976 3158 Hu-

280 3186 478 3241 naudo
535 3184 739 3241 abbate
794 3200 893 3255 per
942 3187 1131 3242 decem
1201 3202 1382 3244 annos
1412 3204 1470 3245 se
1502 3189 1558 3245 in
1590 3190 1687 3245 Dei
1745 3191 1976 3247 servitio

276 3273 568 3330 mactavit.
603 3273 817 3330 Deinde
837 3274 1179 3332 Cluniacum
1206 3278 1460 3347 expetiit,
1496 3300 1516 3326 ι
1545 3287 1653 3334 etc.

346 3362 649 3419 Albericus
722 3362 1109 3420 Cisterciensis
1186 3367 1500 3422 monachus
1568 3368 1629 3422 in
1708 3368 1975 3425 chronico

276 3450 538 3506 nondum
564 3449 715 3505 edito
768 3451 1098 3507 summatim
1158 3460 1316 3523 gesta
1370 3454 1541 3510 refert
1592 3455 1655 3510 Β.
1702 3454 1972 3519 Simonis,

274 3538 540 3594 videlicet
592 3539 759 3593 annis
821 3540 971 3605 1074,
1016 3543 1151 3594 1076
1200 3549 1255 3597 et
1305 3544 1461 3608 1081,
1512 3544 1609 3599 sed
1660 3544 1797 3614 quia
1830 3544 1972 3600 nihil

274 3626 596 3697 singulare,
628 3634 834 3697 praeter
852 3641 921 3682 ea
950 3642 1082 3699 quae
1111 3628 1170 3684 in
1198 3632 1318 3685 vita
1346 3640 1623 3697 recenset,
1659 3633 1975 3701 regerenda

276 3729 391 3771 non
425 3716 647 3785 putavi.

344 3804 519 3859 Porro
559 3812 750 3860 autem
801 3803 1077 3873 praeclara
1122 3812 1297 3875 atque
1325 3806 1591 3877 religiosa
1621 3808 1692 3863 ab
1721 3807 1970 3875 Simone,

274 3890 412 3947 dum
444 3892 637 3948 adhuc
665 3892 1043 3948 saecularibus
1087 3893 1498 3963 implicaretur,
1548 3904 1674 3952 acta
1725 3911 1970 3955 comme-

273 3988 501 4035 morant
532 3980 887 4035 chartularia
914 3981 1244 4051 Crepeiense
1267 3991 1322 4038 et
1349 3983 1742 4040 Cluniacense.

346 4084 374 4116 tl
411 4067 474 4120 In
504 4068 736 4123 nomine
772 4075 982 4123 sanctae
1037 4078 1091 4125 et
1129 4070 1444 4127 individua;
1490 4073 1807 4138 Trinitatis,
1860 4081 1967 4130 etc.

272 4156 472 4213 Omnis
514 4157 615 4228 qui
661 4159 1029 4228 semetipsum
1090 4160 1356 4231 intelligit
1403 4162 1693 4217 hominem
1742 4163 1972 4220 duabus

2083 1782 2214 1830 tatis
2237 1774 2526 1842 servulus,
2560 1774 2825 1830 salutem.
2862 1795 2891 1824 »

2150 1869 2303 1917 ειη
2352 1883 2380 1911 ι
2438 1863 2651 1919 Notum
2697 1865 2770 1919 sit
2822 1872 3020 1919 vestrae
3067 1862 3425 1930 Celsitudini,
3458 1861 3792 1918 beatissime

2080 1952 2265 2018 Pater,
2310 1966 2401 2008 me
2461 1951 2767 2022 plusquam
2819 1966 3017 2007 omnes
3076 1952 3336 2007 homines
3384 1952 3442 2006 in
3480 1964 3666 2006 carne
3712 1951 3785 2004 vi-

2079 2048 2277 2096 ventes
2307 2040 2366 2096 in
2410 2041 2589 2096 Deum
2631 2040 2889 2111 diligere,
2931 2048 3106 2110 atque
3155 2041 3478 2109 proficuum
3505 2047 3563 2095 et
3604 2039 3791 2094 hono-

2081 2142 2199 2183 rem
2248 2136 2506 2184 vestrum
2566 2129 2620 2183 in
2676 2138 2960 2198 quantum
3017 2116 3177 2183 valeo
3216 2142 3494 2197 quaerere.
3530 2128 3790 2182 Concedo

2083 2217 2278 2286 itaque
2300 2217 2459 2272 vobis
2488 2223 2543 2272 et
2572 2217 2844 2272 omnibus
2893 2216 3321 2272 successoribus
3350 2217 3560 2271 vestris
3617 2216 3787 2272 abba-

2085 2304 2219 2359 tiam
2250 2304 2432 2360 sancti
2463 2304 2774 2374 Arnulphi.
2799 2320 2930 2375 quae
2959 2312 3288 2360 constructa
3307 2311 3392 2359 est
3422 2305 3476 2358 in
3532 2305 3787 2370 castello,

2083 2393 2185 2463 qui
2212 2400 2454 2448 vocatur
2479 2392 2694 2462 Crispi;
2731 2400 2792 2449 ut
2817 2392 3052 2448 omnino
3098 2392 3359 2461 subjecta
3415 2393 3485 2447 sit
3515 2393 3792 2461 vobis;et

2085 2481 2161 2536 ibi
2228 2480 2495 2536 abbatem
2579 2481 2648 2535 de
2715 2480 2918 2535 vestris
2999 2480 3295 2535 monachis
3373 2480 3624 2550 eligatis,
3692 2480 3793 2549 qui

2084 2569 2402 2624 secundum
2459 2569 2664 2634 Deum,
2724 2576 2779 2624 et
2823 2569 3143 2623 secundum
3190 2568 3452 2639 regulam
3502 2568 3659 2624 beati
3698 2569 3796 2623 Be-

2087 2656 2315 2724 nedicti,
2351 2656 2490 2711 illud
2533 2656 2942 2712 monasterium
2995 2670 3189 2725 regere
3241 2657 3435 2726 possit.
3486 2656 3622 2711 Volo
3654 2671 3795 2726 ergo

2087 2754 2149 2801 ut
2177 2744 2368 2799 sciatis
2412 2757 2501 2799 me
2554 2743 2747 2800 fecisse
2774 2758 2904 2799 cum
2933 2744 3188 2811 consilio,
3222 2749 3435 2800 etcum
3490 2744 3797 2799 voluntate

2086 2846 2343 2887 meorum
2380 2832 2703 2898 hominum,
2763 2832 2975 2887 scilicet
3030 2832 3351 2902 majorum;
3412 2847 3518 2887 nec
3568 2847 3688 2887 non
3739 2840 3797 2886 et

2014 2934 2279 3009 Cregem
2328 2920 2477 2975 hanc
2535 2935 2659 2975 meo
2715 2920 3025 2990 deprecatu
3107 2920 3364 2976 ﬁrmasse
3426 2921 3792 2987 chartulam;

2087 3008 2346 3078 Philippo
2428 3008 2688 3064 videlicet
2760 3016 3003 3073 astante,
3077 3017 3132 3064 et
3194 3009 3535 3064 concedente
3590 3010 3790 3064 lvone.

2082 3098 2275 3152 Testes
2313 3096 2505 3151 Simon
2550 3095 2787 3166 dapifer,
2834 3106 2941 3153 etc.
2977 3098 3212 3153 Factum
3262 3097 3321 3151 in
3363 3097 3532 3152 domo
3583 3097 3639 3151 S.
3672 3098 3789 3152 Ma-

2080 3185 2181 3241 rize
2236 3184 2587 3252 Parisiensis,
2656 3185 2747 3241 die
2812 3185 3133 3242 festivitatis
3218 3185 3477 3241 omnium
3544 3187 3791 3241 Sancto-

2082 3287 2236 3329 rum.

2154 3379 2180 3414 ι
2212 3360 2451 3432 Signum
2485 3360 2729 3431 Philippi
2760 3360 2930 3432 regis.
2966 3384 2992 3410 ι

2152 3450 2287 3506 Haec
2315 3458 2531 3506 veteres
2561 3450 2910 3506 membranae
2932 3450 3352 3507 Cluniacenses.

2152 3538 2501 3594 Conﬁrmata
2539 3553 2775 3609 quoque
2820 3547 2905 3595 est
2954 3539 3204 3609 praefatae
3253 3538 3518 3595 Ecclesiae
3548 3538 3784 3595 donatio

2081 3639 2114 3681 a
2170 3625 2581 3682 Silvanectensi
2633 3627 2888 3684 antistite
2939 3629 3227 3699 Hugone:
3267 3636 3418 3698 patet
3472 3642 3546 3684 ex
3579 3628 3782 3683 iisdem

2081 3714 2452 3770 membranis.

2149 3804 2240 3873 (“)
2280 3804 2418 3857 IBtD.
2451 3833 2518 3843 —
2550 3801 2656 3869 Qui
2684 3802 2919 3874 quidem
2953 3804 3296 3876 Radulphu:
3317 3821 3493 3876 quam
3519 3804 3789 3871 celebria

2078 3899 2185 3947 etc.
2261 3892 2401 3961 Ejus
2461 3892 2853 3963 genealogiam
2894 3893 3164 3949 describit
3230 3894 3328 3948 lvo
3395 3894 3789 3957 Carnotensis,

2078 3979 2241 4048 epist.
2289 3979 2379 4032 45.
2432 3996 2459 4027 «ι
2514 3979 2804 4036 Perlatum
2855 3990 2940 4036 est
2978 3982 3050 4036 ad
3121 3995 3293 4038 aures
3343 3992 3572 4037 nostras
3628 3983 3787 4051 quod

2079 4067 2443 4123 Mellentinus
2509 4081 2699 4124 comes
2749 4068 2958 4125 ducere
3007 4069 3141 4125 velit
3175 4070 3231 4125 in
3309 4084 3552 4126 uxorem
3604 4070 3786 4125 filiam

2080 4155 2340 4226 Hugonis
2385 4156 2768 4225 Crespeiensis
2839 4157 3081 4225 comitis,
3157 4166 3264 4214 etc.
3316 4159 3533 4213 Horum
3585 4167 3785 4214 autem

272 4244 518 4311 naturis,
550 4245 744 4301 anima
764 4246 1026 4302 videlicet
1052 4248 1319 4303 rationali
1344 4257 1399 4304 et
1428 4263 1663 4318 corpore
1709 4259 1970 4308 constare

2079 4242 2442 4314 sauguinitas
2497 4258 2601 4299 nec
2648 4244 2846 4316 ignota
2901 4254 3006 4312 est,
3060 4260 3164 4302 nec
3210 4254 3447 4310 remota,
3502 4246 3658 4302 sicut
3702 4255 3785 4301 te-

272 4331 582 4400 cognoscit,
649 4341 755 4388 etc.
805 4333 1165 4405 Quapropter
1201 4349 1306 4405 ego
1354 4334 1545 4391 Simon
1595 4350 1782 4393 comes
1835 4337 1968 4395 Cre-

272 4418 564 4485 speiensis,
613 4426 720 4474 etc.
771 4419 1022 4476 Salutem
1071 4421 1280 4477 animae
1324 4437 1483 4489 meae,
1532 4425 1645 4480 imo
1691 4433 1746 4481 et
1792 4427 1970 4496 patris

273 4507 382 4560 mei
422 4508 767 4563 venerabilis
824 4509 1044 4565 comitis
1102 4511 1389 4581 Radulphi
1421 4526 1752 4581 praecavens
1790 4515 1848 4570 in
1877 4516 1969 4572 fu-

274 4601 493 4663 turum,
550 4597 847 4665 praesentis
901 4599 1030 4652 vita:
1082 4598 1204 4654 dies
1246 4600 1387 4655 nihil
1429 4615 1550 4656 esse
1590 4604 1966 4673 conspiciens,

272 4689 447 4750 atque
480 4691 726 4738 mentem
750 4698 852 4752 pro
884 4699 1041 4754 posse
1075 4686 1132 4741 in
1159 4687 1613 4744 consideratione
1633 4691 1967 4747 aeternitatis

273 4770 471 4839 figens,
521 4771 921 4839 supradictum
970 4773 1341 4844 Radulphum
1394 4784 1610 4845 patrem
1660 4792 1850 4835 meum
1899 4780 1968 4835 de

272 4856 760 4927 Montedesiderio,
779 4860 898 4930 jam
928 4875 1029 4930 per
1061 4870 1173 4918 tres
1202 4877 1384 4919 annos
1412 4873 1536 4934 post
1566 4865 1686 4922 suis
1716 4868 1968 4936 corporis

270 4944 700 5014 dissolutionem
753 4947 829 5004 ibi
853 4948 1159 5019 jacentem,
1200 4960 1493 5022 asportare
1523 4953 1648 5022 feci,
1689 4962 1744 5010 et
1773 4955 1966 5011 Eccle-

269 5032 367 5088 siae
392 5031 616 5090 Sanctis
644 5036 950 5106 Arnulphi,
986 5053 1118 5108 quae
1163 5040 1235 5096 ab
1269 5041 1487 5108 eodem,
1519 5049 1574 5097 et
1607 5042 1680 5098 ab
1710 5050 1968 5098 anteces-

269 5120 497 5177 soribus
547 5122 607 5177 in
635 5123 863 5181 castello
912 5125 1285 5195 Crispiacensi
1327 5128 1641 5185 honoriﬁco
1679 5129 1967 5186 schemate

271 5205 543 5276 fundata;
577 5210 634 5265 in
661 5224 780 5281 qua
807 5212 978 5269 etiam
1007 5229 1079 5271 ex
1110 5229 1264 5285 aqua
1313 5223 1368 5272 et
1406 5215 1619 5286 Spiritu
1644 5225 1841 5272 sancto
1872 5231 1966 5273 re-

268 5302 442 5350 natus
469 5297 674 5362 fuerat,
704 5301 943 5367 reddidi,
978 5303 1174 5373 ibique
1210 5318 1363 5360 more
1399 5304 1775 5375 antiquorum
1792 5305 1965 5376 juxta

270 5383 595 5451 sepulcrum
630 5389 827 5445 matris
860 5404 1019 5458 meae,
1054 5391 1252 5448 uxoris
1280 5407 1427 5458 sua;
1470 5407 1573 5449 nec
1597 5408 1707 5449 non
1738 5402 1791 5451 et
1825 5409 1965 5464 prie-

269 5469 632 5528 decessorum
664 5483 1011 5544 nostrorum,
1052 5492 1184 5533 cum
1239 5479 1473 5549 psalmis
1514 5487 1570 5536 et
1606 5482 1964 5538 orationibus

2077 4339 2325 4399 stantur,
2377 4338 2431 4387 et
2478 4331 2721 4401 probare
2800 4334 2982 4403 parati
3044 4342 3183 4389 sunt
3243 4332 3501 4404 praeclari
3561 4335 3673 4389 viri
3714 4335 3785 4390 de

2074 4419 2272 4475 eadem
2301 4419 2410 4475 sati
2442 4422 2724 4490 prosapia.
2783 4421 2993 4477 Dicunt
3048 4423 3204 4479 enim
3250 4422 3390 4492 quia
3447 4422 3786 4479 Gualterius

2076 4508 2260 4563 Albus
2285 4509 2486 4579 genuit
2510 4517 2748 4565 matrem
2772 4510 3126 4566 Gualeranni
3151 4512 3391 4578 comitis,
3419 4512 3522 4582 qui
3576 4513 3785 4582 genuit

2078 4605 2317 4652 matrem
2356 4596 2586 4653 Roberti
2618 4596 2862 4653 comitis.
2905 4599 3043 4654 Item
3073 4600 3444 4669 supradictus
3466 4598 3787 4655 Gualterus

2076 4685 2274 4755 genuit
2304 4684 2675 4754 Badulphum
2708 4694 2925 4755 patrem
2952 4686 3192 4742 alterius
3246 4686 3535 4757 Radulphi
3587 4688 3787 4757 (cujus

2077 4774 2169 4829 hic
2203 4773 2461 4830 meminit
2510 4774 2841 4846 Guibertus)
2890 4776 2993 4846 qui
3049 4776 3250 4847 genuit
3287 4776 3783 4832 Vermandensem

2074 4862 2445 4927 comitissam,
2481 4880 2507 4912 ι)
2536 4870 2642 4917 etc.
2684 4863 2755 4918 Et
2803 4862 2926 4917 haec
2962 4862 3142 4919 haeres
3188 4863 3247 4918 Β.
3300 4862 3543 4917 Simonis
3585 4862 3786 4919 fratris

2075 4949 2162 5004 sui
2200 4948 2642 5020 exstitit;cujus
2670 4950 2789 5005 ﬁlia
2840 4950 3019 5006 Adela
3059 4951 3310 5014 nomine,
3358 4951 3608 5020 Hugoni,
3670 4952 3785 5006 [ilio

2076 5038 2305 5093 Henrici
2364 5037 2515 5108 regis
2575 5039 2947 5101 Francorum,
2996 5039 3191 5109 nupsit
3240 5040 3513 5109 primum,
3572 5039 3785 5095 deinde

2073 5127 2351 5183 Bainaldo
2432 5128 2626 5184 comiti
2700 5129 3173 5195 Claromontensi,
3245 5136 3308 5186 ut
3364 5127 3537 5185 refert
3612 5136 3786 5186 vetus

2072 5216 2275 5273 charta
2295 5216 2680 5287 Crespeiensis
2701 5227 2946 5273 monast.

2149 5328 2169 5354 ε
2238 5306 2354 5376 Ego
2407 5305 2580 5361 Adela
2645 5306 3173 5363 Viromanduorum
3219 5306 3531 5373 comitissa,
3572 5314 3633 5362 et
3678 5307 3781 5362 ﬁlii

2072 5394 2180 5448 mei
2238 5408 2425 5449 comes
2478 5394 2820 5464 Radulphus
2858 5404 2913 5451 et
2944 5397 3243 5459 Henricus,
3276 5395 3553 5451 dedimus
3582 5396 3641 5453 S.
3672 5400 3777 5453 Ar-

2071 5482 2233 5537 nulfo
2284 5484 2544 5553 martyri,
2597 5497 2666 5539 ea
2722 5499 2854 5557 qua;
2918 5486 3216 5540 comitissze
3265 5484 3670 5555 Crespeienses
3725 5488 3781 5542 in
