3922 6080
131 286 261 341 1081

1366 285 1589 342 DOMNI
1627 285 1690 341 L.
1741 285 2090 343 D’ACHERY
2129 287 2357 345 NOTIE.

3487 292 3629 347 1082

132 422 355 492 privato
403 421 537 492 jure
577 435 701 488 suo,
767 420 823 476 in
871 427 1060 476 castro
1104 435 1231 477 meo
1281 421 1523 492 Crespei,
1571 430 1626 479 et
1673 420 1825 478 villis
1860 421 2252 479 ACarthusiae
2329 423 2636 479 Dominum
2712 424 2905 479 Iesum
2981 423 3271 481 Christum
3334 425 3626 496 quoddam

133 512 330 576 Fenez,
357 517 487 575 etc.,
520 509 593 564 ad
622 508 1095 565 sustentationem
1126 509 1549 566 monachorum
1583 509 1823 567 Clunia-

129 598 388 654 censium
462 598 614 666 apud
668 598 997 667 Crespeium
1070 598 1184 653 Deo
1253 598 1648 655 servientium.
1710 600 1826 655 Hoc

131 686 349 742 donum
379 685 637 749 fecimus,
673 694 735 742 ut
758 686 1028 741 dominus
1050 700 1210 742 meus
1240 687 1404 757 Hugo
1432 701 1695 757 magnus,
1724 687 1826 758 qui

132 774 274 829 obiit
324 774 380 828 in
439 774 533 828 via
581 774 1077 843 Jerosolymitana,
1128 788 1260 829 cum
1317 775 1445 829 filiis
1491 783 1545 831 et
1598 776 1827 831 filiabus

134 862 293 929 meis,
342 876 473 917 cum
523 861 757 916 domino
807 875 932 915 meo
982 862 1186 917 comite
1229 861 1637 919 Clermontensi
1688 865 1829 920 Bai-

133 950 326 1017 naldo,
361 950 664 1019 participes
703 951 883 1004 simus
913 949 971 1004 in
1000 949 1358 1006 orationibus
1402 951 1662 1006 omnium
1693 966 1825 1006 con-

135 1038 539 1108 gregationum
615 1036 857 1092 caenobii
918 1036 1177 1093 Cluniae.
1250 1042 1455 1094 Actum
1532 1053 1627 1093 an.
1696 1042 1829 1093 lll8

135 1125 406 1180 Paschale
442 1127 509 1194 ll,
548 1126 652 1180 PP.
687 1139 819 1195 rege
850 1125 1053 1179 Franc.
1083 1125 1394 1194 Ludovico,
1434 1150 1453 1175 ιι
1488 1135 1593 1183 etc.

210 1214 577 1283 Rodulphum
611 1224 803 1269 autem
835 1228 1009 1269 avum
1056 1214 1265 1281 Adelae,
1299 1216 1367 1270 de
1395 1230 1511 1285 quo
1542 1216 1706 1271 nobis
1747 1222 1832 1271 est

137 1316 344 1369 sermo,
396 1302 837 1372 Crespeiensem,
891 1304 1013 1358 sive
1062 1303 1377 1358 Vadensem
1431 1311 1486 1359 et
1537 1304 1829 1360 Valesien-

138 1404 256 1445 sem
318 1390 583 1446 comitem
657 1390 855 1445 multis
912 1391 1147 1447 auxisse
1201 1392 1365 1447 bonis
1418 1394 1830 1449 monasterium

139 1474 195 1531 8.
229 1476 521 1546 Arnulphi
563 1475 756 1546 Cresp.
794 1476 994 1547 (hujus
1044 1477 1316 1533 fundator
1361 1492 1508 1534 avus
1545 1478 1830 1548 Badulphi

137 1564 469 1621 Gualterius
499 1564 683 1621 Albus
730 1565 1110 1636 agnoscitur),
1148 1566 1399 1635 produnt
1436 1567 1690 1637 ejusdem
1724 1566 1831 1623 loci

138 1653 471 1723 antiquiora
525 1661 923 1720 monumenta,
990 1654 1084 1709 sed
1147 1653 1398 1709 maxime
1456 1654 1596 1710 illud
1653 1657 1832 1711 sacris

136 1740 200 1796 B.
249 1740 534 1810 Arnulpbi
586 1741 923 1812 pignoribus
978 1741 1293 1797 decorasse.
1341 1742 1569 1799 Veteres
1616 1743 1830 1801 chartae

137 1830 207 1885 de
260 1829 582 1900 Rodulpho,
623 1843 875 1899 quarum
926 1831 1311 1887 summarium
1343 1831 1451 1887 hoc
1496 1840 1623 1887 est:
1663 1854 1683 1880 ι
1723 1833 1829 1889 Ro-

135 1916 392 1987 dulphus
436 1931 626 1973 comes
660 1917 1111 1987 Crespeiacensis
1157 1918 1405 1988 plurima
1433 1920 1728 1988 quondam
1773 1920 1832 1975 in

136 2006 413 2063 beneficio
458 2006 687 2062 tenebat
729 2004 937 2060 altaria
980 2006 1052 2061 ab
1083 2007 1347 2075 episcopo
1396 2006 1830 2075 Suessionensi;

134 2094 231 2151 sed
287 2101 414 2164 post
473 2102 713 2150 mortem
764 2094 953 2150 Adelae
1001 2094 1203 2150 uxoris
1255 2108 1393 2159 suae,
1443 2094 1516 2149 ab
1570 2094 1833 2150 Heddone

132 2182 523 2239 Suessionensi
577 2184 841 2252 episcopo
891 2182 1132 2249 obtinet,
1188 2189 1252 2237 ut
1303 2182 1484 2237 altare
1530 2182 1601 2237 de
1656 2182 1831 2237 Bonol

133 2268 426 2341 (Bonoeil)
478 2270 633 2341 quod
680 2270 741 2325 in
793 2270 1067 2326 beneficio
1124 2271 1351 2327 tenebat
1402 2272 1472 2326 ad
1528 2284 1831 2341 personam

131 2358 563 2429 perpetualiter,
618 2366 676 2414 et
741 2372 873 2414 cum
929 2358 1258 2429 integritate
1336 2367 1521 2415 teneat
1579 2358 1833 2415 Ecclesia

132 2447 190 2504 8.
227 2447 534 2518 Arnulphi,
576 2469 598 2496 ο
625 2455 732 2504 etc.

206 2538 416 2593 Actum
474 2534 760 2592 Suesﬁoni
830 2548 966 2590 ann.
1026 2535 1310 2592 lncarnat.
1385 2538 1543 2604 1053,
1602 2536 1833 2592 Henrici

139 2624 296 2696 regis
323 2638 423 2680 xix
452 2632 507 2679 et
536 2623 721 2694 primo
750 2622 1034 2679 Heddonis
1061 2623 1333 2694 episcopi.

211 2713 353 2769 Hinc
390 2712 723 2779 nonnullos,
756 2712 860 2782 qui
890 2712 1280 2781 Bodulphum,
1314 2713 1617 2783 filiumque
1646 2714 1707 2769 Β.
1742 2712 1829 2769 Si-

132 2815 363 2857 monem
399 2801 733 2856 Viromand.
784 2800 1018 2856 comites
1050 2800 1272 2868 volunt,
1322 2800 1668 2857 ballucinari
1706 2800 1831 2856 ani-

134 2890 496 2945 madvertere
553 2896 655 2944 est.
717 2890 861 2959 Lege
913 2888 1136 2945 Claudii
1197 2890 1450 2945 Hemerei
1506 2891 1830 2961 Augustam

133 2978 572 3068 Viromand.ad
615 2990 708 3032 an.
751 2976 904 3043 1046,
935 2979 992 3033 et
1020 2977 1308 3033 Andream
1343 2977 1661 3046 Duchesne,
1695 2978 1826 3035 hist.
1869 3012 1910 3068 Ο

130 3066 451 3124 Castillion.
487 3067 583 3122 llb.
618 3082 676 3132 ιι,
710 3080 759 3120 c.
793 3069 845 3120 9.

209 3155 301 3224 (“)
331 3155 467 3209 lein.
501 3184 570 3195 —
601 3155 693 3208 Ad
718 3156 780 3210 S.
807 3151 1147 3225 Eugendum
1179 3152 1240 3206 in
1258 3152 1547 3209 territorio
1569 3155 1826 3210 Jurensi.

129 3245 277 3301 Jura
305 3242 425 3299 sive
471 3244 742 3299 Jurassus
782 3256 964 3306 mons,
1001 3242 1060 3297 in
1109 3256 1227 3312 quo
1253 3242 1307 3298 8.
1356 3243 1640 3314 Eugendi,
1676 3258 1833 3300 nunc

132 3330 192 3386 8.
242 3331 465 3387 Claudii
506 3330 833 3386 caenobium
866 3344 878 3384 :
912 3330 981 3385 de
1007 3344 1124 3399 quo
1172 3330 1483 3386 Menardus
1529 3331 1826 3391 Observat.

131 3418 523 3489 Martyrologii
580 3418 928 3475 Beuedictini
983 3417 1057 3473 ad
1107 3418 1255 3473 diem
1303 3422 1323 3473 1
1378 3418 1658 3475 Januarii.
1709 3420 1832 3487 Quo

131 3505 246 3562 loci
295 3506 707 3562 monasterium
756 3504 1109 3562 Condatense
1154 3504 1275 3561 sive
1315 3506 1761 3563 Condatescense
1798 3520 1833 3562 a

130 3594 364 3650 Jurensi
392 3595 847 3664 haudquaquam
868 3592 1340 3664 distinguendum
1372 3594 1685 3650 contendit.

206 3683 298 3752 (⁸⁸)
332 3682 467 3738 CAP.
501 3682 599 3737 XI.
633 3712 700 3721 —
733 3680 843 3747 Qui
865 3679 1251 3736 conversionis
1282 3680 1455 3735 initia
1484 3697 1552 3736 ea:
1577 3680 1833 3753 subjecta

129 3772 341 3825 nactus
367 3770 679 3838 occasione,
708 3778 812 3826 etc.
845 3770 1041 3827 Audin
1071 3783 1303 3826 causam
1337 3784 1443 3826 cur
1473 3771 1834 3827 beatissimus

133 3857 229 3914 ille
258 3858 749 3915 Carthusiensium
785 3866 1160 3928 protoparens
1207 3856 1263 3912 in
1296 3872 1552 3914 eremum
1584 3872 1830 3914 secesse-

132 3946 229 4014 rit,
284 3947 354 4002 ab
412 3954 646 4002 auctore
704 3954 990 4002 coaetaneo
1018 3946 1256 4015 posteris
1305 3946 1621 4001 traditam?
1669 3960 1832 4001 eam-

132 4033 264 4089 dem
298 4048 470 4103 prope
516 4035 700 4103 aperit
751 4032 961 4089 illemet
1007 4033 1058 4088 8.
1090 4033 1284 4088 Bruno
1326 4032 1561 4102 epistola
1590 4033 1661 4088 ad
1714 4034 1833 4090 Ra-

131 4121 459 4191 dulphum;
509 4123 610 4179 ubi
668 4122 1026 4192 potissimum
1084 4121 1190 4177 hoc
1238 4129 1582 4193 argumento
1642 4122 1831 4191 ipsum

131 4209 457 4280 sponsionis
503 4209 573 4266 de
628 4211 747 4266 vita
792 4210 1110 4266 monastica
1140 4210 1253 4265 Deo
1313 4210 1474 4266 factae
1517 4210 1828 4266 admonet:

1931 510 2407 577 confirmantem;
2439 510 2631 567 stellas
2671 511 2845 567 etiam
2877 518 3091 582 septem
3134 512 3411 569 ducatum
3456 513 3629 569 itine-

1934 598 2013 653 ris
2041 599 2149 654 sibi
2192 607 2544 669 praestantes.
2599 599 2714 655 Nec
2746 614 2906 655 mora
2951 600 3021 655 ad
3057 600 3246 669 ipsum
3290 601 3625 670 episcopum

1934 688 2176 743 veniunt
2231 696 2441 757 septem
2496 688 2628 753 viri,
2706 688 2808 757 qui
2868 703 2983 744 uno
3039 688 3320 744 desiderio
3370 689 3632 745 succensi

1938 776 2124 832 locum
2151 776 2452 832 eremiticae
2495 776 2627 832 vitae
2658 777 3012 847 quaerebant,
3050 792 3153 833 nec
3183 778 3376 833 adhuc
3404 792 3632 847 repere-

1938 874 2068 920 rant
2098 880 2111 918 :
2146 879 2395 934 quorum
2429 864 2651 934 primus
2693 865 2800 921 fuit
2830 866 3102 935 magister
3132 866 3327 921 Bruno
3358 866 3635 936 religione

1937 959 1989 1007 et
2037 951 2273 1007 scientia
2326 950 2538 1017 clarus,
2570 961 2625 1008 et
2677 953 2773 1008 alii
2828 961 3082 1023 quatuor
3131 953 3382 1021 litterati,
3432 962 3486 1009 et
3518 954 3634 1010 duo

1940 1040 2088 1103 laici,
2154 1054 2301 1110 quos
2357 1048 2592 1095 sanctus
2663 1041 2828 1111 Hugo
2886 1047 3183 1112 gratanter
3252 1041 3523 1110 suscepit,
3579 1048 3635 1097 et

1938 1129 2052 1185 voti
2107 1136 2394 1197 compotes
2444 1128 2591 1183 fecit.
2645 1129 2773 1199 Ipso
2825 1142 3080 1199 namque
3128 1129 3482 1196 consulente,
3530 1128 3634 1199 ju-

1937 1225 2130 1283 vante,
2176 1225 2231 1272 et
2258 1217 2564 1273 comitante
2611 1216 2929 1273 Carthusiae
2983 1216 3349 1272 solitudinem
3384 1216 3634 1273 intrave-

1939 1314 2099 1372 runt,
2131 1305 2373 1360 aedificia
2418 1313 2889 1373 construxerunt,
2921 1315 2975 1361 et
3014 1305 3087 1361 ibi
3134 1305 3313 1375 quieti
3354 1306 3407 1359 in
3444 1319 3636 1362 eremo

1941 1394 2182 1449 Domino
2219 1398 2367 1447 598
2414 1393 2757 1449 servierunt.
2811 1415 2831 1440 ι
2881 1393 2970 1448 Sic
3002 1393 3115 1458 ille,
3146 1394 3225 1449 sic
3260 1400 3315 1448 et
3344 1393 3638 1449 innumeri

1941 1481 2352 1552 propemodum
2413 1481 2739 1550 scriptores,
2814 1495 2961 1551 quos
3015 1480 3102 1536 his
3171 1481 3638 1538 adnotationibus

1939 1570 2170 1626 insuere
2205 1569 2373 1639 piget,
2422 1569 2889 1639 quandoquidem
2921 1583 3010 1624 me
3040 1568 3113 1623 ab
3144 1568 3252 1623 hoc
3290 1582 3461 1624 onere
3492 1569 3639 1625 levet

1939 1660 2187 1716 Joannes
2238 1658 2307 1713 de
2365 1655 2621 1727 Launoy,
2674 1658 2764 1712 vir
2814 1656 3153 1712 eruditionis
3211 1656 3515 1711 reconditae
3573 1670 3641 1711 ac

1940 1746 2255 1817 disciplinae
2331 1746 2724 1803 ecclesiasticae
2785 1744 3180 1815 peritissimus.
3254 1744 3311 1798 in
3378 1744 3642 1800 disserta-

1939 1836 2092 1893 tione
2142 1836 2219 1891 De
2269 1848 2409 1891 vera
2464 1848 2641 1891 causa
2688 1848 2941 1890 secessus
2979 1833 3032 1889 S.
3095 1832 3387 1889 Brunonis
3419 1833 3475 1887 in
3521 1846 3640 1888 ere-

1940 1935 2121 1977 mum.
2163 1920 2343 1987 Quem
2376 1934 2544 1990 porro
2586 1921 2872 1976 doctorem
2920 1920 3186 1976 habuerit
3235 1920 3436 1990 paucis
3461 1934 3639 1975 enar-

1938 2018 2028 2067 rat
2072 2009 2552 2081 chronographus
2606 2009 2993 2065 Malleacensis
3037 2022 3143 2078 par
3177 2008 3340 2064 beato
3379 2007 3637 2064 Brunoni

1939 2099 2012 2155 ad
2055 2112 2151 2154 an.
2205 2101 2328 2153 996.
2366 2119 2389 2147 ι
2447 2097 2756 2153 Gerbertus
2806 2096 2997 2153 docuit
3046 2096 3382 2152 Fulbertum
3431 2097 3638 2151 Carno-

1938 2193 2082 2244 tens.
2142 2186 2494 2256 episcopum,
2543 2193 2651 2241 etc.
2711 2185 2812 2240 Hic
2868 2184 3077 2240 iterum
3126 2183 3321 2240 docuit
3361 2184 3639 2255 Berenga-

1938 2275 2092 2332 rium
2137 2274 2480 2331 canonicum
2530 2273 2720 2330 Sancti
2769 2272 3030 2340 Martini;
3074 2272 3178 2343 qui
3227 2272 3359 2327 item
3415 2273 3635 2328 Bruno-

1939 2379 2069 2420 nem
2117 2364 2472 2428 Remensem,
2530 2369 2586 2418 et
2640 2360 2851 2417 multos
2901 2360 3044 2417 alios
3100 2361 3353 2417 haeredes
3401 2360 3638 2430 reliquit

1938 2451 2333 2523 philosophiae.
2378 2451 2573 2506 Bruno
2624 2449 2858 2521 quidem
2902 2449 3188 2519 perfectus
3240 2447 3634 2518 philosophus,

1939 2540 2257 2597 monachus
2284 2538 2520 2595 effectus
2546 2547 2601 2595 et
2632 2538 2869 2594 eremita
2896 2538 3050 2608 apud
3075 2536 3395 2594 Calabriam
3431 2536 3638 2593 multo-

1937 2644 2067 2686 rum
2102 2629 2516 2684 monachorum
2548 2629 2713 2684 Pater
2743 2627 2883 2682 obiit
2918 2627 2977 2681 in
3006 2626 3249 2682 Christo.
3286 2647 3315 2674 »

2010 2714 2082 2769 At
2133 2715 2515 2770 omittendum
2566 2712 2801 2767 minime
2846 2719 2949 2773 est,
3000 2711 3155 2781 quod
3211 2709 3513 2766 observavi
3567 2710 3637 2766 de

1940 2810 2137 2857 sancto
2184 2802 2473 2868 Brunone,
2508 2800 2783 2872 quodque
2824 2799 2991 2869 fugit,
3023 2799 3244 2868 opinor,
3292 2798 3635 2869 scriptores;

1938 2897 2079 2961 puta
2108 2890 2450 2945 cancellaria
2497 2890 2777 2961 dignitate
2826 2887 3103 2943 claruisse
3132 2887 3191 2942 in
3239 2886 3491 2942 Ecclesia
3533 2887 3636 2943 Re-

1939 2978 2161 3045 mensi;
2196 2978 2402 3034 doceor
2424 2978 2475 3032 id
2511 2992 2583 3033 ex
2614 2977 2829 3033 chartae
2868 2974 3291 3045 subscriptione
3316 2974 3486 3044 jussu
3516 2974 3635 3030 Ma-

1941 3066 2125 3123 nassis
2174 3066 2585 3136 archiepiscopi
2618 3067 2911 3122 Remensis
2967 3064 3211 3134 scriptae,
3270 3077 3389 3133 qua
3445 3076 3639 3117 mona-

1939 3156 2109 3212 sterio
2138 3154 2325 3211 Sancti
2361 3155 2544 3210 Basoli
2572 3154 2788 3210 confert
2819 3154 3025 3209 altaria
3056 3152 3259 3218 Alteio,
3283 3159 3338 3207 et
3366 3150 3634 3219 Caprille,

1938 3253 2046 3301 etc.
2081 3266 2100 3292 ι
2147 3244 2354 3299 Actum
2387 3256 2539 3298 anno
2589 3245 2722 3297 1076
2757 3241 3137 3312 praesentibus
3179 3238 3419 3296 Henrico
3443 3238 3637 3295 Sancti

1939 3331 2203 3402 Remigii,
2271 3330 2549 3388 Joscelino
2619 3330 2977 3394 Altivillaris,
3051 3328 3317 3399 Gybuino
3377 3328 3633 3395 Mosomi,

1940 3419 2277 3476 Raimbaldo
2328 3420 2382 3475 S.
2453 3418 2786 3475 Theodorici
2859 3417 3183 3483 abbatibus,
3235 3426 3289 3471 et
3372 3416 3638 3471 Brunone

1939 3507 2233 3563 Remensis
2261 3506 2525 3561 Ecclesiae
2551 3505 2913 3561 cancellario.
2956 3527 2976 3552 ι

2012 3594 2101 3665 (⁸⁸)
2132 3595 2266 3650 CAP.
2303 3596 2399 3650 XI.
2433 3625 2501 3633 —
2540 3594 2712 3649 Viae:
2737 3596 2929 3648 autem
2961 3589 3189 3646 abbatis
3212 3608 3283 3645 ac
3327 3588 3640 3662 prouisori:

1941 3684 2281 3754 Gratianop.
2320 3682 2639 3754 episcopus,
2668 3682 2761 3737 vir
2788 3680 3101 3753 plurimum
3144 3678 3445 3750 religiosus
3470 3694 3633 3732 exse-

1939 3772 2155 3844 quilur.
2217 3772 2298 3828 Ne
2357 3771 2581 3827 mireris
2636 3770 2964 3839 episcopum
3021 3769 3337 3838 Hugonem,
3398 3766 3638 3823 novellae

1941 3861 2311 3931 plantationis
2369 3860 2721 3929 praefectum,
2772 3860 2984 3929 quippe
3025 3857 3125 3927 qui
3172 3855 3348 3911 vitam
3399 3855 3641 3911 arctissi-

1940 3964 2093 4006 mam
2142 3950 2447 4020 professus,
2483 3948 2794 4017 prudenter
2842 3946 3248 4016 sapienterque
3298 3943 3453 3999 illam
3492 3943 3640 4013 riga—

1941 4052 2021 4105 re,
2083 4044 2406 4108 amputare,
2461 4035 2762 4101 suffodere,
2818 4042 3131 4090 stercorare
3183 4039 3424 4087 noverat
3467 4046 3481 4086 :
3522 4046 3637 4087 non

1939 4141 2106 4182 secus
2153 4139 2219 4180 ac
2247 4125 2380 4181 olim
2418 4122 2763 4179 sanctissimi
2816 4121 3100 4177 antistites
3132 4120 3400 4177 monachi
3450 4119 3639 4175 Atha-

1941 4215 2160 4281 nasius,
2217 4214 2461 4269 Basilius
2532 4213 2799 4281 Magnus,
2854 4210 3163 4282 Gregorius
3220 4210 3634 4275 Nazianzenus,

140 4320 163 4347 ι
201 4299 609 4355 Remiuiscitur
650 4299 864 4369 quippe
914 4298 1142 4355 dilectio
1187 4306 1289 4355 tua
1319 4298 1497 4370 quod,
1545 4314 1675 4355 cum
1723 4313 1827 4370 ego
1867 4305 1910 4358 D
1943 4304 2399 4372 Chrysostomus,
2455 4301 2753 4366 Martinus,
2806 4299 3169 4370 Augustinus
3228 4307 3493 4367 uterque,
3547 4297 3642 4353 do-

133 4395 191 4442 et
218 4387 451 4443 Fulcius
502 4387 854 4455 Monoculus,
887 4388 1139 4458 quadam
1193 4387 1284 4443 die
1314 4387 1485 4443 simul
1526 4387 1832 4444 fuissemus

134 4475 197 4530 iu
228 4475 455 4531 hortulo
487 4475 772 4545 adjacenti
826 4476 1025 4532 domui
1066 4475 1224 4543 Adae,
1256 4475 1358 4532 ubi
1412 4484 1551 4531 tunc
1580 4475 1829 4546 hospita-

136 4564 264 4628 bar,
324 4564 394 4619 de
453 4564 609 4620 falsis
657 4564 1153 4631 oblectationibus,
1206 4571 1261 4619 et
1310 4565 1579 4633 perituris
1630 4565 1827 4620 mundi

134 4652 318 4722 hujus
358 4652 597 4719 divitiis,
648 4667 753 4708 nec
780 4667 895 4708 non
941 4653 1010 4708 de
1041 4654 1309 4721 perennis
1339 4652 1534 4723 gloriae
1578 4653 1827 4723 gaudiis,

134 4739 500 4809 aliquandiu,
563 4748 627 4795 ut
672 4738 896 4809 opinor,
955 4747 1369 4807 tractaremus;
1425 4739 1579 4795 unde
1634 4740 1831 4797 divino

134 4828 362 4885 fervore
410 4827 714 4894 ferventes,
761 4828 1132 4897 promisimus
1179 4842 1246 4884 ac
1288 4827 1555 4883 vovimus
1592 4826 1828 4897 Spiritui

132 4926 355 4984 sancto,
407 4917 465 4972 in
514 4916 777 4986 proximo
834 4915 1080 4987 fugitiva
1130 4915 1324 4972 saeculi
1372 4914 1718 4985 relinquere,
1776 4923 1832 4970 et

131 5014 351 5062 aeterna
379 5014 631 5074 captare,
664 5019 772 5060 nec
804 5019 915 5059 non
961 5005 1361 5061 monachicum
1391 5003 1650 5059 habitum
1685 5002 1832 5058 reci—

131 5108 286 5164 pere.
349 5117 370 5143 ι
437 5094 610 5150 Plura
665 5094 821 5149 hunc
877 5093 936 5148 in
991 5093 1225 5149 modum
1278 5092 1541 5149 edisserit
1596 5100 1831 5147 sanctus

132 5184 331 5241 Bruno
357 5184 477 5254 jam
507 5182 826 5239 Carthusiae
854 5183 1111 5239 colonus.

207 5271 535 5328 Canonicus
589 5285 917 5341 anonymus
966 5270 1157 5326 Sancti
1210 5269 1434 5325 Martini
1484 5269 1833 5324 Turonensis

135 5358 386 5416 Historia
440 5360 653 5416 inedita
706 5359 1067 5415 Bibliothecae
1124 5359 1334 5429 Begiae.
1385 5378 1413 5405 «
1469 5357 1636 5412 Anno
1696 5359 1829 5411 1086

137 5450 372 5520 incmpit
415 5450 554 5506 ordo
597 5449 914 5505 Carthusiae
966 5448 1064 5503 tali
1118 5447 1284 5501 modo
1324 5465 1339 5500 :
1373 5446 1618 5501 Sanctus
1666 5446 1832 5516 Hugo

135 5539 705 5610 Gratianopolitanus
755 5536 896 5592 vidit
945 5550 1046 5607 per
1090 5535 1376 5593 somnium
1430 5535 1485 5593 in
1524 5534 1832 5592 solitudine

1938 4401 2061 4449 ctor
2088 4399 2143 4447 et
2175 4390 2397 4461 Angliae
2449 4388 2757 4458 apostolus,
2807 4386 3091 4443 Caesarius
3136 4385 3373 4452 Arelat.,
3420 4384 3641 4440 Bonifa-

1939 4480 2065 4534 cius
2121 4479 2397 4548 Mogunt.,
2460 4476 2844 4547 Leodegarius
2899 4475 3207 4545 Augusto.,
3256 4472 3635 4539 Lanfrancus,

1938 4566 2256 4631 Anselmus,
2307 4572 2363 4620 et
2392 4564 2510 4633 alii,
2552 4564 2966 4621 institutionem
3014 4560 3403 4629 suscipiebant
3433 4574 3639 4615 mona-

1938 4656 2201 4711 chorum.
2256 4654 2477 4709 Etenim
2510 4667 2642 4724 quae
2674 4652 2842 4722 longo
2875 4664 2984 4705 usu
3016 4650 3074 4703 in
3117 4647 3394 4704 coenobiis
3423 4646 3638 4702 didice-

1940 4751 2088 4809 rant,
2127 4750 2603 4814 peregerantque.
2636 4740 2766 4796 aliis
2811 4739 3066 4807 apprime
3096 4736 3507 4806 depromebant
3542 4750 3553 4789 ε
3584 4743 3639 4791 et

1934 4831 2108 4902 juxta
2153 4830 2293 4887 illud
2326 4831 2491 4886 Lucae
2521 4844 2599 4885 xu
2623 4828 2693 4883 de
2722 4826 2874 4882 fideli
2905 4826 3294 4895 dispensatore
3324 4824 3634 4880 Dominicae

1940 4919 2188 4984 familiae,
2223 4918 2393 4974 tritici
2444 4930 2773 4974 mensuram
2805 4915 2943 4969 dare
2988 4913 3371 4983 percallehant
3411 4914 3466 4967 in
3501 4920 3637 4968 tem-

1941 5022 2111 5078 pore;
2160 5007 2535 5076 sciebantque
2563 5004 2774 5075 pastori
2809 5026 2828 5052 ι
2876 5011 3136 5072 oportere
3166 5002 3426 5072 prodesse
3454 5000 3639 5072 magis

1938 5108 2114 5165 quam
2170 5108 2431 5165 praeesse,
2491 5116 2511 5141 ι
2572 5101 2632 5150 ut
2686 5092 2945 5163 loquitur
3010 5098 3245 5146 sanctus
3297 5087 3639 5145 Benedictus

1937 5184 2152 5252 regulae
2206 5198 2333 5254 cap.
2366 5183 2472 5252 64;
2506 5190 2561 5238 et
2613 5196 2736 5251 cap.
2795 5184 2851 5247 2,
2902 5180 3164 5235 abbatem
3222 5190 3625 5247 praemonens:

1941 5290 1967 5325 ι
1999 5273 2205 5329 Omnia
2257 5272 2405 5328 bona
2433 5279 2487 5328 et
2518 5278 2717 5328 sancta
2754 5267 2917 5325 factis
2962 5267 3209 5336 amplius
3240 5278 3413 5335 quam
3449 5263 3639 5319 verbis

1938 5361 2254 5425 ostendere,
2286 5368 2350 5417 ut
2394 5374 2525 5431 quae
2553 5357 2852 5429 discipulis
2878 5356 3132 5412 docuerit
3173 5368 3293 5410 esse
3324 5350 3634 5422 contraria,

1941 5450 1998 5504 in
2027 5451 2146 5506 suis
2190 5450 2353 5506 factis
2385 5449 2593 5504 indicet
2638 5461 2752 5503 non
2784 5446 3026 5519 agenda.
3063 5466 3089 5492 η
3124 5444 3284 5501 Unde
3320 5444 3376 5499 in
3408 5443 3638 5498 statutis

1934 5536 2171 5609 jubente
2200 5536 2420 5605 Edgaro
2455 5550 2586 5608 rege
2615 5534 2878 5607 conditis,
2919 5534 3210 5591 decretum
3244 5531 3391 5589 inter
3429 5536 3638 5589 caetera
