3932 6084
296 288 433 343 1083

1324 293 1418 347 ΑΙ)
1455 294 1609 351 OPP.
1653 296 1808 353 VEN.
1849 296 2188 354 GUIBERTI
2223 299 2309 352 DE
2353 295 2751 354 NOVIGENTO

3650 300 3803 355 1084

295 424 364 481 de
390 425 688 496 episcopis,
724 427 822 496 qui
856 427 1148 484 monachis
1177 442 1416 498 praeesse
1448 430 1732 488 debebant
1767 447 1778 487 :
1815 451 1843 484 α
1874 432 1979 499 Qui
2017 435 2064 486 A
2093 440 2146 488 et
2188 447 2469 490 novorum
2518 434 3004 504 comparationem
3031 477 3044 498 ,
3096 449 3198 491 seu
3229 436 3724 504 membranarum,
3765 457 3796 488 ιι

295 515 593 570 ordinatus
647 515 949 585 episcopus
1005 515 1063 571 in
1121 517 1392 573 omnibus
1444 520 1712 576 eumdem
1772 536 1985 577 morem

296 603 509 673 regulae
538 617 668 657 cum
702 604 998 659 monachis
1024 605 1144 660 suis
1174 621 1346 675 quem
1374 607 1552 662 abbas
1579 615 1729 664 tenet
1751 609 1987 680 regula—

296 690 394 753 ris,
441 691 698 760 diligenti
729 705 870 747 cura
917 695 1038 748 sine
1071 694 1488 751 intermissione
1537 697 1837 753 custodiat.
1873 698 1988 754 Nec

293 779 653 847 episcopatus
703 781 1035 851 occasione;
1114 783 1326 852 regulae
1385 793 1665 854 praecepta
1733 787 1988 841 tumidus

291 867 381 922 vel
439 869 752 924 obliviosus
822 877 1031 925 temere
1105 871 1463 937 intermittat,
1541 875 1635 929 sed
1702 883 1986 943 quantum

291 956 534 1012 excellat
577 967 630 1012 et
675 972 862 1026 opere.
921 978 947 1009 »
1001 958 1276 1014 Seldenus
1324 959 1382 1014 in
1431 961 1555 1016 Not.
1595 962 1665 1017 ad
1721 964 1986 1019 Eadmeri

293 1043 456 1110 Hist.,
487 1058 615 1115 pag.
655 1048 770 1100 150.

363 1133 449 1187 En
503 1148 735 1188 causam
773 1149 877 1190 cur
924 1135 1231 1191 identidem
1287 1137 1543 1206 praeclari
1594 1144 1673 1193 tot
1718 1140 1988 1207 praesules

293 1221 708 1277 ccenobitarum
758 1232 1000 1278 rectores
1050 1225 1336 1279 exstitere.
1385 1226 1485 1280 Ast
1520 1226 1619 1281 ubi
1654 1241 1683 1280 e
1723 1228 1988 1283 saeculari

293 1309 413 1365 Vita
465 1310 522 1365 in
578 1310 781 1365 solium
836 1311 1150 1381 episcopale
1201 1311 1404 1369 intrusi
1463 1323 1620 1381 sunt,
1683 1316 1782 1384 qui
1832 1316 1987 1386 quod

292 1411 582 1468 nusquam
610 1399 873 1454 auditum
900 1400 1202 1466 lectumve,
1237 1401 1446 1457 nedum
1481 1402 1539 1456 in
1570 1418 1680 1458 usu
1705 1404 1984 1471 habitum,

291 1485 458 1542 dictis
509 1487 783 1556 factisque
816 1495 1082 1558 poterunt
1111 1489 1388 1545 edocere?
1419 1491 1618 1547 Merito
1664 1493 1842 1563 igitur
1873 1507 1982 1558 eos,

291 1575 392 1643 qui
449 1576 798 1646 evangelica
870 1576 1228 1645 perfectionis
1287 1579 1345 1632 in
1421 1581 1620 1635 ordine
1674 1581 1987 1637 monastico

290 1663 551 1718 instituta
598 1665 910 1733 amplexati
947 1665 1200 1732 fuerunt,
1234 1666 1307 1721 ab
1358 1666 1587 1723 illorum
1613 1669 1744 1739 jure
1775 1671 1984 1726 summi

2093 530 2197 576 etc.
2235 524 2300 578 Et
2329 523 2479 577 infra
2511 538 2523 576 :
2561 544 2588 570 ‹‹
2627 523 2747 593 Ego
2778 523 2974 594 igitur,
3005 531 3058 579 et
3089 523 3192 594 qui
3224 525 3360 579 mihi
3388 525 3672 592 succedet,
3707 521 3800 576 vi-

2095 610 2237 681 ginti
2269 610 2475 667 solidos
2521 611 2818 666 annuatim
2859 613 3026 680 dabo,
3079 623 3209 680 etc,
3246 615 3402 682 prior
3450 621 3641 668 noster
3691 613 3798 667 de-

2094 714 2214 755 cem
2264 700 2492 766 solidos,
2543 702 2702 770 prior
2731 702 2798 756 de
2850 702 3052 772 regula
3106 703 3296 757 decem
3335 702 3561 766 solidos,
3618 722 3645 751 »
3678 709 3794 757 etc.

2095 790 2225 844 Hzec
2271 789 2601 844 constitutio
2636 789 2784 845 inter
2830 799 3048 845 veteres
3099 791 3540 846 consuetudines
3579 790 3801 846 biblio-

2093 877 2270 933 theca:
2303 877 2541 932 Floriac.
2578 893 2704 948 pag.
2740 879 2862 932 409.

2166 966 2444 1034 Majorum
2492 981 2724 1036 quoque
2753 967 3034 1037 exemplo,
3086 968 3279 1022 Patres
3325 965 3801 1036 congregationis

2093 1052 2280 1108 Sancti
2318 1053 2500 1110 Mauri
2538 1054 2608 1108 ad
2642 1062 2814 1123 caput
2846 1055 3059 1123 regulae
3089 1056 3175 1116 48,
3216 1054 3271 1108 in
3305 1053 3803 1109 declarationibus

2092 1149 2341 1197 statuere
2375 1158 2387 1196 :
2423 1164 2444 1191 ε
2477 1143 2541 1198 Et
2572 1158 2640 1198 ne
2671 1143 2855 1197 desint
2884 1144 3105 1198 codices
3139 1144 3192 1197 in
3229 1143 3584 1198 bibliothecis
3613 1143 3802 1196 dandi

2094 1230 2370 1286 fratribus
2403 1245 2500 1299 pro
2547 1245 2745 1285 eorum
2777 1239 2968 1300 captu,
3001 1239 3165 1285 erant
3214 1231 3434 1286 solliciti
3466 1231 3801 1299 superiores

2095 1326 2159 1374 ut
2194 1318 2351 1374 libris
2384 1319 2621 1375 utilibus
2653 1319 3015 1375 instruantur
3046 1334 3146 1388 pro
3184 1320 3553 1375 facultatibus
3579 1333 3800 1374 mona—

2083 1406 2269 1473 ‘sterii,
2305 1430 2332 1455 ››
2365 1415 2470 1462 etc.
3495 1422 3501 1428 ·

2167 1493 2262 1564 (⁸⁸)
2289 1497 2421 1550 inin.
2451 1526 2518 1534 —
2548 1495 2926 1550 Nivemensis
2951 1511 3160 1551 comes.
3190 1496 3530 1551 Guillelmus
3562 1496 3795 1560 tertius,

2094 1583 2153 1637 ni
2185 1583 2366 1650 fallor,
2417 1583 2516 1653 qui
2563 1584 2907 1653 aliquandiu
2939 1599 3069 1640 cum
3125 1584 3579 1639 administrasset
3609 1585 3796 1638 comi-

2094 1678 2297 1738 tatum,
2327 1671 2584 1742 neglecto
2614 1673 2915 1742 splendore
2946 1673 3244 1738 natalium,
3286 1673 3354 1726 ad
3387 1680 3570 1728 tutam
3596 1684 3801 1726 mona—

288 1748 553 1804 Ecclesia:
594 1749 880 1819 principes
908 1765 1188 1825 exemere,
1237 1753 1379 1822 quin
1411 1761 1465 1808 et
1493 1733 1642 1810 ultro
1671 1757 1983 1812 monacho-
2024 1733 2064 1786 Β
2092 1760 2247 1816 sticae
2277 1733 2434 1817 vita;
2455 1733 2756 1816 stationem
2786 1775 2816 1815 e
2865 1760 3146 1816 mundiali
3193 1733 3390 1829 pelago
3443 1757 3686 1828 appulit,
3735 1758 3797 1812 in

286 1850 420 1893 rum
474 1834 730 1908 regimen
781 1837 1063 1895 antistites
1131 1838 1237 1910 ipsi
1293 1855 1468 1910 quam
1527 1842 1692 1898 multi
1749 1844 1984 1899 abdica-

289 1932 447 1980 runt.

358 2010 448 2085 (τ’)
482 2014 615 2069 IBID.
650 2045 719 2053 —
763 2014 1128 2072 Ditissimam
1159 2019 1350 2072 tamen
1394 2017 1790 2075 bibliothecam
1819 2037 1984 2093 coag-

283 2106 507 2174 gerant.
567 2104 919 2173 Usurpatum
975 2106 1029 2160 id
1067 2120 1140 2162 ex
1181 2108 1383 2178 regula
1437 2107 1627 2164 Sancti
1673 2110 1980 2178 Benedicti,

287 2193 386 2262 qui
445 2192 788 2262 smpiuscule
836 2200 902 2249 ut
950 2193 1182 2249 lectioni
1210 2199 1433 2263 vacent,
1483 2197 1736 2266 dentque
1780 2198 1984 2254 studiis

285 2287 495 2336 sanctae
539 2280 847 2350 Scripturae
895 2296 1124 2351 operam
1176 2284 1518 2340 exhortatur
1565 2285 1745 2354 capite
1775 2286 1862 2353 48,
1915 2300 1983 2343 ac

286 2369 544 2439 praecipit
586 2383 598 2422 :
648 2388 676 2420 ει
728 2370 1026 2440 Accipiam
1086 2386 1284 2428 omnes
1327 2373 1585 2444 singulos
1639 2374 1859 2430 codices
1913 2375 1982 2431 de

284 2457 644 2525 bibliotheca,
697 2473 842 2528 quos
875 2473 974 2529 per
1017 2461 1277 2516 ordinem
1329 2462 1540 2532 legant,
1575 2483 1603 2512 »
1633 2471 1737 2518 etc.
1775 2465 1980 2534 Itaque

285 2547 637 2616 primoribus
686 2547 797 2602 illis
847 2548 1355 2605 Carthusiensibus
1412 2549 1466 2604 in
1525 2565 1681 2606 more
1725 2551 1975 2621 positum

282 2634 389 2690 fuit
421 2635 793 2691 bibliothecas
841 2637 1145 2704 instruere,
1199 2645 1487 2706 quatenus
1521 2639 1627 2693 hac
1682 2649 1804 2696 arte
1851 2640 1973 2695 soli-

286 2723 499 2779 tudinis
543 2725 777 2780 taedium
807 2725 1121 2781 allevarent
1153 2741 1165 2780 :
1201 2727 1259 2781 hi
1289 2741 1542 2797 namque
1583 2728 1976 2785 institutorum

283 2826 522 2867 suorum
577 2813 888 2868 maximam
941 2822 1158 2883 partem
1211 2829 1268 2870 se
1316 2823 1608 2872 mutuatos
1657 2817 1828 2873 fuisse
1875 2818 1979 2873 abs

285 2900 485 2971 regula
533 2901 750 2968 eadem,
787 2901 882 2956 sed
918 2903 1231 2971 praesertim
1284 2902 1484 2958 litteris
1514 2905 1668 2960 initae
1707 2919 1800 2959 an.
1842 2907 1977 2959 1632

279 3003 411 3043 cum
443 2989 883 3059 congregatione
932 2989 1118 3046 Sancti
1155 2991 1337 3046 Mauri
1385 2992 1686 3059 societatis,
1736 2993 1978 3064 glorian-
2015 3031 2056 3087 ο

280 3085 378 3133 tur
409 3077 496 3132 his
528 3077 719 3133 verbis
751 3093 763 3131 :
801 3099 828 3127 «
867 3081 934 3134 Et
967 3078 1200 3149 quidem
1224 3080 1447 3150 justum
1481 3081 1644 3136 nobis
1675 3082 1782 3136 hac
1827 3081 1882 3136 in
1915 3096 1976 3138 re

278 3166 598 3234 vobiscum,
637 3174 917 3235 tanquam
966 3181 1098 3222 cum
1152 3168 1442 3235 fratribus,
1485 3176 1586 3224 aut
1634 3169 1974 3226 commilito-

278 3254 453 3309 nibus
478 3269 784 3310 commune
815 3255 1116 3325 gaudium,
1166 3256 1264 3326 qui
1297 3257 1403 3311 sub
1433 3257 1691 3328 ejusdem
1721 3257 1972 3314 sanctis-

278 3341 406 3397 simi
463 3343 646 3398 Patris
700 3343 1030 3412 (Benedicti)
1092 3344 1290 3400 labaro
1345 3345 1694 3414 militamus;
1753 3347 1974 3416 quique

278 3431 349 3486 ab
399 3430 554 3486 illius
599 3432 843 3501 sapienti
888 3440 943 3487 et
993 3433 1256 3503 religioso
1303 3432 1629 3504 magisterio
1672 3435 1975 3504 ‘prarcipua

277 3519 496 3574 militia
559 3527 768 3576 nostra}
815 3521 1212 3578 Chartusianze
1260 3521 1398 3593 jura
1449 3522 1716 3593 legesque
1773 3523 1976 3593 accipi-

277 3621 429 3675 mus,
465 3629 492 3657 »
523 3616 631 3664 etc.

351 3696 633 3753 Caeterum
687 3711 818 3768 quae
875 3707 1186 3768 supersunt
1247 3701 1301 3754 in
1355 3699 1555 3755 ordine
1606 3701 1973 3758 Benedictino

277 3785 652 3855 antiquorum
708 3796 1212 3844 monumentorum
1265 3789 1524 3860 vestigia,
1561 3796 1846 3845 testantur
1888 3804 1975 3845 so-

277 3873 464 3929 lemne
503 3887 644 3935 esse.
697 3874 835 3930 dum
891 3874 1074 3945 viguit
1118 3876 1400 3946 regularis
1455 3877 1841 3944 observantia,
1885 3878 1970 3932 in-

276 3962 686 4018 structissimas
767 3963 1139 4019 bibliothecas
1221 3966 1584 4032 concinnare,
1659 3981 1689 4021 e
1759 3967 1973 4037 quibus

277 4064 482 4119 panem
510 4071 536 4098 «
570 4050 672 4120 qui
704 4065 816 4106 non
850 4051 1013 4120 perit,
1049 4074 1075 4100 ››
1110 4053 1329 4122 quique
1363 4073 1389 4103 α
1422 4068 1519 4109 cor
1549 4054 1800 4109 hominis
1833 4070 1970 4111 con-

278 4137 487 4204 firmat,
517 4161 543 4187 ››
585 4148 960 4208 perceperunt
994 4141 1226 4196 Ascetze.
1265 4141 1399 4197 Vide
1430 4141 1705 4208 Cassiod,
1742 4143 1969 4199 Institu.

276 4227 456 4282 divin.
508 4241 632 4297 cap.
685 4231 792 4298 32;
844 4229 1222 4286 Trithemium
1276 4230 1543 4286 Chronic.
1597 4231 1862 4302 Hirsaug.
1900 4233 1971 4288 ad

278 4329 419 4370 ann.
451 4317 575 4370 838.

350 4404 591 4468 Quantae
623 4419 756 4461 vero
811 4422 965 4463 cura:
997 4408 1165 4463 fuerit
1216 4407 1412 4463 iisdem
1463 4407 1758 4462 monachis
1807 4409 1971 4465 Bene-

279 4493 509 4549 dictinis
557 4493 730 4551 libros
760 4511 1058 4567 aggerare,
1109 4497 1422 4566 praedicant
1451 4496 1761 4552 Alexandri
1813 4511 1974 4567 papae

279 4581 358 4651 (ni
408 4582 590 4651 fallor)
641 4585 789 4640 tertii
838 4586 1041 4642 litterae
1073 4586 1306 4642 bullatze
1335 4585 1408 4640 ad
1460 4585 1720 4641 abbatem
1771 4593 1826 4641 et
1859 4601 1974 4642 mo-

277 4670 493 4727 nachos
518 4673 771 4744 antiqua)
804 4674 1071 4731 Corbeiae.

349 4776 377 4808 α
407 4759 755 4818 ALEXANDER
807 4764 1125 4832 episcopus,
1161 4776 1364 4818 servus
1408 4776 1710 4818 servorum
1744 4764 1860 4832 Dei,
1894 4763 1976 4818 di-

277 4844 433 4902 lectis
481 4847 610 4904 ﬁliis
640 4849 832 4906 abbati
863 4860 917 4906 et
959 4850 1206 4920 capitulo
1261 4851 1603 4917 Corbeiensi,
1647 4851 1890 4907 salutem
1919 4860 1974 4909 et

276 4936 642 5003 apostolicam
721 4939 1190 4996 benedictionem.
1262 4940 1404 4997 Cum
1476 4939 1662 4996 velitis
1743 4939 1970 4995 utilitati

275 5023 451 5080 vestri
487 5026 838 5093 monasterii,
876 5049 897 5076 »
932 5035 1036 5083 etc.
1082 5028 1228 5082 Vide
1268 5029 1334 5084 in
1368 5027 1700 5083 Alexandro
1738 5029 1864 5094 III,
1897 5027 1974 5081 ad

276 5131 373 5171 an.
413 5118 567 5172 1181.

350 5211 500 5260 599
541 5206 811 5262 Similiter
855 5206 1104 5263 decrevit
1142 5207 1318 5263 abbas
1344 5204 1534 5262 Sancti
1563 5202 1841 5260 Benedicti
1857 5202 1975 5257 Flo-

281 5295 554 5350 riacensis
583 5295 639 5349 in
661 5295 911 5364 capitulo
935 5295 1186 5365 generali
1213 5310 1224 5348 :
1254 5318 1273 5344 ι
1304 5295 1424 5365 Ego
1448 5294 1770 5349 Macharius
1795 5291 1975 5346 abbas

283 5383 612 5438 monasterii
642 5383 834 5438 Sancti
887 5383 1168 5438 Benedicti
1215 5383 1612 5450 Floriacensis,
1659 5381 1858 5435 videns
1891 5380 1970 5435 bi-

285 5471 575 5525 bliotbecae
626 5480 833 5525 nostrre
871 5472 1110 5536 codices,
1165 5480 1445 5527 vetustate
1480 5470 1651 5525 nimia
1702 5468 1969 5534 cariosos,

284 5573 349 5612 ac
388 5558 542 5612 tinea
588 5560 820 5614 rodente
867 5568 1187 5630 corruptos,
1235 5561 1306 5615 ad
1335 5574 1536 5616 eorum
1582 5558 1970 5622 refectionem,

2092 1849 2290 1904 ordine
2319 1848 2578 1904 videlicet
2621 1848 3012 1904 Cartbusiensi
3063 1848 3336 1904 humilem
3375 1859 3795 1902 conversurum

2093 1937 2180 2008 (ut
2211 1941 2444 2007 vocant)
2492 1952 2594 1994 seu
2627 1937 3001 1993 servientium
3031 1945 3113 1992 est
3145 1938 3234 2007 pie
3266 1937 3572 2006 professus.
3607 1935 3796 1989 Testis

2089 2025 2372 2082 Guillelm.
2435 2026 2651 2097 Nangis
2689 2027 2748 2081 in
2779 2027 2916 2082 Hist.
2955 2040 3060 2082 ms.
3103 2027 3171 2080 ad
3225 2040 3321 2080 an.
3377 2027 3510 2079 H38
3546 2040 3558 2078 :
3597 2046 3619 2072 σ
3662 2025 3790 2079 Flo-

2087 2115 2247 2171 rebat
2290 2117 2461 2171 etiam
2507 2115 2848 2171 Guillelmus
2887 2115 3256 2170 Nivernensis
3281 2128 3468 2169 comes
3516 2113 3783 2179 insignis,

2088 2203 2256 2272 cujus
2282 2202 2503 2259 devotio
2549 2203 2697 2258 mira
2737 2202 2964 2268 enituit,
2998 2202 3135 2257 dum
3166 2203 3234 2258 de
3279 2201 3490 2270 potenti
3531 2202 3789 2271 principe

2087 2291 2319 2353 saeculi,
2377 2290 2561 2346 factus
2615 2298 2699 2346 est
2757 2291 2814 2346 in
2881 2290 3186 2347 Chartusia
3250 2289 3488 2345 humilis
3565 2304 3789 2358 pauper

2089 2379 2316 2434 Christi.
2351 2400 2370 2426 ι
2408 2379 2594 2436 Guido
2625 2378 2902 2450 Coquille,
2936 2380 3074 2435 Hist.
3109 2379 3468 2442 Nivcrvens.,
3499 2391 3632 2448 pag.
3665 2379 3783 2432 145.

2160 2466 2335 2522 Plura
2389 2467 2444 2522 id
2518 2481 2701 2538 genus
2749 2468 3014 2537 exempla
3086 2468 3375 2522 memoriae
3433 2467 3789 2537 ingeruntur

2086 2556 2344 2611 virorum
2374 2571 2579 2627 genere
2623 2556 2934 2622 clarorum,
2966 2556 3064 2626 qui
3113 2555 3435 2626 posthabita
3465 2555 3664 2610 saeculi
3698 2569 3791 2609 va-

2085 2645 2264 2700 nitate
2292 2645 2347 2699 in
2371 2645 2623 2701 claustra
2651 2660 2727 2712 se,
2754 2645 2927 2700 vitam
2961 2645 3281 2716 regularem
3315 2644 3647 2714 professuri,
3683 2644 3789 2699 hac

2087 2734 2209 2802 ipsa
2257 2741 2586 2804 tempestate
2632 2742 2988 2804 receperunt.
3029 2734 3173 2789 Nota
3201 2734 3281 2788 nil
3309 2734 3380 2788 ad
3411 2747 3517 2796 me,
3569 2733 3790 2788 s-ilicet

2081 2821 2153 2877 ab
2184 2822 2452 2877 omnibus
2483 2822 2588 2893 legi
2642 2829 2916 2890 possunt;
2948 2821 3082 2876 bina
3113 2821 3300 2876 solum
3349 2820 3440 2874 hic
3468 2835 3580 2889 app
3621 2834 3788 2884 nam,

2083 2924 2112 2965 e
2141 2910 2332 2965 codice
2377 2911 2813 2965 membranaceo
2864 2910 3095 2980 Majoris
3140 2910 3460 2966 Monasterii
3494 2923 3646 2963 anno
3682 2909 3792 2962 cir-

2083 2998 2224 3053 citer
2258 3000 2388 3051 1116
2414 3007 2672 3064 exarato,
2710 3011 2834 3066 cap.
2867 2999 2954 3052 45.

2158 3107 2186 3136 ‹‹
2221 3085 2466 3141 Illustris
2495 3086 2732 3155 quidam
2770 3085 3203 3142 Carnotensium
3241 3087 3550 3141 vicecomes
3577 3085 3790 3139 Ebrar—

2084 3175 2192 3231 dus
2224 3174 2452 3229 nomine
2495 3175 2693 3229 audita
2745 3174 2971 3229 Domini
3006 3189 3160 3240 voce,
3211 3189 3327 3244 qua
3373 3174 3550 3229 dicit:
3585 3196 3613 3223 ‹‹
3665 3174 3785 3229 Nisi

2083 3264 2213 3333 quis
2242 3263 2666 3318 renuntiaverit
2695 3263 2967 3318 omnibus
2994 3277 3126 3333 quae
3159 3261 3420 3332 possidet,
3455 3276 3569 3316 non
3604 3271 3785 3331 poti-st

2083 3365 2246 3407 meus
2275 3366 2397 3406 esse
2446 3351 2766 3421 discipulus
2816 3355 2964 3419 (Luc.
3001 3366 3118 3415 xw,
3172 3353 3282 3417 33),
3331 3372 3359 3399 ιο
3393 3360 3497 3406 etc.
3550 3351 3784 3405 Timcns

2083 3455 2154 3496 ne
2200 3440 2248 3496 si
2314 3440 2385 3495 ab
2449 3439 2555 3495 ista
2620 3440 2846 3496 Domini
2913 3440 3324 3511 benignissima
3390 3438 3781 3494 admonitione

2081 3542 2141 3585 se
2207 3529 2416 3585 faceret
2457 3529 2731 3594 alienum,
2774 3528 3123 3584 alienaretur
3169 3529 3337 3583 etiam
3402 3527 3458 3582 in
3509 3527 3709 3582 tntum
3751 3540 3782 3579 a

2082 3632 2259 3688 regno
2285 3617 2555 3673 cmlorum
2583 3634 2597 3683 ;
2629 3618 2957 3689 excogitare
2987 3618 3157 3687 coepit
3197 3617 3447 3686 qualiter
3476 3616 3549 3671 ad
3589 3615 3644 3685 ip
3667 3630 3781 3670 :um

2084 3704 2388 3759 Dominum
2468 3703 2706 3773 propius
2773 3703 3095 3770 accederet,
3183 3702 3480 3772 ipsiusque
3543 3700 3782 3755 servitio

2084 3791 2424 3847 familiarius
2473 3792 2845 3861 manciparat.
2899 3792 2969 3845 Et
3021 3791 3160 3861 quia
3210 3791 3277 3845 ad
3335 3790 3442 3845 hoc
3497 3804 3779 3858 maguum

2082 3879 2366 3935 faciebant
2419 3879 2912 3948 impedimentum,
2971 3887 3026 3934 et
3072 3893 3319 3948 praesens
3365 3877 3664 3942 sa‘culum,
3728 3886 3784 3930 et

2083 3983 2331 4038 qumque
2385 3968 2442 4022 in
2496 3982 2560 4024 eo
2590 3969 2876 4038 possidere
2933 3968 3279 4037 videbatur;
3335 3982 3436 4022 nec
3481 3965 3646 4021 facil:
3699 3964 3782 4020 illi

2080 4065 2201 4111 erat
2233 4054 2542 4125 adimplere
2586 4057 2739 4126 quod
2773 4057 3038 4120 volebat,
3075 4055 3275 4110 maluit
3305 4055 3500 4110 omnia
3541 4055 3782 4109 omnino

2080 4144 2424 4213 relinquere,
2476 4159 2652 4214 quam
2703 4158 2804 4213 pro
2849 4144 2936 4200 his
2986 4145 3040 4198 in
3085 4151 3423 4214 perpetuum
3468 4143 3781 4198 infernales

2080 4234 2372 4288 cruciatus
2403 4233 2702 4288 sustinere.
2737 4233 2922 4303 Igitur
2965 4234 3232 4288 honorem
3265 4245 3437 4287 suum
3465 4240 3519 4286 et
3554 4245 3779 4301 posses-

2008 4324 2052 4378 D
2079 4319 2268 4374 siones
2312 4319 2586 4374 fratribus
2623 4321 2743 4375 suis
2793 4320 3116 4390 dereliquit,
3156 4319 3379 4388 reliqua
3420 4326 3611 4373 autem
3644 4333 3779 4388 quae

2085 4407 2141 4463 in
2173 4421 2320 4462 auro
2349 4415 2402 4463 et
2433 4417 2670 4477 argento
2714 4409 2924 4464 habere
2954 4408 3156 4478 potuit,
3189 4407 3541 4476 pauperibus
3578 4420 3780 4475 eroga-

2082 4497 2186 4562 vit,
2208 4504 2497 4565 quatenus
2521 4496 2660 4551 nihil
2679 4497 2798 4565 jam
2825 4496 3102 4552 sollicitus
3123 4497 3190 4551 de
3215 4496 3384 4551 rebus
3407 4495 3776 4550 transitoriis.

2083 4584 2345 4640 securius
2373 4592 2427 4639 et
2456 4584 2780 4653 expeditius
2823 4585 3072 4639 inhiaret
3099 4584 3329 4650 divinis,
3365 4588 3472 4638 etc.
3509 4585 3676 4638 Anno
3703 4583 3779 4638 ab

2084 4671 2483 4727 Incarnatione
2546 4673 2774 4728 Domini
2840 4675 2992 4728 l073.
3050 4695 3076 4722 ››
3129 4672 3458 4742 Aliquando
3514 4678 3636 4741 post
3697 4685 3781 4726 se-

2083 4760 2285 4830 quitur
2315 4775 2328 4814 :

2155 4870 2183 4897 «
2215 4849 2320 4905 Sed
2352 4856 2416 4904 ut
2453 4848 2525 4904 ad
2556 4849 2911 4920 propositum
2945 4850 3265 4915 redeamus,
3299 4849 3546 4905 domnus
3579 4850 3781 4904 Ebrar-

2081 4937 2190 4992 dus
2243 4937 2439 4992 nudus
2483 4946 2536 4992 et
2585 4951 2802 5006 pauper
2849 4936 3102 5004 effectus,
3169 4937 3372 5006 patria,
3434 4937 3781 5006 parentibus

2082 5025 2202 5082 suis
2251 5026 2570 5092 derelictis,
2621 5041 2856 5098 peregre
2908 5027 3196 5096 profectus
3236 5035 3338 5081 est.
3391 5027 3657 5095 Cumque
3709 5027 3780 5081 de

2085 5115 2543 5186 peregrinatione
2567 5115 2683 5184 illa,
2716 5115 2772 5170 in
2803 5130 2920 5184 qua
2953 5115 3134 5170 multo
3165 5123 3416 5183 tempore
3447 5114 3782 5168 demoratus

2082 5211 2201 5270 est,
2257 5211 2658 5268 reverteretur,
2708 5205 2778 5258 ad
2817 5206 2998 5274 Majus
3047 5204 3452 5258 Monasterium
3512 5201 3783 5256 habitum

2085 5292 2220 5346 inibi
2281 5292 2686 5348 mouachicurn
2745 5300 3120 5360 suscepturus
3177 5291 3425 5349 devenit.
3487 5289 3588 5344 ubi
3641 5305 3779 5344 cum

2084 5380 2430 5449 quibusdam
2484 5382 2687 5436 uxoris
2723 5394 2842 5435 suae
2874 5379 3291 5449 impedimentis
3336 5377 3677 5446 aliquandiu
3723 5379 3780 5432 in

2084 5469 2269 5524 lairali
2312 5469 2514 5524 habitu
2556 5477 2894 5527 moraretur.
2930 5469 3084 5522 venit
3115 5467 3185 5522 ad
3211 5481 3342 5522 eum
3402 5466 3566 5534 Hugo
3601 5465 3781 5521 frater

2086 5557 2284 5626 ipsius,
2347 5557 2450 5627 qui
2503 5558 2553 5613 ei
2613 5558 2671 5612 in
2730 5557 3005 5614 honorem
3061 5555 3494 5612 vicecomitatus
3544 5569 3776 5610 succes-
