  <div class='ocr_page' id='page_1' title='image "/cluster/home/n/w/nwhite01/storage/ocr_20150623/156/hvd.32044054760145/548.png"; bbox 0 0 3922 6080; ppageno 0'>
   <div class='ocr_carea' id='block_1_1' title="bbox 153 319 290 372">
    <p class='ocr_par' dir='ltr' id='par_1_1' title="bbox 153 319 290 372">
     <span class='ocr_line' id='line_1_1' title="bbox 153 319 290 372; baseline 0 0"><span class='ocrx_word' id='word_1_1' title='bbox 153 319 290 372; x_wconf 75' lang='grc'>1085</span> 
     </span>
    </p>
   </div>
   <div class='ocr_carea' id='block_1_2' title="bbox 1416 316 2390 376">
    <p class='ocr_par' dir='ltr' id='par_1_2' title="bbox 1416 316 2390 376">
     <span class='ocr_line' id='line_1_2' title="bbox 1416 316 2390 376; baseline -0.001 -2"><span class='ocrx_word' id='word_1_2' title='bbox 1416 318 1642 375; x_wconf 82' lang='lat' dir='ltr'><strong>DOMNI</strong></span> <span class='ocrx_word' id='word_1_3' title='bbox 1678 318 1738 373; x_wconf 91' lang='lat' dir='ltr'><strong>L.</strong></span> <span class='ocrx_word' id='word_1_4' title='bbox 1782 316 2129 376; x_wconf 83' lang='lat' dir='ltr'><strong>D’ACHERY</strong></span> <span class='ocrx_word' id='word_1_5' title='bbox 2166 319 2390 376; x_wconf 70' lang='grc' dir='ltr'><strong>ΝΟΤᾹΞ.</strong></span> 
     </span>
    </p>
   </div>
   <div class='ocr_carea' id='block_1_3' title="bbox 3514 320 3650 377">
    <p class='ocr_par' dir='ltr' id='par_1_3' title="bbox 3514 320 3650 377">
     <span class='ocr_line' id='line_1_3' title="bbox 3514 320 3650 377; baseline 0.007 -1"><span class='ocrx_word' id='word_1_6' title='bbox 3514 320 3650 377; x_wconf 72' lang='grc'>1086</span> 
     </span>
    </p>
   </div>
   <div class='ocr_carea' id='block_1_4' title="bbox 147 450 3650 523">
    <p class='ocr_par' dir='ltr' id='par_1_4' title="bbox 147 450 3650 523">
     <span class='ocr_line' id='line_1_4' title="bbox 147 450 3650 523; baseline 0 -14"><span class='ocrx_word' id='word_1_7' title='bbox 147 460 331 523; x_wconf 99' lang='lat' dir='ltr'><strong>serat;</strong></span> <span class='ocrx_word' id='word_1_8' title='bbox 359 451 462 522; x_wconf 88' lang='lat' dir='ltr'><strong>qui</strong></span> <span class='ocrx_word' id='word_1_9' title='bbox 489 465 623 508; x_wconf 91' lang='lat' dir='ltr'><strong>cum</strong></span> <span class='ocrx_word' id='word_1_10' title='bbox 671 450 924 523; x_wconf 90' lang='lat' dir='ltr'><strong>plurima</strong></span> <span class='ocrx_word' id='word_1_11' title='bbox 968 451 1173 510; x_wconf 90' lang='lat' dir='ltr'><strong>salutis</strong></span> <span class='ocrx_word' id='word_1_12' title='bbox 1221 467 1343 510; x_wconf 89' lang='lat' dir='ltr'><strong>sua</strong></span> <span class='ocrx_word' id='word_1_13' title='bbox 1390 453 1610 510; x_wconf 88' lang='lat' dir='ltr'><strong>monita</strong></span> <span class='ocrx_word' id='word_1_14' title='bbox 1649 452 1845 510; x_wconf 87' lang='lat' dir='ltr'><strong>audis-</strong></span> <span class='ocrx_word' id='word_1_15' title='bbox 1884 453 1930 507; x_wconf 82' lang='lat' dir='ltr'><strong>A</strong></span> <span class='ocrx_word' id='word_1_16' title='bbox 1955 452 2187 522; x_wconf 80' lang='lat' dir='ltr'><strong>perfecit</strong></span> <span class='ocrx_word' id='word_1_17' title='bbox 2217 467 2344 510; x_wconf 88' lang='lat' dir='ltr'><strong>eam</strong></span> <span class='ocrx_word' id='word_1_18' title='bbox 2382 452 2443 509; x_wconf 92' lang='lat' dir='ltr'><strong>in</strong></span> <span class='ocrx_word' id='word_1_19' title='bbox 2471 452 2677 510; x_wconf 87' lang='lat' dir='ltr'><strong>decore</strong></span> <span class='ocrx_word' id='word_1_20' title='bbox 2705 467 2810 510; x_wconf 93' lang='lat' dir='ltr'><strong>suo</strong></span> <span class='ocrx_word' id='word_1_21' title='bbox 2863 452 3009 510; x_wconf 90' lang='lat' dir='ltr'><strong>idem</strong></span> <span class='ocrx_word' id='word_1_22' title='bbox 3065 453 3429 510; x_wconf 83' lang='lat' dir='ltr'><strong>venerandus</strong></span> <span class='ocrx_word' id='word_1_23' title='bbox 3468 453 3650 511; x_wconf 85' lang='lat' dir='ltr'><strong>Guido</strong></span> 
     </span>
    </p>
   </div>
   <div class='ocr_carea' id='block_1_5' title="bbox 148 548 444 609">
    <p class='ocr_par' dir='ltr' id='par_1_5' title="bbox 148 548 444 609">
     <span class='ocr_line' id='line_1_5' title="bbox 148 548 444 609; baseline 0 -13"><span class='ocrx_word' id='word_1_24' title='bbox 148 548 253 609; x_wconf 91' lang='lat' dir='ltr'><strong>set,</strong></span> <span class='ocrx_word' id='word_1_25' title='bbox 281 561 303 590; x_wconf 77' lang='grc' dir='ltr'><strong><em>ι</em></strong></span> <span class='ocrx_word' id='word_1_26' title='bbox 337 549 444 598; x_wconf 91' lang='lat' dir='ltr'><strong>etc.</strong></span> 
     </span>
    </p>
   </div>
   <div class='ocr_carea' id='block_1_6' title="bbox 222 629 1849 702">
    <p class='ocr_par' dir='ltr' id='par_1_6' title="bbox 222 629 1849 702">
     <span class='ocr_line' id='line_1_6' title="bbox 222 629 1849 702; baseline 0.002 -18"><span class='ocrx_word' id='word_1_27' title='bbox 222 630 292 684; x_wconf 92' lang='lat' dir='ltr'><strong>Et</strong></span> <span class='ocrx_word' id='word_1_28' title='bbox 337 643 462 699; x_wconf 86' lang='lat' dir='ltr'><strong>cap.</strong></span> <span class='ocrx_word' id='word_1_29' title='bbox 514 629 603 697; x_wconf 81' lang='lat'><strong>42,</strong></span> <span class='ocrx_word' id='word_1_30' title='bbox 644 629 746 687; x_wconf 91' lang='lat' dir='ltr'><strong>ubi</strong></span> <span class='ocrx_word' id='word_1_31' title='bbox 802 643 1022 699; x_wconf 85' lang='lat' dir='ltr'><strong>supra:</strong></span> <span class='ocrx_word' id='word_1_32' title='bbox 1080 652 1101 679; x_wconf 76' lang='grc' dir='ltr'><strong><em>ι</em></strong></span> <span class='ocrx_word' id='word_1_33' title='bbox 1153 630 1329 686; x_wconf 91' lang='lat' dir='ltr'><strong>Nosse</strong></span> <span class='ocrx_word' id='word_1_34' title='bbox 1394 631 1609 688; x_wconf 75' lang='lat' dir='ltr'><strong>debetis</strong></span> <span class='ocrx_word' id='word_1_35' title='bbox 1653 631 1701 686; x_wconf 91' lang='lat' dir='ltr'><strong>si</strong></span> <span class='ocrx_word' id='word_1_36' title='bbox 1746 632 1849 702; x_wconf 88' lang='lat' dir='ltr'><strong>qui</strong></span> 
     </span>
    </p>
   </div>
   <div class='ocr_carea' id='block_1_7' title="bbox 147 717 1853 789">
    <p class='ocr_par' dir='ltr' id='par_1_7' title="bbox 147 717 1853 789">
     <span class='ocr_line' id='line_1_7' title="bbox 147 717 1853 789; baseline 0.002 -17"><span class='ocrx_word' id='word_1_37' title='bbox 147 717 311 773; x_wconf 79' lang='lat' dir='ltr'><strong>eritis</strong></span> <span class='ocrx_word' id='word_1_38' title='bbox 391 717 598 787; x_wconf 77' lang='lat' dir='ltr'><strong>posteri</strong></span> <span class='ocrx_word' id='word_1_39' title='bbox 658 719 860 784; x_wconf 86' lang='lat' dir='ltr'><strong>nostri,</strong></span> <span class='ocrx_word' id='word_1_40' title='bbox 921 719 1157 789; x_wconf 84' lang='lat' dir='ltr'><strong>majoris</strong></span> <span class='ocrx_word' id='word_1_41' title='bbox 1226 719 1443 775; x_wconf 83' lang='lat' dir='ltr'><strong>scilicet</strong></span> <span class='ocrx_word' id='word_1_42' title='bbox 1505 720 1853 777; x_wconf 83' lang='lat' dir='ltr'><strong>habitatores</strong></span> 
     </span>
    </p>
   </div>
   <div class='ocr_carea' id='block_1_8' title="bbox 149 806 1851 879">
    <p class='ocr_par' dir='ltr' id='par_1_8' title="bbox 149 806 1851 879">
     <span class='ocr_line' id='line_1_8' title="bbox 149 806 1851 879; baseline 0.002 -17"><span class='ocrx_word' id='word_1_43' title='bbox 149 807 477 862; x_wconf 87' lang='lat' dir='ltr'><strong>monasterii</strong></span> <span class='ocrx_word' id='word_1_44' title='bbox 506 806 697 863; x_wconf 86' lang='lat' dir='ltr'><strong>Sancti</strong></span> <span class='ocrx_word' id='word_1_45' title='bbox 730 808 980 875; x_wconf 85' lang='lat' dir='ltr'><strong>Martini,</strong></span> <span class='ocrx_word' id='word_1_46' title='bbox 1014 806 1252 864; x_wconf 83' lang='lat' dir='ltr'><strong>militem</strong></span> <span class='ocrx_word' id='word_1_47' title='bbox 1277 808 1588 879; x_wconf 88' lang='lat' dir='ltr'><strong>quemdam</strong></span> <span class='ocrx_word' id='word_1_48' title='bbox 1619 810 1851 866; x_wconf 89' lang='lat' dir='ltr'><strong>nomine</strong></span> 
     </span>
    </p>
   </div>
   <div class='ocr_carea' id='block_1_9' title="bbox 150 894 1846 967">
    <p class='ocr_par' dir='ltr' id='par_1_9' title="bbox 150 894 1846 967">
     <span class='ocr_line' id='line_1_9' title="bbox 150 894 1846 967; baseline 0.003 -17"><span class='ocrx_word' id='word_1_49' title='bbox 150 894 537 962; x_wconf 89' lang='lat' dir='ltr'><strong>Bernardum,</strong></span> <span class='ocrx_word' id='word_1_50' title='bbox 581 896 920 966; x_wconf 89' lang='lat' dir='ltr'><strong>cognomine</strong></span> <span class='ocrx_word' id='word_1_51' title='bbox 971 895 1310 967; x_wconf 84' lang='lat' dir='ltr'><strong>Flagellum,</strong></span> <span class='ocrx_word' id='word_1_52' title='bbox 1353 896 1747 954; x_wconf 90' lang='lat' dir='ltr'><strong>devenientem</strong></span> <span class='ocrx_word' id='word_1_53' title='bbox 1778 900 1846 955; x_wconf 91' lang='lat' dir='ltr'><strong>ad</strong></span> 
     </span>
    </p>
   </div>
   <div class='ocr_carea' id='block_1_10' title="bbox 148 983 1850 1053">
    <p class='ocr_par' dir='ltr' id='par_1_10' title="bbox 148 983 1850 1053">
     <span class='ocr_line' id='line_1_10' title="bbox 148 983 1850 1053; baseline 0.002 -14"><span class='ocrx_word' id='word_1_54' title='bbox 148 983 582 1053; x_wconf 90' lang='lat' dir='ltr'><strong>suscipiendum</strong></span> <span class='ocrx_word' id='word_1_55' title='bbox 611 984 764 1053; x_wconf 89' lang='lat' dir='ltr'><strong>apud</strong></span> <span class='ocrx_word' id='word_1_56' title='bbox 800 984 901 1038; x_wconf 88' lang='lat' dir='ltr'><strong>nos</strong></span> <span class='ocrx_word' id='word_1_57' title='bbox 927 985 1358 1053; x_wconf 88' lang='lat' dir='ltr'><strong>monachatum,</strong></span> <span class='ocrx_word' id='word_1_58' title='bbox 1409 986 1653 1043; x_wconf 88' lang='lat' dir='ltr'><strong>donasse</strong></span> <span class='ocrx_word' id='word_1_59' title='bbox 1686 988 1850 1045; x_wconf 87' lang='lat' dir='ltr'><strong>nobis</strong></span> 
     </span>
    </p>
   </div>
   <div class='ocr_carea' id='block_1_11' title="bbox 149 1072 1849 1144">
    <p class='ocr_par' dir='ltr' id='par_1_11' title="bbox 149 1072 1849 1144">
     <span class='ocr_line' id='line_1_11' title="bbox 149 1072 1849 1144; baseline 0.003 -16"><span class='ocrx_word' id='word_1_60' title='bbox 149 1072 454 1128; x_wconf 89' lang='lat' dir='ltr'><strong>dimidium</strong></span> <span class='ocrx_word' id='word_1_61' title='bbox 506 1078 691 1139; x_wconf 87' lang='lat' dir='ltr'><strong>terra,</strong></span> <span class='ocrx_word' id='word_1_62' title='bbox 747 1081 812 1128; x_wconf 90' lang='lat' dir='ltr'><strong>ut</strong></span> <span class='ocrx_word' id='word_1_63' title='bbox 858 1073 1205 1142; x_wconf 85' lang='lat' dir='ltr'><strong>appellatur,</strong></span> <span class='ocrx_word' id='word_1_64' title='bbox 1238 1073 1597 1144; x_wconf 91' lang='lat' dir='ltr'><strong>Ostrulvilla,</strong></span> <span class='ocrx_word' id='word_1_65' title='bbox 1641 1090 1849 1133; x_wconf 90' lang='lat' dir='ltr'><strong>conce-</strong></span> 
     </span>
    </p>
   </div>
   <div class='ocr_carea' id='block_1_12' title="bbox 150 1159 1845 1233">
    <p class='ocr_par' dir='ltr' id='par_1_12' title="bbox 150 1159 1845 1233">
     <span class='ocr_line' id='line_1_12' title="bbox 150 1159 1845 1233; baseline 0.003 -18"><span class='ocrx_word' id='word_1_66' title='bbox 150 1159 422 1216; x_wconf 88' lang='lat' dir='ltr'><strong>dentibus</strong></span> <span class='ocrx_word' id='word_1_67' title='bbox 458 1160 703 1216; x_wconf 89' lang='lat' dir='ltr'><strong>dominis</strong></span> <span class='ocrx_word' id='word_1_68' title='bbox 739 1175 972 1231; x_wconf 88' lang='lat' dir='ltr'><strong>quoque</strong></span> <span class='ocrx_word' id='word_1_69' title='bbox 1019 1162 1088 1218; x_wconf 91' lang='lat' dir='ltr'><strong>de</strong></span> <span class='ocrx_word' id='word_1_70' title='bbox 1135 1163 1350 1233; x_wconf 91' lang='lat' dir='ltr'><strong>quibus</strong></span> <span class='ocrx_word' id='word_1_71' title='bbox 1400 1164 1557 1219; x_wconf 89' lang='lat' dir='ltr'><strong>illam</strong></span> <span class='ocrx_word' id='word_1_72' title='bbox 1601 1166 1845 1232; x_wconf 88' lang='lat' dir='ltr'><strong>tenebat,</strong></span> 
     </span>
    </p>
   </div>
   <div class='ocr_carea' id='block_1_13' title="bbox 152 1249 1846 1319">
    <p class='ocr_par' dir='ltr' id='par_1_13' title="bbox 152 1249 1846 1319">
     <span class='ocr_line' id='line_1_13' title="bbox 152 1249 1846 1319; baseline 0.004 -15"><span class='ocrx_word' id='word_1_73' title='bbox 152 1249 399 1319; x_wconf 83' lang='lat' dir='ltr'><strong>Hugone</strong></span> <span class='ocrx_word' id='word_1_74' title='bbox 465 1249 726 1305; x_wconf 87' lang='lat' dir='ltr'><strong>videlicet</strong></span> <span class='ocrx_word' id='word_1_75' title='bbox 784 1249 854 1305; x_wconf 90' lang='lat' dir='ltr'><strong>de</strong></span> <span class='ocrx_word' id='word_1_76' title='bbox 919 1250 1199 1306; x_wconf 90' lang='lat' dir='ltr'><strong>Putatiolo</strong></span> <span class='ocrx_word' id='word_1_77' title='bbox 1263 1252 1591 1309; x_wconf 84' lang='lat' dir='ltr'><strong>vicecomite</strong></span> <span class='ocrx_word' id='word_1_78' title='bbox 1637 1254 1846 1310; x_wconf 89' lang='lat' dir='ltr'><strong>Carno-</strong></span> 
     </span>
    </p>
   </div>
   <div class='ocr_carea' id='block_1_14' title="bbox 153 1337 1849 1414">
    <p class='ocr_par' dir='ltr' id='par_1_14' title="bbox 153 1337 1849 1414">
     <span class='ocr_line' id='line_1_14' title="bbox 153 1337 1849 1414; baseline 0.004 -22"><span class='ocrx_word' id='word_1_79' title='bbox 153 1338 319 1403; x_wconf 90' lang='lat' dir='ltr'><strong>tensi,</strong></span> <span class='ocrx_word' id='word_1_80' title='bbox 360 1346 533 1408; x_wconf 89' lang='lat' dir='ltr'><strong>atque</strong></span> <span class='ocrx_word' id='word_1_81' title='bbox 582 1337 843 1393; x_wconf 89' lang='lat' dir='ltr'><strong>Ebrardo</strong></span> <span class='ocrx_word' id='word_1_82' title='bbox 889 1338 959 1393; x_wconf 93' lang='lat' dir='ltr'><strong>de</strong></span> <span class='ocrx_word' id='word_1_83' title='bbox 988 1338 1349 1408; x_wconf 89' lang='lat' dir='ltr'><strong>Levaisvilla,</strong></span> <span class='ocrx_word' id='word_1_84' title='bbox 1382 1349 1675 1398; x_wconf 75' lang='lat' dir='ltr'><strong>annuente</strong></span> <span class='ocrx_word' id='word_1_85' title='bbox 1705 1357 1849 1414; x_wconf 90' lang='lat' dir='ltr'><strong>quo-</strong></span> 
     </span>
    </p>
   </div>
   <div class='ocr_carea' id='block_1_15' title="bbox 151 1424 1263 1496">
    <p class='ocr_par' dir='ltr' id='par_1_15' title="bbox 151 1424 1263 1496">
     <span class='ocr_line' id='line_1_15' title="bbox 151 1424 1263 1496; baseline 0.003 -16"><span class='ocrx_word' id='word_1_86' title='bbox 151 1439 267 1496; x_wconf 91' lang='lat' dir='ltr'><strong>que</strong></span> <span class='ocrx_word' id='word_1_87' title='bbox 297 1424 587 1495; x_wconf 88' lang='lat' dir='ltr'><strong>Stephano</strong></span> <span class='ocrx_word' id='word_1_88' title='bbox 624 1425 917 1482; x_wconf 88' lang='lat' dir='ltr'><strong>avunculo</strong></span> <span class='ocrx_word' id='word_1_89' title='bbox 939 1440 1063 1494; x_wconf 90' lang='lat' dir='ltr'><strong>suo,</strong></span> <span class='ocrx_word' id='word_1_90' title='bbox 1100 1449 1127 1475; x_wconf 86' lang='lat'>»</span> <span class='ocrx_word' id='word_1_91' title='bbox 1156 1436 1263 1483; x_wconf 89' lang='lat' dir='ltr'><strong>etc.</strong></span> 
     </span>
    </p>
   </div>
   <div class='ocr_carea' id='block_1_16' title="bbox 226 1511 1849 1584">
    <p class='ocr_par' dir='ltr' id='par_1_16' title="bbox 226 1511 1849 1584">
     <span class='ocr_line' id='line_1_16' title="bbox 226 1511 1849 1584; baseline 0.005 -17"><span class='ocrx_word' id='word_1_92' title='bbox 226 1511 314 1584; x_wconf 73' lang='lat'><strong>(‘9)</strong></span> <span class='ocrx_word' id='word_1_93' title='bbox 343 1514 477 1569; x_wconf 82' lang='lat' dir='ltr'><strong>CAP.</strong></span> <span class='ocrx_word' id='word_1_94' title='bbox 526 1514 654 1569; x_wconf 87' lang='lat' dir='ltr'><strong>XII.</strong></span> <span class='ocrx_word' id='word_1_95' title='bbox 680 1544 749 1555; x_wconf 92' lang='lat'>—</span> <span class='ocrx_word' id='word_1_96' title='bbox 791 1515 1119 1570; x_wconf 81' lang='lat' dir='ltr'><strong>Calceorum</strong></span> <span class='ocrx_word' id='word_1_97' title='bbox 1146 1515 1217 1570; x_wconf 91' lang='lat' dir='ltr'><strong>de</strong></span> <span class='ocrx_word' id='word_1_98' title='bbox 1261 1516 1534 1574; x_wconf 84' lang='lat' dir='ltr'><strong>Corduba.</strong></span> <span class='ocrx_word' id='word_1_99' title='bbox 1569 1517 1659 1575; x_wconf 90' lang='lat' dir='ltr'><strong>Nil</strong></span> <span class='ocrx_word' id='word_1_100' title='bbox 1693 1518 1849 1575; x_wconf 86' lang='lat' dir='ltr'><strong>hunc</strong></span> 
     </span>
    </p>
   </div>
   <div class='ocr_carea' id='block_1_17' title="bbox 151 1601 1847 1677">
    <p class='ocr_par' dir='ltr' id='par_1_17' title="bbox 151 1601 1847 1677">
     <span class='ocr_line' id='line_1_17' title="bbox 151 1601 1847 1677; baseline 0.004 -19"><span class='ocrx_word' id='word_1_101' title='bbox 151 1603 343 1658; x_wconf 91' lang='lat' dir='ltr'><strong>locum</strong></span> <span class='ocrx_word' id='word_1_102' title='bbox 396 1601 705 1659; x_wconf 89' lang='lat' dir='ltr'><strong>Ordericus</strong></span> <span class='ocrx_word' id='word_1_103' title='bbox 758 1604 963 1661; x_wconf 89' lang='lat' dir='ltr'><strong>Vitalis</strong></span> <span class='ocrx_word' id='word_1_104' title='bbox 1007 1620 1119 1661; x_wconf 93' lang='lat' dir='ltr'><strong>non</strong></span> <span class='ocrx_word' id='word_1_105' title='bbox 1178 1606 1446 1672; x_wconf 89' lang='lat' dir='ltr'><strong>elucidat,</strong></span> <span class='ocrx_word' id='word_1_106' title='bbox 1501 1608 1600 1677; x_wconf 92' lang='lat' dir='ltr'><strong>qui</strong></span> <span class='ocrx_word' id='word_1_107' title='bbox 1649 1608 1847 1664; x_wconf 87' lang='lat' dir='ltr'><strong>eadem</strong></span> 
     </span>
    </p>
   </div>
   <div class='ocr_carea' id='block_1_18' title="bbox 152 1689 1850 1767">
    <p class='ocr_par' dir='ltr' id='par_1_18' title="bbox 152 1689 1850 1767">
     <span class='ocr_line' id='line_1_18' title="bbox 152 1689 1850 1767; baseline 0.005 -23"><span class='ocrx_word' id='word_1_108' title='bbox 152 1689 331 1746; x_wconf 90' lang='lat' dir='ltr'><strong>ferme</strong></span> <span class='ocrx_word' id='word_1_109' title='bbox 360 1697 691 1760; x_wconf 87' lang='lat' dir='ltr'><strong>tempestate</strong></span> <span class='ocrx_word' id='word_1_110' title='bbox 748 1694 1143 1762; x_wconf 88' lang='lat' dir='ltr'><strong>componebat,</strong></span> <span class='ocrx_word' id='word_1_111' title='bbox 1206 1695 1464 1752; x_wconf 88' lang='lat' dir='ltr'><strong>Historia</strong></span> <span class='ocrx_word' id='word_1_112' title='bbox 1511 1695 1611 1752; x_wconf 92' lang='lat' dir='ltr'><strong>lib.</strong></span> <span class='ocrx_word' id='word_1_113' title='bbox 1646 1697 1850 1767; x_wconf 89' lang='lat' dir='ltr'><strong>quinto</strong></span> 
     </span>
    </p>
   </div>
   <div class='ocr_carea' id='block_1_19' title="bbox 154 1777 1850 1853">
    <p class='ocr_par' dir='ltr' id='par_1_19' title="bbox 154 1777 1850 1853">
     <span class='ocr_line' id='line_1_19' title="bbox 154 1777 1850 1853; baseline 0.006 -22"><span class='ocrx_word' id='word_1_114' title='bbox 154 1777 213 1831; x_wconf 91' lang='lat' dir='ltr'><strong>in</strong></span> <span class='ocrx_word' id='word_1_115' title='bbox 244 1777 354 1833; x_wconf 90' lang='lat' dir='ltr'><strong>fine</strong></span> <span class='ocrx_word' id='word_1_116' title='bbox 390 1792 402 1832; x_wconf 93' lang='lat'>:</span> <span class='ocrx_word' id='word_1_117' title='bbox 441 1800 462 1827; x_wconf 80' lang='grc' dir='ltr'>ι</span> <span class='ocrx_word' id='word_1_118' title='bbox 498 1778 790 1835; x_wconf 91' lang='lat' dir='ltr'><strong>Dederunt</strong></span> <span class='ocrx_word' id='word_1_119' title='bbox 830 1779 1051 1837; x_wconf 92' lang='lat' dir='ltr'><strong>Simoni</strong></span> <span class='ocrx_word' id='word_1_120' title='bbox 1082 1782 1344 1853; x_wconf 89' lang='lat' dir='ltr'><strong>quinque</strong></span> <span class='ocrx_word' id='word_1_121' title='bbox 1392 1784 1623 1852; x_wconf 90' lang='lat' dir='ltr'><strong>solidos,</strong></span> <span class='ocrx_word' id='word_1_122' title='bbox 1655 1793 1709 1841; x_wconf 88' lang='lat' dir='ltr'><strong>et</strong></span> <span class='ocrx_word' id='word_1_123' title='bbox 1740 1786 1850 1843; x_wconf 84' lang='lat' dir='ltr'><strong>Ro-</strong></span> 
     </span>
    </p>
   </div>
   <div class='ocr_carea' id='block_1_20' title="bbox 152 1864 1852 1937">
    <p class='ocr_par' dir='ltr' id='par_1_20' title="bbox 152 1864 1852 1937">
     <span class='ocr_line' id='line_1_20' title="bbox 152 1864 1852 1937; baseline 0.006 -18"><span class='ocrx_word' id='word_1_124' title='bbox 152 1864 315 1920; x_wconf 92' lang='lat' dir='ltr'><strong>berto</strong></span> <span class='ocrx_word' id='word_1_125' title='bbox 369 1864 651 1922; x_wconf 89' lang='lat' dir='ltr'><strong>sotulares</strong></span> <span class='ocrx_word' id='word_1_126' title='bbox 707 1866 958 1937; x_wconf 85' lang='lat' dir='ltr'><strong>(calceos)</strong></span> <span class='ocrx_word' id='word_1_127' title='bbox 1002 1868 1353 1926; x_wconf 88' lang='lat' dir='ltr'><strong>Corduanos.</strong></span> <span class='ocrx_word' id='word_1_128' title='bbox 1417 1891 1438 1919; x_wconf 75' lang='grc' dir='ltr'><strong><em>ι</em></strong></span> <span class='ocrx_word' id='word_1_129' title='bbox 1502 1872 1635 1928; x_wconf 89' lang='lat' dir='ltr'><strong>Item</strong></span> <span class='ocrx_word' id='word_1_130' title='bbox 1708 1872 1852 1929; x_wconf 88' lang='lat' dir='ltr'><strong>libro</strong></span> 
     </span>
    </p>
   </div>
   <div class='ocr_carea' id='block_1_21' title="bbox 153 1954 1855 2031">
    <p class='ocr_par' dir='ltr' id='par_1_21' title="bbox 153 1954 1855 2031">
     <span class='ocr_line' id='line_1_21' title="bbox 153 1954 1855 2031; baseline 0.006 -23"><span class='ocrx_word' id='word_1_131' title='bbox 153 1960 377 2021; x_wconf 89' lang='lat' dir='ltr'><strong>octavo,</strong></span> <span class='ocrx_word' id='word_1_132' title='bbox 440 1954 655 2031; x_wconf 83' lang='lat' dir='ltr'><strong>pagina</strong></span> <span class='ocrx_word' id='word_1_133' title='bbox 711 1958 814 2010; x_wconf 81' lang='lat'><strong>682</strong></span> <span class='ocrx_word' id='word_1_134' title='bbox 876 1958 1147 2028; x_wconf 85' lang='lat' dir='ltr'><strong>graphice</strong></span> <span class='ocrx_word' id='word_1_135' title='bbox 1186 1958 1275 2014; x_wconf 91' lang='lat' dir='ltr'><strong>sui</strong></span> <span class='ocrx_word' id='word_1_136' title='bbox 1324 1961 1596 2030; x_wconf 91' lang='lat' dir='ltr'><strong>temporis</strong></span> <span class='ocrx_word' id='word_1_137' title='bbox 1639 1962 1855 2019; x_wconf 87' lang='lat' dir='ltr'><strong>calceos</strong></span> 
     </span>
    </p>
   </div>
   <div class='ocr_carea' id='block_1_22' title="bbox 154 2040 1850 2120">
    <p class='ocr_par' dir='ltr' id='par_1_22' title="bbox 154 2040 1850 2120">
     <span class='ocr_line' id='line_1_22' title="bbox 154 2040 1850 2120; baseline 0.006 -23"><span class='ocrx_word' id='word_1_138' title='bbox 154 2040 435 2112; x_wconf 80' lang='lat' dir='ltr'><strong>depingit,</strong></span> <span class='ocrx_word' id='word_1_139' title='bbox 490 2049 546 2099; x_wconf 90' lang='lat' dir='ltr'><strong>et</strong></span> <span class='ocrx_word' id='word_1_140' title='bbox 622 2043 677 2099; x_wconf 93' lang='lat' dir='ltr'><strong>id</strong></span> <span class='ocrx_word' id='word_1_141' title='bbox 753 2044 908 2101; x_wconf 90' lang='lat' dir='ltr'><strong>haud</strong></span> <span class='ocrx_word' id='word_1_142' title='bbox 954 2061 1075 2102; x_wconf 86' lang='lat' dir='ltr'><strong>avo</strong></span> <span class='ocrx_word' id='word_1_143' title='bbox 1123 2055 1317 2103; x_wconf 88' lang='lat' dir='ltr'><strong>nostro</strong></span> <span class='ocrx_word' id='word_1_144' title='bbox 1364 2062 1480 2105; x_wconf 91' lang='lat' dir='ltr'><strong>non</strong></span> <span class='ocrx_word' id='word_1_145' title='bbox 1537 2051 1850 2120; x_wconf 87' lang='lat' dir='ltr'><strong>competit:</strong></span> 
     </span>
    </p>
   </div>
   <div class='ocr_carea' id='block_1_23' title="bbox 159 2129 1849 2208">
    <p class='ocr_par' dir='ltr' id='par_1_23' title="bbox 159 2129 1849 2208">
     <span class='ocr_line' id='line_1_23' title="bbox 159 2129 1849 2208; baseline 0.011 -31"><span class='ocrx_word' id='word_1_146' title='bbox 159 2150 180 2177; x_wconf 76' lang='grc' dir='ltr'>ι</span> <span class='ocrx_word' id='word_1_147' title='bbox 218 2129 322 2185; x_wconf 91' lang='lat' dir='ltr'><strong>Hic</strong></span> <span class='ocrx_word' id='word_1_148' title='bbox 356 2130 555 2200; x_wconf 88' lang='lat' dir='ltr'><strong>(Fulco</strong></span> <span class='ocrx_word' id='word_1_149' title='bbox 582 2131 1031 2203; x_wconf 80' lang='lat' dir='ltr'><strong>Andegavensis)</strong></span> <span class='ocrx_word' id='word_1_150' title='bbox 1062 2133 1120 2189; x_wconf 90' lang='lat' dir='ltr'><strong>in</strong></span> <span class='ocrx_word' id='word_1_151' title='bbox 1146 2135 1339 2192; x_wconf 89' lang='lat' dir='ltr'><strong>multis</strong></span> <span class='ocrx_word' id='word_1_152' title='bbox 1368 2138 1849 2208; x_wconf 86' lang='lat' dir='ltr'><strong>reprehensibilis,</strong></span> 
     </span>
    </p>
   </div>
   <div class='ocr_carea' id='block_1_24' title="bbox 152 2217 1855 2296">
    <p class='ocr_par' dir='ltr' id='par_1_24' title="bbox 152 2217 1855 2296">
     <span class='ocr_line' id='line_1_24' title="bbox 152 2217 1855 2296; baseline 0.008 -24"><span class='ocrx_word' id='word_1_153' title='bbox 152 2224 211 2272; x_wconf 93' lang='lat' dir='ltr'><strong>et</strong></span> <span class='ocrx_word' id='word_1_154' title='bbox 242 2217 470 2274; x_wconf 86' lang='lat' dir='ltr'><strong>infamis</strong></span> <span class='ocrx_word' id='word_1_155' title='bbox 519 2228 642 2275; x_wconf 88' lang='lat' dir='ltr'><strong>erat</strong></span> <span class='ocrx_word' id='word_1_156' title='bbox 699 2221 816 2291; x_wconf 90' lang='lat' dir='ltr'><strong>ipse</strong></span> <span class='ocrx_word' id='word_1_157' title='bbox 880 2222 1177 2292; x_wconf 89' lang='lat' dir='ltr'><strong>nimirum,</strong></span> <span class='ocrx_word' id='word_1_158' title='bbox 1237 2225 1376 2296; x_wconf 87' lang='lat' dir='ltr'><strong>quia</strong></span> <span class='ocrx_word' id='word_1_159' title='bbox 1407 2227 1576 2295; x_wconf 90' lang='lat' dir='ltr'><strong>pedes</strong></span> <span class='ocrx_word' id='word_1_160' title='bbox 1610 2228 1855 2285; x_wconf 86' lang='lat' dir='ltr'><strong>habebat</strong></span> 
     </span>
    </p>
   </div>
   <div class='ocr_carea' id='block_1_25' title="bbox 154 2305 1852 2383">
    <p class='ocr_par' dir='ltr' id='par_1_25' title="bbox 154 2305 1852 2383">
     <span class='ocr_line' id='line_1_25' title="bbox 154 2305 1852 2383; baseline 0.008 -23"><span class='ocrx_word' id='word_1_161' title='bbox 154 2305 453 2373; x_wconf 81' lang='lat' dir='ltr'><strong>deformes,</strong></span> <span class='ocrx_word' id='word_1_162' title='bbox 488 2306 733 2364; x_wconf 87' lang='lat' dir='ltr'><strong>instituit</strong></span> <span class='ocrx_word' id='word_1_163' title='bbox 765 2309 886 2366; x_wconf 86' lang='lat' dir='ltr'><strong>fieri</strong></span> <span class='ocrx_word' id='word_1_164' title='bbox 915 2306 1128 2383; x_wconf 82' lang='lat' dir='ltr'><strong>longos,</strong></span> <span class='ocrx_word' id='word_1_165' title='bbox 1161 2320 1216 2369; x_wconf 92' lang='lat' dir='ltr'><strong>et</strong></span> <span class='ocrx_word' id='word_1_166' title='bbox 1246 2314 1304 2369; x_wconf 91' lang='lat' dir='ltr'><strong>in</strong></span> <span class='ocrx_word' id='word_1_167' title='bbox 1333 2315 1662 2372; x_wconf 90' lang='lat' dir='ltr'><strong>summitate</strong></span> <span class='ocrx_word' id='word_1_168' title='bbox 1708 2331 1852 2374; x_wconf 90' lang='lat' dir='ltr'><strong>acu-</strong></span> 
     </span>
    </p>
   </div>
   <div class='ocr_carea' id='block_1_26' title="bbox 157 2394 1849 2474">
    <p class='ocr_par' dir='ltr' id='par_1_26' title="bbox 157 2394 1849 2474">
     <span class='ocr_line' id='line_1_26' title="bbox 157 2394 1849 2474; baseline 0.006 -24"><span class='ocrx_word' id='word_1_169' title='bbox 157 2394 402 2451; x_wconf 90' lang='lat' dir='ltr'><strong>tissimos</strong></span> <span class='ocrx_word' id='word_1_170' title='bbox 455 2397 792 2465; x_wconf 90' lang='lat' dir='ltr'><strong>subtolares,</strong></span> <span class='ocrx_word' id='word_1_171' title='bbox 828 2399 908 2455; x_wconf 92' lang='lat' dir='ltr'><strong>ita</strong></span> <span class='ocrx_word' id='word_1_172' title='bbox 935 2406 1085 2454; x_wconf 75' lang='lat'><strong>600</strong></span> <span class='ocrx_word' id='word_1_173' title='bbox 1137 2408 1200 2457; x_wconf 90' lang='lat' dir='ltr'><strong>ut</strong></span> <span class='ocrx_word' id='word_1_174' title='bbox 1246 2404 1489 2473; x_wconf 90' lang='lat' dir='ltr'><strong>operiret</strong></span> <span class='ocrx_word' id='word_1_175' title='bbox 1522 2406 1706 2474; x_wconf 89' lang='lat' dir='ltr'><strong>pedes,</strong></span> <span class='ocrx_word' id='word_1_176' title='bbox 1741 2413 1849 2463; x_wconf 89' lang='lat' dir='ltr'><strong>etc.</strong></span> 
     </span>
    </p>
   </div>
   <div class='ocr_carea' id='block_1_27' title="bbox 156 2482 1854 2563">
    <p class='ocr_par' dir='ltr' id='par_1_27' title="bbox 156 2482 1854 2563">
     <span class='ocr_line' id='line_1_27' title="bbox 156 2482 1854 2563; baseline 0.009 -26"><span class='ocrx_word' id='word_1_177' title='bbox 156 2482 427 2540; x_wconf 91' lang='lat' dir='ltr'><strong>Insolitus</strong></span> <span class='ocrx_word' id='word_1_178' title='bbox 458 2485 561 2541; x_wconf 90' lang='lat' dir='ltr'><strong>iste</strong></span> <span class='ocrx_word' id='word_1_179' title='bbox 600 2500 723 2543; x_wconf 94' lang='lat' dir='ltr'><strong>mos</strong></span> <span class='ocrx_word' id='word_1_180' title='bbox 765 2488 821 2542; x_wconf 90' lang='lat' dir='ltr'><strong>in</strong></span> <span class='ocrx_word' id='word_1_181' title='bbox 876 2489 1182 2546; x_wconf 89' lang='lat' dir='ltr'><strong>occiduum</strong></span> <span class='ocrx_word' id='word_1_182' title='bbox 1213 2492 1406 2548; x_wconf 90' lang='lat' dir='ltr'><strong>orbem</strong></span> <span class='ocrx_word' id='word_1_183' title='bbox 1442 2495 1733 2563; x_wconf 88' lang='lat' dir='ltr'><strong>processit,</strong></span> <span class='ocrx_word' id='word_1_184' title='bbox 1769 2496 1854 2551; x_wconf 90' lang='lat' dir='ltr'><strong>le-</strong></span> 
     </span>
    </p>
   </div>
   <div class='ocr_carea' id='block_1_28' title="bbox 156 2570 1851 2653">
    <p class='ocr_par' dir='ltr' id='par_1_28' title="bbox 156 2570 1851 2653">
     <span class='ocr_line' id='line_1_28' title="bbox 156 2570 1851 2653; baseline 0.007 -27"><span class='ocrx_word' id='word_1_185' title='bbox 156 2570 446 2641; x_wconf 89' lang='lat' dir='ltr'><strong>vibusque</strong></span> <span class='ocrx_word' id='word_1_186' title='bbox 478 2581 533 2628; x_wconf 92' lang='lat' dir='ltr'><strong>et</strong></span> <span class='ocrx_word' id='word_1_187' title='bbox 560 2573 881 2630; x_wconf 90' lang='lat' dir='ltr'><strong>novitatum</strong></span> <span class='ocrx_word' id='word_1_188' title='bbox 913 2577 1266 2634; x_wconf 89' lang='lat' dir='ltr'><strong>amatoribus</strong></span> <span class='ocrx_word' id='word_1_189' title='bbox 1324 2580 1691 2637; x_wconf 88' lang='lat' dir='ltr'><strong>vehementer</strong></span> <span class='ocrx_word' id='word_1_190' title='bbox 1714 2582 1851 2653; x_wconf 79' lang='lat' dir='ltr'><strong>jpla-</strong></span> 
     </span>
    </p>
   </div>
   <div class='ocr_carea' id='block_1_29' title="bbox 157 2659 1854 2738">
    <p class='ocr_par' dir='ltr' id='par_1_29' title="bbox 157 2659 1854 2738">
     <span class='ocr_line' id='line_1_29' title="bbox 157 2659 1854 2738; baseline 0.008 -23"><span class='ocrx_word' id='word_1_191' title='bbox 157 2659 319 2715; x_wconf 87' lang='lat' dir='ltr'><strong>cuit:</strong></span> <span class='ocrx_word' id='word_1_192' title='bbox 371 2660 526 2717; x_wconf 89' lang='lat' dir='ltr'><strong>unde</strong></span> <span class='ocrx_word' id='word_1_193' title='bbox 572 2669 797 2718; x_wconf 89' lang='lat' dir='ltr'><strong>sutores</strong></span> <span class='ocrx_word' id='word_1_194' title='bbox 856 2664 935 2719; x_wconf 90' lang='lat' dir='ltr'><strong>im</strong></span> <span class='ocrx_word' id='word_1_195' title='bbox 987 2665 1385 2723; x_wconf 85' lang='lat' dir='ltr'><strong>calceamentis</strong></span> <span class='ocrx_word' id='word_1_196' title='bbox 1439 2669 1606 2738; x_wconf 89' lang='lat' dir='ltr'><strong>quasi</strong></span> <span class='ocrx_word' id='word_1_197' title='bbox 1636 2671 1854 2727; x_wconf 84' lang='lat' dir='ltr'><strong>caudas</strong></span> 
     </span>
    </p>
   </div>
   <div class='ocr_carea' id='block_1_30' title="bbox 157 2749 1848 2827">
    <p class='ocr_par' dir='ltr' id='par_1_30' title="bbox 157 2749 1848 2827">
     <span class='ocr_line' id='line_1_30' title="bbox 157 2749 1848 2827; baseline 0.008 -24"><span class='ocrx_word' id='word_1_198' title='bbox 157 2749 541 2817; x_wconf 87' lang='lat' dir='ltr'><strong>scorpionum,</strong></span> <span class='ocrx_word' id='word_1_199' title='bbox 583 2765 730 2821; x_wconf 89' lang='lat' dir='ltr'><strong>quas</strong></span> <span class='ocrx_word' id='word_1_200' title='bbox 760 2752 935 2824; x_wconf 87' lang='lat' dir='ltr'><strong>vulgo</strong></span> <span class='ocrx_word' id='word_1_201' title='bbox 967 2754 1218 2826; x_wconf 88' lang='lat' dir='ltr'><strong>pigacias</strong></span> <span class='ocrx_word' id='word_1_202' title='bbox 1244 2757 1554 2827; x_wconf 88' lang='lat' dir='ltr'><strong>appellant,</strong></span> <span class='ocrx_word' id='word_1_203' title='bbox 1595 2757 1808 2816; x_wconf 84' lang='lat' dir='ltr'><strong>faciant</strong></span> <span class='ocrx_word' id='word_1_204' title='bbox 1836 2776 1848 2815; x_wconf 91' lang='lat'><strong>:</strong></span> 
     </span>
    </p>
   </div>
   <div class='ocr_carea' id='block_1_31' title="bbox 161 2837 1850 2919">
    <p class='ocr_par' dir='ltr' id='par_1_31' title="bbox 161 2837 1850 2919">
     <span class='ocr_line' id='line_1_31' title="bbox 161 2837 1850 2919; baseline 0.008 -28"><span class='ocrx_word' id='word_1_205' title='bbox 161 2837 339 2907; x_wconf 88' lang='lat' dir='ltr'><strong>quue</strong></span> <span class='ocrx_word' id='word_1_206' title='bbox 367 2853 550 2908; x_wconf 89' lang='lat' dir='ltr'><strong>genus</strong></span> <span class='ocrx_word' id='word_1_207' title='bbox 579 2840 945 2898; x_wconf 87' lang='lat' dir='ltr'><strong>calceamenti</strong></span> <span class='ocrx_word' id='word_1_208' title='bbox 977 2858 1120 2913; x_wconf 90' lang='lat' dir='ltr'><strong>pene</strong></span> <span class='ocrx_word' id='word_1_209' title='bbox 1162 2846 1355 2902; x_wconf 89' lang='lat' dir='ltr'><strong>cuncti</strong></span> <span class='ocrx_word' id='word_1_210' title='bbox 1381 2845 1586 2903; x_wconf 86' lang='lat' dir='ltr'><strong>divites</strong></span> <span class='ocrx_word' id='word_1_211' title='bbox 1610 2856 1664 2903; x_wconf 91' lang='lat' dir='ltr'><strong>et</strong></span> <span class='ocrx_word' id='word_1_212' title='bbox 1689 2849 1850 2919; x_wconf 87' lang='lat' dir='ltr'><strong>egeni</strong></span> 
     </span>
    </p>
   </div>
   <div class='ocr_carea' id='block_1_32' title="bbox 160 2925 1852 3006">
    <p class='ocr_par' dir='ltr' id='par_1_32' title="bbox 160 2925 1852 3006">
     <span class='ocr_line' id='line_1_32' title="bbox 160 2925 1852 3006; baseline 0.008 -27"><span class='ocrx_word' id='word_1_213' title='bbox 160 2925 433 2983; x_wconf 91' lang='lat' dir='ltr'><strong>nimirum</strong></span> <span class='ocrx_word' id='word_1_214' title='bbox 463 2937 775 3000; x_wconf 84' lang='lat' dir='ltr'><strong>expetunt;</strong></span> <span class='ocrx_word' id='word_1_215' title='bbox 810 2945 943 2987; x_wconf 90' lang='lat' dir='ltr'><strong>nam</strong></span> <span class='ocrx_word' id='word_1_216' title='bbox 967 2940 1133 2989; x_wconf 89' lang='lat' dir='ltr'><strong>antea</strong></span> <span class='ocrx_word' id='word_1_217' title='bbox 1155 2934 1310 2990; x_wconf 93' lang='lat' dir='ltr'><strong>omni</strong></span> <span class='ocrx_word' id='word_1_218' title='bbox 1341 2942 1593 3006; x_wconf 91' lang='lat' dir='ltr'><strong>tempore</strong></span> <span class='ocrx_word' id='word_1_219' title='bbox 1619 2936 1852 2992; x_wconf 90' lang='lat' dir='ltr'><strong>rotundi</strong></span> 
     </span>
    </p>
   </div>
   <div class='ocr_carea' id='block_1_33' title="bbox 160 3014 1852 3094">
    <p class='ocr_par' dir='ltr' id='par_1_33' title="bbox 160 3014 1852 3094">
     <span class='ocr_line' id='line_1_33' title="bbox 160 3014 1852 3094; baseline 0.008 -26"><span class='ocrx_word' id='word_1_220' title='bbox 160 3014 477 3072; x_wconf 90' lang='lat' dir='ltr'><strong>subtolares</strong></span> <span class='ocrx_word' id='word_1_221' title='bbox 508 3019 576 3073; x_wconf 89' lang='lat' dir='ltr'><strong>ad</strong></span> <span class='ocrx_word' id='word_1_222' title='bbox 628 3017 867 3075; x_wconf 88' lang='lat' dir='ltr'><strong>formam</strong></span> <span class='ocrx_word' id='word_1_223' title='bbox 927 3021 1137 3091; x_wconf 89' lang='lat' dir='ltr'><strong>pedum</strong></span> <span class='ocrx_word' id='word_1_224' title='bbox 1199 3023 1543 3094; x_wconf 89' lang='lat' dir='ltr'><strong>agebantur,</strong></span> <span class='ocrx_word' id='word_1_225' title='bbox 1586 3045 1606 3071; x_wconf 75' lang='grc' dir='ltr'><strong>ι</strong></span> <span class='ocrx_word' id='word_1_226' title='bbox 1640 3032 1746 3080; x_wconf 90' lang='lat' dir='ltr'><strong>etc.</strong></span> <span class='ocrx_word' id='word_1_227' title='bbox 1782 3026 1852 3081; x_wconf 90' lang='lat' dir='ltr'><strong>Et</strong></span> 
     </span>
    </p>
   </div>
   <div class='ocr_carea' id='block_1_34' title="bbox 158 3100 1852 3183">
    <p class='ocr_par' dir='ltr' id='par_1_34' title="bbox 158 3100 1852 3183">
     <span class='ocr_line' id='line_1_34' title="bbox 158 3100 1852 3183; baseline 0.006 -25"><span class='ocrx_word' id='word_1_228' title='bbox 158 3100 495 3160; x_wconf 90' lang='lat' dir='ltr'><strong>Guillelmus</strong></span> <span class='ocrx_word' id='word_1_229' title='bbox 552 3106 917 3163; x_wconf 86' lang='lat' dir='ltr'><strong>Malmesbur.</strong></span> <span class='ocrx_word' id='word_1_230' title='bbox 977 3124 1205 3166; x_wconf 91' lang='lat' dir='ltr'><strong>coavus</strong></span> <span class='ocrx_word' id='word_1_231' title='bbox 1236 3111 1305 3167; x_wconf 92' lang='lat' dir='ltr'><strong>de</strong></span> <span class='ocrx_word' id='word_1_232' title='bbox 1333 3113 1504 3182; x_wconf 88' lang='lat' dir='ltr'><strong>gestis</strong></span> <span class='ocrx_word' id='word_1_233' title='bbox 1533 3113 1852 3183; x_wconf 80' lang='lat' dir='ltr'><strong>Anglorum</strong></span> 
     </span>
    </p>
   </div>
   <div class='ocr_carea' id='block_1_35' title="bbox 159 3189 1847 3270">
    <p class='ocr_par' dir='ltr' id='par_1_35' title="bbox 159 3189 1847 3270">
     <span class='ocr_line' id='line_1_35' title="bbox 159 3189 1847 3270; baseline 0.007 -24"><span class='ocrx_word' id='word_1_234' title='bbox 159 3189 258 3246; x_wconf 92' lang='lat' dir='ltr'><strong>lib.</strong></span> <span class='ocrx_word' id='word_1_235' title='bbox 302 3206 379 3259; x_wconf 81' lang='grc' dir='ltr'><strong>ιν,</strong></span> <span class='ocrx_word' id='word_1_236' title='bbox 405 3207 453 3248; x_wconf 93' lang='lat' dir='ltr'><strong>c.</strong></span> <span class='ocrx_word' id='word_1_237' title='bbox 493 3198 539 3261; x_wconf 89' lang='lat' dir='ltr'><strong>t,</strong></span> <span class='ocrx_word' id='word_1_238' title='bbox 574 3194 633 3250; x_wconf 91' lang='lat' dir='ltr'><strong>in</strong></span> <span class='ocrx_word' id='word_1_239' title='bbox 665 3195 1031 3253; x_wconf 88' lang='lat' dir='ltr'><strong>Guillelmoll</strong></span> <span class='ocrx_word' id='word_1_240' title='bbox 1060 3215 1073 3254; x_wconf 90' lang='lat'><strong>:</strong></span> <span class='ocrx_word' id='word_1_241' title='bbox 1114 3221 1135 3249; x_wconf 77' lang='grc' dir='ltr'>ι</span> <span class='ocrx_word' id='word_1_242' title='bbox 1169 3200 1333 3256; x_wconf 92' lang='lat' dir='ltr'><strong>Tunc</strong></span> <span class='ocrx_word' id='word_1_243' title='bbox 1360 3199 1561 3257; x_wconf 85' lang='lat' dir='ltr'><strong>ﬂuxus</strong></span> <span class='ocrx_word' id='word_1_244' title='bbox 1579 3202 1847 3270; x_wconf 90' lang='lat' dir='ltr'><strong>crinium,</strong></span> 
     </span>
    </p>
   </div>
   <div class='ocr_carea' id='block_1_36' title="bbox 159 3281 1851 3352">
    <p class='ocr_par' dir='ltr' id='par_1_36' title="bbox 159 3281 1851 3352">
     <span class='ocr_line' id='line_1_36' title="bbox 159 3281 1851 3352; baseline 0.009 -19"><span class='ocrx_word' id='word_1_245' title='bbox 159 3286 301 3335; x_wconf 90' lang='lat' dir='ltr'><strong>tunc</strong></span> <span class='ocrx_word' id='word_1_246' title='bbox 331 3281 507 3336; x_wconf 80' lang='lat' dir='ltr'><strong>luxus</strong></span> <span class='ocrx_word' id='word_1_247' title='bbox 544 3285 812 3352; x_wconf 90' lang='lat' dir='ltr'><strong>vestium,</strong></span> <span class='ocrx_word' id='word_1_248' title='bbox 846 3293 986 3343; x_wconf 90' lang='lat' dir='ltr'><strong>tunc</strong></span> <span class='ocrx_word' id='word_1_249' title='bbox 1016 3302 1158 3344; x_wconf 90' lang='lat' dir='ltr'><strong>usus</strong></span> <span class='ocrx_word' id='word_1_250' title='bbox 1187 3288 1511 3346; x_wconf 88' lang='lat' dir='ltr'><strong>calceorum</strong></span> <span class='ocrx_word' id='word_1_251' title='bbox 1540 3304 1675 3347; x_wconf 90' lang='lat' dir='ltr'><strong>cum</strong></span> <span class='ocrx_word' id='word_1_252' title='bbox 1706 3305 1851 3348; x_wconf 88' lang='lat' dir='ltr'><strong>acu-</strong></span> 
     </span>
    </p>
   </div>
   <div class='ocr_carea' id='block_1_37' title="bbox 160 3369 1158 3442">
    <p class='ocr_par' dir='ltr' id='par_1_37' title="bbox 160 3369 1158 3442">
     <span class='ocr_line' id='line_1_37' title="bbox 160 3369 1158 3442; baseline 0.009 -19"><span class='ocrx_word' id='word_1_253' title='bbox 160 3369 388 3425; x_wconf 89' lang='lat' dir='ltr'><strong>minatis</strong></span> <span class='ocrx_word' id='word_1_254' title='bbox 425 3370 638 3427; x_wconf 90' lang='lat' dir='ltr'><strong>aculeis</strong></span> <span class='ocrx_word' id='word_1_255' title='bbox 663 3372 948 3442; x_wconf 90' lang='lat' dir='ltr'><strong>inventus,</strong></span> <span class='ocrx_word' id='word_1_256' title='bbox 996 3397 1017 3424; x_wconf 74' lang='grc' dir='ltr'><strong>ι</strong></span> <span class='ocrx_word' id='word_1_257' title='bbox 1052 3383 1158 3432; x_wconf 91' lang='lat' dir='ltr'><strong>etc.</strong></span> 
     </span>
    </p>
   </div>
   <div class='ocr_carea' id='block_1_38' title="bbox 227 3454 1847 3540">
    <p class='ocr_par' dir='ltr' id='par_1_38' title="bbox 227 3454 1847 3540">
     <span class='ocr_line' id='line_1_38' title="bbox 227 3454 1847 3540; baseline 0.007 -28"><span class='ocrx_word' id='word_1_258' title='bbox 227 3454 320 3525; x_wconf 74' lang='grc'><strong>(⁵⁸))</strong></span> <span class='ocrx_word' id='word_1_259' title='bbox 351 3458 483 3514; x_wconf 81' lang='lat' dir='ltr'><strong>CAP.</strong></span> <span class='ocrx_word' id='word_1_260' title='bbox 530 3460 674 3517; x_wconf 86' lang='lat' dir='ltr'><strong>XIV.</strong></span> <span class='ocrx_word' id='word_1_261' title='bbox 722 3462 840 3516; x_wconf 75' lang='lat' dir='ltr'><strong>Hi:</strong></span> <span class='ocrx_word' id='word_1_262' title='bbox 893 3462 1090 3532; x_wconf 83' lang='lat' dir='ltr'><strong>Guido,</strong></span> <span class='ocrx_word' id='word_1_263' title='bbox 1146 3472 1278 3532; x_wconf 91' lang='lat' dir='ltr'><strong>etc.,</strong></span> <span class='ocrx_word' id='word_1_264' title='bbox 1324 3465 1477 3521; x_wconf 78' lang='lat' dir='ltr'><strong>inter</strong></span> <span class='ocrx_word' id='word_1_265' title='bbox 1507 3484 1654 3540; x_wconf 70' lang='lat' dir='ltr'><strong>quas</strong></span> <span class='ocrx_word' id='word_1_266' title='bbox 1698 3470 1847 3524; x_wconf 87' lang='lat' dir='ltr'><strong>San-</strong></span> 
     </span>
    </p>
   </div>
   <div class='ocr_carea' id='block_1_39' title="bbox 156 3542 1851 3625">
    <p class='ocr_par' dir='ltr' id='par_1_39' title="bbox 156 3542 1851 3625">
     <span class='ocr_line' id='line_1_39' title="bbox 156 3542 1851 3625; baseline 0.008 -28"><span class='ocrx_word' id='word_1_267' title='bbox 156 3542 241 3599; x_wconf 82' lang='lat' dir='ltr'><strong>cli</strong></span> <span class='ocrx_word' id='word_1_268' title='bbox 270 3543 528 3611; x_wconf 80' lang='lat' dir='ltr'><strong>Quintini</strong></span> <span class='ocrx_word' id='word_1_269' title='bbox 555 3562 593 3599; x_wconf 91' lang='lat' dir='ltr'><strong>a</strong></span> <span class='ocrx_word' id='word_1_270' title='bbox 619 3545 806 3617; x_wconf 81' lang='lat' dir='ltr'><strong>primo</strong></span> <span class='ocrx_word' id='word_1_271' title='bbox 838 3548 1032 3620; x_wconf 82' lang='lat' dir='ltr'><strong>lapide</strong></span> <span class='ocrx_word' id='word_1_272' title='bbox 1060 3551 1465 3608; x_wconf 81' lang='lat' dir='ltr'><strong>canonicorum</strong></span> <span class='ocrx_word' id='word_1_273' title='bbox 1494 3554 1851 3625; x_wconf 73' lang='lat' dir='ltr'><strong>regular-ium</strong></span> 
     </span>
    </p>
   </div>
   <div class='ocr_carea' id='block_1_40' title="bbox 156 3631 1851 3713">
    <p class='ocr_par' dir='ltr' id='par_1_40' title="bbox 156 3631 1851 3713">
     <span class='ocr_line' id='line_1_40' title="bbox 156 3631 1851 3713; baseline 0.007 -27"><span class='ocrx_word' id='word_1_274' title='bbox 156 3631 457 3687; x_wconf 83' lang='lat' dir='ltr'><strong>ecclesiam</strong></span> <span class='ocrx_word' id='word_1_275' title='bbox 512 3634 877 3699; x_wconf 77' lang='lat' dir='ltr'><strong>fundaverat.</strong></span> <span class='ocrx_word' id='word_1_276' title='bbox 912 3637 1044 3693; x_wconf 89' lang='lat' dir='ltr'><strong>Vita</strong></span> <span class='ocrx_word' id='word_1_277' title='bbox 1067 3647 1280 3697; x_wconf 89' lang='lat' dir='ltr'><strong>sancta</strong></span> <span class='ocrx_word' id='word_1_278' title='bbox 1311 3642 1581 3698; x_wconf 86' lang='lat' dir='ltr'><strong>Romana</strong></span> <span class='ocrx_word' id='word_1_279' title='bbox 1606 3642 1851 3713; x_wconf 88' lang='lat' dir='ltr'><strong>virginis</strong></span> 
     </span>
    </p>
   </div>
   <div class='ocr_carea' id='block_1_41' title="bbox 158 3723 1849 3795">
    <p class='ocr_par' dir='ltr' id='par_1_41' title="bbox 158 3723 1849 3795">
     <span class='ocr_line' id='line_1_41' title="bbox 158 3723 1849 3795; baseline 0.006 -19"><span class='ocrx_word' id='word_1_280' title='bbox 158 3728 213 3777; x_wconf 88' lang='lat' dir='ltr'><strong>et</strong></span> <span class='ocrx_word' id='word_1_281' title='bbox 240 3723 508 3792; x_wconf 78' lang='lat' dir='ltr'><strong>martyris</strong></span> <span class='ocrx_word' id='word_1_282' title='bbox 537 3724 832 3795; x_wconf 88' lang='lat' dir='ltr'><strong>egregium</strong></span> <span class='ocrx_word' id='word_1_283' title='bbox 859 3725 967 3782; x_wconf 90' lang='lat' dir='ltr'><strong>hac</strong></span> <span class='ocrx_word' id='word_1_284' title='bbox 995 3725 1065 3783; x_wconf 92' lang='lat' dir='ltr'><strong>de</strong></span> <span class='ocrx_word' id='word_1_285' title='bbox 1084 3742 1145 3783; x_wconf 90' lang='lat' dir='ltr'><strong>re</strong></span> <span class='ocrx_word' id='word_1_286' title='bbox 1166 3729 1412 3786; x_wconf 86' lang='lat' dir='ltr'><strong>continet</strong></span> <span class='ocrx_word' id='word_1_287' title='bbox 1444 3731 1849 3787; x_wconf 89' lang='lat' dir='ltr'><strong>testimonium.</strong></span> 
     </span>
    </p>
   </div>
   <div class='ocr_carea' id='block_1_42' title="bbox 162 3808 1853 3889">
    <p class='ocr_par' dir='ltr' id='par_1_42' title="bbox 162 3808 1853 3889">
     <span class='ocr_line' id='line_1_42' title="bbox 162 3808 1853 3889; baseline 0.008 -28"><span class='ocrx_word' id='word_1_288' title='bbox 162 3830 183 3859; x_wconf 73' lang='grc' dir='ltr'><strong>ε</strong></span> <span class='ocrx_word' id='word_1_289' title='bbox 229 3808 370 3866; x_wconf 90' lang='lat' dir='ltr'><strong>Cum</strong></span> <span class='ocrx_word' id='word_1_290' title='bbox 426 3825 614 3867; x_wconf 89' lang='lat' dir='ltr'><strong>comes</strong></span> <span class='ocrx_word' id='word_1_291' title='bbox 653 3812 1037 3871; x_wconf 88' lang='lat' dir='ltr'><strong>Flandriensis</strong></span> <span class='ocrx_word' id='word_1_292' title='bbox 1095 3817 1414 3874; x_wconf 90' lang='lat' dir='ltr'><strong>Balduinus</strong></span> <span class='ocrx_word' id='word_1_293' title='bbox 1442 3834 1687 3889; x_wconf 89' lang='lat' dir='ltr'><strong>puerum</strong></span> <span class='ocrx_word' id='word_1_294' title='bbox 1727 3820 1853 3875; x_wconf 90' lang='lat' dir='ltr'><strong>Phi-</strong></span> 
     </span>
    </p>
   </div>
   <div class='ocr_carea' id='block_1_43' title="bbox 160 3898 1853 3978">
    <p class='ocr_par' dir='ltr' id='par_1_43' title="bbox 160 3898 1853 3978">
     <span class='ocr_line' id='line_1_43' title="bbox 160 3898 1853 3978; baseline 0.007 -24"><span class='ocrx_word' id='word_1_295' title='bbox 160 3898 404 3968; x_wconf 89' lang='lat' dir='ltr'><strong>lippum,</strong></span> <span class='ocrx_word' id='word_1_296' title='bbox 451 3900 681 3957; x_wconf 89' lang='lat' dir='ltr'><strong>Henrici</strong></span> <span class='ocrx_word' id='word_1_297' title='bbox 717 3902 871 3974; x_wconf 88' lang='lat' dir='ltr'><strong>regis</strong></span> <span class='ocrx_word' id='word_1_298' title='bbox 916 3903 1121 3972; x_wconf 87' lang='lat' dir='ltr'><strong>filium,</strong></span> <span class='ocrx_word' id='word_1_299' title='bbox 1174 3906 1245 3961; x_wconf 89' lang='lat' dir='ltr'><strong>ad</strong></span> <span class='ocrx_word' id='word_1_300' title='bbox 1300 3907 1465 3978; x_wconf 92' lang='lat' dir='ltr'><strong>regni</strong></span> <span class='ocrx_word' id='word_1_301' title='bbox 1512 3909 1853 3978; x_wconf 90' lang='lat' dir='ltr'><strong>proveheret</strong></span> 
     </span>
    </p>
   </div>
   <div class='ocr_carea' id='block_1_44' title="bbox 159 3986 1853 4067">
    <p class='ocr_par' dir='ltr' id='par_1_44' title="bbox 159 3986 1853 4067">
     <span class='ocr_line' id='line_1_44' title="bbox 159 3986 1853 4067; baseline 0.007 -25"><span class='ocrx_word' id='word_1_302' title='bbox 159 3986 386 4055; x_wconf 87' lang='lat' dir='ltr'><strong>solium,</strong></span> <span class='ocrx_word' id='word_1_303' title='bbox 440 3988 628 4058; x_wconf 91' lang='lat' dir='ltr'><strong>ipsum</strong></span> <span class='ocrx_word' id='word_1_304' title='bbox 672 4004 774 4059; x_wconf 87' lang='lat' dir='ltr'><strong>pro</strong></span> <span class='ocrx_word' id='word_1_305' title='bbox 833 4005 899 4047; x_wconf 91' lang='lat' dir='ltr'><strong>eo</strong></span> <span class='ocrx_word' id='word_1_306' title='bbox 954 3992 1279 4063; x_wconf 88' lang='lat' dir='ltr'><strong>disponeret</strong></span> <span class='ocrx_word' id='word_1_307' title='bbox 1327 4010 1603 4067; x_wconf 88' lang='lat' dir='ltr'><strong>regnum;</strong></span> <span class='ocrx_word' id='word_1_308' title='bbox 1650 3997 1853 4054; x_wconf 88' lang='lat' dir='ltr'><strong>civitas</strong></span> 
     </span>
    </p>
   </div>
   <div class='ocr_carea' id='block_1_45' title="bbox 164 4074 1852 4143">
    <p class='ocr_par' dir='ltr' id='par_1_45' title="bbox 164 4074 1852 4143">
     <span class='ocr_line' id='line_1_45' title="bbox 164 4074 1852 4143; baseline 0.009 -15"><span class='ocrx_word' id='word_1_309' title='bbox 164 4074 522 4131; x_wconf 85' lang='lat' dir='ltr'><strong>Belvacensis</strong></span> <span class='ocrx_word' id='word_1_310' title='bbox 581 4091 686 4133; x_wconf 92' lang='lat' dir='ltr'><strong>suo</strong></span> <span class='ocrx_word' id='word_1_311' title='bbox 750 4078 1023 4136; x_wconf 88' lang='lat' dir='ltr'><strong>destituta</strong></span> <span class='ocrx_word' id='word_1_312' title='bbox 1086 4090 1169 4137; x_wconf 91' lang='lat' dir='ltr'><strong>est</strong></span> <span class='ocrx_word' id='word_1_313' title='bbox 1223 4083 1491 4140; x_wconf 88' lang='lat' dir='ltr'><strong>antistite.</strong></span> <span class='ocrx_word' id='word_1_314' title='bbox 1545 4085 1852 4143; x_wconf 84' lang='lat' dir='ltr'><strong>Annuente</strong></span> 
     </span>
    </p>
   </div>
   <div class='ocr_carea' id='block_1_46' title="bbox 161 4162 1853 4240">
    <p class='ocr_par' dir='ltr' id='par_1_46' title="bbox 161 4162 1853 4240">
     <span class='ocr_line' id='line_1_46' title="bbox 161 4162 1853 4240; baseline 0.008 -23"><span class='ocrx_word' id='word_1_315' title='bbox 161 4162 339 4235; x_wconf 90' lang='lat' dir='ltr'><strong>igitur</strong></span> <span class='ocrx_word' id='word_1_316' title='bbox 378 4178 644 4234; x_wconf 90' lang='lat' dir='ltr'><strong>superna</strong></span> <span class='ocrx_word' id='word_1_317' title='bbox 719 4166 944 4237; x_wconf 89' lang='lat' dir='ltr'><strong>pietatis</strong></span> <span class='ocrx_word' id='word_1_318' title='bbox 1013 4170 1303 4240; x_wconf 89' lang='lat' dir='ltr'><strong>aquitate,</strong></span> <span class='ocrx_word' id='word_1_319' title='bbox 1361 4172 1545 4231; x_wconf 89' lang='lat' dir='ltr'><strong>Guido</strong></span> <span class='ocrx_word' id='word_1_320' title='bbox 1600 4175 1853 4231; x_wconf 86' lang='lat' dir='ltr'><strong>decanus</strong></span> 
     </span>
    </p>
   </div>
   <div class='ocr_carea' id='block_1_47' title="bbox 162 4253 1853 4331">
    <p class='ocr_par' dir='ltr' id='par_1_47' title="bbox 162 4253 1853 4331">
     <span class='ocr_line' id='line_1_47' title="bbox 162 4253 1853 4331; baseline 0.008 -26"><span class='ocrx_word' id='word_1_321' title='bbox 162 4257 468 4322; x_wconf 89' lang='lat' dir='ltr'><strong>custosque</strong></span> <span class='ocrx_word' id='word_1_322' title='bbox 487 4253 735 4311; x_wconf 90' lang='lat' dir='ltr'><strong>ecclesia</strong></span> <span class='ocrx_word' id='word_1_323' title='bbox 782 4255 974 4313; x_wconf 91' lang='lat' dir='ltr'><strong>Sancti</strong></span> <span class='ocrx_word' id='word_1_324' title='bbox 1004 4258 1258 4322; x_wconf 89' lang='lat' dir='ltr'><strong>Quintini</strong></span> <span class='ocrx_word' id='word_1_325' title='bbox 1296 4260 1758 4331; x_wconf 87' lang='lat' dir='ltr'><strong>Vermandensis,</strong></span> <span class='ocrx_word' id='word_1_326' title='bbox 1798 4270 1853 4319; x_wconf 91' lang='lat' dir='ltr'><strong>et</strong></span> 
     </span>
    </p>
   </div>
   <div class='ocr_carea' id='block_1_48' title="bbox 1958 541 3650 615">
    <p class='ocr_par' dir='ltr' id='par_1_48' title="bbox 1958 541 3650 615">
     <span class='ocr_line' id='line_1_48' title="bbox 1958 541 3650 615; baseline 0.001 -19"><span class='ocrx_word' id='word_1_327' title='bbox 1958 542 2256 612; x_wconf 88' lang='lat' dir='ltr'><strong>episcopus</strong></span> <span class='ocrx_word' id='word_1_328' title='bbox 2276 542 2598 599; x_wconf 89' lang='lat' dir='ltr'><strong>dealbatam</strong></span> <span class='ocrx_word' id='word_1_329' title='bbox 2629 541 2911 612; x_wconf 89' lang='lat' dir='ltr'><strong>undique,</strong></span> <span class='ocrx_word' id='word_1_330' title='bbox 2949 550 3004 597; x_wconf 88' lang='lat' dir='ltr'><strong>et</strong></span> <span class='ocrx_word' id='word_1_331' title='bbox 3032 541 3272 613; x_wconf 90' lang='lat' dir='ltr'><strong>depictis</strong></span> <span class='ocrx_word' id='word_1_332' title='bbox 3318 542 3650 615; x_wconf 87' lang='lat' dir='ltr'><strong>insignitam</strong></span> 
     </span>
    </p>
   </div>
   <div class='ocr_carea' id='block_1_49' title="bbox 1958 630 3650 701">
    <p class='ocr_par' dir='ltr' id='par_1_49' title="bbox 1958 630 3650 701">
     <span class='ocr_line' id='line_1_49' title="bbox 1958 630 3650 701; baseline 0.001 -17"><span class='ocrx_word' id='word_1_333' title='bbox 1958 630 2354 700; x_wconf 87' lang='lat' dir='ltr'><strong>laquearibus,</strong></span> <span class='ocrx_word' id='word_1_334' title='bbox 2391 638 2498 687; x_wconf 90' lang='lat' dir='ltr'><strong>etc.</strong></span> <span class='ocrx_word' id='word_1_335' title='bbox 2555 630 2658 697; x_wconf 91' lang='lat' dir='ltr'><strong>Qui</strong></span> <span class='ocrx_word' id='word_1_336' title='bbox 2710 630 3085 701; x_wconf 88' lang='lat' dir='ltr'><strong>inspiratione</strong></span> <span class='ocrx_word' id='word_1_337' title='bbox 3142 631 3359 698; x_wconf 88' lang='lat' dir='ltr'><strong>divina,</strong></span> <span class='ocrx_word' id='word_1_338' title='bbox 3412 630 3650 701; x_wconf 88' lang='lat' dir='ltr'><strong>sapienti</strong></span> 
     </span>
    </p>
   </div>
   <div class='ocr_carea' id='block_1_50' title="bbox 1960 719 3652 789">
    <p class='ocr_par' dir='ltr' id='par_1_50' title="bbox 1960 719 3652 789">
     <span class='ocr_line' id='line_1_50' title="bbox 1960 719 3652 789; baseline -0.001 -14"><span class='ocrx_word' id='word_1_339' title='bbox 1960 733 2101 775; x_wconf 89' lang='lat' dir='ltr'><strong>usus</strong></span> <span class='ocrx_word' id='word_1_340' title='bbox 2163 719 2416 787; x_wconf 88' lang='lat' dir='ltr'><strong>consilio,</strong></span> <span class='ocrx_word' id='word_1_341' title='bbox 2488 734 2620 775; x_wconf 89' lang='lat' dir='ltr'><strong>cum</strong></span> <span class='ocrx_word' id='word_1_342' title='bbox 2680 719 2886 789; x_wconf 89' lang='lat' dir='ltr'><strong>grandi</strong></span> <span class='ocrx_word' id='word_1_343' title='bbox 2943 719 3176 785; x_wconf 85' lang='lat' dir='ltr'><strong>honore,</strong></span> <span class='ocrx_word' id='word_1_344' title='bbox 3243 719 3652 776; x_wconf 88' lang='lat' dir='ltr'><strong>comitantibus</strong></span> 
     </span>
    </p>
   </div>
   <div class='ocr_carea' id='block_1_51' title="bbox 1959 807 3652 879">
    <p class='ocr_par' dir='ltr' id='par_1_51' title="bbox 1959 807 3652 879">
     <span class='ocr_line' id='line_1_51' title="bbox 1959 807 3652 879; baseline 0.001 -18"><span class='ocrx_word' id='word_1_345' title='bbox 1959 808 2144 863; x_wconf 92' lang='lat' dir='ltr'><strong>turbis</strong></span> <span class='ocrx_word' id='word_1_346' title='bbox 2177 808 2543 877; x_wconf 88' lang='lat' dir='ltr'><strong>psallentium</strong></span> <span class='ocrx_word' id='word_1_347' title='bbox 2571 807 2911 864; x_wconf 90' lang='lat' dir='ltr'><strong>clericorum</strong></span> <span class='ocrx_word' id='word_1_348' title='bbox 2943 816 3117 879; x_wconf 88' lang='lat' dir='ltr'><strong>atque</strong></span> <span class='ocrx_word' id='word_1_349' title='bbox 3138 808 3436 874; x_wconf 86' lang='lat' dir='ltr'><strong>laicorum,</strong></span> <span class='ocrx_word' id='word_1_350' title='bbox 3470 815 3652 864; x_wconf 88' lang='lat' dir='ltr'><strong>trans-</strong></span> 
     </span>
    </p>
   </div>
   <div class='ocr_carea' id='block_1_52' title="bbox 1961 895 3647 967">
    <p class='ocr_par' dir='ltr' id='par_1_52' title="bbox 1961 895 3647 967">
     <span class='ocr_line' id='line_1_52' title="bbox 1961 895 3647 967; baseline 0 -17"><span class='ocrx_word' id='word_1_351' title='bbox 1961 895 2089 950; x_wconf 92' lang='lat' dir='ltr'><strong>tulit</strong></span> <span class='ocrx_word' id='word_1_352' title='bbox 2129 909 2339 966; x_wconf 88' lang='lat' dir='ltr'><strong>corpus</strong></span> <span class='ocrx_word' id='word_1_353' title='bbox 2389 896 2638 965; x_wconf 86' lang='lat' dir='ltr'><strong>prafata</strong></span> <span class='ocrx_word' id='word_1_354' title='bbox 2680 895 2921 967; x_wconf 90' lang='lat' dir='ltr'><strong>virginis</strong></span> <span class='ocrx_word' id='word_1_355' title='bbox 2949 903 3004 952; x_wconf 86' lang='lat' dir='ltr'><strong>et</strong></span> <span class='ocrx_word' id='word_1_356' title='bbox 3060 897 3326 966; x_wconf 87' lang='lat' dir='ltr'><strong>martyris</strong></span> <span class='ocrx_word' id='word_1_357' title='bbox 3358 897 3647 964; x_wconf 82' lang='lat' dir='ltr'><strong>Romana,</strong></span> 
     </span>
    </p>
   </div>
   <div class='ocr_carea' id='block_1_53' title="bbox 1957 983 3653 1054">
    <p class='ocr_par' dir='ltr' id='par_1_53' title="bbox 1957 983 3653 1054">
     <span class='ocr_line' id='line_1_53' title="bbox 1957 983 3653 1054; baseline 0.001 -15"><span class='ocrx_word' id='word_1_358' title='bbox 1957 984 2025 1039; x_wconf 93' lang='lat' dir='ltr'><strong>de</strong></span> <span class='ocrx_word' id='word_1_359' title='bbox 2056 984 2306 1039; x_wconf 88' lang='lat' dir='ltr'><strong>sacrario</strong></span> <span class='ocrx_word' id='word_1_360' title='bbox 2337 983 2391 1040; x_wconf 97' lang='grc'><strong>8.</strong></span> <span class='ocrx_word' id='word_1_361' title='bbox 2428 984 2573 1039; x_wconf 90' lang='lat' dir='ltr'><strong>Petri</strong></span> <span class='ocrx_word' id='word_1_362' title='bbox 2623 984 2695 1039; x_wconf 91' lang='lat' dir='ltr'><strong>ad</strong></span> <span class='ocrx_word' id='word_1_363' title='bbox 2738 998 2867 1039; x_wconf 90' lang='lat' dir='ltr'><strong>eam</strong></span> <span class='ocrx_word' id='word_1_364' title='bbox 2899 997 3074 1054; x_wconf 89' lang='lat' dir='ltr'><strong>quam</strong></span> <span class='ocrx_word' id='word_1_365' title='bbox 3123 991 3527 1040; x_wconf 81' lang='lat' dir='ltr'><strong>construxerat</strong></span> <span class='ocrx_word' id='word_1_366' title='bbox 3554 998 3653 1040; x_wconf 90' lang='lat' dir='ltr'><strong>ec-</strong></span> 
     </span>
    </p>
   </div>
   <div class='ocr_carea' id='block_1_54' title="bbox 1957 1071 3651 1144">
    <p class='ocr_par' dir='ltr' id='par_1_54' title="bbox 1957 1071 3651 1144">
     <span class='ocr_line' id='line_1_54' title="bbox 1957 1071 3651 1144; baseline 0.001 -17"><span class='ocrx_word' id='word_1_367' title='bbox 1957 1071 2206 1139; x_wconf 87' lang='lat' dir='ltr'><strong>clesiam,</strong></span> <span class='ocrx_word' id='word_1_368' title='bbox 2253 1094 2273 1119; x_wconf 74' lang='grc' dir='ltr'>ι</span> <span class='ocrx_word' id='word_1_369' title='bbox 2318 1080 2425 1127; x_wconf 92' lang='lat' dir='ltr'><strong>etc.</strong></span> <span class='ocrx_word' id='word_1_370' title='bbox 2507 1073 2822 1143; x_wconf 84' lang='lat' dir='ltr'><strong>Hucusque</strong></span> <span class='ocrx_word' id='word_1_371' title='bbox 2901 1073 3290 1144; x_wconf 87' lang='lat' dir='ltr'><strong>fragmentum</strong></span> <span class='ocrx_word' id='word_1_372' title='bbox 3354 1087 3427 1128; x_wconf 82' lang='lat' dir='ltr'><strong>ex</strong></span> <span class='ocrx_word' id='word_1_373' title='bbox 3471 1071 3651 1128; x_wconf 90' lang='lat' dir='ltr'><strong>Gestis</strong></span> 
     </span>
    </p>
   </div>
   <div class='ocr_carea' id='block_1_55' title="bbox 1957 1160 3653 1232">
    <p class='ocr_par' dir='ltr' id='par_1_55' title="bbox 1957 1160 3653 1232">
     <span class='ocr_line' id='line_1_55' title="bbox 1957 1160 3653 1232; baseline -0.001 -15"><span class='ocrx_word' id='word_1_374' title='bbox 1957 1165 2011 1217; x_wconf 88' lang='grc'><strong>8.</strong></span> <span class='ocrx_word' id='word_1_375' title='bbox 2044 1160 2316 1216; x_wconf 84' lang='lat' dir='ltr'><strong>Romana</strong></span> <span class='ocrx_word' id='word_1_376' title='bbox 2348 1160 2567 1215; x_wconf 86' lang='lat' dir='ltr'><strong>calamo</strong></span> <span class='ocrx_word' id='word_1_377' title='bbox 2606 1162 2878 1228; x_wconf 80' lang='lat' dir='ltr'><strong>exaratis,</strong></span> <span class='ocrx_word' id='word_1_378' title='bbox 2912 1162 3066 1232; x_wconf 94' lang='lat' dir='ltr'><strong>quod</strong></span> <span class='ocrx_word' id='word_1_379' title='bbox 3100 1161 3238 1215; x_wconf 88' lang='lat' dir='ltr'><strong>mihi</strong></span> <span class='ocrx_word' id='word_1_380' title='bbox 3269 1161 3653 1217; x_wconf 89' lang='lat' dir='ltr'><strong>commodavit</strong></span> 
     </span>
    </p>
   </div>
   <div class='ocr_carea' id='block_1_56' title="bbox 1956 1245 3652 1320">
    <p class='ocr_par' dir='ltr' id='par_1_56' title="bbox 1956 1245 3652 1320">
     <span class='ocr_line' id='line_1_56' title="bbox 1956 1245 3652 1320; baseline 0.001 -17"><span class='ocrx_word' id='word_1_381' title='bbox 1956 1249 2195 1319; x_wconf 89' lang='lat' dir='ltr'><strong>quidam</strong></span> <span class='ocrx_word' id='word_1_382' title='bbox 2261 1249 2575 1304; x_wconf 90' lang='lat' dir='ltr'><strong>canonicus</strong></span> <span class='ocrx_word' id='word_1_383' title='bbox 2627 1249 2932 1320; x_wconf 89' lang='lat' dir='ltr'><strong>regularis,</strong></span> <span class='ocrx_word' id='word_1_384' title='bbox 2966 1249 3430 1320; x_wconf 86' lang='lat' dir='ltr'><strong>congregationis</strong></span> <span class='ocrx_word' id='word_1_385' title='bbox 3478 1245 3652 1305; x_wconf 86' lang='lat' dir='ltr'><strong>Galli-</strong></span> 
     </span>
    </p>
   </div>
   <div class='ocr_carea' id='block_1_57' title="bbox 1957 1336 3650 1408">
    <p class='ocr_par' dir='ltr' id='par_1_57' title="bbox 1957 1336 3650 1408">
     <span class='ocr_line' id='line_1_57' title="bbox 1957 1336 3650 1408; baseline -0.001 -16"><span class='ocrx_word' id='word_1_386' title='bbox 1957 1350 2152 1407; x_wconf 90' lang='lat' dir='ltr'><strong>cana;</strong></span> <span class='ocrx_word' id='word_1_387' title='bbox 2184 1336 2342 1392; x_wconf 92' lang='lat' dir='ltr'><strong>velut</strong></span> <span class='ocrx_word' id='word_1_388' title='bbox 2367 1343 2422 1391; x_wconf 91' lang='lat' dir='ltr'><strong>et</strong></span> <span class='ocrx_word' id='word_1_389' title='bbox 2446 1350 2691 1406; x_wconf 90' lang='lat' dir='ltr'><strong>sequens</strong></span> <span class='ocrx_word' id='word_1_390' title='bbox 2714 1336 2966 1408; x_wconf 86' lang='lat' dir='ltr'><strong>Gregorii</strong></span> <span class='ocrx_word' id='word_1_391' title='bbox 2998 1337 3101 1391; x_wconf 81' lang='lat' dir='ltr'><strong>PP.</strong></span> <span class='ocrx_word' id='word_1_392' title='bbox 3128 1336 3232 1393; x_wconf 85' lang='lat' dir='ltr'><strong>VII</strong></span> <span class='ocrx_word' id='word_1_393' title='bbox 3260 1337 3650 1408; x_wconf 86' lang='lat' dir='ltr'><strong>privilegium,</strong></span> 
     </span>
    </p>
   </div>
   <div class='ocr_carea' id='block_1_58' title="bbox 1956 1423 3654 1495">
    <p class='ocr_par' dir='ltr' id='par_1_58' title="bbox 1956 1423 3654 1495">
     <span class='ocr_line' id='line_1_58' title="bbox 1956 1423 3654 1495; baseline 0.001 -15"><span class='ocrx_word' id='word_1_394' title='bbox 1956 1425 2117 1481; x_wconf 90' lang='lat' dir='ltr'><strong>Ivoni</strong></span> <span class='ocrx_word' id='word_1_395' title='bbox 2177 1433 2368 1495; x_wconf 89' lang='lat' dir='ltr'><strong>postea</strong></span> <span class='ocrx_word' id='word_1_396' title='bbox 2396 1423 2749 1481; x_wconf 81' lang='lat' dir='ltr'><strong>&#39;Caruotensi</strong></span> <span class='ocrx_word' id='word_1_397' title='bbox 2781 1426 3041 1494; x_wconf 90' lang='lat' dir='ltr'><strong>episcopo</strong></span> <span class='ocrx_word' id='word_1_398' title='bbox 3090 1425 3407 1493; x_wconf 85' lang='lat' dir='ltr'><strong>indultum;</strong></span> <span class='ocrx_word' id='word_1_399' title='bbox 3456 1432 3512 1481; x_wconf 90' lang='lat' dir='ltr'><strong>et</strong></span> <span class='ocrx_word' id='word_1_400' title='bbox 3539 1439 3654 1481; x_wconf 89' lang='lat' dir='ltr'><strong>ca—</strong></span> 
     </span>
    </p>
   </div>
   <div class='ocr_carea' id='block_1_59' title="bbox 1958 1512 3332 1584">
    <p class='ocr_par' dir='ltr' id='par_1_59' title="bbox 1958 1512 3332 1584">
     <span class='ocr_line' id='line_1_59' title="bbox 1958 1512 3332 1584; baseline -0.004 -12"><span class='ocrx_word' id='word_1_401' title='bbox 1958 1523 2079 1572; x_wconf 88' lang='lat' dir='ltr'><strong>tera</strong></span> <span class='ocrx_word' id='word_1_402' title='bbox 2112 1521 2235 1584; x_wconf 92' lang='lat' dir='ltr'><strong>post</strong></span> <span class='ocrx_word' id='word_1_403' title='bbox 2266 1513 2644 1570; x_wconf 85' lang='lat' dir='ltr'><strong>describenda</strong></span> <span class='ocrx_word' id='word_1_404' title='bbox 2669 1514 2737 1569; x_wconf 88' lang='lat' dir='ltr'><strong>de</strong></span> <span class='ocrx_word' id='word_1_405' title='bbox 2768 1512 3028 1569; x_wconf 90' lang='lat' dir='ltr'><strong>Guidone</strong></span> <span class='ocrx_word' id='word_1_406' title='bbox 3051 1514 3332 1584; x_wconf 87' lang='lat' dir='ltr'><strong>episcopo.</strong></span> 
     </span>
    </p>
   </div>
   <div class='ocr_carea' id='block_1_60' title="bbox 2032 1600 3654 1671">
    <p class='ocr_par' dir='ltr' id='par_1_60' title="bbox 2032 1600 3654 1671">
     <span class='ocr_line' id='line_1_60' title="bbox 2032 1600 3654 1671; baseline -0.002 -11"><span class='ocrx_word' id='word_1_407' title='bbox 2032 1625 2053 1652; x_wconf 80' lang='grc' dir='ltr'>ι</span> <span class='ocrx_word' id='word_1_408' title='bbox 2084 1603 2400 1660; x_wconf 79' lang='lat' dir='ltr'><strong>GREGORIUS</strong></span> <span class='ocrx_word' id='word_1_409' title='bbox 2453 1601 2658 1657; x_wconf 86' lang='lat' dir='ltr'><strong>dilecto</strong></span> <span class='ocrx_word' id='word_1_410' title='bbox 2716 1601 2772 1656; x_wconf 91' lang='lat' dir='ltr'><strong>in</strong></span> <span class='ocrx_word' id='word_1_411' title='bbox 2805 1600 3026 1657; x_wconf 86' lang='lat' dir='ltr'><strong>Christo</strong></span> <span class='ocrx_word' id='word_1_412' title='bbox 3058 1602 3169 1657; x_wconf 83' lang='lat' dir='ltr'><strong>ﬁlio</strong></span> <span class='ocrx_word' id='word_1_413' title='bbox 3218 1603 3392 1668; x_wconf 75' lang='lat' dir='ltr'><strong>lvom,</strong></span> <span class='ocrx_word' id='word_1_414' title='bbox 3430 1615 3654 1671; x_wconf 91' lang='lat' dir='ltr'><strong>prapo-</strong></span> 
     </span>
    </p>
   </div>
   <div class='ocr_carea' id='block_1_61' title="bbox 1960 1688 3657 1761">
    <p class='ocr_par' dir='ltr' id='par_1_61' title="bbox 1960 1688 3657 1761">
     <span class='ocr_line' id='line_1_61' title="bbox 1960 1688 3657 1761; baseline -0.001 -15"><span class='ocrx_word' id='word_1_415' title='bbox 1960 1690 2068 1747; x_wconf 91' lang='lat' dir='ltr'><strong>sito</strong></span> <span class='ocrx_word' id='word_1_416' title='bbox 2096 1691 2347 1747; x_wconf 86' lang='lat' dir='ltr'><strong>ecclesia</strong></span> <span class='ocrx_word' id='word_1_417' title='bbox 2382 1689 2435 1745; x_wconf 93' lang='lat' dir='ltr'><strong>S.</strong></span> <span class='ocrx_word' id='word_1_418' title='bbox 2473 1688 2751 1757; x_wconf 88' lang='lat' dir='ltr'><strong>Quintini,</strong></span> <span class='ocrx_word' id='word_1_419' title='bbox 2811 1690 2932 1747; x_wconf 84' lang='lat' dir='ltr'><strong>sita</strong></span> <span class='ocrx_word' id='word_1_420' title='bbox 2984 1691 3044 1746; x_wconf 92' lang='lat' dir='ltr'><strong>in</strong></span> <span class='ocrx_word' id='word_1_421' title='bbox 3085 1691 3415 1761; x_wconf 90' lang='lat' dir='ltr'><strong>episcopatu</strong></span> <span class='ocrx_word' id='word_1_422' title='bbox 3462 1690 3657 1745; x_wconf 89' lang='lat' dir='ltr'><strong>Belva-</strong></span> 
     </span>
    </p>
   </div>
   <div class='ocr_carea' id='block_1_62' title="bbox 1959 1779 3657 1851">
    <p class='ocr_par' dir='ltr' id='par_1_62' title="bbox 1959 1779 3657 1851">
     <span class='ocr_line' id='line_1_62' title="bbox 1959 1779 3657 1851; baseline -0.001 -16"><span class='ocrx_word' id='word_1_423' title='bbox 1959 1779 2132 1845; x_wconf 88' lang='lat' dir='ltr'><strong>censi,</strong></span> <span class='ocrx_word' id='word_1_424' title='bbox 2204 1779 2440 1849; x_wconf 87' lang='lat' dir='ltr'><strong>suisque</strong></span> <span class='ocrx_word' id='word_1_425' title='bbox 2512 1779 2941 1836; x_wconf 87' lang='lat' dir='ltr'><strong>successoribus</strong></span> <span class='ocrx_word' id='word_1_426' title='bbox 3017 1779 3359 1851; x_wconf 84' lang='lat' dir='ltr'><strong>regulariter</strong></span> <span class='ocrx_word' id='word_1_427' title='bbox 3419 1792 3657 1850; x_wconf 89' lang='lat' dir='ltr'><strong>promo-</strong></span> 
     </span>
    </p>
   </div>
   <div class='ocr_carea' id='block_1_63' title="bbox 1959 1867 2180 1923">
    <p class='ocr_par' dir='ltr' id='par_1_63' title="bbox 1959 1867 2180 1923">
     <span class='ocr_line' id='line_1_63' title="bbox 1959 1867 2180 1923; baseline -0.009 0"><span class='ocrx_word' id='word_1_428' title='bbox 1959 1867 2180 1923; x_wconf 90' lang='lat' dir='ltr'><strong>vendis.</strong></span> 
     </span>
    </p>
   </div>
   <div class='ocr_carea' id='block_1_64' title="bbox 2034 1953 3656 2028">
    <p class='ocr_par' dir='ltr' id='par_1_64' title="bbox 2034 1953 3656 2028">
     <span class='ocr_line' id='line_1_64' title="bbox 2034 1953 3656 2028; baseline -0.002 -15"><span class='ocrx_word' id='word_1_429' title='bbox 2034 1979 2056 2007; x_wconf 79' lang='grc' dir='ltr'>ι</span> <span class='ocrx_word' id='word_1_430' title='bbox 2093 1957 2367 2028; x_wconf 89' lang='lat' dir='ltr'><strong>Superna</strong></span> <span class='ocrx_word' id='word_1_431' title='bbox 2420 1955 2801 2013; x_wconf 89' lang='lat' dir='ltr'><strong>miserationis</strong></span> <span class='ocrx_word' id='word_1_432' title='bbox 2859 1964 3140 2027; x_wconf 89' lang='lat' dir='ltr'><strong>respectu,</strong></span> <span class='ocrx_word' id='word_1_433' title='bbox 3191 1975 3219 2009; x_wconf 72' lang='grc' dir='ltr'><strong>ι</strong></span> <span class='ocrx_word' id='word_1_434' title='bbox 3248 1963 3354 2012; x_wconf 88' lang='lat' dir='ltr'><strong>etc.</strong></span> <span class='ocrx_word' id='word_1_435' title='bbox 3416 1954 3561 2010; x_wconf 82' lang='lat' dir='ltr'><strong>Vide</strong></span> <span class='ocrx_word' id='word_1_436' title='bbox 3592 1953 3656 2009; x_wconf 82' lang='lat' dir='ltr'><strong>in</strong></span> 
     </span>
    </p>
   </div>
   <div class='ocr_carea' id='block_1_65' title="bbox 1961 2046 2417 2118">
    <p class='ocr_par' dir='ltr' id='par_1_65' title="bbox 1961 2046 2417 2118">
     <span class='ocr_line' id='line_1_65' title="bbox 1961 2046 2417 2118; baseline -0.002 -17"><span class='ocrx_word' id='word_1_437' title='bbox 1961 2046 2229 2118; x_wconf 81' lang='lat' dir='ltr'><strong>Gregorio</strong></span> <span class='ocrx_word' id='word_1_438' title='bbox 2274 2047 2417 2101; x_wconf 84' lang='lat' dir='ltr'><strong>VII.</strong></span> 
     </span>
    </p>
   </div>
   <div class='ocr_carea' id='block_1_66' title="bbox 2027 2131 3646 2204">
    <p class='ocr_par' dir='ltr' id='par_1_66' title="bbox 2027 2131 3646 2204">
     <span class='ocr_line' id='line_1_66' title="bbox 2027 2131 3646 2204; baseline -0.002 -13"><span class='ocrx_word' id='word_1_439' title='bbox 2027 2134 2150 2202; x_wconf 88' lang='lat' dir='ltr'><strong>Quo</strong></span> <span class='ocrx_word' id='word_1_440' title='bbox 2194 2142 2445 2204; x_wconf 90' lang='lat' dir='ltr'><strong>tempore</strong></span> <span class='ocrx_word' id='word_1_441' title='bbox 2487 2133 2715 2189; x_wconf 90' lang='lat' dir='ltr'><strong>condita</strong></span> <span class='ocrx_word' id='word_1_442' title='bbox 2761 2132 3140 2203; x_wconf 88' lang='lat' dir='ltr'><strong>dedicataque</strong></span> <span class='ocrx_word' id='word_1_443' title='bbox 3189 2132 3361 2189; x_wconf 91' lang='lat' dir='ltr'><strong>fuerit</strong></span> <span class='ocrx_word' id='word_1_444' title='bbox 3411 2131 3646 2203; x_wconf 89' lang='lat' dir='ltr'><strong>prafata</strong></span> 
     </span>
    </p>
   </div>
   <div class='ocr_carea' id='block_1_67' title="bbox 1960 2221 3654 2288">
    <p class='ocr_par' dir='ltr' id='par_1_67' title="bbox 1960 2221 3654 2288">
     <span class='ocr_line' id='line_1_67' title="bbox 1960 2221 3654 2288; baseline 0 -9"><span class='ocrx_word' id='word_1_445' title='bbox 1960 2224 2017 2279; x_wconf 90' lang='lat' dir='ltr'><strong>S.</strong></span> <span class='ocrx_word' id='word_1_446' title='bbox 2072 2223 2335 2288; x_wconf 88' lang='lat' dir='ltr'><strong>Quintini</strong></span> <span class='ocrx_word' id='word_1_447' title='bbox 2393 2222 2625 2279; x_wconf 90' lang='lat' dir='ltr'><strong>basilica</strong></span> <span class='ocrx_word' id='word_1_448' title='bbox 2683 2221 2937 2278; x_wconf 89' lang='lat' dir='ltr'><strong>indicant</strong></span> <span class='ocrx_word' id='word_1_449' title='bbox 2969 2236 3171 2279; x_wconf 90' lang='lat' dir='ltr'><strong>versus</strong></span> <span class='ocrx_word' id='word_1_450' title='bbox 3225 2222 3401 2279; x_wconf 91' lang='lat' dir='ltr'><strong>codici</strong></span> <span class='ocrx_word' id='word_1_451' title='bbox 3432 2229 3654 2279; x_wconf 88' lang='lat' dir='ltr'><strong>vetusto</strong></span> 
     </span>
    </p>
   </div>
   <div class='ocr_carea' id='block_1_68' title="bbox 1963 2313 2244 2384">
    <p class='ocr_par' dir='ltr' id='par_1_68' title="bbox 1963 2313 2244 2384">
     <span class='ocr_line' id='line_1_68' title="bbox 1963 2313 2244 2384; baseline -0.007 -17"><span class='ocrx_word' id='word_1_452' title='bbox 1963 2313 2244 2384; x_wconf 91' lang='lat' dir='ltr'><strong>inscripti.</strong></span> 
     </span>
    </p>
   </div>
   <div class='ocr_carea' id='block_1_69' title="bbox 2103 2416 3285 2491">
    <p class='ocr_par' dir='ltr' id='par_1_69' title="bbox 2103 2416 3285 2491">
     <span class='ocr_line' id='line_1_69' title="bbox 2103 2416 3285 2491; baseline 0.001 -17"><span class='ocrx_word' id='word_1_453' title='bbox 2103 2423 2274 2474; x_wconf 81' lang='lat' dir='ltr'><strong>Anno</strong></span> <span class='ocrx_word' id='word_1_454' title='bbox 2302 2416 2611 2491; x_wconf 77' lang='lat' dir='ltr'><strong>millesimo</strong></span> <span class='ocrx_word' id='word_1_455' title='bbox 2630 2434 3034 2491; x_wconf 12' lang='lat' dir='ltr'><strong>isexagenoque</strong></span> <span class='ocrx_word' id='word_1_456' title='bbox 3053 2434 3285 2491; x_wconf 82' lang='lat' dir='ltr'><strong>noveno,</strong></span> 
     </span>
    </p>
   </div>
   <div class='ocr_carea' id='block_1_70' title="bbox 2101 2488 3329 2545">
    <p class='ocr_par' dir='ltr' id='par_1_70' title="bbox 2101 2488 3329 2545">
     <span class='ocr_line' id='line_1_70' title="bbox 2101 2488 3329 2545; baseline 0 -1"><span class='ocrx_word' id='word_1_457' title='bbox 2101 2491 2211 2544; x_wconf 77' lang='lat' dir='ltr'><strong>Est</strong></span> <span class='ocrx_word' id='word_1_458' title='bbox 2240 2489 2546 2544; x_wconf 81' lang='lat' dir='ltr'><strong>Incarnali</strong></span> <span class='ocrx_word' id='word_1_459' title='bbox 2587 2489 2759 2544; x_wconf 82' lang='lat' dir='ltr'><strong>Verbi</strong></span> <span class='ocrx_word' id='word_1_460' title='bbox 2781 2488 2888 2545; x_wconf 68' lang='lat' dir='ltr'><strong>sub</strong></span> <span class='ocrx_word' id='word_1_461' title='bbox 2931 2488 3144 2545; x_wconf 76' lang='lat' dir='ltr'><strong>honore</strong></span> <span class='ocrx_word' id='word_1_462' title='bbox 3176 2488 3329 2545; x_wconf 80' lang='lat' dir='ltr'><strong>beati</strong></span> 
     </span>
    </p>
   </div>
   <div class='ocr_carea' id='block_1_71' title="bbox 2102 2559 3428 2633">
    <p class='ocr_par' dir='ltr' id='par_1_71' title="bbox 2102 2559 3428 2633">
     <span class='ocr_line' id='line_1_71' title="bbox 2102 2559 3428 2633; baseline -0.002 -18"><span class='ocrx_word' id='word_1_463' title='bbox 2102 2559 2368 2628; x_wconf 75' lang='lat' dir='ltr'><strong>Quintini</strong></span> <span class='ocrx_word' id='word_1_464' title='bbox 2392 2561 2580 2623; x_wconf 75' lang='lat' dir='ltr'><strong>factus</strong></span> <span class='ocrx_word' id='word_1_465' title='bbox 2603 2562 2759 2616; x_wconf 80' lang='lat' dir='ltr'><strong>locus</strong></span> <span class='ocrx_word' id='word_1_466' title='bbox 2785 2561 2915 2629; x_wconf 78' lang='lat' dir='ltr'><strong>iste,</strong></span> <span class='ocrx_word' id='word_1_467' title='bbox 2944 2565 3161 2633; x_wconf 85' lang='lat' dir='ltr'><strong>Deoque</strong></span> <span class='ocrx_word' id='word_1_468' title='bbox 3183 2561 3428 2616; x_wconf 71' lang='lat' dir='ltr'><strong>dicatus.</strong></span> 
     </span>
    </p>
   </div>
   <div class='ocr_carea' id='block_1_72' title="bbox 2029 2664 3656 2737">
    <p class='ocr_par' dir='ltr' id='par_1_72' title="bbox 2029 2664 3656 2737">
     <span class='ocr_line' id='line_1_72' title="bbox 2029 2664 3656 2737; baseline -0.002 -12"><span class='ocrx_word' id='word_1_469' title='bbox 2029 2667 2232 2725; x_wconf 89' lang='lat' dir='ltr'><strong>Obitus</strong></span> <span class='ocrx_word' id='word_1_470' title='bbox 2266 2681 2397 2723; x_wconf 88' lang='lat' dir='ltr'><strong>vero</strong></span> <span class='ocrx_word' id='word_1_471' title='bbox 2427 2665 2704 2722; x_wconf 86' lang='lat' dir='ltr'><strong>Guidonis</strong></span> <span class='ocrx_word' id='word_1_472' title='bbox 2749 2666 2993 2737; x_wconf 88' lang='lat' dir='ltr'><strong>episcopi</strong></span> <span class='ocrx_word' id='word_1_473' title='bbox 3023 2667 3144 2722; x_wconf 90' lang='lat' dir='ltr'><strong>dies</strong></span> <span class='ocrx_word' id='word_1_474' title='bbox 3190 2671 3424 2723; x_wconf 86' lang='lat' dir='ltr'><strong>notatur</strong></span> <span class='ocrx_word' id='word_1_475' title='bbox 3452 2665 3511 2720; x_wconf 93' lang='lat' dir='ltr'><strong>in</strong></span> <span class='ocrx_word' id='word_1_476' title='bbox 3544 2664 3656 2722; x_wconf 88' lang='lat' dir='ltr'><strong>Ne-</strong></span> 
     </span>
    </p>
   </div>
   <div class='ocr_carea' id='block_1_73' title="bbox 1958 2754 3657 2827">
    <p class='ocr_par' dir='ltr' id='par_1_73' title="bbox 1958 2754 3657 2827">
     <span class='ocr_line' id='line_1_73' title="bbox 1958 2754 3657 2827; baseline -0.002 -15"><span class='ocrx_word' id='word_1_477' title='bbox 1958 2756 2209 2827; x_wconf 91' lang='lat' dir='ltr'><strong>crologio</strong></span> <span class='ocrx_word' id='word_1_478' title='bbox 2234 2755 2492 2825; x_wconf 89' lang='lat' dir='ltr'><strong>ejusdem</strong></span> <span class='ocrx_word' id='word_1_479' title='bbox 2523 2755 2810 2823; x_wconf 89' lang='lat' dir='ltr'><strong>Ecclesia,</strong></span> <span class='ocrx_word' id='word_1_480' title='bbox 2844 2755 2899 2810; x_wconf 92' lang='lat' dir='ltr'><strong>in</strong></span> <span class='ocrx_word' id='word_1_481' title='bbox 2934 2756 3090 2811; x_wconf 90' lang='lat' dir='ltr'><strong>hunc</strong></span> <span class='ocrx_word' id='word_1_482' title='bbox 3127 2755 3399 2810; x_wconf 83' lang='lat' dir='ltr'><strong>modum:</strong></span> <span class='ocrx_word' id='word_1_483' title='bbox 3438 2775 3465 2804; x_wconf 88' lang='grc'><em>‹‹</em></span> <span class='ocrx_word' id='word_1_484' title='bbox 3495 2754 3657 2810; x_wconf 82' lang='grc' dir='ltr'><strong>Νοηο</strong></span> 
     </span>
    </p>
   </div>
   <div class='ocr_carea' id='block_1_74' title="bbox 1961 2842 3652 2912">
    <p class='ocr_par' dir='ltr' id='par_1_74' title="bbox 1961 2842 3652 2912">
     <span class='ocr_line' id='line_1_74' title="bbox 1961 2842 3652 2912; baseline -0.002 -11"><span class='ocrx_word' id='word_1_485' title='bbox 1961 2845 2084 2901; x_wconf 87' lang='lat' dir='ltr'><strong>Kal.</strong></span> <span class='ocrx_word' id='word_1_486' title='bbox 2139 2843 2267 2901; x_wconf 83' lang='lat' dir='ltr'><strong>Maii</strong></span> <span class='ocrx_word' id='word_1_487' title='bbox 2316 2844 2455 2899; x_wconf 92' lang='lat' dir='ltr'><strong>obiit</strong></span> <span class='ocrx_word' id='word_1_488' title='bbox 2491 2844 2741 2900; x_wconf 88' lang='lat' dir='ltr'><strong>domnus</strong></span> <span class='ocrx_word' id='word_1_489' title='bbox 2786 2844 2969 2900; x_wconf 85' lang='lat' dir='ltr'><strong>Guido</strong></span> <span class='ocrx_word' id='word_1_490' title='bbox 3019 2842 3377 2899; x_wconf 89' lang='lat' dir='ltr'><strong>Belvacensis</strong></span> <span class='ocrx_word' id='word_1_491' title='bbox 3406 2842 3652 2912; x_wconf 91' lang='lat' dir='ltr'><strong>episcop.</strong></span> 
     </span>
    </p>
   </div>
   <div class='ocr_carea' id='block_1_75' title="bbox 1959 2931 3652 3004">
    <p class='ocr_par' dir='ltr' id='par_1_75' title="bbox 1959 2931 3652 3004">
     <span class='ocr_line' id='line_1_75' title="bbox 1959 2931 3652 3004; baseline -0.001 -16"><span class='ocrx_word' id='word_1_492' title='bbox 1959 2933 2060 3004; x_wconf 88' lang='lat' dir='ltr'><strong>qui</strong></span> <span class='ocrx_word' id='word_1_493' title='bbox 2117 2933 2295 3004; x_wconf 88' lang='lat' dir='ltr'><strong>hujus</strong></span> <span class='ocrx_word' id='word_1_494' title='bbox 2339 2931 2588 2988; x_wconf 88' lang='lat' dir='ltr'><strong>ecclesia</strong></span> <span class='ocrx_word' id='word_1_495' title='bbox 2640 2931 2916 2988; x_wconf 83' lang='lat' dir='ltr'><strong>fundator</strong></span> <span class='ocrx_word' id='word_1_496' title='bbox 2963 2931 3178 2988; x_wconf 81' lang='lat' dir='ltr'><strong>exstitit</strong></span> <span class='ocrx_word' id='word_1_497' title='bbox 3215 2939 3270 2988; x_wconf 91' lang='lat' dir='ltr'><strong>et</strong></span> <span class='ocrx_word' id='word_1_498' title='bbox 3323 2931 3652 3000; x_wconf 86' lang='lat' dir='ltr'><strong>adificator,</strong></span> 
     </span>
    </p>
   </div>
   <div class='ocr_carea' id='block_1_76' title="bbox 1892 3020 3656 3094">
    <p class='ocr_par' dir='ltr' id='par_1_76' title="bbox 1892 3020 3656 3094">
     <span class='ocr_line' id='line_1_76' title="bbox 1892 3020 3656 3094; baseline -0.002 -16"><span class='ocrx_word' id='word_1_499' title='bbox 1892 3042 1931 3094; x_wconf 73' lang='grc' dir='ltr'>ο</span> <span class='ocrx_word' id='word_1_500' title='bbox 1959 3036 2134 3092; x_wconf 89' lang='lat' dir='ltr'><strong>quam</strong></span> <span class='ocrx_word' id='word_1_501' title='bbox 2165 3021 2362 3077; x_wconf 89' lang='lat' dir='ltr'><strong>multis</strong></span> <span class='ocrx_word' id='word_1_502' title='bbox 2390 3021 2842 3091; x_wconf 88' lang='lat' dir='ltr'><strong>possessionibus</strong></span> <span class='ocrx_word' id='word_1_503' title='bbox 2862 3021 3081 3084; x_wconf 86' lang='lat' dir='ltr'><strong>ditavit,</strong></span> <span class='ocrx_word' id='word_1_504' title='bbox 3115 3028 3170 3076; x_wconf 92' lang='lat' dir='ltr'><strong>et</strong></span> <span class='ocrx_word' id='word_1_505' title='bbox 3191 3034 3364 3089; x_wconf 89' lang='lat' dir='ltr'><strong>quam</strong></span> <span class='ocrx_word' id='word_1_506' title='bbox 3391 3020 3656 3090; x_wconf 89' lang='lat' dir='ltr'><strong>pluribus</strong></span> 
     </span>
    </p>
   </div>
   <div class='ocr_carea' id='block_1_77' title="bbox 1959 3109 3655 3181">
    <p class='ocr_par' dir='ltr' id='par_1_77' title="bbox 1959 3109 3655 3181">
     <span class='ocr_line' id='line_1_77' title="bbox 1959 3109 3655 3181; baseline -0.002 -15"><span class='ocrx_word' id='word_1_507' title='bbox 1959 3110 2314 3167; x_wconf 90' lang='lat' dir='ltr'><strong>ornamentis</strong></span> <span class='ocrx_word' id='word_1_508' title='bbox 2340 3109 2663 3181; x_wconf 87' lang='lat' dir='ltr'><strong>decoravit;</strong></span> <span class='ocrx_word' id='word_1_509' title='bbox 2725 3109 2853 3165; x_wconf 90' lang='lat' dir='ltr'><strong>fecit</strong></span> <span class='ocrx_word' id='word_1_510' title='bbox 2907 3109 3061 3165; x_wconf 91' lang='lat' dir='ltr'><strong>enim</strong></span> <span class='ocrx_word' id='word_1_511' title='bbox 3094 3109 3149 3163; x_wconf 91' lang='lat' dir='ltr'><strong>in</strong></span> <span class='ocrx_word' id='word_1_512' title='bbox 3179 3109 3416 3165; x_wconf 88' lang='lat' dir='ltr'><strong>ecclesia</strong></span> <span class='ocrx_word' id='word_1_513' title='bbox 3458 3118 3655 3163; x_wconf 91' lang='lat' dir='ltr'><strong>nostra</strong></span> 
     </span>
    </p>
   </div>
   <div class='ocr_carea' id='block_1_78' title="bbox 1958 3196 3655 3269">
    <p class='ocr_par' dir='ltr' id='par_1_78' title="bbox 1958 3196 3655 3269">
     <span class='ocr_line' id='line_1_78' title="bbox 1958 3196 3655 3269; baseline -0.002 -14"><span class='ocrx_word' id='word_1_514' title='bbox 1958 3212 2228 3255; x_wconf 91' lang='lat' dir='ltr'><strong>coronam</strong></span> <span class='ocrx_word' id='word_1_515' title='bbox 2250 3206 2600 3269; x_wconf 89' lang='lat' dir='ltr'><strong>argenteam,</strong></span> <span class='ocrx_word' id='word_1_516' title='bbox 2634 3206 2688 3254; x_wconf 92' lang='lat' dir='ltr'><strong>et</strong></span> <span class='ocrx_word' id='word_1_517' title='bbox 2718 3197 2946 3254; x_wconf 87' lang='lat' dir='ltr'><strong>tabulas</strong></span> <span class='ocrx_word' id='word_1_518' title='bbox 3004 3205 3328 3269; x_wconf 87' lang='lat' dir='ltr'><strong>argenteas,</strong></span> <span class='ocrx_word' id='word_1_519' title='bbox 3381 3196 3655 3253; x_wconf 87' lang='lat' dir='ltr'><strong>feretrum</strong></span> 
     </span>
    </p>
   </div>
   <div class='ocr_carea' id='block_1_79' title="bbox 1959 3283 3651 3358">
    <p class='ocr_par' dir='ltr' id='par_1_79' title="bbox 1959 3283 3651 3358">
     <span class='ocr_line' id='line_1_79' title="bbox 1959 3283 3651 3358; baseline -0.002 -16"><span class='ocrx_word' id='word_1_520' title='bbox 1959 3295 2316 3358; x_wconf 89' lang='lat' dir='ltr'><strong>argenteum,</strong></span> <span class='ocrx_word' id='word_1_521' title='bbox 2370 3294 2502 3350; x_wconf 91' lang='lat' dir='ltr'><strong>etc.,</strong></span> <span class='ocrx_word' id='word_1_522' title='bbox 2557 3286 2703 3342; x_wconf 89' lang='lat' dir='ltr'><strong>duos</strong></span> <span class='ocrx_word' id='word_1_523' title='bbox 2755 3294 2947 3341; x_wconf 87' lang='lat' dir='ltr'><strong>textus</strong></span> <span class='ocrx_word' id='word_1_524' title='bbox 2975 3285 3056 3355; x_wconf 92' lang='lat' dir='ltr'><strong>(in</strong></span> <span class='ocrx_word' id='word_1_525' title='bbox 3086 3299 3335 3355; x_wconf 90' lang='lat' dir='ltr'><strong>quorum</strong></span> <span class='ocrx_word' id='word_1_526' title='bbox 3370 3298 3483 3341; x_wconf 91' lang='lat' dir='ltr'><strong>uno</strong></span> <span class='ocrx_word' id='word_1_527' title='bbox 3515 3283 3651 3340; x_wconf 88' lang='lat' dir='ltr'><strong>Gui-</strong></span> 
     </span>
    </p>
   </div>
   <div class='ocr_carea' id='block_1_80' title="bbox 1958 3374 3655 3446">
    <p class='ocr_par' dir='ltr' id='par_1_80' title="bbox 1958 3374 3655 3446">
     <span class='ocr_line' id='line_1_80' title="bbox 1958 3374 3655 3446; baseline -0.002 -15"><span class='ocrx_word' id='word_1_528' title='bbox 1958 3375 2123 3432; x_wconf 90' lang='lat' dir='ltr'><strong>donis</strong></span> <span class='ocrx_word' id='word_1_529' title='bbox 2176 3375 2386 3431; x_wconf 88' lang='lat' dir='ltr'><strong>visitur</strong></span> <span class='ocrx_word' id='word_1_530' title='bbox 2439 3374 2698 3446; x_wconf 89' lang='lat' dir='ltr'><strong>eftigies),</strong></span> <span class='ocrx_word' id='word_1_531' title='bbox 2759 3389 2987 3431; x_wconf 90' lang='lat' dir='ltr'><strong>crucem</strong></span> <span class='ocrx_word' id='word_1_532' title='bbox 3043 3383 3398 3444; x_wconf 86' lang='lat' dir='ltr'><strong>argenteam,</strong></span> <span class='ocrx_word' id='word_1_533' title='bbox 3446 3386 3655 3442; x_wconf 89' lang='lat' dir='ltr'><strong>cappas</strong></span> 
     </span>
    </p>
   </div>
   <div class='ocr_carea' id='block_1_81' title="bbox 1957 3462 3653 3530">
    <p class='ocr_par' dir='ltr' id='par_1_81' title="bbox 1957 3462 3653 3530">
     <span class='ocr_line' id='line_1_81' title="bbox 1957 3462 3653 3530; baseline -0.002 -11"><span class='ocrx_word' id='word_1_534' title='bbox 1957 3478 2164 3520; x_wconf 88' lang='lat' dir='ltr'><strong>novem</strong></span> <span class='ocrx_word' id='word_1_535' title='bbox 2218 3462 2477 3520; x_wconf 89' lang='lat' dir='ltr'><strong>meliores</strong></span> <span class='ocrx_word' id='word_1_536' title='bbox 2507 3477 2638 3518; x_wconf 88' lang='lat' dir='ltr'><strong>cum</strong></span> <span class='ocrx_word' id='word_1_537' title='bbox 2669 3463 2867 3518; x_wconf 88' lang='lat' dir='ltr'><strong>casula</strong></span> <span class='ocrx_word' id='word_1_538' title='bbox 2916 3477 3060 3530; x_wconf 87' lang='lat' dir='ltr'><strong>una;</strong></span> <span class='ocrx_word' id='word_1_539' title='bbox 3095 3463 3291 3519; x_wconf 88' lang='lat' dir='ltr'><strong>decem</strong></span> <span class='ocrx_word' id='word_1_540' title='bbox 3343 3473 3653 3530; x_wconf 91' lang='lat' dir='ltr'><strong>campanas</strong></span> 
     </span>
    </p>
   </div>
   <div class='ocr_carea' id='block_1_82' title="bbox 1959 3548 3653 3624">
    <p class='ocr_par' dir='ltr' id='par_1_82' title="bbox 1959 3548 3653 3624">
     <span class='ocr_line' id='line_1_82' title="bbox 1959 3548 3653 3624; baseline -0.003 -16"><span class='ocrx_word' id='word_1_541' title='bbox 1959 3553 2206 3624; x_wconf 88' lang='lat' dir='ltr'><strong>majores</strong></span> <span class='ocrx_word' id='word_1_542' title='bbox 2233 3560 2288 3607; x_wconf 91' lang='lat' dir='ltr'><strong>et</strong></span> <span class='ocrx_word' id='word_1_543' title='bbox 2344 3554 2614 3607; x_wconf 88' lang='lat' dir='ltr'><strong>minores.</strong></span> <span class='ocrx_word' id='word_1_544' title='bbox 2651 3551 2804 3607; x_wconf 74' lang='lat' dir='ltr'><strong>Fecit</strong></span> <span class='ocrx_word' id='word_1_545' title='bbox 2832 3551 3003 3607; x_wconf 87' lang='lat' dir='ltr'><strong>etiam</strong></span> <span class='ocrx_word' id='word_1_546' title='bbox 3033 3550 3227 3606; x_wconf 90' lang='lat' dir='ltr'><strong>omnia</strong></span> <span class='ocrx_word' id='word_1_547' title='bbox 3260 3558 3449 3605; x_wconf 89' lang='lat' dir='ltr'><strong>vetera</strong></span> <span class='ocrx_word' id='word_1_548' title='bbox 3468 3548 3653 3604; x_wconf 90' lang='lat' dir='ltr'><strong>aditi-</strong></span> 
     </span>
    </p>
   </div>
   <div class='ocr_carea' id='block_1_83' title="bbox 1958 3636 3653 3709">
    <p class='ocr_par' dir='ltr' id='par_1_83' title="bbox 1958 3636 3653 3709">
     <span class='ocr_line' id='line_1_83' title="bbox 1958 3636 3653 3709; baseline -0.003 -12"><span class='ocrx_word' id='word_1_549' title='bbox 1958 3642 2066 3709; x_wconf 90' lang='lat' dir='ltr'><strong>cia,</strong></span> <span class='ocrx_word' id='word_1_550' title='bbox 2128 3639 2281 3696; x_wconf 91' lang='lat' dir='ltr'><strong>dedit</strong></span> <span class='ocrx_word' id='word_1_551' title='bbox 2326 3639 2491 3695; x_wconf 91' lang='lat' dir='ltr'><strong>nobis</strong></span> <span class='ocrx_word' id='word_1_552' title='bbox 2536 3639 2733 3695; x_wconf 87' lang='lat' dir='ltr'><strong>villam</strong></span> <span class='ocrx_word' id='word_1_553' title='bbox 2785 3639 2976 3705; x_wconf 91' lang='lat' dir='ltr'><strong>istam,</strong></span> <span class='ocrx_word' id='word_1_554' title='bbox 3012 3661 3033 3688; x_wconf 78' lang='grc' dir='ltr'><strong><em>ι</em></strong></span> <span class='ocrx_word' id='word_1_555' title='bbox 3080 3647 3186 3694; x_wconf 92' lang='lat' dir='ltr'><strong>etc.</strong></span> <span class='ocrx_word' id='word_1_556' title='bbox 3244 3643 3386 3693; x_wconf 73' lang='lat' dir='ltr'><strong>oon</strong></span> <span class='ocrx_word' id='word_1_557' title='bbox 3427 3636 3653 3707; x_wconf 90' lang='lat' dir='ltr'><strong>Legesis</strong></span> 
     </span>
    </p>
   </div>
   <div class='ocr_carea' id='block_1_84' title="bbox 1957 3725 3652 3799">
    <p class='ocr_par' dir='ltr' id='par_1_84' title="bbox 1957 3725 3652 3799">
     <span class='ocr_line' id='line_1_84' title="bbox 1957 3725 3652 3799; baseline -0.003 -14"><span class='ocrx_word' id='word_1_558' title='bbox 1957 3727 2224 3799; x_wconf 88' lang='lat' dir='ltr'><strong>epistolas</strong></span> <span class='ocrx_word' id='word_1_559' title='bbox 2285 3727 2474 3783; x_wconf 90' lang='lat' dir='ltr'><strong>lvonis</strong></span> <span class='ocrx_word' id='word_1_560' title='bbox 2540 3729 2660 3793; x_wconf 77' lang='grc'><strong>151,</strong></span> <span class='ocrx_word' id='word_1_561' title='bbox 2712 3729 2800 3782; x_wconf 73' lang='grc'><strong>181</strong></span> <span class='ocrx_word' id='word_1_562' title='bbox 2851 3736 2907 3782; x_wconf 90' lang='lat' dir='ltr'><strong>et</strong></span> <span class='ocrx_word' id='word_1_563' title='bbox 2953 3729 3071 3781; x_wconf 88' lang='lat' dir='ltr'><strong>l93.</strong></span> <span class='ocrx_word' id='word_1_564' title='bbox 3137 3725 3498 3782; x_wconf 84' lang='lat' dir='ltr'><strong>Accessiones</strong></span> <span class='ocrx_word' id='word_1_565' title='bbox 3542 3725 3652 3780; x_wconf 83' lang='lat' dir='ltr'><strong>Ro-</strong></span> 
     </span>
    </p>
   </div>
   <div class='ocr_carea' id='block_1_85' title="bbox 1960 3815 3649 3887">
    <p class='ocr_par' dir='ltr' id='par_1_85' title="bbox 1960 3815 3649 3887">
     <span class='ocr_line' id='line_1_85' title="bbox 1960 3815 3649 3887; baseline -0.005 -13"><span class='ocrx_word' id='word_1_566' title='bbox 1960 3817 2102 3874; x_wconf 91' lang='lat' dir='ltr'><strong>berti</strong></span> <span class='ocrx_word' id='word_1_567' title='bbox 2133 3817 2202 3872; x_wconf 92' lang='lat' dir='ltr'><strong>de</strong></span> <span class='ocrx_word' id='word_1_568' title='bbox 2238 3817 2421 3871; x_wconf 83' lang='lat' dir='ltr'><strong>Monte</strong></span> <span class='ocrx_word' id='word_1_569' title='bbox 2469 3815 2537 3870; x_wconf 89' lang='lat' dir='ltr'><strong>ad</strong></span> <span class='ocrx_word' id='word_1_570' title='bbox 2584 3815 2928 3887; x_wconf 88' lang='lat' dir='ltr'><strong>Sigibertum</strong></span> <span class='ocrx_word' id='word_1_571' title='bbox 2960 3815 3031 3870; x_wconf 90' lang='lat' dir='ltr'><strong>ad</strong></span> <span class='ocrx_word' id='word_1_572' title='bbox 3062 3828 3155 3869; x_wconf 88' lang='lat' dir='ltr'><strong>an.</strong></span> <span class='ocrx_word' id='word_1_573' title='bbox 3215 3816 3348 3868; x_wconf 86' lang='lat' dir='ltr'><strong>t066</strong></span> <span class='ocrx_word' id='word_1_574' title='bbox 3376 3821 3431 3869; x_wconf 93' lang='lat' dir='ltr'><strong>et</strong></span> <span class='ocrx_word' id='word_1_575' title='bbox 3494 3815 3649 3867; x_wconf 87' lang='lat' dir='ltr'><strong>l069.</strong></span> 
     </span>
    </p>
   </div>
   <div class='ocr_carea' id='block_1_86' title="bbox 1960 3901 3653 3975">
    <p class='ocr_par' dir='ltr' id='par_1_86' title="bbox 1960 3901 3653 3975">
     <span class='ocr_line' id='line_1_86' title="bbox 1960 3901 3653 3975; baseline -0.002 -16"><span class='ocrx_word' id='word_1_576' title='bbox 1960 3924 1990 3959; x_wconf 82' lang='grc' dir='ltr'><strong>α</strong></span> <span class='ocrx_word' id='word_1_577' title='bbox 2023 3906 2203 3962; x_wconf 90' lang='lat' dir='ltr'><strong>Guido</strong></span> <span class='ocrx_word' id='word_1_578' title='bbox 2234 3904 2459 3961; x_wconf 87' lang='lat' dir='ltr'><strong>Belvac.</strong></span> <span class='ocrx_word' id='word_1_579' title='bbox 2519 3905 2821 3975; x_wconf 89' lang='lat' dir='ltr'><strong>episcopus</strong></span> <span class='ocrx_word' id='word_1_580' title='bbox 2869 3904 3096 3960; x_wconf 83' lang='lat' dir='ltr'><strong>duobus</strong></span> <span class='ocrx_word' id='word_1_581' title='bbox 3129 3902 3299 3957; x_wconf 90' lang='lat' dir='ltr'><strong>annis</strong></span> <span class='ocrx_word' id='word_1_582' title='bbox 3346 3901 3653 3973; x_wconf 87' lang='lat' dir='ltr'><strong>perfectam</strong></span> 
     </span>
    </p>
   </div>
   <div class='ocr_carea' id='block_1_87' title="bbox 1960 3988 3651 4056">
    <p class='ocr_par' dir='ltr' id='par_1_87' title="bbox 1960 3988 3651 4056">
     <span class='ocr_line' id='line_1_87' title="bbox 1960 3988 3651 4056; baseline -0.002 -8"><span class='ocrx_word' id='word_1_583' title='bbox 1960 3993 2245 4050; x_wconf 87' lang='lat' dir='ltr'><strong>dedicavit</strong></span> <span class='ocrx_word' id='word_1_584' title='bbox 2269 3993 2563 4049; x_wconf 84' lang='lat' dir='ltr'><strong>ecclesiam</strong></span> <span class='ocrx_word' id='word_1_585' title='bbox 2618 3993 2673 4048; x_wconf 92' lang='lat' dir='ltr'><strong>in</strong></span> <span class='ocrx_word' id='word_1_586' title='bbox 2710 3994 2921 4048; x_wconf 90' lang='lat' dir='ltr'><strong>honore</strong></span> <span class='ocrx_word' id='word_1_587' title='bbox 2962 3992 3222 4047; x_wconf 90' lang='lat' dir='ltr'><strong>advocati</strong></span> <span class='ocrx_word' id='word_1_588' title='bbox 3274 3992 3362 4046; x_wconf 92' lang='lat' dir='ltr'><strong>sui</strong></span> <span class='ocrx_word' id='word_1_589' title='bbox 3392 3988 3651 4056; x_wconf 89' lang='lat' dir='ltr'><strong>Quintini</strong></span> 
     </span>
    </p>
   </div>
   <div class='ocr_carea' id='block_1_88' title="bbox 1960 4078 3654 4150">
    <p class='ocr_par' dir='ltr' id='par_1_88' title="bbox 1960 4078 3654 4150">
     <span class='ocr_line' id='line_1_88' title="bbox 1960 4078 3654 4150; baseline -0.004 -11"><span class='ocrx_word' id='word_1_590' title='bbox 1960 4082 2126 4139; x_wconf 86' lang='lat' dir='ltr'><strong>Mart.</strong></span> <span class='ocrx_word' id='word_1_591' title='bbox 2159 4096 2217 4137; x_wconf 87' lang='lat' dir='ltr'><strong>1v</strong></span> <span class='ocrx_word' id='word_1_592' title='bbox 2244 4082 2436 4138; x_wconf 91' lang='lat' dir='ltr'><strong>Nonas</strong></span> <span class='ocrx_word' id='word_1_593' title='bbox 2463 4081 2738 4139; x_wconf 90' lang='lat' dir='ltr'><strong>Octobris.</strong></span> <span class='ocrx_word' id='word_1_594' title='bbox 2768 4102 2796 4130; x_wconf 88' lang='grc'><strong>››</strong></span> <span class='ocrx_word' id='word_1_595' title='bbox 2821 4084 2963 4147; x_wconf 88' lang='lat' dir='ltr'><strong>Quo,</strong></span> <span class='ocrx_word' id='word_1_596' title='bbox 3000 4080 3373 4150; x_wconf 90' lang='lat' dir='ltr'><strong>versibusque</strong></span> <span class='ocrx_word' id='word_1_597' title='bbox 3404 4078 3654 4149; x_wconf 86' lang='lat' dir='ltr'><strong>prafatis</strong></span> 
     </span>
    </p>
   </div>
   <div class='ocr_carea' id='block_1_89' title="bbox 1959 4168 3653 4242">
    <p class='ocr_par' dir='ltr' id='par_1_89' title="bbox 1959 4168 3653 4242">
     <span class='ocr_line' id='line_1_89' title="bbox 1959 4168 3653 4242; baseline -0.002 -15"><span class='ocrx_word' id='word_1_598' title='bbox 1959 4172 2253 4227; x_wconf 88' lang='lat' dir='ltr'><strong>advertere</strong></span> <span class='ocrx_word' id='word_1_599' title='bbox 2303 4171 2448 4235; x_wconf 91' lang='lat' dir='ltr'><strong>licet,</strong></span> <span class='ocrx_word' id='word_1_600' title='bbox 2511 4171 2876 4242; x_wconf 88' lang='lat' dir='ltr'><strong>arguendum</strong></span> <span class='ocrx_word' id='word_1_601' title='bbox 2931 4172 3129 4240; x_wconf 92' lang='lat' dir='ltr'><strong>lapsus</strong></span> <span class='ocrx_word' id='word_1_602' title='bbox 3191 4180 3477 4229; x_wconf 89' lang='lat' dir='ltr'><strong>auctorem</strong></span> <span class='ocrx_word' id='word_1_603' title='bbox 3514 4168 3653 4224; x_wconf 83' lang='lat' dir='ltr'><strong>Vita</strong></span> 
     </span>
    </p>
   </div>
   <div class='ocr_carea' id='block_1_90' title="bbox 1962 4256 3654 4331">
    <p class='ocr_par' dir='ltr' id='par_1_90' title="bbox 1962 4256 3654 4331">
     <span class='ocr_line' id='line_1_90' title="bbox 1962 4256 3654 4331; baseline -0.002 -17"><span class='ocrx_word' id='word_1_604' title='bbox 1962 4259 2169 4324; x_wconf 89' lang='lat' dir='ltr'><strong>lvonis,</strong></span> <span class='ocrx_word' id='word_1_605' title='bbox 2195 4259 2467 4329; x_wconf 91' lang='lat' dir='ltr'><strong>operibus</strong></span> <span class='ocrx_word' id='word_1_606' title='bbox 2496 4259 2780 4330; x_wconf 90' lang='lat' dir='ltr'><strong>proloquii</strong></span> <span class='ocrx_word' id='word_1_607' title='bbox 2823 4259 2944 4315; x_wconf 89' lang='lat' dir='ltr'><strong>loco</strong></span> <span class='ocrx_word' id='word_1_608' title='bbox 2993 4261 3266 4330; x_wconf 89' lang='lat' dir='ltr'><strong>apposita</strong></span> <span class='ocrx_word' id='word_1_609' title='bbox 3314 4260 3488 4331; x_wconf 77' lang='lat' dir='ltr'><strong>(inter</strong></span> <span class='ocrx_word' id='word_1_610' title='bbox 3512 4256 3654 4313; x_wconf 87' lang='lat' dir='ltr'><strong>alios</strong></span> 
     </span>
    </p>
   </div>
   <div class='ocr_carea' id='block_1_91' title="bbox 162 4339 3652 4421">
    <p class='ocr_par' dir='ltr' id='par_1_91' title="bbox 162 4339 3652 4421">
     <span class='ocr_line' id='line_1_91' title="bbox 162 4339 3652 4421; baseline 0.005 -28"><span class='ocrx_word' id='word_1_611' title='bbox 162 4339 601 4398; x_wconf 88' lang='lat' dir='ltr'><strong>archidiaconus</strong></span> <span class='ocrx_word' id='word_1_612' title='bbox 644 4343 1062 4414; x_wconf 90' lang='lat' dir='ltr'><strong>Laudunensis,</strong></span> <span class='ocrx_word' id='word_1_613' title='bbox 1111 4349 1455 4405; x_wconf 90' lang='lat' dir='ltr'><strong>constitutus</strong></span> <span class='ocrx_word' id='word_1_614' title='bbox 1498 4359 1581 4407; x_wconf 90' lang='lat' dir='ltr'><strong>est</strong></span> <span class='ocrx_word' id='word_1_615' title='bbox 1628 4365 1662 4406; x_wconf 89' lang='lat' dir='ltr'><strong>a</strong></span> <span class='ocrx_word' id='word_1_616' title='bbox 1708 4366 1851 4421; x_wconf 88' lang='lat' dir='ltr'><strong>pra-</strong></span> <span class='ocrx_word' id='word_1_617' title='bbox 1889 4339 1933 4394; x_wconf 84' lang='lat' dir='ltr'><strong>D</strong></span> <span class='ocrx_word' id='word_1_618' title='bbox 1960 4348 2223 4416; x_wconf 77' lang='lat' dir='ltr'><strong>errores),</strong></span> <span class='ocrx_word' id='word_1_619' title='bbox 2257 4349 2411 4419; x_wconf 87' lang='lat' dir='ltr'><strong>quod</strong></span> <span class='ocrx_word' id='word_1_620' title='bbox 2458 4348 2529 4403; x_wconf 73' lang='lat' dir='ltr'><strong>ad</strong></span> <span class='ocrx_word' id='word_1_621' title='bbox 2560 4362 2779 4404; x_wconf 73' lang='lat' dir='ltr'><strong>annum</strong></span> <span class='ocrx_word' id='word_1_622' title='bbox 2832 4350 2967 4403; x_wconf 66' lang='grc'>1078</span> <span class='ocrx_word' id='word_1_623' title='bbox 2998 4349 3392 4405; x_wconf 70' lang='grc' dir='ltr'><strong>ἶυηᾶὸιίοηθιῐι</strong></span> <span class='ocrx_word' id='word_1_624' title='bbox 3420 4350 3474 4405; x_wconf 83' lang='lat' dir='ltr'><strong>S-</strong></span> <span class='ocrx_word' id='word_1_625' title='bbox 3502 4345 3652 4412; x_wconf 73' lang='lat' dir='ltr'><strong>Qnin</strong></span> 
     </span>
    </p>
   </div>
   <div class='ocr_carea' id='block_1_92' title="bbox 163 4428 1852 4507">
    <p class='ocr_par' dir='ltr' id='par_1_92' title="bbox 163 4428 1852 4507">
     <span class='ocr_line' id='line_1_92' title="bbox 163 4428 1852 4507; baseline 0.008 -25"><span class='ocrx_word' id='word_1_626' title='bbox 163 4428 278 4483; x_wconf 87' lang='lat' dir='ltr'><strong>fato</strong></span> <span class='ocrx_word' id='word_1_627' title='bbox 340 4428 597 4500; x_wconf 86' lang='lat' dir='ltr'><strong>principe</strong></span> <span class='ocrx_word' id='word_1_628' title='bbox 661 4432 1089 4492; x_wconf 77' lang='lat' dir='ltr'><strong>Belvacensium</strong></span> <span class='ocrx_word' id='word_1_629' title='bbox 1153 4438 1470 4507; x_wconf 86' lang='lat' dir='ltr'><strong>episcopus,</strong></span> <span class='ocrx_word' id='word_1_630' title='bbox 1549 4440 1852 4496; x_wconf 89' lang='lat' dir='ltr'><strong>ordinante</strong></span> 
     </span>
    </p>
   </div>
   <div class='ocr_carea' id='block_1_93' title="bbox 160 4520 1852 4598">
    <p class='ocr_par' dir='ltr' id='par_1_93' title="bbox 160 4520 1852 4598">
     <span class='ocr_line' id='line_1_93' title="bbox 160 4520 1852 4598; baseline 0.008 -27"><span class='ocrx_word' id='word_1_631' title='bbox 160 4530 295 4573; x_wconf 87' lang='lat' dir='ltr'><strong>eum</strong></span> <span class='ocrx_word' id='word_1_632' title='bbox 324 4531 458 4573; x_wconf 91' lang='lat' dir='ltr'><strong>cum</strong></span> <span class='ocrx_word' id='word_1_633' title='bbox 506 4520 722 4577; x_wconf 90' lang='lat' dir='ltr'><strong>cateris</strong></span> <span class='ocrx_word' id='word_1_634' title='bbox 765 4521 1021 4593; x_wconf 88' lang='lat' dir='ltr'><strong>ejusdem</strong></span> <span class='ocrx_word' id='word_1_635' title='bbox 1071 4526 1381 4595; x_wconf 85' lang='lat' dir='ltr'><strong>provincia</strong></span> <span class='ocrx_word' id='word_1_636' title='bbox 1416 4525 1693 4598; x_wconf 91' lang='lat' dir='ltr'><strong>episcopis</strong></span> <span class='ocrx_word' id='word_1_637' title='bbox 1728 4527 1852 4584; x_wconf 92' lang='lat' dir='ltr'><strong>viro</strong></span> 
     </span>
    </p>
   </div>
   <div class='ocr_carea' id='block_1_94' title="bbox 161 4605 1855 4686">
    <p class='ocr_par' dir='ltr' id='par_1_94' title="bbox 161 4605 1855 4686">
     <span class='ocr_line' id='line_1_94' title="bbox 161 4605 1855 4686; baseline 0.005 -24"><span class='ocrx_word' id='word_1_638' title='bbox 161 4606 369 4663; x_wconf 91' lang='lat' dir='ltr'><strong>illustri</strong></span> <span class='ocrx_word' id='word_1_639' title='bbox 398 4605 666 4666; x_wconf 90' lang='lat' dir='ltr'><strong>Gervasio</strong></span> <span class='ocrx_word' id='word_1_640' title='bbox 711 4611 973 4669; x_wconf 84' lang='lat' dir='ltr'><strong>Bemensi</strong></span> <span class='ocrx_word' id='word_1_641' title='bbox 1003 4613 1455 4684; x_wconf 89' lang='lat' dir='ltr'><strong>metropolitano.</strong></span> <span class='ocrx_word' id='word_1_642' title='bbox 1490 4615 1593 4674; x_wconf 86' lang='lat' dir='ltr'><strong>Vir</strong></span> <span class='ocrx_word' id='word_1_643' title='bbox 1639 4615 1855 4686; x_wconf 89' lang='lat' dir='ltr'><strong>quippe</strong></span> 
     </span>
    </p>
   </div>
   <div class='ocr_carea' id='block_1_95' title="bbox 160 4696 1853 4773">
    <p class='ocr_par' dir='ltr' id='par_1_95' title="bbox 160 4696 1853 4773">
     <span class='ocr_line' id='line_1_95' title="bbox 160 4696 1853 4773; baseline 0.005 -22"><span class='ocrx_word' id='word_1_644' title='bbox 160 4696 372 4754; x_wconf 88' lang='lat' dir='ltr'><strong>nobilis</strong></span> <span class='ocrx_word' id='word_1_645' title='bbox 426 4697 741 4770; x_wconf 90' lang='lat' dir='ltr'><strong>prudenter</strong></span> <span class='ocrx_word' id='word_1_646' title='bbox 796 4699 1109 4756; x_wconf 89' lang='lat' dir='ltr'><strong>ascendens</strong></span> <span class='ocrx_word' id='word_1_647' title='bbox 1151 4701 1380 4759; x_wconf 88' lang='lat' dir='ltr'><strong>altiores</strong></span> <span class='ocrx_word' id='word_1_648' title='bbox 1408 4704 1625 4773; x_wconf 88' lang='lat' dir='ltr'><strong>gradus</strong></span> <span class='ocrx_word' id='word_1_649' title='bbox 1654 4704 1853 4760; x_wconf 91' lang='lat' dir='ltr'><strong>Eccle-</strong></span> 
     </span>
    </p>
   </div>
   <div class='ocr_carea' id='block_1_96' title="bbox 158 4784 1853 4859">
    <p class='ocr_par' dir='ltr' id='par_1_96' title="bbox 158 4784 1853 4859">
     <span class='ocr_line' id='line_1_96' title="bbox 158 4784 1853 4859; baseline 0.004 -19"><span class='ocrx_word' id='word_1_650' title='bbox 158 4784 261 4840; x_wconf 88' lang='lat' dir='ltr'><strong>sia</strong></span> <span class='ocrx_word' id='word_1_651' title='bbox 298 4785 539 4856; x_wconf 89' lang='lat' dir='ltr'><strong>adeptus</strong></span> <span class='ocrx_word' id='word_1_652' title='bbox 580 4793 663 4842; x_wconf 89' lang='lat' dir='ltr'><strong>est</strong></span> <span class='ocrx_word' id='word_1_653' title='bbox 705 4785 934 4842; x_wconf 90' lang='lat' dir='ltr'><strong>culmen</strong></span> <span class='ocrx_word' id='word_1_654' title='bbox 991 4788 1328 4859; x_wconf 90' lang='lat' dir='ltr'><strong>episcopale.</strong></span> <span class='ocrx_word' id='word_1_655' title='bbox 1382 4788 1490 4857; x_wconf 87' lang='lat' dir='ltr'><strong>Qui</strong></span> <span class='ocrx_word' id='word_1_656' title='bbox 1538 4790 1699 4847; x_wconf 90' lang='lat' dir='ltr'><strong>facile</strong></span> <span class='ocrx_word' id='word_1_657' title='bbox 1738 4805 1853 4847; x_wconf 90' lang='lat' dir='ltr'><strong>non</strong></span> 
     </span>
    </p>
   </div>
   <div class='ocr_carea' id='block_1_97' title="bbox 159 4873 1853 4950">
    <p class='ocr_par' dir='ltr' id='par_1_97' title="bbox 159 4873 1853 4950">
     <span class='ocr_line' id='line_1_97' title="bbox 159 4873 1853 4950; baseline 0.004 -22"><span class='ocrx_word' id='word_1_658' title='bbox 159 4886 356 4929; x_wconf 91' lang='lat' dir='ltr'><strong>carere</strong></span> <span class='ocrx_word' id='word_1_659' title='bbox 384 4873 569 4930; x_wconf 89' lang='lat' dir='ltr'><strong>ferens</strong></span> <span class='ocrx_word' id='word_1_660' title='bbox 600 4888 658 4930; x_wconf 90' lang='lat' dir='ltr'><strong>se</strong></span> <span class='ocrx_word' id='word_1_661' title='bbox 699 4874 1001 4944; x_wconf 89' lang='lat' dir='ltr'><strong>prasentia</strong></span> <span class='ocrx_word' id='word_1_662' title='bbox 1048 4878 1333 4947; x_wconf 84' lang='lat' dir='ltr'><strong>martyris.</strong></span> <span class='ocrx_word' id='word_1_663' title='bbox 1364 4877 1435 4934; x_wconf 89' lang='lat' dir='ltr'><strong>de</strong></span> <span class='ocrx_word' id='word_1_664' title='bbox 1462 4878 1633 4950; x_wconf 91' lang='lat' dir='ltr'><strong>cujus</strong></span> <span class='ocrx_word' id='word_1_665' title='bbox 1664 4879 1853 4936; x_wconf 91' lang='lat' dir='ltr'><strong>uberi-</strong></span> 
     </span>
    </p>
   </div>
   <div class='ocr_carea' id='block_1_98' title="bbox 159 4951 1854 5038">
    <p class='ocr_par' dir='ltr' id='par_1_98' title="bbox 159 4951 1854 5038">
     <span class='ocr_line' id='line_1_98' title="bbox 159 4951 1854 5038; baseline 0.004 -21"><span class='ocrx_word' id='word_1_666' title='bbox 159 4961 273 5017; x_wconf 91' lang='lat' dir='ltr'><strong>bus</strong></span> <span class='ocrx_word' id='word_1_667' title='bbox 334 4962 597 5019; x_wconf 90' lang='lat' dir='ltr'><strong>Ecclesia</strong></span> <span class='ocrx_word' id='word_1_668' title='bbox 648 4972 886 5020; x_wconf 85' lang='lat' dir='ltr'><strong>suxerat</strong></span> <span class='ocrx_word' id='word_1_669' title='bbox 930 4964 1019 5021; x_wconf 92' lang='lat' dir='ltr'><strong>lac</strong></span> <span class='ocrx_word' id='word_1_670' title='bbox 1072 4951 1345 5023; x_wconf 85' lang='lat' dir='ltr'><strong>doctrina</strong></span> <span class='ocrx_word' id='word_1_671' title='bbox 1409 4967 1746 5038; x_wconf 84' lang='lat' dir='ltr'><strong>spiritualis,</strong></span> <span class='ocrx_word' id='word_1_672' title='bbox 1795 4969 1854 5024; x_wconf 90' lang='lat' dir='ltr'><strong>in</strong></span> 
     </span>
    </p>
   </div>
   <div class='ocr_carea' id='block_1_99' title="bbox 160 5051 1856 5125">
    <p class='ocr_par' dir='ltr' id='par_1_99' title="bbox 160 5051 1856 5125">
     <span class='ocr_line' id='line_1_99' title="bbox 160 5051 1856 5125; baseline 0.004 -18"><span class='ocrx_word' id='word_1_673' title='bbox 160 5051 380 5107; x_wconf 91' lang='lat' dir='ltr'><strong>honore</strong></span> <span class='ocrx_word' id='word_1_674' title='bbox 430 5058 484 5107; x_wconf 91' lang='lat' dir='ltr'><strong>et</strong></span> <span class='ocrx_word' id='word_1_675' title='bbox 543 5053 814 5110; x_wconf 89' lang='lat' dir='ltr'><strong>memoria</strong></span> <span class='ocrx_word' id='word_1_676' title='bbox 863 5052 991 5125; x_wconf 89' lang='lat' dir='ltr'><strong>ejus</strong></span> <span class='ocrx_word' id='word_1_677' title='bbox 1032 5055 1339 5113; x_wconf 88' lang='lat' dir='ltr'><strong>adiﬁcavit</strong></span> <span class='ocrx_word' id='word_1_678' title='bbox 1374 5057 1669 5113; x_wconf 90' lang='lat' dir='ltr'><strong>ecclesiam</strong></span> <span class='ocrx_word' id='word_1_679' title='bbox 1703 5058 1856 5113; x_wconf 89' lang='lat' dir='ltr'><strong>haud</strong></span> 
     </span>
    </p>
   </div>
   <div class='ocr_carea' id='block_1_100' title="bbox 162 5139 1858 5214">
    <p class='ocr_par' dir='ltr' id='par_1_100' title="bbox 162 5139 1858 5214">
     <span class='ocr_line' id='line_1_100' title="bbox 162 5139 1858 5214; baseline 0.004 -19"><span class='ocrx_word' id='word_1_680' title='bbox 162 5139 334 5209; x_wconf 86' lang='lat' dir='ltr'><strong>longe</strong></span> <span class='ocrx_word' id='word_1_681' title='bbox 364 5153 396 5194; x_wconf 91' lang='lat' dir='ltr'><strong>a</strong></span> <span class='ocrx_word' id='word_1_682' title='bbox 427 5140 711 5197; x_wconf 79' lang='lat' dir='ltr'><strong>manibus</strong></span> <span class='ocrx_word' id='word_1_683' title='bbox 769 5141 1024 5199; x_wconf 90' lang='lat' dir='ltr'><strong>Belvaca</strong></span> <span class='ocrx_word' id='word_1_684' title='bbox 1088 5144 1353 5214; x_wconf 89' lang='lat' dir='ltr'><strong>civitatis,</strong></span> <span class='ocrx_word' id='word_1_685' title='bbox 1405 5152 1508 5202; x_wconf 91' lang='lat' dir='ltr'><strong>etc.</strong></span> <span class='ocrx_word' id='word_1_686' title='bbox 1557 5144 1695 5213; x_wconf 90' lang='lat' dir='ltr'><strong>Qua</strong></span> <span class='ocrx_word' id='word_1_687' title='bbox 1724 5160 1858 5202; x_wconf 91' lang='lat' dir='ltr'><strong>cum</strong></span> 
     </span>
    </p>
   </div>
   <div class='ocr_carea' id='block_1_101' title="bbox 162 5227 1859 5304">
    <p class='ocr_par' dir='ltr' id='par_1_101' title="bbox 162 5227 1859 5304">
     <span class='ocr_line' id='line_1_101' title="bbox 162 5227 1859 5304; baseline 0.003 -20"><span class='ocrx_word' id='word_1_688' title='bbox 162 5228 237 5284; x_wconf 89' lang='lat' dir='ltr'><strong>sit</strong></span> <span class='ocrx_word' id='word_1_689' title='bbox 264 5227 621 5286; x_wconf 89' lang='lat' dir='ltr'><strong>admirabilis</strong></span> <span class='ocrx_word' id='word_1_690' title='bbox 666 5230 849 5300; x_wconf 90' lang='lat' dir='ltr'><strong>specie</strong></span> <span class='ocrx_word' id='word_1_691' title='bbox 907 5245 1028 5288; x_wconf 89' lang='lat' dir='ltr'><strong>sua</strong></span> <span class='ocrx_word' id='word_1_692' title='bbox 1058 5234 1501 5304; x_wconf 85' lang='lat' dir='ltr'><strong>compositionis,</strong></span> <span class='ocrx_word' id='word_1_693' title='bbox 1541 5234 1859 5291; x_wconf 89' lang='lat' dir='ltr'><strong>admirabi-</strong></span> 
     </span>
    </p>
   </div>
   <div class='ocr_carea' id='block_1_102' title="bbox 164 5314 1860 5387">
    <p class='ocr_par' dir='ltr' id='par_1_102' title="bbox 164 5314 1860 5387">
     <span class='ocr_line' id='line_1_102' title="bbox 164 5314 1860 5387; baseline 0.005 -17"><span class='ocrx_word' id='word_1_694' title='bbox 164 5314 274 5371; x_wconf 89' lang='lat' dir='ltr'><strong>lior</strong></span> <span class='ocrx_word' id='word_1_695' title='bbox 306 5315 499 5372; x_wconf 86' lang='lat' dir='ltr'><strong>haberi</strong></span> <span class='ocrx_word' id='word_1_696' title='bbox 532 5324 713 5386; x_wconf 88' lang='lat' dir='ltr'><strong>potest</strong></span> <span class='ocrx_word' id='word_1_697' title='bbox 744 5317 863 5387; x_wconf 88' lang='lat' dir='ltr'><strong>ipsa</strong></span> <span class='ocrx_word' id='word_1_698' title='bbox 930 5319 1200 5377; x_wconf 90' lang='lat' dir='ltr'><strong>facilitate</strong></span> <span class='ocrx_word' id='word_1_699' title='bbox 1249 5322 1561 5379; x_wconf 90' lang='lat' dir='ltr'><strong>celerrima</strong></span> <span class='ocrx_word' id='word_1_700' title='bbox 1590 5330 1860 5378; x_wconf 90' lang='lat' dir='ltr'><strong>constru-</strong></span> 
     </span>
    </p>
   </div>
   <div class='ocr_carea' id='block_1_103' title="bbox 165 5402 1862 5479">
    <p class='ocr_par' dir='ltr' id='par_1_103' title="bbox 165 5402 1862 5479">
     <span class='ocr_line' id='line_1_103' title="bbox 165 5402 1862 5479; baseline 0.005 -21"><span class='ocrx_word' id='word_1_701' title='bbox 165 5402 389 5459; x_wconf 91' lang='lat' dir='ltr'><strong>ctionis.</strong></span> <span class='ocrx_word' id='word_1_702' title='bbox 422 5404 593 5461; x_wconf 87' lang='lat' dir='ltr'><strong>Nulla</strong></span> <span class='ocrx_word' id='word_1_703' title='bbox 613 5406 765 5461; x_wconf 90' lang='lat' dir='ltr'><strong>enim</strong></span> <span class='ocrx_word' id='word_1_704' title='bbox 799 5414 913 5462; x_wconf 91' lang='lat' dir='ltr'><strong>tam</strong></span> <span class='ocrx_word' id='word_1_705' title='bbox 945 5407 1105 5464; x_wconf 93' lang='lat' dir='ltr'><strong>brevi</strong></span> <span class='ocrx_word' id='word_1_706' title='bbox 1134 5408 1317 5479; x_wconf 89' lang='lat' dir='ltr'><strong>spatio</strong></span> <span class='ocrx_word' id='word_1_707' title='bbox 1347 5417 1572 5467; x_wconf 89' lang='lat' dir='ltr'><strong>tantum</strong></span> <span class='ocrx_word' id='word_1_708' title='bbox 1614 5411 1862 5467; x_wconf 84' lang='lat' dir='ltr'><strong>efficeret</strong></span> 
     </span>
    </p>
   </div>
   <div class='ocr_carea' id='block_1_104' title="bbox 166 5492 1865 5568">
    <p class='ocr_par' dir='ltr' id='par_1_104' title="bbox 166 5492 1865 5568">
     <span class='ocr_line' id='line_1_104' title="bbox 166 5492 1865 5568; baseline 0.004 -20"><span class='ocrx_word' id='word_1_709' title='bbox 166 5506 317 5562; x_wconf 89' lang='lat' dir='ltr'><strong>opus</strong></span> <span class='ocrx_word' id='word_1_710' title='bbox 349 5492 434 5547; x_wconf 86' lang='lat' dir='ltr'><strong>vis</strong></span> <span class='ocrx_word' id='word_1_711' title='bbox 482 5492 756 5561; x_wconf 89' lang='lat' dir='ltr'><strong>humana,</strong></span> <span class='ocrx_word' id='word_1_712' title='bbox 798 5494 902 5550; x_wconf 89' lang='lat' dir='ltr'><strong>nisi</strong></span> <span class='ocrx_word' id='word_1_713' title='bbox 948 5495 1332 5552; x_wconf 88' lang='lat' dir='ltr'><strong>intercedente</strong></span> <span class='ocrx_word' id='word_1_714' title='bbox 1380 5506 1631 5568; x_wconf 83' lang='lat' dir='ltr'><strong>martyre</strong></span> <span class='ocrx_word' id='word_1_715' title='bbox 1678 5498 1865 5554; x_wconf 89' lang='lat' dir='ltr'><strong>virtus</strong></span> 
     </span>
    </p>
   </div>
   <div class='ocr_carea' id='block_1_105' title="bbox 168 5580 1864 5658">
    <p class='ocr_par' dir='ltr' id='par_1_105' title="bbox 168 5580 1864 5658">
     <span class='ocr_line' id='line_1_105' title="bbox 168 5580 1864 5658; baseline 0.004 -21"><span class='ocrx_word' id='word_1_716' title='bbox 168 5580 558 5637; x_wconf 81' lang='lat' dir='ltr'><strong>auxiliaretur</strong></span> <span class='ocrx_word' id='word_1_717' title='bbox 581 5581 778 5637; x_wconf 87' lang='lat' dir='ltr'><strong>divina</strong></span> <span class='ocrx_word' id='word_1_718' title='bbox 807 5597 820 5636; x_wconf 90' lang='lat'>:</span> <span class='ocrx_word' id='word_1_719' title='bbox 872 5583 1102 5640; x_wconf 91' lang='lat' dir='ltr'><strong>duobus</strong></span> <span class='ocrx_word' id='word_1_720' title='bbox 1126 5586 1338 5656; x_wconf 88' lang='lat' dir='ltr'><strong>quippe</strong></span> <span class='ocrx_word' id='word_1_721' title='bbox 1360 5586 1529 5643; x_wconf 91' lang='lat' dir='ltr'><strong>annis</strong></span> <span class='ocrx_word' id='word_1_722' title='bbox 1548 5586 1779 5658; x_wconf 82' lang='lat' dir='ltr'><strong>incapit</strong></span> <span class='ocrx_word' id='word_1_723' title='bbox 1807 5594 1864 5643; x_wconf 92' lang='lat' dir='ltr'><strong>et</strong></span> 
     </span>
    </p>
   </div>
   <div class='ocr_carea' id='block_1_106' title="bbox 1960 4436 2691 4507">
    <p class='ocr_par' dir='ltr' id='par_1_106' title="bbox 1960 4436 2691 4507">
     <span class='ocr_line' id='line_1_106' title="bbox 1960 4436 2691 4507; baseline -0.007 -13"><span class='ocrx_word' id='word_1_724' title='bbox 1960 4437 2063 4494; x_wconf 89' lang='lat' dir='ltr'><strong>tini</strong></span> <span class='ocrx_word' id='word_1_725' title='bbox 2095 4436 2421 4493; x_wconf 89' lang='lat' dir='ltr'><strong>Belvacens.</strong></span> <span class='ocrx_word' id='word_1_726' title='bbox 2453 4436 2691 4507; x_wconf 88' lang='lat' dir='ltr'><strong>rejiciat.</strong></span> 
     </span>
    </p>
   </div>
   <div class='ocr_carea' id='block_1_107' title="bbox 2035 4517 3652 4595">
    <p class='ocr_par' dir='ltr' id='par_1_107' title="bbox 2035 4517 3652 4595">
     <span class='ocr_line' id='line_1_107' title="bbox 2035 4517 3652 4595; baseline -0.002 -15"><span class='ocrx_word' id='word_1_727' title='bbox 2035 4521 2126 4595; x_wconf 65' lang='grc' dir='ltr'><strong>(εί)</strong></span> <span class='ocrx_word' id='word_1_728' title='bbox 2188 4524 2327 4579; x_wconf 81' lang='lat' dir='ltr'><strong>Inln.</strong></span> <span class='ocrx_word' id='word_1_729' title='bbox 2386 4554 2455 4563; x_wconf 90' lang='lat'><strong>-—</strong></span> <span class='ocrx_word' id='word_1_730' title='bbox 2526 4523 2898 4579; x_wconf 76' lang='lat' dir='ltr'><strong>Flaviacense</strong></span> <span class='ocrx_word' id='word_1_731' title='bbox 2974 4517 3416 4580; x_wconf 67' lang='lat' dir='ltr'><strong>monasterium.</strong></span> <span class='ocrx_word' id='word_1_732' title='bbox 3461 4520 3652 4592; x_wconf 86' lang='lat' dir='ltr'><strong>Vulgo</strong></span> 
     </span>
    </p>
   </div>
   <div class='ocr_carea' id='block_1_108' title="bbox 1963 4608 3652 4679">
    <p class='ocr_par' dir='ltr' id='par_1_108' title="bbox 1963 4608 3652 4679">
     <span class='ocr_line' id='line_1_108' title="bbox 1963 4608 3652 4679; baseline -0.002 -12"><span class='ocrx_word' id='word_1_733' title='bbox 1963 4610 2153 4667; x_wconf 89' lang='lat' dir='ltr'><strong>Sancti</strong></span> <span class='ocrx_word' id='word_1_734' title='bbox 2207 4610 2516 4678; x_wconf 88' lang='lat' dir='ltr'><strong>Geremari,</strong></span> <span class='ocrx_word' id='word_1_735' title='bbox 2580 4612 2636 4667; x_wconf 92' lang='lat' dir='ltr'><strong>in</strong></span> <span class='ocrx_word' id='word_1_736' title='bbox 2693 4612 2916 4669; x_wconf 83' lang='lat' dir='ltr'><strong>diacesi</strong></span> <span class='ocrx_word' id='word_1_737' title='bbox 2977 4612 3302 4669; x_wconf 85' lang='lat' dir='ltr'><strong>Belvacensi</strong></span> <span class='ocrx_word' id='word_1_738' title='bbox 3343 4611 3540 4679; x_wconf 91' lang='lat' dir='ltr'><strong>situm,</strong></span> <span class='ocrx_word' id='word_1_739' title='bbox 3579 4608 3652 4664; x_wconf 89' lang='lat' dir='ltr'><strong>ab</strong></span> 
     </span>
    </p>
   </div>
   <div class='ocr_carea' id='block_1_109' title="bbox 1961 4698 3295 4771">
    <p class='ocr_par' dir='ltr' id='par_1_109' title="bbox 1961 4698 3295 4771">
     <span class='ocr_line' id='line_1_109' title="bbox 1961 4698 3295 4771; baseline -0.002 -15"><span class='ocrx_word' id='word_1_740' title='bbox 1961 4698 2158 4756; x_wconf 88' lang='lat' dir='ltr'><strong>eadem</strong></span> <span class='ocrx_word' id='word_1_741' title='bbox 2191 4699 2421 4755; x_wconf 89' lang='lat' dir='ltr'><strong>civitate</strong></span> <span class='ocrx_word' id='word_1_742' title='bbox 2442 4708 2694 4770; x_wconf 84' lang='lat' dir='ltr'><strong>quatuor</strong></span> <span class='ocrx_word' id='word_1_743' title='bbox 2713 4700 2887 4756; x_wconf 90' lang='lat' dir='ltr'><strong>leucis</strong></span> <span class='ocrx_word' id='word_1_744' title='bbox 2918 4700 3295 4771; x_wconf 88' lang='lat' dir='ltr'><strong>disparatum.</strong></span> 
     </span>
    </p>
   </div>
   <div class='ocr_carea' id='block_1_110' title="bbox 2033 4786 3653 4859">
    <p class='ocr_par' dir='ltr' id='par_1_110' title="bbox 2033 4786 3653 4859">
     <span class='ocr_line' id='line_1_110' title="bbox 2033 4786 3653 4859; baseline -0.001 -16"><span class='ocrx_word' id='word_1_745' title='bbox 2033 4787 2209 4843; x_wconf 90' lang='lat' dir='ltr'><strong>Porro</strong></span> <span class='ocrx_word' id='word_1_746' title='bbox 2291 4801 2658 4859; x_wconf 88' lang='lat' dir='ltr'><strong>quacunque</strong></span> <span class='ocrx_word' id='word_1_747' title='bbox 2713 4788 2785 4845; x_wconf 88' lang='lat' dir='ltr'><strong>ad</strong></span> <span class='ocrx_word' id='word_1_748' title='bbox 2843 4790 3263 4845; x_wconf 81' lang='lat' dir='ltr'><strong>Flaviacensem</strong></span> <span class='ocrx_word' id='word_1_749' title='bbox 3341 4786 3653 4843; x_wconf 90' lang='lat' dir='ltr'><strong>Ecclesiam</strong></span> 
     </span>
    </p>
   </div>
   <div class='ocr_carea' id='block_1_111' title="bbox 1964 4875 3652 4948">
    <p class='ocr_par' dir='ltr' id='par_1_111' title="bbox 1964 4875 3652 4948">
     <span class='ocr_line' id='line_1_111' title="bbox 1964 4875 3652 4948; baseline -0.001 -17"><span class='ocrx_word' id='word_1_750' title='bbox 1964 4882 2242 4946; x_wconf 88' lang='lat' dir='ltr'><strong>spectant,</strong></span> <span class='ocrx_word' id='word_1_751' title='bbox 2273 4876 2334 4932; x_wconf 76' lang='grc' dir='ltr'>Β.</span> <span class='ocrx_word' id='word_1_752' title='bbox 2368 4876 2428 4931; x_wconf 94' lang='grc' dir='ltr'><strong>Ρ.</strong></span> <span class='ocrx_word' id='word_1_753' title='bbox 2457 4875 2705 4933; x_wconf 91' lang='lat' dir='ltr'><strong>domnus</strong></span> <span class='ocrx_word' id='word_1_754' title='bbox 2753 4878 2998 4933; x_wconf 79' lang='lat' dir='ltr'><strong>Joannes</strong></span> <span class='ocrx_word' id='word_1_755' title='bbox 3049 4877 3279 4948; x_wconf 89' lang='lat' dir='ltr'><strong>Baptist.</strong></span> <span class='ocrx_word' id='word_1_756' title='bbox 3322 4875 3392 4932; x_wconf 89' lang='lat' dir='ltr'><strong>de</strong></span> <span class='ocrx_word' id='word_1_757' title='bbox 3440 4875 3652 4931; x_wconf 90' lang='lat' dir='ltr'><strong>Boulo-</strong></span> 
     </span>
    </p>
   </div>
   <div class='ocr_carea' id='block_1_112' title="bbox 1965 4963 3654 5039">
    <p class='ocr_par' dir='ltr' id='par_1_112' title="bbox 1965 4963 3654 5039">
     <span class='ocr_line' id='line_1_112' title="bbox 1965 4963 3654 5039; baseline -0.001 -19"><span class='ocrx_word' id='word_1_758' title='bbox 1965 4979 2093 5036; x_wconf 89' lang='lat' dir='ltr'><strong>gne,</strong></span> <span class='ocrx_word' id='word_1_759' title='bbox 2144 4970 2267 5021; x_wconf 91' lang='lat' dir='ltr'><strong>tum</strong></span> <span class='ocrx_word' id='word_1_760' title='bbox 2322 4963 2581 5034; x_wconf 90' lang='lat' dir='ltr'><strong>ejusdem</strong></span> <span class='ocrx_word' id='word_1_761' title='bbox 2632 4966 2902 5039; x_wconf 81' lang='lat' dir='ltr'><strong>Asceterii</strong></span> <span class='ocrx_word' id='word_1_762' title='bbox 2956 4974 3290 5038; x_wconf 89' lang='lat' dir='ltr'><strong>congregat.</strong></span> <span class='ocrx_word' id='word_1_763' title='bbox 3344 4964 3401 5021; x_wconf 91' lang='lat' dir='ltr'><strong>S.</strong></span> <span class='ocrx_word' id='word_1_764' title='bbox 3466 4964 3654 5019; x_wconf 87' lang='lat' dir='ltr'><strong>Mauri</strong></span> 
     </span>
    </p>
   </div>
   <div class='ocr_carea' id='block_1_113' title="bbox 1968 5052 3655 5125">
    <p class='ocr_par' dir='ltr' id='par_1_113' title="bbox 1968 5052 3655 5125">
     <span class='ocr_line' id='line_1_113' title="bbox 1968 5052 3655 5125; baseline 0 -17"><span class='ocrx_word' id='word_1_765' title='bbox 1968 5054 2140 5125; x_wconf 89' lang='lat' dir='ltr'><strong>prior,</strong></span> <span class='ocrx_word' id='word_1_766' title='bbox 2192 5052 2281 5107; x_wconf 88' lang='lat' dir='ltr'><strong>vir</strong></span> <span class='ocrx_word' id='word_1_767' title='bbox 2311 5053 2621 5109; x_wconf 89' lang='lat' dir='ltr'><strong>admodum</strong></span> <span class='ocrx_word' id='word_1_768' title='bbox 2653 5055 2931 5122; x_wconf 88' lang='lat' dir='ltr'><strong>eruditus,</strong></span> <span class='ocrx_word' id='word_1_769' title='bbox 2968 5071 3166 5112; x_wconf 90' lang='lat' dir='ltr'><strong>eorum</strong></span> <span class='ocrx_word' id='word_1_770' title='bbox 3228 5054 3655 5125; x_wconf 87' lang='lat' dir='ltr'><strong>chronologiam</strong></span> 
     </span>
    </p>
   </div>
   <div class='ocr_carea' id='block_1_114' title="bbox 1967 5142 3656 5213">
    <p class='ocr_par' dir='ltr' id='par_1_114' title="bbox 1967 5142 3656 5213">
     <span class='ocr_line' id='line_1_114' title="bbox 1967 5142 3656 5213; baseline 0 -14"><span class='ocrx_word' id='word_1_771' title='bbox 1967 5157 2039 5200; x_wconf 83' lang='lat' dir='ltr'><strong>ex</strong></span> <span class='ocrx_word' id='word_1_772' title='bbox 2136 5142 2336 5213; x_wconf 92' lang='lat' dir='ltr'><strong>primis</strong></span> <span class='ocrx_word' id='word_1_773' title='bbox 2421 5143 2829 5211; x_wconf 91' lang='lat' dir='ltr'><strong>monumentis,</strong></span> <span class='ocrx_word' id='word_1_774' title='bbox 2916 5145 3326 5201; x_wconf 87' lang='lat' dir='ltr'><strong>vetustioribus</strong></span> <span class='ocrx_word' id='word_1_775' title='bbox 3408 5142 3656 5211; x_wconf 90' lang='lat' dir='ltr'><strong>schedis,</strong></span> 
     </span>
    </p>
   </div>
   <div class='ocr_carea' id='block_1_115' title="bbox 1968 5227 3659 5303">
    <p class='ocr_par' dir='ltr' id='par_1_115' title="bbox 1968 5227 3659 5303">
     <span class='ocr_line' id='line_1_115' title="bbox 1968 5227 3659 5303; baseline 0.001 -17"><span class='ocrx_word' id='word_1_776' title='bbox 1968 5244 2327 5287; x_wconf 91' lang='lat' dir='ltr'><strong>summorum</strong></span> <span class='ocrx_word' id='word_1_777' title='bbox 2403 5227 2601 5299; x_wconf 89' lang='lat' dir='ltr'><strong>pontif.</strong></span> <span class='ocrx_word' id='word_1_778' title='bbox 2666 5230 2889 5300; x_wconf 88' lang='lat' dir='ltr'><strong>litteris,</strong></span> <span class='ocrx_word' id='word_1_779' title='bbox 2964 5232 3375 5302; x_wconf 90' lang='lat' dir='ltr'><strong>diplomatibus</strong></span> <span class='ocrx_word' id='word_1_780' title='bbox 3433 5246 3659 5303; x_wconf 85' lang='lat' dir='ltr'><strong>regum,</strong></span> 
     </span>
    </p>
   </div>
   <div class='ocr_carea' id='block_1_116' title="bbox 1971 5318 3666 5391">
    <p class='ocr_par' dir='ltr' id='par_1_116' title="bbox 1971 5318 3666 5391">
     <span class='ocr_line' id='line_1_116' title="bbox 1971 5318 3666 5391; baseline 0 -16"><span class='ocrx_word' id='word_1_781' title='bbox 1971 5320 2370 5391; x_wconf 89' lang='lat' dir='ltr'><strong>principumve</strong></span> <span class='ocrx_word' id='word_1_782' title='bbox 2401 5330 2448 5381; x_wconf 86' lang='lat' dir='ltr'><strong>(e</strong></span> <span class='ocrx_word' id='word_1_783' title='bbox 2474 5318 2617 5373; x_wconf 87' lang='lat' dir='ltr'><strong>laica</strong></span> <span class='ocrx_word' id='word_1_784' title='bbox 2652 5332 2827 5373; x_wconf 88' lang='lat' dir='ltr'><strong>manu</strong></span> <span class='ocrx_word' id='word_1_785' title='bbox 2878 5330 3000 5388; x_wconf 92' lang='lat' dir='ltr'><strong>post</strong></span> <span class='ocrx_word' id='word_1_786' title='bbox 3041 5336 3298 5377; x_wconf 90' lang='lat' dir='ltr'><strong>summos</strong></span> <span class='ocrx_word' id='word_1_787' title='bbox 3346 5321 3567 5378; x_wconf 92' lang='lat' dir='ltr'><strong>labores</strong></span> <span class='ocrx_word' id='word_1_788' title='bbox 3596 5334 3666 5376; x_wconf 88' lang='lat' dir='ltr'><strong>ac</strong></span> 
     </span>
    </p>
   </div>
   <div class='ocr_carea' id='block_1_117' title="bbox 1970 5406 3668 5478">
    <p class='ocr_par' dir='ltr' id='par_1_117' title="bbox 1970 5406 3668 5478">
     <span class='ocr_line' id='line_1_117' title="bbox 1970 5406 3668 5478; baseline -0.002 -13"><span class='ocrx_word' id='word_1_789' title='bbox 1970 5409 2207 5465; x_wconf 90' lang='lat' dir='ltr'><strong>sudores</strong></span> <span class='ocrx_word' id='word_1_790' title='bbox 2234 5408 2461 5478; x_wconf 89' lang='lat' dir='ltr'><strong>ereptis)</strong></span> <span class='ocrx_word' id='word_1_791' title='bbox 2508 5406 2919 5477; x_wconf 86' lang='lat' dir='ltr'><strong>amplissimam</strong></span> <span class='ocrx_word' id='word_1_792' title='bbox 2970 5409 3193 5464; x_wconf 82' lang='lat' dir='ltr'><strong>retexit.</strong></span> <span class='ocrx_word' id='word_1_793' title='bbox 3243 5410 3366 5475; x_wconf 87' lang='lat' dir='ltr'><strong>Quo</strong></span> <span class='ocrx_word' id='word_1_794' title='bbox 3394 5423 3466 5465; x_wconf 82' lang='lat' dir='ltr'><strong>ex</strong></span> <span class='ocrx_word' id='word_1_795' title='bbox 3512 5409 3668 5464; x_wconf 89' lang='lat' dir='ltr'><strong>fonto</strong></span> 
     </span>
    </p>
   </div>
   <div class='ocr_carea' id='block_1_118' title="bbox 1972 5495 3675 5567">
    <p class='ocr_par' dir='ltr' id='par_1_118' title="bbox 1972 5495 3675 5567">
     <span class='ocr_line' id='line_1_118' title="bbox 1972 5495 3675 5567; baseline -0.001 -14"><span class='ocrx_word' id='word_1_796' title='bbox 1972 5498 2028 5553; x_wconf 81' lang='lat' dir='ltr'><strong>in</strong></span> <span class='ocrx_word' id='word_1_797' title='bbox 2060 5505 2416 5553; x_wconf 88' lang='lat' dir='ltr'><strong>antecessum</strong></span> <span class='ocrx_word' id='word_1_798' title='bbox 2451 5495 2708 5567; x_wconf 87' lang='lat' dir='ltr'><strong>ejusdem</strong></span> <span class='ocrx_word' id='word_1_799' title='bbox 2756 5495 3012 5552; x_wconf 82' lang='lat' dir='ltr'><strong>Historia</strong></span> <span class='ocrx_word' id='word_1_800' title='bbox 3052 5498 3479 5565; x_wconf 90' lang='lat' dir='ltr'><strong>compendium,</strong></span> <span class='ocrx_word' id='word_1_801' title='bbox 3512 5512 3545 5552; x_wconf 85' lang='lat' dir='ltr'><strong>a</strong></span> <span class='ocrx_word' id='word_1_802' title='bbox 3580 5510 3675 5552; x_wconf 84' lang='lat' dir='ltr'><strong>no-</strong></span> 
     </span>
    </p>
   </div>
   <div class='ocr_carea' id='block_1_119' title="bbox 1976 5585 2756 5643">
    <p class='ocr_par' dir='ltr' id='par_1_119' title="bbox 1976 5585 2756 5643">
     <span class='ocr_line' id='line_1_119' title="bbox 1976 5585 2756 5643; baseline -0.001 -1"><span class='ocrx_word' id='word_1_803' title='bbox 1976 5586 2064 5643; x_wconf 92' lang='lat' dir='ltr'><strong>bis</strong></span> <span class='ocrx_word' id='word_1_804' title='bbox 2091 5586 2505 5643; x_wconf 89' lang='lat' dir='ltr'><strong>concinnatum</strong></span> <span class='ocrx_word' id='word_1_805' title='bbox 2531 5585 2756 5642; x_wconf 87' lang='lat' dir='ltr'><strong>damus.</strong></span> 
     </span>
    </p>
   </div>
  </div>
