3932 6084
1836 189 1861 224 κ

288 271 305 324 1
319 268 422 324 08⁸7

367 396 643 452 Historiae
674 392 1069 466 quviacensis
1095 393 1432 448 monasterii
1457 395 1874 466 compendium.

355 485 760 542 Monasterium
817 484 1181 538 Flaviacense
1232 483 1288 538 in
1332 484 1693 540 Belvaeensis
1721 485 1978 541 dimcesis

280 586 444 642 pago,
477 575 650 628 situm
683 586 854 640 prope
904 572 1104 640 Eptam
1155 571 1422 637 ﬂuvium,
1471 581 1719 641 tempore
1786 575 1976 643 Dago-

280 660 443 726 berti,
495 675 715 715 annum
774 661 997 714 circiter
1052 661 1174 725 650,
1224 674 1345 724 seu,
1395 660 1549 728 quod
1596 661 1796 717 volunt
1855 662 1971 727 alii,

278 749 382 800 660
437 748 774 813 condidisse,
853 748 1190 816 dotasseque
1255 755 1519 802 sanctum
1603 748 1974 805 Geremarnm

279 836 467 905 (cujus
510 837 742 891 nomine
795 846 985 905 postea
1035 836 1174 890 illud
1224 835 1560 905 insignitum
1610 837 1736 907 fuit)
1781 852 1976 893 nosces

276 938 350 979 ex
382 923 580 978 litteris
637 925 872 979 Joannis
915 924 980 988 V,
1034 924 1280 993 episcopi
1314 924 1702 992 Belvacensis;
1735 938 1866 994 quze
1895 925 1977 979 sic

279 1013 508 1068 habent.

350 1101 672 1166 «Joannes,
711 1100 1071 1155 miseratione
1121 1099 1318 1153 divina
1365 1099 1724 1155 Belvaccnsis
1761 1100 1972 1170 episco-

278 1202 405 1257 pus,
463 1189 746 1244 universis
812 1195 1115 1258 praesentes
1173 1188 1390 1242 litteras
1442 1188 1672 1253 visuris,
1708 1189 1969 1243 salutem.

276 1277 448 1332 Nobis
506 1277 696 1332 dilecti
771 1278 890 1344 ﬁlii,
959 1277 1311 1332 venerabiles
1368 1284 1423 1332 et
1473 1277 1659 1332 devoti
1707 1277 1971 1348 religiosi,

277 1365 474 1432 abbas,
507 1376 560 1420 et
617 1373 954 1431 conventus,
1013 1373 1067 1419 et
1123 1364 1340 1433 priores
1367 1365 1417 1419 ei
1463 1364 1697 1431 subditi,
1731 1365 1971 1420 devotis-

276 1454 404 1509 simi
437 1455 680 1510 cmnobii
730 1455 783 1510 S.
836 1453 1125 1509 Geremari
1168 1454 1236 1508 de
1273 1453 1556 1517 Flaviaco,
1592 1462 1800 1510 nostra
1842 1455 1976 1510 dios-

276 1543 436 1604 cesis.
483 1543 735 1598 dolentes
773 1549 1195 1612 exposuerunt;
1249 1551 1460 1597 sancta:
1506 1543 1792 1613 religionis
1838 1557 1970 1597 con-

277 1637 599 1698 temptores,
634 1632 743 1684 imo
778 1630 970 1684 verius
1005 1630 1358 1698 despectores
1408 1630 1540 1698 ipsis
1597 1631 1970 1700 exprobrare,

276 1731 446 1773 suum
496 1717 910 1773 monasterium
971 1717 1189 1787 pridem
1237 1717 1297 1773 in
1362 1719 1632 1774 honorem
1681 1719 1975 1776 Trinitatis

277 1805 648 1862 sanctissimae
702 1807 814 1862 Deo
870 1806 1145 1874 dicatum,
1214 1821 1313 1876 per
1369 1807 1801 1863 devotissimum
1862 1810 1974 1864 Deo

274 1893 646 1949 Geremarnm
684 1901 988 1961 patronum
1029 1908 1223 1960 suum,
1284 1894 1597 1964 adjuvante
1649 1895 1974 1952 beatissimo

273 1981 548 2036 Audoeno
629 1981 1069 2051 Rothomagensi
1143 1981 1586 2052 archiepiscopo,
1667 1998 1970 2054 nunquam

275 2069 583 2125 fundatum
639 2069 922 2124 exstitisse
968 2070 1037 2124 de
1085 2069 1404 2126 redditibus
1448 2071 1630 2140 ipsius
1659 2072 1969 2139 Geremari,

274 2157 373 2212 sed
421 2171 494 2213 ex
555 2157 894 2227 partialibus
949 2158 1113 2213 bonis
1142 2158 1376 2214 aliunde
1426 2161 1810 2228 venientibus,
1866 2162 1970 2215 im-

274 2248 630 2318 properando
683 2249 839 2317 ipsis,
907 2249 1144 2304 veritate
1204 2264 1318 2304 non
1375 2250 1753 2320 suiTragante,
1816 2251 1971 2320 quod

275 2337 460 2401 aiunt,
494 2336 656 2392 illum
713 2337 1106 2392 beatissimum
1147 2336 1518 2394 Geremarnm
1551 2353 1724 2394 suum
1751 2338 1972 2394 dotasse

274 2425 618 2492 cmnobium,
652 2425 951 2495 multaque
982 2425 1096 2480 alia
1117 2426 1380 2495 religiosa
1409 2427 1533 2482 loca
1562 2427 1694 2497 ipsis
1719 2427 1967 2494 subdita,

273 2527 345 2569 ex
396 2513 516 2569 suis
567 2513 1067 2583 patrimonialibus
1113 2523 1166 2570 et
1220 2515 1735 2585 paraphernalibus
1782 2516 1966 2572 bonis.

276 2601 659 2665 Quamobrem
713 2602 853 2672 quid
886 2603 942 2657 in
977 2604 1155 2658 sacris
1214 2603 1481 2669 historiis,
1536 2604 1770 2671 chartis,
1823 2605 1968 2675 regi-

275 2691 428 2756 stris,
485 2690 761 2760 librisque
819 2699 874 2746 et
916 2691 1217 2760 scripturis
1262 2691 1546 2746 veteranis
1597 2694 1823 2760 nostris,
1870 2699 1971 2748 aut

274 2778 524 2834 ecclesias
578 2786 634 2833 et
682 2792 906 2847 sponsas
963 2783 1193 2844 nostrae,
1225 2779 1293 2834 de
1327 2779 1582 2849 ipsorum
1638 2781 1973 2836 fundatione

277 2865 658 2933 inveniretur,
693 2865 971 2922 vellemus
1000 2866 1307 2933 testificari,
1347 2868 1730 2936 postularunt.

348 2972 374 3006 α
411 2955 616 3011 Notum
681 2954 923 3009 facimus
978 2969 1082 3010 nos
1137 2955 1284 3010 male
1316 2955 1650 3010 latrantium
1677 2957 1972 3026 cupientes

276 3057 378 3098 ora
409 3043 694 3106 claudere,
739 3043 1126 3098 testimonium
1171 3043 1397 3098 veritati
1441 3045 1797 3100 exsultantes
1847 3059 1972 3113 per-

275 3131 491 3197 hibere,
524 3131 908 3187 certilicamus
953 3131 1234 3186 veteranis
1265 3132 1444 3200 libris,
1486 3132 1757 3204 legendis,
1796 3133 1968 3189 char-

277 3218 346 3274 tis
394 3227 448 3274 et
490 3220 811 3289 scripturis,
863 3219 1077 3289 quibus
1127 3220 1291 3275 tidem
1332 3221 1658 3291 suspicione
1699 3236 1966 3289 vacuam,

273 3307 556 3377 nullaque
608 3315 744 3363 nota
788 3307 1311 3377 reprehensibilem,
1347 3324 1415 3364 ea
1452 3325 1583 3381 qua:
1617 3318 1966 3380 sequuntur,

274 3395 576 3451 contineri.
622 3395 894 3452 Videlicet
923 3397 1265 3452 serenissimi
1308 3398 1458 3468 regis
1495 3399 1793 3469 Dagoberti
1828 3407 1969 3454 tem-

274 3483 511 3552 poribus
557 3483 871 3554 gloriosum
920 3482 1294 3539 Geremarnm
1324 3497 1359 3538 a
1400 3485 1589 3540 sobole
1621 3487 1781 3556 rogia
1831 3500 1968 3555 pro-

272 3579 549 3636 creatum,
582 3571 849 3626 maximae
877 3572 1160 3627 exstitisse
1189 3572 1527 3640 sanctitatis,
1584 3574 1754 3643 cujus
1787 3573 1970 3630 consi-

273 3659 347 3715 lio
394 3674 556 3715 sacro
626 3660 717 3716 ille
777 3660 1134 3731 Dagobertus
1197 3675 1298 3716 rex
1367 3676 1497 3716 cum
1553 3662 1782 3718 amabili
1833 3677 1968 3732 pace

271 3762 516 3819 regnum
548 3749 914 3820 gubernavit.
950 3749 1137 3805 Voluit
1168 3758 1360 3805 autem
1402 3751 1492 3806 ille
1545 3751 1828 3821 gloriosus
1857 3753 1970 3808 Ge-

269 3850 554 3904 remarus,
593 3845 715 3894 tum
764 3852 878 3894 non
921 3838 1105 3894 solum
1168 3839 1322 3907 apud
1389 3839 1648 3894 homines
1703 3841 1966 3908 militare,

271 3923 388 3981 imo
417 3926 713 3981 mundana
750 3927 1058 3996 postposita
1109 3926 1310 3981 militia
1343 3927 1565 3997 cupivit
1595 3928 1833 3983 caelestis
1861 3927 1967 3982 mi-

272 4013 407 4069 litiae
439 4015 723 4084 particeps
783 4015 923 4081 fieri,
984 4015 1140 4070 velut
1168 4029 1355 4070 novus
1413 4023 1534 4084 tyro
1562 4017 1668 4071 sub
1700 4024 1967 4072 veterano

271 4107 326 4155 et
382 4101 697 4169 approbato
750 4102 990 4156 caelestis
1046 4101 1260 4156 militiae
1314 4111 1552 4169 rectore,
1631 4111 1684 4158 et
1727 4103 1967 4159 caelestis

273 4188 546 4258 principis
573 4189 810 4255 vicario,
845 4198 1040 4244 sancto
1095 4190 1368 4246 Audoeno
1400 4191 1835 4262 Rothomagensi
1867 4206 1967 4247 ar-

270 4275 650 4345 chiepiscopo,
685 4284 858 4346 atque
909 4277 1125 4346 przelati
1167 4277 1316 4346 regis
1360 4279 1721 4345 cancellario,
1764 4281 1964 4335 adver-

270 4378 370 4420 sus
411 4378 663 4430 carnem,
712 4365 1018 4430 mundum,
1049 4373 1103 4420 et
1146 4366 1428 4422 diemonia
1461 4366 1668 4423 bellare
1693 4368 1961 4424 decrevit.

346 4477 365 4502 ι
427 4453 605 4524 Cujus
635 4454 894 4510 Audoeni
930 4454 1048 4523 jam
1083 4455 1381 4510 sanctitate
1434 4469 1645 4525 magna
1700 4456 1960 4523 fruentis,

269 4550 502 4599 secutus
531 4544 856 4609 consilium,
907 4544 975 4599 de
1029 4543 1249 4614 praefati
1289 4545 1440 4615 regis
1470 4546 1772 4616 Dagoberti
1821 4562 1964 4602 con—

269 4646 441 4686 sensu
475 4632 806 4702 religionem
838 4632 1093 4700 intravit,
1127 4631 1183 4686 in
1221 4632 1341 4687 loco
1368 4632 1469 4702 qui
1496 4634 1708 4690 dicitur
1739 4634 1961 4690 Flavia-

267 4735 392 4785 cus,
423 4720 523 4776 ubi
555 4734 669 4775 non
704 4721 880 4776 multo
920 4728 1059 4790 post,
1089 4721 1210 4776 suis
1242 4721 1312 4776 ad
1365 4722 1671 4778 Dominum
1705 4725 1967 4780 transmi-

268 4808 446 4877 gratis
477 4807 686 4875 liberis,
730 4809 798 4864 de
833 4809 1116 4864 Clodovaei
1162 4811 1311 4880 regis
1359 4811 1610 4880 praedicti
1658 4813 1962 4882 Dagoberti

271 4896 370 4951 lilii
398 4910 700 4963 consensu,
749 4898 965 4966 pariter
1002 4904 1056 4953 et
1100 4912 1358 4964 assensu,
1402 4899 1748 4954 revelatione
1799 4915 1966 4973 ange-

269 4983 379 5039 lica
411 4985 643 5052 praevia,
705 4984 776 5038 ad
824 4984 1196 5042 sanctissime
1226 4976 1280 5041 et
1310 4987 1647 5042 beatissimze
1673 4987 1964 5044 Trinitatis

268 5070 494 5126 Iatriam
539 5079 593 5127 et
669 5073 1115 5140 venerationem,
1192 5073 1540 5142 coenobium,
1593 5076 1749 5145 quod
1808 5091 1964 5132 nunc

269 5159 417 5214 beati
451 5160 741 5216 Geremari
776 5161 1005 5228 dicitur,
1047 5175 1176 5218 cum
1227 5161 1493 5230 pluribus
1523 5163 1651 5218 aliis
1675 5164 1964 5234 religionis

267 5245 422 5308 locis,
478 5246 724 5317 propriis
782 5249 1111 5317 sumptibus
1163 5251 1514 5319 construxit;
1569 5265 1790 5306 necnon
1841 5253 1962 5308 suis

263 5334 532 5389 dominiis
578 5336 749 5395 villis.
801 5337 1019 5401 castris,
1083 5351 1150 5392 ac
1209 5338 1528 5394 redditibus
1576 5339 1812 5407 dotavit,
1854 5354 1960 5396 cu-

266 5422 425 5489 piens
451 5430 504 5477 et
533 5423 806 5478 affectans
835 5439 905 5479 ex
942 5426 1182 5481 terrenis
1229 5427 1337 5482 sibi
1367 5441 1399 5481 a
1451 5429 1556 5482 Deo
1596 5427 1764 5489 datis,
1806 5428 1960 5483 mul—

263 5509 334 5566 tis
366 5511 423 5568 in
455 5509 591 5565 locis
623 5512 808 5584 ipsum
846 5513 1148 5569 Dominum
1183 5515 1362 5570 Deum
1394 5515 1674 5576 venerari.

1311 267 1404 320 AD
1445 267 1605 322 OPP.
1653 267 1807 321 VEN.
1852 267 2184 324 GUIBERTI
2227 269 2315 322 DE
2351 268 2752 325 NOVIGENTO

3645 274 3664 325 1
3677 271 3784 326 088

2154 419 2182 445 ‹‹
2222 398 2382 454 Stetit
2407 407 2598 456 autem
2637 400 2694 454 in
2718 414 2838 456 esse
2864 407 2919 456 et
2947 407 3103 456 statu
3146 399 3447 469 praefatum
3480 399 3622 456 illud
3659 414 3782 455 mo-

2087 487 2421 556 nasterium,
2457 488 2718 544 ducentis
2752 489 2922 543 annis
2968 493 3024 545 et
3082 489 3532 559 quinquaginta,
3580 488 3667 542 vel
3717 503 3785 543 eo

2084 576 2254 631 circa.
2294 577 2497 632 Verum
2551 578 2705 646 pacis
2737 577 2972 647 iniquus
3021 579 3405 647 perturbator,
3453 587 3507 633 et
3536 577 3784 632 humani

2085 665 2308 736 generis
2333 679 2610 730 corrosor,
2648 666 2749 735 qui
2799 680 2833 720 a
2873 667 3095 735 superis
3151 667 3369 721 corruit
3426 667 3494 721 ad
3545 667 3784 731 inferos,

2083 769 2148 810 ex
2182 754 2414 810 servitio
2459 754 2554 809 illo
2587 754 2644 808 in
2679 756 3022 810 monasterio
3055 756 3339 811 celebrato
3386 756 3785 824 perturbatus,

2083 843 2314 898 nefandi
2368 842 2598 898 Rolonis
2649 857 2746 898 cor
2797 844 3151 911 subintrans,
3198 846 3609 899 monasterium
3658 843 3784 897 Fla-

2084 931 2313 986 viacum
2346 931 2603 986 funditus
2658 946 2842 1000 usque
2865 932 2935 986 ad
2967 933 3152 987 solum
3183 932 3395 987 destrui
3429 929 3785 1001 procuravit,

2082 1020 2136 1068 et
2168 1013 2445 1083 religiosis
2494 1028 2608 1068 non
2661 1015 2843 1069 multo
2900 1025 3020 1083 post
3067 1014 3370 1077 defunctis,
3396 1022 3451 1069 et
3500 1015 3786 1084 profugis,

2083 1102 2370 1157 desertum
2400 1109 2455 1157 et
2500 1101 2697 1158 incolis
2748 1117 3023 1167 vacuum,
3075 1103 3422 1171 aridumque
3482 1102 3674 1156 fructu
3732 1109 3790 1156 et

2083 1189 2478 1254 inhabitabile,
2525 1200 2752 1247 centum
2788 1200 2843 1246 et
2874 1191 3111 1257 triginta
3156 1191 3366 1245 mansit
3419 1190 3624 1258 annis;
3677 1205 3790 1244 nec

2083 1293 2118 1334 a
2149 1278 2312 1333 nobis
2359 1278 2631 1334 inventus
2659 1286 2743 1333 est
2781 1279 2880 1348 qui
2934 1280 2987 1333 in
3025 1279 3256 1348 praefata
3301 1277 3576 1334 exstiterit
3605 1277 3786 1332 deva-

2082 1367 2322 1422 statione
2352 1381 2657 1422 succursor
2684 1376 2740 1422 et
2769 1367 3116 1434 consolator;
3167 1370 3264 1436 qui
3299 1367 3546 1433 chartas,
3597 1380 3788 1435 papy-

2084 1469 2196 1520 ros,
2232 1456 2492 1524 registra,
2548 1455 2634 1510 vel
2670 1456 2844 1512 libros
2899 1456 3050 1510 illius
3081 1455 3407 1510 monasterii
3438 1469 3787 1510 conservare

2081 1543 2382 1611 cupiverit.
2420 1543 2532 1598 Nec
2585 1545 2796 1598 mirum
2855 1544 3127 1613 quoniam
3186 1545 3336 1612 apud
3381 1543 3693 1612 prmdones.
3731 1553 3788 1597 et

2085 1631 2210 1686 lidei
2245 1632 2584 1688 Christianae
2635 1632 2910 1698 inimicos,
2955 1632 3130 1686 moris
3174 1640 3297 1687 erat
3341 1631 3555 1695 usitati,
3588 1639 3644 1686 et
3674 1631 3787 1686 ad-

2014 1693 2054 1747 Β
2087 1719 2199 1774 huc
2239 1718 2441 1774 diebus
2478 1726 2665 1774 exstat
2697 1719 2752 1772 in
2783 1693 2925 1786 istis,
2976 1733 3043 1774 ea
3084 1735 3215 1789 quae
3261 1693 3649 1776 Christianam
3683 1733 3779 1774 sa-

2085 1807 2317 1878 piebant
2343 1808 2696 1878 religionem,
2733 1807 2863 1876 igne
2884 1807 3074 1863 voraci
3097 1822 3452 1863 consumere.

2155 1914 2181 1947 α
2217 1895 2322 1951 Sed
2378 1895 2516 1966 quia
2564 1895 2820 1951 misereri
2874 1895 3057 1951 voluit
3112 1899 3344 1950 Greater
3393 1895 3783 1965 omnipotens,

2084 1983 2299 2054 populi,
2332 1991 2388 2039 et
2425 1982 2817 2042 beatissimum
2876 1984 3242 2039 Geremarnm
3290 1989 3438 2037 eo:
3491 1984 3781 2038 confesso-

2083 2086 2204 2128 rem
2229 2087 2402 2128 suum
2446 2072 2501 2126 in
2551 2071 2672 2127 loco
2705 2086 2826 2127 suae
2867 2071 3186 2127 sanctitatis
3237 2073 3444 2127 iterum
3494 2073 3780 2136 venerari,

2081 2167 2329 2216 mentem
2362 2160 2794 2230 praedecessoris
2837 2161 3012 2215 nostri
3045 2160 3205 2215 bonae
3246 2161 3536 2216 memorias
3569 2161 3783 2230 Drogo-

2083 2249 2173 2304 nis
2223 2248 2578 2304 Belvacensis
2623 2247 2894 2318 episcopi,
2946 2248 3131 2319 gratia
3177 2248 3420 2317 Spiritus
3456 2249 3637 2304 sancti
3693 2252 3782 2303 in-

2079 2337 2308 2392 ebrians
2333 2337 2404 2392 ad
2444 2350 2653 2392 novam
2686 2336 2843 2391 illius
2892 2337 3220 2392 monasterii
3282 2335 3587 2406 inspiravit
3645 2352 3780 2392 con-

2082 2427 2484 2482 structionem:
2567 2424 2843 2480 ordinans
2925 2425 3011 2494 (ut
3059 2425 3237 2494 ipsius
3296 2433 3419 2480 erat
3488 2424 3780 2492 ordinare)

2082 2514 2316 2570 antelati
2349 2513 2637 2569 Geremari
2683 2513 2955 2582 przeviam
3000 2513 3354 2583 insequendo
3399 2512 3781 2577 voluntatem,

2080 2603 2221 2658 illud
2273 2601 2683 2658 monasterium
2731 2615 2765 2656 a
2811 2601 3167 2658 sanctissima
3199 2601 3475 2657 Trinitate
3519 2601 3782 2656 denomi-

2082 2691 2228 2759 nari,
2288 2690 2550 2746 addendo
2599 2691 2670 2744 ad
2716 2690 2813 2745 Dei
2861 2689 3090 2744 laudem
3132 2697 3185 2745 et
3233 2690 3410 2759 ipsius
3458 2689 3785 2745 fundatoris

2080 2779 2390 2845 Geremari,
2436 2780 2843 2834 monasterium
2894 2777 3087 2832 Sancti
3148 2779 3436 2832 Geremari
3476 2778 3780 2846 appellari.

2080 2869 2146 2923 In
2177 2867 2346 2938 cujus
2374 2867 2452 2922 rei
2495 2867 2883 2921 testimonium
2937 2865 3313 2935 praesentibus
3365 2865 3559 2920 litteris
3611 2865 3783 2936 sigil-

2081 2957 2198 3012 lum
2234 2963 2490 3012 nostrum
2515 2954 2793 3011 duximus
2823 2954 3250 3024 apponendum.

2156 3068 2175 3094 ι
2237 3046 2446 3100 Datum
2496 3059 2648 3099 anno
2706 3044 2926 3098 Domini
2973 3043 3292 3099 .millesimo
3333 3042 3782 3113 quadringente-

2078 3134 2221 3189 simo
2253 3132 2674 3203 septuagesimo
2707 3139 2928 3198 octavo,
2965 3132 3057 3187 die
3082 3132 3371 3198 Mercurii,
3408 3139 3571 3186 tertia
3615 3146 3780 3187 men-

2077 3222 2155 3278 sis
2183 3223 2362 3278 Junii.

2153 3334 2174 3360 ι
2209 3312 2285 3366 De
2334 3309 2605 3365 mandato
2652 3308 2870 3364 domini
2923 3307 3003 3363 sic
3059 3307 3371 3378 signatum,
3427 3309 3493 3364 Β.
3527 3307 3778 3377 Champ—

2077 3399 2268 3456 desus.
2299 3421 2317 3447 ι

2146 3487 2428 3544 (laterum
2459 3485 2663 3557 viginti
2698 3484 2934 3540 abbates
2962 3485 3033 3540 ab
3084 3486 3220 3554 ipsis
3265 3485 3570 3541 monaserii
3609 3485 3776 3542 ineu-

2077 3576 2304 3642 nabilis,
2338 3574 2409 3628 ad
2459 3573 2752 3630 excidium
2798 3586 2832 3627 a
2888 3573 3294 3628 Northmannis
3342 3574 3584 3640 illatum,
3624 3589 3774 3643 prte-

2077 3663 2252 3719 tuisse
2307 3670 2509 3718 notant
2547 3671 2783 3717 veterna
2835 3661 3091 3731 ejusdem
3144 3661 3250 3716 loci
3294 3670 3702 3724 monumenta;
3748 3679 3778 3717 e

2075 3751 2308 3820 quibus,
2382 3763 2604 3804 necnon
2681 3756 2735 3803 et
2787 3763 2859 3804 ex
2898 3749 3343 3815 Gontanellensi,
3399 3751 3522 3805 sive
3577 3750 3776 3804 Sancti

2075 3837 2467 3908 Vandregesili
2538 3837 2829 3899 chronico,
2901 3851 3096 3892 eorum
3158 3839 3394 3892 nomina
3441 3841 3681 3908 (paucos
3733 3841 3779 3894 si

2074 3927 2328 3997 excipias
2392 3926 2494 3996 qui
2571 3929 2895 3995 temporum
2976 3925 3190 3996 injuria
3266 3928 3542 3992 excidere)
3594 3926 3782 3983 desu-

2076 4031 2223 4071 mem
2233 4030 2316 4071 llS.

2146 4105 2375 4178 Primus
2401 4104 2580 4160 abbas
2598 4112 2830 4160 sanctus
2861 4104 3204 4159 Geremarus
3251 4103 3486 4171 exstitit,
3519 4117 3585 4159 ac
3643 4102 3781 4158 fun-

2074 4193 2239 4248 dator
2273 4192 2599 4250 monasterii
2642 4192 3044 4256 Flaviacensis,
3089 4192 3461 4247 sanctissimae
3508 4191 3780 4246 Trinitati

2004 4287 2046 4340 ι)
2078 4282 2238 4337 initio
2268 4282 2460 4337 dicati.
2514 4283 2622 4337 Res
2678 4289 2862 4350 gestas
2902 4281 3079 4335 sancti
3113 4281 3397 4335 Geremari
3429 4281 3502 4335 ab
3528 4281 3782 4349 antiquo

2073 4378 2308 4425 auctore
2337 4377 2622 4436 exaratas,
2673 4377 2727 4424 et
2757 4382 2829 4424 ex
2874 4375 3098 4424 vetusto
3146 4368 3338 4422 codice
3375 4368 3781 4437 manuscripto

2073 4457 2421 4514 Conchensis
2446 4456 2793 4516 monasterii.
2823 4470 2966 4512 cura
3005 4465 3200 4511 nostra
3235 4457 3574 4526 exscriptas,
3620 4457 3781 4513 inter

2073 4547 2464 4602 additamenta
2491 4545 2915 4602 collocavimus.

2144 4636 2242 4690 Ill.
2270 4636 2515 4692 Sanctus
2549 4633 2889 4691 Gennardus
2937 4634 3247 4705 (secundus
3283 4633 3434 4689 enim
3494 4631 3781 4689 oblivioni

2075 4724 2340 4795 traditus)
2381 4733 2580 4781 sancto
2623 4723 2906 4779 Ansberto
2937 4724 3104 4792 longe
3157 4722 3369 4776 charus
3427 4720 3563 4788 fuit;
3617 4724 3782 4779 unde

2066 4813 2238 4884 juxta
2287 4827 2496 4883 corpus
2561 4811 2818 4882 ejusdem
2879 4811 2936 4865 in
3013 4808 3435 4864 Fontanellensi
3489 4809 3779 4874 ctenobio,

2070 4903 2161 4958 cui
2195 4901 2365 4956 etiam
2397 4901 2758 4970 praesederat,
2791 4899 3088 4968 sepultura
3121 4897 3317 4951 donari
3341 4898 3623 4952 statuerit.

2142 4990 2235 5045 IV.
2269 4989 2512 5044 Sanctus
2543 4988 2837 5058 Benignus
2866 4984 3211 5040 Fontanellae
3243 4984 3584 5040 monasterio
3636 4999 3785 5054 prae-

2071 5079 2254 5134 fuerat
2315 5077 2497 5147 prius,
2547 5076 2643 5130 sed
2695 5089 2728 5129 a
2775 5073 3130 5144 Regenfredo
3177 5073 3590 5143 majoridomus
3639 5087 3781 5141 pro-

2065 5165 2252 5236 jectus
2281 5164 2337 5219 in
2383 5165 2646 5220 abbatem
2701 5163 3121 5218 Flaviacensem
3175 5177 3208 5218 a
3254 5162 3548 5217 monachis
3605 5176 3783 5218 assu-

2069 5254 2268 5309 mitur.

2141 5341 2200 5392 V.
2236 5339 2624 5405 Adebrardus,
2673 5339 3037 5410 integritatis,
3098 5337 3418 5408 prudentiae
3449 5352 3515 5393 ac
3552 5337 3778 5408 ingenii

2070 5428 2256 5498 gloria
2275 5428 2486 5492 clarus,
2511 5436 2685 5497 atque
2708 5449 2727 5475 «
2772 5427 3098 5496 imperatori
3135 5425 3423 5481 Ludovico
3442 5425 3540 5480 Pio
3563 5426 3776 5494 (codex

2069 5531 2245 5574 manu
2289 5523 2565 5572 exaratos
2629 5516 2697 5571 de
2743 5515 3127 5585 Adebrardo),
3189 5513 3390 5570 merito
3447 5514 3776 5585 prudentiae
