3932 6084
201 209 339 261 1089

1488 206 1704 262 DOMNI
1745 208 1802 262 L.
1847 207 2189 263 D’ACHERY
2231 207 2450 261 ΝΟΤᾸΞ.

3565 213 3707 265 1090

197 343 340 398 adeo
372 341 479 397 fuit
509 350 796 412 acceptus,
831 352 897 400 ut
941 343 1088 397 inter
1116 343 1242 411 ejus
1293 340 1579 410 principes
1627 341 1695 396 ad
1748 340 1905 410 pacis
1941 349 1988 400 Α
2013 340 2269 410 pecunia
2298 354 2554 409 censum,
2583 354 2698 396 non
2740 345 2804 396 ut
2857 341 3070 396 divinis
3125 341 3377 398 cultibus
3405 343 3705 400 servitium

199 432 430 502 negotia
472 433 865 500 componenda
917 440 970 487 et
1017 430 1075 485 in
1124 429 1398 494 Ecclesia,
1438 438 1492 484 et
1537 430 1591 483 in
1637 443 1812 498 regno
1845 429 1903 483 in

199 520 552 589 longinquas
579 535 762 590 usque
792 529 986 592 gentes
1015 533 1237 588 semper
1263 519 1432 573 fuerit
1459 517 1695 586 primus.
1729 539 1757 565 »

269 608 361 662 VI.
425 607 770 663 Hincmarus
824 623 896 664 ex
949 606 1230 663 monacho
1291 606 1482 660 Sancti
1545 605 1792 675 Dionysii
1845 606 1900 660 in

201 696 464 762 Francia,
527 703 590 752 ut
646 696 816 752 refert
893 695 1249 752 Flodoardus
1307 695 1450 750 libro
1513 709 1592 762 Ill,
1641 709 1765 764 cap.
1825 699 1900 749 t:

204 808 224 832 ε
264 785 434 854 Regis
493 785 707 840 ascitus
743 785 1032 855 obsequiis
1093 784 1347 854 regimen
1395 784 1723 840 monasterii
1767 787 1903 840 San-

197 881 304 930 cta
334 874 429 928 Dei
473 873 738 930 Genitrici
791 874 1004 940 Maria,
1053 880 1108 928 et
1150 873 1329 928 sancti
1387 871 1676 939 Germani,
1724 871 1901 942 regali

195 971 252 1017 et
295 962 616 1032 episcopali,
672 971 846 1032 atque
903 962 1126 1016 abbatis
1174 961 1260 1016 sui
1314 961 1589 1016 Ludovici
1644 961 1902 1031 jussione

196 1051 468 1120 suscepit.
502 1072 528 1099 »
563 1052 888 1121 Legendum
930 1064 1066 1105 vero
1097 1050 1189 1104 hic
1222 1049 1411 1105 Sancti
1441 1049 1750 1117 Geremari,
1776 1063 1905 1104 sua-

197 1139 336 1194 dent
389 1154 519 1208 qua
567 1139 762 1194 eodem
843 1139 966 1203 lib.,
1018 1152 1142 1208 cap.
1194 1137 1412 1192 decimo
1460 1145 1662 1193 octavo
1708 1137 1905 1193 scribit

199 1228 320 1298 ipse
377 1227 750 1293 Flodoardus,
799 1227 888 1282 bis
935 1227 1171 1283 verbis:
1214 1249 1233 1274 ε
1291 1228 1430 1282 Item
1490 1226 1710 1297 (scribit
1757 1226 1904 1281 Hin-

198 1318 474 1385 cmarus),
509 1330 609 1385 pro
655 1315 815 1378 cella.
881 1315 967 1371 vel
1021 1316 1364 1370 monasterio
1413 1315 1696 1382 Flaviaco,
1746 1314 1903 1385 quod

200 1405 350 1460 idem
384 1419 484 1461 rex
519 1405 644 1470 sibi,
677 1405 814 1460 dum
865 1404 920 1458 in
964 1403 1142 1473 ipsius
1171 1411 1304 1459 ante
1355 1404 1743 1473 episcopatum
1777 1418 1903 1458 mo-

196 1501 429 1549 raretur
459 1493 710 1556 servitio,
744 1494 1094 1562 donaverat;
1125 1502 1179 1547 et
1231 1499 1292 1548 ut
1324 1493 1379 1547 in
1437 1494 1559 1548 vita
1615 1507 1721 1548 sua
1762 1491 1900 1547 illud

195 1589 433 1650 teneret,
470 1589 748 1651 pracepto
778 1581 1248 1650 contirmaverat;
1284 1581 1556 1650 quodque
1585 1595 1619 1635 a
1650 1581 1898 1651 quodam

195 1670 461 1725 invasore
492 1670 846 1725 destructum
878 1677 1254 1734 restruxerat,
1280 1676 1333 1724 et
1366 1669 1698 1738 religionem
1731 1670 1902 1738 prout
1942 1644 1981 1698 Β

197 1758 404 1829 potuit,
459 1758 515 1813 in
566 1773 634 1814 eo
685 1765 1129 1823 restauraverat,
1179 1779 1198 1804 ι
1247 1765 1354 1811 etc.
1410 1757 1584 1812 Plura
1639 1757 1708 1812 de
1758 1759 1902 1810 Hin-

194 1861 392 1902 cmaro
414 1846 678 1902 Remensi
705 1845 1130 1915 archiepiscopo
1161 1845 1409 1899 scribere
1438 1844 1898 1913 supersedemus,

194 1932 411 2001 quippe
491 1931 715 1986 notiora
779 1938 832 1985 et
890 1929 1201 1984 celebriora
1290 1936 1424 1983 sunt
1481 1927 1658 1997 ipsius
1730 1929 1899 1994 facta,

191 2018 523 2087 scriptaque
556 2017 800 2086 (duobus
829 2015 1226 2071 voluminibus
1261 2016 1694 2085 comprehensa)
1726 2029 1902 2085 quam

198 2114 265 2162 ut
293 2121 362 2161 ea
391 2107 657 2162 detexere
680 2106 1012 2161 debeamus.

267 2195 383 2249 νυ.
429 2194 545 2250 Odo
577 2209 648 2250 ex
679 2194 889 2249 abbate
921 2192 1244 2248 Corbeiensi
1279 2194 1335 2248 in
1369 2193 1646 2260 Picardia,
1677 2192 1902 2262 episco-

199 2297 319 2366 pus
342 2283 718 2349 Belvacensis,
781 2281 1193 2337 monasterium
1245 2281 1630 2348 Flaviacense,
1668 2290 1722 2337 et
1757 2281 1900 2337 alte-

196 2385 330 2426 rum
356 2371 716 2437 Nonnarum,
754 2380 1071 2440 utrumque
1119 2371 1236 2425 solo
1281 2384 1454 2439 prope
1508 2371 1899 2440 adaquatum,

189 2459 314 2529 juri
343 2459 652 2528 episcopali
690 2459 898 2524 addici,
933 2467 1224 2528 quatenus
1255 2473 1284 2514 e
1309 2459 1453 2513 laica
1509 2473 1685 2514 manu
1715 2460 1901 2528 eripe-

195 2554 378 2614 retur,
410 2562 647 2616 suaque
679 2547 884 2616 inopia
910 2547 1339 2614 subveniretur,
1376 2547 1450 2602 ab
1481 2562 1612 2618 rege
1649 2549 1903 2604 Franco-

195 2649 330 2691 rum
363 2635 632 2704 primum,
668 2635 870 2691 deinde
897 2650 929 2690 a
980 2635 1214 2691 Nicolao
1245 2637 1445 2704 primo,
1500 2650 1670 2706 papa,
1718 2636 1899 2706 impe-

197 2723 390 2779 travit.
432 2745 452 2771 ι
497 2723 579 2777 Eo
611 2731 802 2778 autem
833 2724 1032 2779 ordine
1063 2724 1190 2794 (fert
1224 2723 1473 2792 diploma
1501 2738 1730 2779 summa
1760 2737 1900 2793 pon-

198 2812 388 2881 tificis)
423 2819 484 2867 ut
515 2812 583 2867 de
617 2812 789 2867 rebus
816 2813 1074 2882 ejusdem
1132 2813 1460 2868 monasterii
1492 2812 1728 2879 collatis,
1781 2813 1903 2869 sive

196 2898 578 2967 conferendis,
612 2901 879 2955 Ecclesia
911 2900 1266 2956 Belvacensis
1295 2901 1730 2957 necessitatibus
1757 2903 1897 2958 sub-
1940 2941 1980 2996 ο

197 2988 490 3054 veniatur,
522 2996 694 3057 prout
733 2989 1006 3044 voluntas
1057 2997 1112 3044 et
1137 2988 1425 3059 judicium
1477 2989 1746 3059 episcopi,
1800 2991 1899 3060 qui

205 3075 497 3146 praefuerit
524 3076 706 3132 eidem
742 3076 1008 3132 Ecclesia
1061 3078 1408 3147 decreverit;
1449 3085 1508 3133 et
1557 3079 1903 3134 monasteria

195 3163 342 3234 ipsa,
376 3179 478 3220 nec
511 3164 565 3218 in
609 3165 862 3220 adiﬁciis
892 3166 1212 3231 domorum,
1240 3168 1360 3228 inec
1395 3167 1451 3220 in
1489 3167 1902 3223 restauratione

198 3253 592 3320 ecclesiarum,
627 3268 729 3308 nec
780 3254 836 3308 in
869 3254 1306 3309 necessitatibus
1335 3254 1448 3309 Deo
1498 3253 1612 3309 illic
1640 3255 1901 3310 servien-
1944 3302 1949 3307 .

199 3340 347 3396 tium
379 3341 634 3396 subsidia
653 3341 1097 3411 defraudentur;
1129 3342 1220 3397 sed
1257 3342 1337 3396 ita
1364 3355 1557 3396 rerum
1609 3341 1900 3411 dispositio

199 3430 298 3484 fiat
327 3430 400 3485 ab
427 3430 688 3500 episcopo
720 3429 1082 3485 Belvacencis
1121 3429 1408 3495 Ecclesia,
1443 3437 1504 3485 ut
1532 3439 1585 3485 et
1627 3431 1748 3499 ipsa
1777 3445 1897 3486 mo-

197 3517 450 3573 nasteria
488 3520 658 3589 juxta
715 3517 948 3573 modum
1000 3517 1337 3572 facultatum
1389 3517 1507 3586 [sibi
1561 3517 1898 3571 collatarum

198 3615 614 3671 restaurentur,
650 3613 704 3660 et
754 3613 1191 3671 conserventur,
1243 3613 1297 3660 et
1342 3604 1455 3660 illic
1501 3605 1611 3660 Deo
1644 3604 1902 3658 militan-

197 3694 343 3749 tium
376 3693 648 3749 subsidiis
675 3693 1046 3763 adjuventur,
1076 3701 1366 3762 quatenus
1396 3694 1517 3748 loca
1548 3693 1662 3748 Deo
1691 3691 1898 3759 dicata,

193 3789 251 3836 et
284 3796 373 3837 res
423 3781 534 3836 illis
589 3782 841 3837 ecclesiis
887 3781 1106 3837 collata
1145 3781 1221 3836 ibi
1290 3781 1649 3851 potissimum
1705 3781 1901 3836 deser-

198 3869 376 3938 viant,
413 3869 513 3925 ubi
545 3871 656 3924 Deo
705 3870 956 3926 fidelium
1005 3869 1319 3925 oblationes
1364 3885 1485 3925 esse
1526 3869 1744 3926 collata
1793 3884 1902 3924 no-

196 3967 440 4014 scuntur
473 3973 486 4012 :
517 3959 655 4028 quia
686 3973 790 4014 nec
815 3958 992 4027 pium,
1027 3972 1130 4013 nec
1167 3958 1390 4028 justum
1436 3973 1555 4014 esse
1603 3956 1902 4026 cognosci-

199 4054 316 4111 tur,
349 4055 416 4102 ut
447 4047 697 4102 ecclesia
751 4047 1001 4115 prafata
1050 4047 1128 4102 ita
1158 4046 1278 4102 suis
1335 4046 1508 4102 rebus
1563 4046 1898 4116 spolientur,

200 4142 256 4190 et
306 4135 544 4191 alterius
602 4135 852 4191 ecclesia
934 4136 1370 4192 necessitatibus
1433 4136 1778 4196 deserviant.
1839 4141 1903 4190 ut

2013 429 2396 497 impendatur,
2439 430 2537 484 sed
2571 437 2632 484 ut
2661 429 2782 485 suis
2815 429 3035 496 usibus,
3068 431 3138 484 ad
3167 430 3572 488 dominationis
3605 447 3707 489 vo—

2015 525 2134 572 tum
2159 517 2538 582 deserviatur,
2569 525 2676 573 etc.

2086 625 2107 651 »
2146 607 2349 660 Datum
2399 613 2484 660 est
2533 606 2588 660 id
2647 606 2932 677 privilegii
2994 620 3131 662 ann.
3173 622 3209 662 v
3254 607 3474 677 imperii
3524 609 3709 665 Ludo-

2009 693 2122 749 vici
2161 694 2231 762 ΙΙ,
2265 694 2474 750 Christi
2507 708 2642 750 vero
2672 697 2790 749 860.
2828 715 2847 742 ι

2080 783 2226 838 VIII.
2298 783 2602 854 Ansigisus
2673 785 2761 838 vir
2817 783 3105 852 religione,
3167 783 3426 839 doctrina
3480 800 3710 856 usuque

2009 885 2204 927 rerum
2246 881 2542 940 praestans,
2578 873 2833 927 humana
2873 873 3135 942 deposuit
3171 886 3324 928 anno
3354 875 3477 928 882.

2079 966 2232 1014 603
2293 960 2566 1016 Pluribus
2629 970 2750 1029 post
2789 961 2976 1026 annis,
3031 975 3231 1029 nempe
3285 963 3435 1017 circa
3489 977 3708 1018 annum

2007 1049 2134 1115 900,
2186 1062 2401 1118 susque
2449 1051 2636 1119 deque
2691 1065 2956 1105 eversum
3004 1059 3085 1105 est
3127 1051 3229 1106 abs
3274 1051 3706 1107 Nortbmannis.

2009 1135 2182 1190 Sacra
2211 1144 2400 1191 autem
2435 1136 2586 1192 beati
2637 1137 2926 1192 Geremari
2973 1151 3100 1192 ossa
3134 1137 3431 1204 translata,
3485 1153 3552 1194 ac
3588 1139 3708 1194 col-

2009 1223 2194 1279 locata
2231 1223 2291 1279 in
2361 1225 2601 1280 ecclesia
2655 1225 3003 1292 Belvacensi,
3061 1225 3160 1282 ubi
3206 1226 3372 1282 hodie
3414 1227 3707 1284 visuntur.

2079 1314 2152 1368 At
2201 1327 2353 1368 anno
2433 1315 2568 1367 1030
2644 1322 2874 1370 strenue
2924 1314 3054 1383 pius
3105 1314 3278 1383 juxta
3319 1329 3386 1370 ac
3461 1315 3712 1384 prudens

2011 1401 2186 1456 Croco
2235 1402 2668 1458 Belvacensium
2726 1403 3030 1471 episcopus
3087 1404 3160 1458 ad
3213 1404 3707 1470 instaurationem,

2009 1503 2111 1544 seu
2175 1490 2367 1545 verius
2417 1489 2946 1556 exadificationem,
3005 1490 3263 1544 animum
3325 1491 3576 1560 appellit,
3633 1492 3712 1548 ita

2013 1576 2253 1633 feliciter
2295 1585 2350 1633 et
2397 1576 2722 1648 magniﬁce,
2765 1586 2830 1632 ut
2906 1577 3060 1632 brevi
3127 1578 3421 1632 ecclesiam
3469 1587 3524 1634 et
3575 1580 3711 1634 uni-

2011 1680 2178 1721 versa
2205 1667 2335 1722 vita
2365 1664 2693 1722 monastica
2742 1666 3041 1721 commoda
3080 1665 3324 1722 aedilicia
3378 1667 3710 1736 perfecerit;

2011 1769 2126 1823 quo
2157 1769 2273 1809 non
2308 1763 2532 1810 tantum
2569 1763 2823 1809 vetustas
2861 1755 3029 1815 ades.
3063 1754 3158 1808 sed
3189 1754 3357 1808 etiam
3391 1755 3714 1824 pracipuas

2011 1841 2206 1898 Gallia
2236 1851 2354 1898 tum
2389 1842 2787 1912 amplitudine,
2820 1850 2940 1896 tum
2971 1841 3257 1912 elegantia
3287 1850 3602 1912 superaret.

2082 1929 2417 1986 Constructo
2467 1931 2659 2001 itaque
2717 1937 2771 1984 et
2832 1930 3111 1984 instructo
3169 1931 3494 1986 monasticis
3540 1931 3714 1987 rebus

2010 2026 2066 2073 et
2102 2033 2266 2074 sacra
2309 2019 2644 2087 supellectili
2682 2019 2958 2083 canobio,
2998 2033 3099 2073 nec
3138 2033 3249 2072 non
3293 2019 3538 2088 pradiis,
3582 2035 3714 2090 qua

2012 2108 2334 2178 antiquitus
2363 2108 2726 2176 possederant
2778 2107 3096 2172 canobita,
3143 2107 3396 2172 redditis,
3466 2107 3714 2164 accersi—

2011 2197 2096 2252 vit
2143 2213 2173 2251 e
2231 2197 2574 2251 monasterio
2660 2195 2849 2250 Sancti
2897 2195 3085 2250 Mauri
3146 2194 3462 2250 Fossatensi
3511 2209 3711 2251 mona-

2011 2286 2169 2351 chos,
2219 2283 2436 2354 quibus
2484 2283 2864 2338 Guntherium
2912 2282 3176 2352 prafecit.
3234 2286 3312 2337 Ac
3373 2284 3600 2338 tandem
3649 2291 3714 2340 ut

2011 2386 2176 2428 sacra
2246 2371 2687 2427 restituerentur
2749 2370 2932 2426 sancti
2997 2369 3288 2426 Geremari
3364 2385 3511 2438 ossa,
3585 2372 3714 2427 totis

2011 2461 2234 2518 viribus
2277 2460 2474 2516 enisus
2514 2467 2617 2526 est,
2667 2459 2764 2514 sed
2799 2459 3034 2525 frustra,
3081 2459 3447 2528 reclamante,
3496 2474 3712 2529 prape-

2012 2550 2318 2618 dienteque
2349 2548 2579 2618 populo.

2083 2637 2183 2692 1X.
2246 2635 2557 2691 Gunterius
2610 2649 2683 2690 ex
2731 2635 3008 2690 monacho
3067 2634 3403 2702 Fossatensi,
3459 2635 3712 2692 ascetica

2011 2726 2143 2780 vita
2173 2737 2377 2778 norma
2422 2723 2764 2792 postliminio
2814 2732 3076 2778 revocata
3108 2723 3162 2778 in
3199 2723 3382 2778 sancti
3423 2721 3712 2779 Geremari

2011 2812 2286 2879 canobio,
2340 2826 2611 2883 magnam
2683 2811 2788 2866 sibi
2862 2811 3144 2867 virtutum
3198 2826 3265 2867 ac
3337 2812 3709 2868 scientiarum

2012 2901 2240 2957 laudem
2291 2900 2431 2954 inibi
2488 2899 2732 2970 collegit,
2786 2898 2926 2954 adeo
2975 2907 3036 2954 ut
3084 2900 3408 2969 prastantis
3451 2900 3711 2969 discipli-

2012 3005 2101 3046 na
2153 2989 2393 3059 pernioti
2444 2989 2616 3054 fama,
2667 2988 2837 3043 etiam
2904 2989 3102 3054 exteri,
3158 2988 3367 3043 saculo
3425 2987 3705 3057 abdicato,

2008 3093 2128 3135 sese
2158 3076 2334 3147 ipsius
2380 3077 2708 3147 magisterio
2753 3076 3109 3132 subderent:
3146 3077 3290 3146 quin
3337 3084 3391 3132 et
3441 3077 3710 3132 mulieres

2009 3166 2323 3232 nonnulla,
2357 3167 2552 3221 eodem
2587 3173 2779 3235 postea
2823 3165 2994 3220 odore
3018 3165 3251 3230 allecta,
3287 3165 3345 3221 in
3393 3165 3705 3235 adjacenti-

2008 3255 2116 3309 bus
2161 3253 2410 3309 ecclesia
2475 3253 2732 3309 adiculis
2777 3261 3231 3322 commanerent;
3296 3267 3502 3323 nempe
3549 3267 3710 3308 soror

2009 3341 2230 3412 Sugerii
2269 3341 2502 3413 prioris,
2558 3346 2738 3396 mater
2792 3341 3044 3397 Guiberti
3103 3342 3327 3396 abbatis
3382 3341 3706 3412 Novigenti,

2011 3429 2410 3500 Leodegardis.
2463 3430 2541 3484 De
2589 3430 2804 3499 quibus
2863 3429 3008 3483 idem
3075 3429 3387 3484 Guibertus
3445 3429 3592 3484 llD.l
3639 3429 3710 3484 de

2009 3517 2140 3572 Vita
2173 3532 2297 3573 sua.
2333 3519 2588 3586 Itemque
2626 3517 3036 3586 posterioribus
3079 3517 3301 3572 saculis
3350 3516 3598 3572 Albreda
3639 3517 3709 3571 de

2009 3605 2062 3660 S.
2097 3605 2248 3661 Ouin
2299 3619 2598 3666 conversa.
2661 3619 2807 3660 uxor
2863 3604 3150 3660 Guillelmi
3209 3605 3278 3660 de
3333 3604 3707 3673 Henouville;

2009 3708 2160 3750 uxor
2204 3693 2426 3748 Girardi
2469 3695 2537 3748 de
2583 3693 2914 3759 Hanuoiles,
2957 3702 3011 3748 et
3054 3693 3180 3748 alia
3227 3693 3707 3763 quamplurima;

2009 3797 2140 3853 qua
2165 3781 2501 3837 contraditis
2543 3781 2681 3836 inibi
2714 3782 2835 3836 suis
2866 3782 3089 3850 opibus,
3122 3781 3450 3837 monasterii
3495 3782 3708 3850 stipen-

2008 3870 2135 3936 diis,
2167 3884 2271 3926 seu
2303 3878 2367 3926 ut
2405 3869 2649 3924 codicilli
2693 3869 3034 3938 loquuntur,
3085 3869 3426 3939 prabendis,
3481 3861 3710 3925 nomine

2009 3973 2296 4025 conversa
2326 3973 2393 4013 ac
2451 3958 2679 4024 sororis,
2731 3957 3252 4013 sanctimonialium
3287 3958 3489 4013 habitu
3540 3958 3708 4028 dege-

2011 4047 2168 4102 bant.
2199 4046 2595 4102 Edicularum
2630 4047 2684 4100 in
2716 4046 3057 4101 hodiernum
3110 4061 3296 4116 usque
3339 4047 3489 4102 diem
3535 4045 3710 4102 vesti-

2011 4135 2103 4205 gia
2129 4143 2374 4190 exstant.

199 4237 403 4279 earum
439 4223 600 4280 nulla
634 4238 870 4294 prorsus
916 4239 1057 4280 cura
1099 4225 1364 4280 videatur
1422 4223 1690 4294 impendi.
1743 4223 1904 4280 Unde
1942 4235 1984 4289 1)
2082 4223 2232 4280 Obiit
2262 4223 2576 4280 Gunterius
2625 4223 2820 4279 Idibus
2873 4223 3082 4292 Martii,
3131 4239 3284 4280 anno
3310 4225 3517 4281 Christi
3551 4225 3707 4290 1058,

200 4311 478 4368 sollicitus
535 4313 722 4368 videat
763 4313 1060 4382 episcopus
1091 4313 1520 4379 Bellovacensis,
1557 4321 1620 4368 ut
1675 4312 1797 4366 sive
1829 4311 1898 4367 de

200 4401 427 4456 feminis
456 4402 566 4456 illis
597 4402 709 4456 Deo
739 4402 1212 4468 deservientibus,
1246 4401 1364 4456 sive
1393 4403 1462 4457 de
1491 4401 1898 4471 cujuscunque

199 4490 416 4546 ordinis
470 4490 628 4556 viris,
684 4490 805 4544 sive
847 4490 916 4544 de
955 4489 1430 4545 monasteriorum
1481 4489 1897 4545 restauratione

197 4588 254 4632 et
279 4578 727 4642 conservatione,
760 4591 883 4632 eam
915 4591 1114 4633 curam
1155 4577 1448 4646 suscipiat,
1504 4587 1792 4646 quatenus
1842 4583 1898 4632 et

197 4663 409 4720 divina
457 4665 651 4721 domui
696 4666 930 4736 dignam
1010 4667 1219 4720 habere
1267 4665 1375 4720 sibi
1433 4665 1896 4735 procurationem

197 4752 468 4821 gaudeat,
499 4760 554 4807 et
600 4752 719 4821 ipse
768 4752 870 4820 qui
903 4751 1197 4820 prafuerit
1226 4760 1430 4818 rector,
1463 4766 1728 4821 superna
1757 4766 1897 4807 cen-

197 4853 348 4896 sura
382 4840 672 4909 judicium
717 4847 949 4910 propter
998 4839 1405 4910 negligentiam
1446 4855 1560 4894 non
1614 4841 1893 4896 incurrat.

196 4929 260 4982 In
292 4928 659 4984 sacularium
716 4942 852 4984 vero
892 4943 1106 4985 munus
1154 4936 1327 4998 atque
1389 4935 1738 4998 potestatem,
1774 4928 1897 4997 ipsa

194 5016 541 5073 monasteria
569 5016 732 5071 nulla
773 5017 1038 5086 deinceps
1069 5016 1288 5072 ratione
1315 5016 1402 5070 vel
1434 5015 1726 5071 occasione
1762 5030 1896 5085 per-

195 5104 461 5172 veniant;
491 5104 630 5175 quia
660 5114 894 5167 non,est
925 5106 1046 5161 leve
1076 5113 1207 5161 ante
1235 5105 1429 5161 oculos
1486 5105 1697 5159 summi
1747 5104 1898 5174 judi-

196 5194 275 5248 cis
306 5193 610 5249 discrimen
645 5193 923 5264 religiosis
980 5195 1132 5262 locis,
1163 5203 1217 5250 et
1248 5193 1609 5250 monasteriis
1653 5194 1765 5248 Deo
1805 5193 1897 5248 di-

198 5281 362 5348 catis,
392 5281 725 5337 sacularem
767 5284 1053 5351 praticere
1084 5291 1438 5352 potestatem,
1469 5289 1522 5337 et
1553 5281 1604 5336 ei
1662 5289 1896 5336 contra-

196 5370 326 5425 dere
371 5369 672 5439 pastoralis
719 5385 874 5426 cura
931 5370 1390 5434 sollicitudinem,
1451 5370 1574 5440 qui,
1635 5369 1776 5440 quid
1825 5369 1898 5424 sit

198 5466 409 5528 pastor,
452 5457 678 5527 ignorat
731 5473 835 5513 nec
884 5457 1091 5529 quarit
1132 5459 1357 5514 lucrum
1414 5458 1765 5525 animarum,
1799 5457 1896 5513 sed

2006 4319 2060 4368 et
2092 4312 2604 4367 administrationis
2635 4313 2720 4366 22.

2077 4401 2148 4455 X.
2178 4400 2490 4456 Garnerius
2521 4400 2797 4456 Gunterio
2851 4400 3154 4470 successit;
3189 4401 3279 4456 vir
3335 4401 3538 4471 utique
3569 4415 3707 4470 pro-

2006 4488 2198 4554 bitate,
2242 4489 2522 4555 doctrina,
2573 4489 3013 4544 administrandi
3063 4489 3369 4558 prudentia
3416 4488 3704 4560 insignis:

2005 4575 2108 4646 qui
2146 4575 2504 4644 disciplinam
2547 4577 2868 4646 regularem
2904 4578 3044 4632 mire
3093 4577 3420 4644 illustravit,
3467 4578 3708 4634 adauxit

2006 4679 2096 4720 res
2116 4665 2464 4720 monasterii.
2497 4665 2576 4718 Eo
2610 4680 2843 4734 quoque
2876 4666 3213 4734 prasidente
3243 4667 3569 4735 complures
3607 4680 3706 4721 ec-

2005 4752 2208 4819 clesia,
2269 4765 2372 4807 seu
2417 4751 2722 4820 prioratus,
2776 4751 3018 4805 Faviaco
3057 4752 3480 4821 conferuntur;
3543 4752 3707 4821 queis

2003 4839 2256 4896 colonias
2328 4838 2764 4905 monachorum,
2853 4839 2955 4908 qui
3019 4840 3346 4895 orationum
3412 4840 3701 4907 subsidiis,

2003 4929 2299 4998 verboque
2344 4935 2399 4983 et
2454 4927 2720 4996 exemplo
2779 4927 3057 4996 populum
3112 4936 3432 4995 tuerentur,
3510 4929 3704 4985 erudi-

2006 5025 2268 5087 rentque,
2321 5016 2633 5072 Garnerius
2695 5016 2872 5071 abbas
2937 5016 3175 5070 addixit.
3218 5019 3448 5073 Constat
3508 5017 3564 5071 id
3614 5031 3707 5085 po-

2005 5106 2290 5162 tissimum
2363 5119 2435 5160 ex
2493 5105 2821 5160 narratione
2891 5103 3246 5159 fundationis
3303 5105 3592 5174 prioratus
3644 5105 3700 5159 S.

2003 5192 2260 5261 Sepulcri
2293 5192 2361 5246 de
2414 5191 2742 5258 Villaribus,
2778 5204 2812 5244 a
2849 5190 3200 5246 nobilissimo
3246 5193 3452 5248 comite
3480 5193 3704 5257 .Belva-

2005 5281 2158 5336 censi
2214 5279 2547 5335 Lanscelino
2593 5278 2829 5347 conditi,
2859 5286 2913 5334 et
2950 5279 3210 5335 eamdem
3263 5294 3366 5336 nos
3421 5281 3699 5343 chartam,

2008 5376 2204 5438 utpote
2230 5382 2516 5423 summam
2550 5368 2791 5438 hujusce
2843 5368 3066 5424 comitis
3113 5368 3380 5438 pietatem
3442 5369 3700 5426 redolen-

2009 5464 2144 5523 tem,
2168 5457 2539 5513 internectere
2569 5456 2830 5512 delectat.
