3922 6080
219 185 352 240 1091

1250 178 1341 236 AD
1382 177 1534 236 OPP.
1578 177 1733 236 VEN.
1776 177 2110 236 GUIBERTI
2156 177 2240 233 DE
2280 176 2679 233 NOVIGENTO

3597 176 3767 229 1092

302 339 323 366 ι
368 317 429 371 In
461 314 691 370 nomine
711 320 921 368 sanctae
948 320 1004 367 et
1037 310 1347 366 individuae
1377 311 1690 366 Trinitatis.
1723 314 1896 366 Amen
1959 316 2005 367 Α
2031 323 2209 381 gnum
2241 308 2559 379 Anglorum
2602 306 2902 363 Guillelmo
2931 306 3283 363 nobilissimo
3316 320 3447 378 rege
3475 308 3765 363 admini-

225 404 510 461 Omnibus
559 414 713 472 aqua
759 409 812 456 et
856 399 1072 469 Spiritu
1139 407 1336 454 sancto
1394 402 1627 462 renatis,
1691 406 1923 469 gratum

225 493 346 550 fore
375 492 626 549 decrevit
654 489 905 546 charitas
945 496 1158 556 nostra,
1209 487 1257 543 si
1306 488 1622 544 litterarum
1666 487 1925 557 apicibus

229 589 594 648 annotamus,
640 577 888 648 qualiter
918 592 951 632 a
1002 577 1351 647 quibusdam
1389 575 1642 646 personis
1690 574 1923 630 ecclesia.

229 678 438 736 nostra,
472 667 790 724 auxiliante
837 666 1095 731 Domino,
1140 664 1309 720 fuerit
1341 664 1600 719 fundata.
1650 664 1927 718 Lansccli-

227 773 340 813 nus
408 757 613 823 senior,
683 754 952 811 Fulconis
1024 753 1380 809 Belvacensis
1444 753 1613 819 filius,
1674 760 1923 807 strenuae

226 844 541 901 nobilitatis
595 842 706 909 vir,
765 849 819 896 et
857 842 1175 896 secundum
1230 840 1407 911 hujus
1455 839 1647 895 saeculi
1714 839 1923 895 fastum

226 946 453 1004 magnae
483 931 746 1001 potentiae
788 928 941 985 fuit:
985 929 1109 998 iste,
1167 935 1229 983 ut
1280 928 1360 983 rei
1407 927 1599 983 exitus
1641 927 1919 997 probavit,

227 1030 376 1079 nutu
402 1029 458 1078 et
500 1021 798 1076 voluntate
834 1019 931 1075 Dei
979 1019 1315 1086 Jerusalem,
1346 1025 1402 1074 et
1455 1031 1621 1073 sacra
1651 1019 1790 1085 loca,
1826 1018 1923 1073 ubi

230 1111 504 1166 Dominus
547 1116 739 1164 noster
789 1110 954 1165 .lesus
987 1107 1268 1175 Christus,
1318 1114 1509 1174 natus,
1577 1107 1674 1163 ubi
1731 1107 1925 1163 cruci-

227 1197 401 1266 ﬁxus,
432 1204 487 1253 et
528 1196 856 1266 sepulcrum
899 1196 954 1251 in
1002 1210 1120 1267 quo
1161 1196 1379 1266 positus
1432 1195 1559 1264 fuit,
1614 1195 1809 1252 multis
1865 1196 1923 1251 in

228 1286 337 1342 hac
386 1286 680 1355 provincia
708 1298 900 1339 secum
957 1283 1268 1339 comitatus
1295 1282 1436 1338 adiit
1466 1300 1479 1338 :
1513 1283 1625 1338 illis
1662 1284 1925 1339 videlicet

227 1373 601 1443 temporibus,
652 1373 867 1443 quibus
915 1372 1111 1429 nullus
1145 1372 1454 1428 Christiani
1515 1372 1762 1429 nominis
1789 1388 1922 1428 con-

227 1462 424 1527 fessor,
482 1461 594 1517 nisi
652 1460 874 1525 furtim,
924 1469 1047 1528 aut,
1092 1469 1155 1516 ut
1187 1461 1267 1517 ita
1313 1461 1523 1527 dicam,
1564 1461 1925 1532 tapinacione

226 1558 454 1621 propter
524 1549 918 1605 obsistentium
999 1563 1357 1620 paganorum
1435 1548 1720 1616 timorem,
1786 1547 1924 1604 illuc

225 1653 460 1710 pergere
520 1652 699 1694 ausus
759 1645 911 1708 erat;
967 1637 1067 1707 qui
1117 1638 1301 1693 multa
1355 1646 1470 1693 tam
1533 1652 1635 1706 per
1687 1647 1919 1704 terram,

226 1740 405 1797 quam
463 1740 563 1796 per
603 1739 779 1790 mare,
829 1739 1035 1795 passus
1078 1725 1350 1794 pericula,
1404 1725 1475 1780 ad
1510 1725 1775 1781 ultimum
1820 1740 1923 1780 suo

226 1815 440 1885 potitus
487 1815 784 1881 desiderio,
833 1814 1090 1884 satisque
1144 1813 1438 1869 humiliter
1491 1814 1745 1881 adorato,
1791 1827 1922 1868 cum

225 1902 347 1958 suis
375 1903 647 1958 omnibus
672 1902 729 1957 in
759 1902 999 1957 Galliam
1045 1901 1358 1972 repedavit.
1387 1903 1696 1958 Transacto
1732 1911 1923 1959 autem

222 2006 340 2047 non
401 1991 571 2062 longo
626 1998 898 2061 tempore,
952 1990 1132 2060 pietas
1185 1991 1494 2047 conditoris
1558 1991 1755 2058 nostri,
1822 1989 1921 2060 qui

229 2100 252 2128 ι
303 2092 502 2134 omnes
556 2080 683 2135 vult
726 2078 915 2134 salvos
976 2078 1117 2146 ﬁeri,
1172 2086 1227 2135 et
1292 2080 1363 2135 ad
1416 2079 1768 2150 agnitionem
1835 2078 1922 2135 sui

225 2168 478 2224 nominis
510 2167 706 2223 venire
738 2168 798 2235 (Ι
846 2166 989 2222 Tim.
1036 2183 1094 2236 ιι,
1128 2166 1202 2237 4),
1239 2189 1258 2215 ι
1308 2168 1461 2223 misit
1518 2169 1571 2223 in
1632 2182 1730 2224 cor
1778 2169 1924 2238 ejus,

224 2263 516 2327 quatenus
585 2256 644 2311 in
709 2256 982 2311 honorem
1031 2256 1212 2311 sancti
1277 2256 1524 2325 sepulcri
1564 2257 1633 2312 de
1679 2256 1926 2326 propriis

224 2345 599 2401 facultatibus
646 2344 943 2401 ecclesiam
1003 2352 1270 2411 strueret,
1327 2345 1755 2415 monachosque
1812 2345 1926 2400 ibi-

223 2433 350 2490 dem
404 2433 475 2489 ad
534 2433 632 2488 Dei
692 2433 995 2489 servitium
1050 2433 1140 2488 die
1184 2441 1477 2503 noctuque
1531 2434 1924 2505 peragendum

222 2522 608 2578 constitueret.
666 2521 979 2577 Consilium
1034 2536 1184 2589 vero,
1233 2521 1705 2593 voluntatemque
1751 2523 1929 2594 hujus

221 2610 325 2677 rei,
354 2610 520 2666 uxori
561 2624 681 2666 suae
726 2618 781 2666 et
828 2610 960 2665 filiis
1006 2610 1128 2665 suis
1175 2624 1281 2665 nec
1321 2624 1442 2665 non
1487 2617 1542 2667 et
1595 2610 1927 2668 hominibus

222 2698 467 2769 propriis
539 2698 820 2767 aperiens,
876 2711 1073 2753 omnes
1132 2711 1251 2753 una
1318 2711 1453 2754 voce
1517 2698 1926 2769 laudaverunt,

222 2788 454 2855 Deoque
483 2786 601 2842 fore
634 2794 863 2857 gratum
896 2786 1068 2842 simul
1100 2785 1559 2843 affirmaverunt.

2028 406 2265 454 strante.
2303 420 2325 447 ι

2098 487 2390 542 Monachis
2451 500 2583 542 vero
2634 486 2841 542 ibidem
2910 487 3021 541 Deo
3081 484 3466 540 servientibus
3530 484 3761 554 inclyti

2033 575 2347 631 Lanscelini
2382 590 2495 630 non
2527 574 2706 630 defuit
2736 574 2992 644 largitas.
3046 575 3113 630 Ut
3141 576 3293 629 enim
3325 574 3760 630 sufficientiam

2032 664 2352 735 quotidiani
2397 664 2586 720 victus
2632 664 2928 731 haberent,
2988 663 3142 718 dedit
3189 661 3273 718 eis
3336 662 3761 720 molendinum

2032 753 2385 809 Crevicordis
2454 767 2629 823 super
2695 753 2879 822 ripam
2944 752 3107 807 Tarae
3174 752 3369 815 situm,
3435 759 3491 806 et
3553 758 3762 805 totam

2028 854 2244 913 aquam
2284 843 2353 898 de
2413 843 2626 898 Cailoto
2678 855 2863 911 usque
2918 841 2991 897 ad
3042 841 3275 896 Pontem
3342 839 3598 904 Harmis,
3674 838 3762 894 ad

2028 932 2391 1002 piscandum,
2417 932 2572 987 dedit
2598 939 2653 987 et
2688 931 2939 1001 hospites
2985 944 3118 986 suos
3148 930 3358 985 ibidem
3412 936 3756 994 manentes,

2033 1029 2325 1092 totamque
2396 1020 2746 1076 mansionem
2827 1019 3152 1086 Hildefredi,
3225 1033 3355 1074 cum
3416 1020 3599 1087 pratis
3670 1017 3760 1072 ad

2028 1111 2387 1167 mansionem
2462 1108 2882 1178 pertinentibus
2932 1123 2946 1162 :
3004 1113 3391 1178 querquetum
3445 1104 3756 1176 Burgerii,

2030 1207 2085 1255 et
2141 1199 2395 1254 alnetum
2455 1204 2845 1268 querquetum
2899 1195 3274 1268 adiacentem,
3326 1194 3540 1251 Nemus
3598 1193 3755 1259 Hes,

2032 1285 2324 1343 Faiolum:
2384 1300 2583 1342 omnes
2638 1284 2902 1340 brochias
2950 1284 3019 1339 ad
3063 1282 3519 1339 comburendum
3558 1290 3624 1338 et
3668 1280 3758 1337 ad

2031 1375 2440 1445 hospitandum
2486 1373 2782 1429 concessit.
2832 1374 2978 1428 Vasa
3028 1373 3224 1442 apium
3284 1371 3343 1426 in
3399 1370 3758 1427 nemoribus

2030 1465 2148 1519 suis
2174 1470 2428 1532 reperta;
2485 1470 2540 1517 et
2583 1463 2731 1517 duas
2778 1469 2968 1530 partes
3004 1460 3238 1516 decima:
3292 1459 3361 1515 de
3392 1459 3660 1523 Harmis;
3688 1465 3756 1515 et

2032 1553 2179 1608 duas
2236 1552 2305 1607 de
2385 1550 2662 1607 Serenciis
2724 1557 2780 1606 et
2831 1550 2901 1605 de
2987 1548 3408 1616 Medianavilla,
3469 1548 3758 1604 similiter

2033 1641 2179 1697 duas
2227 1648 2416 1710 partes
2469 1640 2723 1707 decimae,
2773 1646 2826 1694 et
2872 1638 3160 1694 culturam
3220 1640 3420 1702 Crene,
3467 1637 3756 1694 clausum

2033 1744 2268 1800 quoque
2362 1727 2762 1791 monasterioli,
2848 1727 3003 1797 quod
3067 1741 3101 1781 a
3157 1728 3408 1795 quodam
3486 1726 3756 1789 homine,

2035 1819 2261 1875 Gildino
2324 1817 2575 1885 nomine,
2610 1825 2821 1887 septem
2874 1816 3034 1871 libris
3080 1815 3441 1871 Belvacensis
3492 1823 3754 1871 monetae

2031 1915 2086 1963 et
2126 1922 2242 1963 uno
2270 1906 2458 1961 modio
2486 1905 2756 1961 frumenti
2787 1905 2956 1973 emit;
2984 1905 3169 1974 ipsum
3217 1918 3351 1959 vero
3399 1902 3751 1959 Gilduinum

2034 2009 2221 2065 usque
2248 1994 2318 2050 ad
2348 1994 2515 2049 finem
2547 1993 2679 2049 vitae
2719 2007 2839 2049 suae
2885 1992 3150 2048 monachi
3187 1993 3396 2047 vestitu
3446 1999 3505 2047 et
3541 1991 3754 2061 quoti-

2033 2083 2206 2139 diano
2250 2084 2406 2139 victu
2455 2089 2943 2138 sustentaverunt.
2985 2080 3147 2136 Dedit
3199 2081 3370 2136 etiam
3418 2081 3748 2150 quamdam

2034 2172 2414 2240 mansionem,
2445 2185 2622 2241 quam
2667 2178 2899 2227 centum
2947 2170 3143 2226 solidis
3196 2169 3556 2224 Belvacensis
3617 2183 3749 2223 mo-

2035 2268 2180 2317 netae
2218 2261 2355 2316 emit
2393 2260 2466 2316 ab
2518 2260 2804 2316 Hemelino
2847 2260 2916 2315 de
2966 2267 3162 2315 sancto
3212 2258 3485 2322 Luciano,
3528 2271 3748 2321 conce-

2034 2350 2202 2406 dente
2232 2351 2393 2405 Petro
2443 2349 2625 2405 sancti
2670 2349 2905 2404 Luciani
2964 2348 3186 2412 abbate,
3235 2347 3305 2402 de
3350 2346 3744 2412 Consenﬁsco,

2033 2445 2088 2494 et
2138 2437 2263 2493 aliis
2307 2438 2579 2493 omnibus
2644 2436 2938 2493 monachis
2976 2436 3434 2492 concedentibus.
3494 2436 3570 2490 De
3622 2449 3749 2504 qua

2036 2540 2096 2582 re
2126 2526 2400 2581 dominus
2443 2524 2817 2581 Lanscelinus
2871 2525 3064 2581 abbati
3105 2525 3175 2579 de
3226 2532 3422 2580 sancto
3480 2523 3748 2579 Luciauo

2036 2614 2356 2671 hominium
2414 2614 2559 2670 fecit.
2627 2613 2820 2669 Abbas
2868 2627 3004 2670 vero
3068 2613 3140 2669 ad
3191 2620 3571 2684 augmentum
3621 2612 3751 2671 fisci

2035 2719 2220 2762 unum
2255 2705 2478 2759 dentem
2510 2703 2693 2758 sancti
2716 2702 2953 2759 Luciani
2981 2703 3031 2759 ei
3054 2702 3227 2757 dedit.

2109 2792 2238 2847 Post
2298 2792 2418 2846 haec
2487 2791 2655 2846 talem
2721 2789 3211 2845 confirmationem
3273 2788 3421 2852 fecit,
3474 2797 3536 2844 ut
3606 2789 3656 2844 si
3712 2803 3750 2844 a

298 2894 328 2926 α
361 2875 490 2930 Post
521 2874 643 2930 haec
689 2874 966 2929 domnum
1014 2876 1336 2931 Garnerum
1396 2876 1782 2932 Flaviacensis
1816 2892 1927 2933 cm-
1968 2906 2008 2962 ε
2036 2879 2345 2936 clientibus
2374 2879 2494 2935 suis
2542 2893 2615 2935 ex
2667 2878 3001 2934 hominibus
3056 2878 3475 2933 monachorum
3524 2876 3748 2948 aliquis

224 2963 383 3019 nobii
443 2963 708 3019 abbatem
789 2962 969 3033 petiit,
1045 2970 1101 3019 et
1157 2971 1221 3020 ut
1274 2965 1588 3020 monachos
1665 2965 1735 3020 ad
1812 2966 1925 3021 tale

222 3052 515 3123 negotium
572 3051 963 3122 peragendum
1017 3051 1220 3123 dignos
1287 3066 1478 3108 secum
1540 3054 1926 3109 transmittere

224 3140 585 3211 dignaretur,
637 3140 977 3196 humillimis
1001 3140 1268 3210 precibus
1296 3142 1576 3207 exoravit,
1628 3142 1728 3197 tali
1770 3142 1922 3197 scili-

222 3236 311 3284 cet
373 3228 613 3295 ratione,
660 3235 724 3285 ut
773 3228 1031 3295 ecclesia,
1101 3243 1280 3299 quam
1325 3228 1611 3285 aedificare
1674 3230 1923 3298 volebat,

223 3317 493 3374 omnibus
556 3317 760 3373 diebus
820 3316 1176 3373 Flaviacensi
1240 3316 1488 3374 ecclesiae
1544 3317 1741 3375 fuisset
1782 3319 1924 3375 sub—

218 3403 391 3474 jecta,
417 3410 567 3460 etut
616 3403 733 3472 ipse
776 3403 977 3472 abbas,
1012 3403 1222 3474 suique
1278 3417 1684 3472 succcessores,
1721 3419 1927 3461 mona-

225 3491 362 3548 chos
405 3506 553 3563 quos
603 3490 817 3547 vellent
885 3491 1353 3559 transmitterent,
1413 3499 1469 3548 et
1524 3506 1670 3562 quos
1718 3493 1928 3550 vellent

222 3579 579 3637 reducerent.
607 3578 716 3647 Qui
765 3579 1134 3635 libentissime
1186 3579 1341 3649 quod
1392 3586 1585 3636 tantus
1626 3582 1923 3648 exorabat,

224 3682 341 3725 non
368 3668 556 3725 solum
601 3669 897 3734 concessit,
938 3675 1022 3723 set
1068 3675 1133 3724 ut
1185 3675 1300 3723 tam
1349 3676 1585 3724 sanctus
1636 3669 1929 3739 perficeret

198 3769 329 3813 .sua
357 3764 556 3813 sancta
605 3755 1003 3813 exhortatione
1033 3755 1351 3812 admonuit.
1410 3756 1573 3812 Tunc
1622 3756 1927 3827 incipiendi

224 3844 412 3914 operis
460 3845 610 3901 inter
652 3840 836 3899 se'die
879 3843 1206 3912 constituta,
1240 3843 1420 3901 abbas
1465 3846 1755 3901 Garnerus
1794 3860 1928 3902 cum

223 3932 345 3989 suis
391 3932 688 3988 monachis
725 3932 929 3999 adfuit,
982 3932 1350 3989 Lanscelinus
1377 3948 1611 4004 quoque
1648 3933 1928 3991 nobilium

223 4021 486 4077 virorum
535 4021 780 4091 stipatus
827 4020 1076 4092 agmine,
1136 4021 1288 4078 viros
1330 4024 1513 4092 operis
1579 4024 1928 4079 czementarii

226 4122 438 4181 gnaros
486 4123 679 4165 secum
730 4109 1083 4165 adducensa
1114 4110 1446 4167 Belvacensi
1493 4111 1741 4175 civitate,
1797 4126 1930 4168 cum

2034 2968 2349 3039 aliquando
2381 2974 2718 3037 caperetur;
2751 2974 2852 3028 aut
2890 2967 3038 3022 sicut
3079 2980 3201 3021 mos
3241 2973 3324 3022 est
3365 2965 3745 3032 rusticorum,

2034 3056 2211 3112 silvas
2236 3070 2373 3112 suas
2428 3055 2716 3121 czedendo,
2758 3062 2860 3110 aut
2905 3054 3141 3125 aliquod
3176 3054 3528 3110 forisfactum
3563 3069 3742 3110 suum

2033 3144 2267 3200 clientes
2324 3144 2413 3199 sui
2481 3143 2551 3198 de
2614 3144 2843 3198 homine
2912 3143 3024 3210 illo,
3102 3143 3205 3212 qni
3260 3142 3738 3205 calumniaretur.

2032 3229 2337 3284 clamorem
2392 3228 2465 3284 ad
2530 3228 2840 3283 monachos
2907 3227 3202 3294 referrent,
3245 3234 3300 3283 et
3365 3228 3638 3283 monachi
3680 3228 3736 3282 in

2033 3318 2196 3374 curia
2240 3329 2346 3372 sua
2383 3315 2668 3386 justitiam
2725 3322 3000 3370 tenerent.
3075 3313 3450 3370 Confirmavit
3524 3314 3735 3381 adhuc,

2034 3417 2334 3475 manuque
2368 3404 2619 3460 filiorum
2668 3417 2906 3459 suorum
2947 3402 3261 3469 roboravit,
3304 3409 3368 3458 ut
3405 3402 3452 3457 si
3502 3403 3640 3473 quis
3664 3416 3735 3458 ex

2036 3493 2317 3550 militibus
2348 3493 2469 3549 suis
2513 3491 2582 3548 de
2610 3492 2744 3547 fisco
2777 3506 2885 3548 suo
2927 3491 3180 3548 ecclesiae
3212 3492 3425 3547 donare
3463 3491 3731 3556 voluerit,

2036 3581 2257 3651 absque
2292 3595 2398 3637 suo
2421 3580 2591 3652 jussu
2623 3587 2678 3636 et
2725 3579 2974 3635 filiorum
3019 3592 3259 3636 suorum
3316 3578 3488 3635 donet
3523 3578 3742 3635 indiffe-

2036 3676 2246 3736 renter,
2296 3668 2375 3725 ita
2416 3666 2630 3723 scilicet
2678 3673 2743 3724 ut
2777 3665 3021 3722 militare
3076 3665 3378 3722 servitium
3443 3665 3578 3721 inde
3624 3679 3739 3722 non

2036 3755 2278 3812 amittat.

2106 3844 2316 3902 Adhuc
2355 3851 2546 3901 autem
2597 3842 2981 3908 confirmavit,
3030 3840 3476 3898 concedentibus
3505 3841 3647 3903 suis,
3674 3849 3743 3898 nt

2037 3933 2271 4004 quando
2293 3933 2366 3989 ad
2410 3931 2701 3989 ecclesiam
2737 3930 2919 4001 ipsam
2952 3936 3053 3987 aut
3099 3929 3294 3986 villam
3337 3930 3419 3986 ire
3469 3930 3741 3996 voluerit,

2038 4022 2182 4078 nihil
2206 4022 2264 4077 in
2312 4021 2512 4078 eadem
2559 4020 2789 4089 habeat,
2837 4019 2946 4076 nisi
2994 4018 3351 4075 solummodo
3382 4023 3737 4089 procuratio-

2038 4124 2169 4166 nem
2205 4111 2381 4167 uuius
2414 4108 2702 4177 monachi,
2756 4108 3019 4179 nihilque
3072 4107 3308 4164 omnino
3350 4107 3457 4163 sibi
3502 4108 3739 4163 retinnit

226 4197 346 4254 suis
400 4196 532 4253 ﬁliis
577 4196 829 4253 advenit.
881 4196 1089 4255 Omnes
1142 4198 1297 4254 enim
1355 4200 1455 4270 qui
1514 4208 1921 4269 convenerant,
1962 4200 2093 4256 Din
2121 4200 2282 4264 villa,
2321 4214 2425 4256 nec
2462 4199 2767 4270 justitiam,
2828 4212 2934 4254 nec
2975 4196 3338 4267 sanguinem,
3393 4210 3501 4252 nec
3559 4196 3737 4252 latro-

226 4284 416 4341 locum
447 4285 518 4341 ad
550 4285 956 4342 habitationem
988 4287 1401 4344 monachorum
1431 4301 1755 4358 congruum
1809 4289 1927 4345 fore

226 4373 616 4442 affirmabant,
672 4374 1195 4445 circumspicientes
1224 4375 1575 4431 vicinitatem
1612 4389 1923 4446 aquarum,

226 4462 662 4532 amplitudinem
734 4471 1058 4533 pratorum,
1124 4463 1541 4519 abundantiam
1601 4478 1924 4532 nemorum,

226 4550 545 4608 ubertatem
636 4551 964 4621 vinearum,
1039 4551 1585 4622 multitudinemque
1652 4553 1927 4610 arborum

225 4639 440 4696 diversi
471 4640 695 4711 generis
721 4640 1045 4697 ferentium.

300 4746 328 4779 ‹‹
367 4729 621 4785 Tandem
662 4728 881 4799 paratis
917 4728 1190 4785 omnibus
1232 4743 1364 4800 qua;
1413 4732 1733 4787 necessaria
1775 4737 1924 4786 604

224 4824 390 4873 erant
462 4816 745 4887 lineisque
801 4831 836 4871 a
905 4817 1287 4873 caementariis
1325 4816 1498 4888 juxta
1547 4821 1926 4889 quantitatem

220 4905 419 4978 jactis;
488 4909 737 4962 domnus
785 4904 1128 4960 Lancelinus
1183 4919 1316 4961 cum
1373 4920 1586 4977 magna
1629 4907 1928 4964 devotione

223 4996 284 5051 in
332 4995 545 5050 honore
607 5001 818 5049 sanctae
869 5002 924 5050 et
988 4992 1304 5050 individuae
1360 4995 1669 5063 Trinitatis,
1738 4996 1925 5052 locum

224 5082 323 5139 ubi
353 5082 732 5139 fundamenta
761 5082 1010 5138 basilicze
1051 5082 1319 5153 jacienda
1347 5091 1533 5152 erant,
1572 5083 1722 5140 fossa
1750 5084 1927 5141 humo

225 5171 451 5241 primus
474 5170 719 5241 aperuit.

303 5280 325 5307 ι
367 5258 628 5329 ϐωριιιηι
670 5266 756 5316 est
803 5273 949 5330 opus
1004 5260 1154 5316 istud
1219 5273 1413 5317 mense
1465 5260 1688 5329 Martio,
1739 5261 1927 5318 mille-

225 5346 369 5403 simo
425 5348 800 5419 sexagesimo,
854 5348 1114 5420 Philippo
1169 5362 1303 5419 rege
1349 5334 1529 5420 apud'
1569 5349 1780 5407 Gallias
1839 5366 1925 5409 re-

228 5440 461 5505 gnante,
552 5435 831 5493 ducatum
900 5450 1038 5494 vero
1115 5436 1648 5495 Northmannorum
1728 5446 1784 5496 et
1835 5453 1927 5496 rc-

2034 4303 2164 4345 nem
2180 4304 2197 4359 ;
2229 4303 2333 4344 nec
2362 4287 2578 4356 taliam,
2601 4302 2705 4343 nec
2728 4300 2967 4351 saevum,
2997 4300 3103 4341 nec
3125 4284 3500 4340 forisfactum.

2111 4400 2132 4427 ι
2176 4377 2367 4434 Sciant
2411 4384 2736 4447 praesentes,
2766 4383 2823 4432 et
2880 4375 2983 4446 qui
3017 4373 3196 4430 futuri
3256 4381 3412 4440 sunt,
3459 4373 3601 4443 quia
3628 4387 3733 4444 ego

2034 4466 2346 4523 Benaudus
2399 4465 2668 4522 dominus
2732 4464 2802 4520 de
2849 4464 2976 4520 Bul.
3036 4462 3320 4534 profunde
3373 4462 3445 4518 de
3493 4463 3735 4532 peccatis

2033 4554 2175 4609 meis
2258 4553 2557 4624 pmnitens,
2631 4551 2915 4624 quasdam
2964 4551 3211 4622 injustas
3272 4551 3729 4618 consuetudines,

2033 4641 2273 4699 tailliam
2347 4640 2629 4709 videlicet,
2682 4647 2739 4696 et
2784 4654 2984 4697 omnes
3031 4639 3176 4695 alias
3221 4638 3616 4709 oppressiones
3678 4648 3733 4695 et

2035 4729 2488 4802 procurationes,
2548 4743 2696 4800 quas
2744 4728 2802 4784 in
2846 4727 3003 4797 villa,
3064 4742 3196 4798 qua
3246 4727 3459 4783 dicitur
3510 4727 3736 4784 Villaris

2035 4819 2225 4876 Sancti
2259 4817 2536 4889 Sepulcri,
2588 4818 2800 4889 injuste
2856 4831 2958 4888 per
3013 4815 3233 4887 aliquot
3263 4829 3446 4871 annos
3502 4829 3732 4886 accepe-

2035 4922 2181 4975 ram,
2237 4910 2461 4979 quietas
2502 4906 2712 4974 dimisi,
2749 4914 2804 4962 et
2834 4918 2868 4961 a
2912 4905 3212 4962 monachis
3272 4904 3735 4962 Flaviacensibus

2035 4997 2094 5053 in
2157 4996 2356 5052 eadem
2412 4995 2554 5051 villa
2606 4994 3097 5051 commorantibus
3152 4992 3372 5049 absolvi
3425 4993 3730 5063 postulavi,

2034 5085 2189 5157 quod
2219 5092 2273 5140 et
2292 5083 2536 5141 obtinui.

2109 5194 2133 5224 ι
2177 5174 2248 5229 Et
2288 5187 2361 5229 ne
2402 5172 2510 5229 hoc
2538 5180 2819 5229 statutum
2846 5186 3040 5228 meum
3062 5170 3308 5228 ulterius
3329 5183 3363 5225 a
3385 5184 3732 5241 quocunque

2034 5276 2430 5319 successorum
2459 5275 2720 5318 meorum
2774 5261 2954 5332 possit
3006 5259 3213 5317 violari
3248 5259 3486 5316 omnino
3542 5260 3731 5329 prohi-

2034 5352 2195 5419 bens,
2223 5349 2395 5421 sigilli
2423 5349 2533 5406 mei
2563 5348 2934 5420 impressione
2962 5347 3208 5405 ﬁrmavi.
3246 5368 3267 5396 ι

2106 5436 2414 5508 Privilegia
2464 5443 2520 5494 et
2597 5436 2813 5508 prtedia
2870 5436 3169 5508 Philippus
3225 5449 3329 5492 rex
3377 5435 3731 5495 Francorum
