3922 6080
132 236 277 293 1093

1418 241 1633 296 DOMNI
1681 241 1744 296 L.
1786 240 2135 300 D'ACHERY
2175 241 2393 299 ΝΟΤΑΞ.

3506 250 3527 300 1
3538 247 3643 302 Ο94

129 372 481 429 monasterio
550 372 901 428 Flaviacensi
970 372 1027 427 in
1076 372 1358 434 Garnerii.
1411 388 1585 443 quem
1649 373 1837 443 pluri-
1876 374 2209 433 Alloruisse
2253 381 2660 431 commemorat
2701 373 3009 430 Gnibertus
3053 374 3290 445 epistola
3339 376 3641 445 nuncupa-

126 476 293 518 mum
325 461 620 531 diligebat,
662 460 928 531 gratiam,
974 461 1238 530 indulsit;
1268 462 1365 518 sed
1405 463 1691 532 pracipue
1733 464 1831 519 dat

124 550 351 605 litteras
401 548 730 604 Belvacensi
777 549 1040 619 episcopo
1091 556 1147 606 et
1202 550 1440 618 clericis,
1494 551 1832 621 pracipiens

130 646 202 697 ut
256 638 646 695 sacratissima
700 638 853 694 beati
929 638 1155 708 patroni
1226 638 1517 695 Geremari
1590 640 1833 712 pignora

129 729 520 794 restituerent,
555 727 650 783 sed
682 726 911 782 nullum
939 727 1151 782 sortita
1180 735 1315 783 sunt
1341 727 1626 783 effectum.

209 815 521 872 Garnerins
565 815 804 869 demum
851 814 1270 885 tranquillioris
1317 816 1449 872 vita
1498 829 1710 883 amore,
1747 813 1833 870 uti

136 911 319 960 totum
358 917 417 959 se
451 903 562 958 Deo
603 900 832 958 offerret
862 909 917 958 et
947 902 1316 972 impenderet,
1361 918 1531 959 onere
1570 902 1744 959 simul
1776 910 1832 958 et

132 993 351 1049 honore
379 1006 500 1048 sese
529 991 756 1047 abdicat
790 1006 802 1044 :
845 991 1247 1061 privatamque
1284 992 1400 1062 egit
1439 992 1614 1048 vitam
1657 991 1833 1047 unde-

133 1082 369 1151 cennio;
422 1087 478 1136 et
537 1094 689 1135 anno
740 1079 967 1135 Domini
1031 1082 1162 1133 1095
1220 1081 1399 1139 Nonis
1462 1081 1617 1137 Junii
1682 1080 1833 1136 diem

131 1169 407 1226 ultimum
441 1168 647 1225 clausit
672 1168 922 1224 feliciter.

206 1259 307 1314 XI.
361 1259 525 1328 Hugo
570 1259 591 1312 Ι
641 1257 965 1328 multijuga
1012 1257 1302 1329 religionis
1347 1267 1522 1330 atque
1566 1258 1837 1314 eruditio-

132 1347 225 1403 nis
270 1346 542 1403 Guiberto
598 1353 737 1402 teste
788 1345 1027 1402 exstitit.
1091 1346 1326 1403 Prafnit
1386 1355 1510 1416 post
1573 1346 1834 1404 Garnerii

135 1444 510 1507 spontaneam
556 1435 887 1492 cessionem.
958 1436 1226 1492 Floruere
1276 1436 1382 1491 hac
1446 1436 1572 1506 ipsa
1630 1444 1837 1506 tempe-

135 1533 280 1581 state
306 1525 446 1582 dum
494 1524 765 1595 praclare
804 1524 1016 1594 pedum
1056 1526 1222 1596 [Iugo
1262 1531 1525 1595 gestaret,
1567 1524 1834 1580 monachi

136 1627 351 1685 magna
417 1613 651 1681 virtute,
717 1613 981 1669 doctrina
1046 1621 1101 1669 et
1164 1613 1446 1670 constanti
1509 1613 1832 1684 disciplina,

136 1716 286 1774 quos
316 1702 463 1757 inter
490 1701 801 1757 Guibertus
831 1701 950 1771 ipse
980 1702 1135 1757 velut
1157 1702 1317 1757 sidus
1345 1702 1653 1758 eminebat.

206 1790 543 1846 Guillelmus
586 1790 654 1846 de
713 1790 1055 1845 Besencourt
1099 1798 1153 1846 et
1199 1790 1533 1847 Gamelinus
1596 1792 1674 1847 De
1739 1791 1840 1847 Bo-

133 1893 409 1935 weresces
456 1879 726 1934 nuntium
777 1879 986 1934 saculo
1046 1879 1344 1945 miserunt,
1408 1882 1675 1950 votisque
1718 1895 1839 1936 sese

134 1968 470 2024 monasticis
498 1967 938 2023 obstrinxerunt
982 1967 1042 2023 in
1086 1968 1436 2024 Flaviacensi
1473 1969 1834 2026 monasterio.

210 2056 298 2113 Ad
346 2056 552 2112 calum
608 2055 957 2112 venerabilis
1006 2056 1172 2127 Hugo
1215 2064 1486 2113 evocatus
1534 2067 1618 2113 est
1661 2057 1841 2113 Nonis

136 2143 486 2211 Decembris,
520 2157 675 2200 anno
706 2143 917 2200 Christi
952 2146 1105 2207 llOO,
1138 2144 1226 2201 sui
1258 2144 1552 2216 regiminis
1579 2160 1673 2201 xv.

212 2233 333 2288 XII.
383 2233 631 2289 Joannes
685 2232 835 2289 abba
899 2233 1156 2303 probata
1207 2248 1435 2289 morum
1496 2233 1841 2305 integritatis

137 2324 335 2392 (quem
379 2320 638 2377 Guiberti
688 2330 872 2377 mater
929 2335 964 2376 a
1017 2336 1196 2392 puero
1243 2322 1550 2392 nutrierat)
1609 2336 1641 2378 e
1692 2336 1839 2393 pago

136 2409 580 2465 Claromontano
613 2407 916 2475 oriundus,
962 2409 1326 2465 Guillelmum
1369 2410 1594 2479 optima
1631 2409 1839 2466 indolis

134 2511 384 2568 puerum
420 2511 451 2553 e
503 2497 743 2553 Judaica
782 2498 1062 2568 pravitate
1103 2498 1173 2553 ad
1212 2498 1596 2554 Christianam
1634 2500 1841 2553 verita-

139 2594 252 2642 tem
287 2586 575 2655 traduxit;
604 2586 775 2657 cujus
804 2587 990 2656 gratia
1027 2585 1336 2642 Guibertus
1372 2585 1466 2642 ille
1503 2587 1837 2643 Tractatum

136 2681 339 2731 contra
361 2674 589 2730 Judaos
617 2673 1001 2742 elucubravit,
1033 2674 1132 2731 lib.
1164 2690 1202 2731 ιι
1225 2676 1300 2730 De
1322 2674 1451 2731 Vita
1471 2688 1596 2741 sua,
1629 2688 1755 2744 cap.
1780 2674 1832 2728 5.

212 2764 378 2818 Anno
417 2769 627 2832 quarto
662 2763 1015 2832 prafectura
1051 2763 1307 2829 Joannis,
1353 2763 1400 2818 is
1432 2762 1552 2833 ipse
1591 2762 1837 2818 Guiber-

140 2857 236 2906 tus
273 2850 329 2905 in
362 2849 628 2906 abbatem
677 2851 920 2907 canobii
965 2850 1332 2923 Novigentini
1384 2865 1556 2921 prope
1599 2850 1837 2907 Coucia-

138 2952 273 2994 cum
340 2945 424 2995 est
488 2946 737 2995 evectus.
804 2938 922 2994 Sub
982 2947 1242 2995 extrema
1302 2940 1539 2995 Joannis
1582 2948 1839 3010 tempora

138 3026 486 3083 venerabilis
533 3034 717 3083 mater
753 3025 1032 3095 Guiberti,
1088 3035 1267 3084 exuta
1313 3028 1678 3096 mortalitate,
1719 3027 1836 3083 ani-

137 3127 293 3169 mam
344 3114 582 3182 efﬂavit,
632 3129 958 3186 corpusque
1007 3115 1258 3172 Flaviaci
1307 3116 1695 3187 sepeliendum
1744 3130 1834 3173 re-

135 3201 328 3272 liquit.

211 3291 364 3347 Obiit
394 3291 640 3347 Joannes
680 3292 842 3348 tertio
874 3292 1009 3349 Idus
1039 3292 1228 3349 Martii
1257 3286 1341 3349 an
1366 3296 1521 3348 1106.

206 3379 360 3434 XIII.
399 3379 762 3451 Hildegarius
801 3380 873 3436 ob
912 3381 1174 3452 egregias
1216 3381 1392 3437 animi
1438 3382 1614 3449 dotes,
1654 3396 1722 3437 ac
1751 3395 1835 3439 re-

136 3467 430 3538 ligionem,
456 3468 644 3525 locum
666 3458 909 3525 sortitur
923 3475 1078 3525 605
1098 3471 1353 3526 Joannis.
1378 3471 1440 3526 In
1462 3480 1688 3527 tantum
1715 3485 1836 3527 cre-

132 3570 269 3613 vere
292 3557 677 3614 Flaviacensis
696 3557 936 3614 canobii
955 3558 1190 3623 divitia,
1215 3566 1278 3615 ut
1298 3573 1411 3615 non
1434 3560 1601 3615 modo
1615 3572 1839 3630 peram-

131 3645 243 3716 pla
272 3646 685 3719 monachorum
720 3645 950 3702 familia
988 3647 1207 3703 alenda
1235 3646 1598 3712 satisfierent,
1641 3647 1738 3703 sed
1779 3653 1837 3702 et

135 3734 368 3790 abunde
402 3734 741 3804 hospitibus,
775 3733 877 3805 qui
919 3735 1180 3805 undique
1224 3734 1612 3798 confluebant,
1647 3748 1839 3791 neces-

134 3823 295 3878 saria
326 3823 855 3893 suppeditarentur,
891 3823 1295 3879 sublevaretur
1327 3836 1650 3893 pauperum
1679 3831 1734 3879 et
1754 3836 1841 3879 sa-

135 3925 350 3967 norum
374 3918 431 3967 et
455 3924 744 3982 agrorum
776 3911 994 3980 inopia;
1027 3924 1147 3981 qua
1173 3910 1242 3967 de
1283 3924 1459 3966 causa
1506 3910 1701 3980 plures
1727 3925 1839 3967 no-

136 3999 272 4056 bilis
300 4007 448 4057 nota
488 3999 597 4055 viri
638 4014 761 4056 sese
796 3999 990 4055 divino
1030 3999 1214 4056 cultui
1262 3999 1669 4069 manciparunt
1709 4000 1836 4055 Fla-

140 4086 313 4144 viaci.

213 4174 412 4231 Eﬂ‘ecit
443 4182 637 4232 autem
682 4175 1139 4232 Flaviacensium
1186 4176 1602 4232 monachorum
1646 4175 1842 4231 stricta

140 4262 462 4333 disciplina,
508 4271 573 4320 ut
619 4264 858 4321 illustris
898 4264 1164 4320 Ansellus
1212 4263 1347 4334 ipsis

140 4352 466 4407 coenobium
492 4351 663 4422 juxta
692 4355 953 4422 Stampas
981 4353 1278 4410 conferret.

212 4439 405 4495 Prodit
481 4440 603 4497 hac
691 4441 1205 4498 Mauriniacensis
1260 4442 1529 4499 Chronici
1621 4441 1839 4513 prolog.

139 4528 243 4584 lib.
276 4544 315 4584 ιι
343 4529 454 4585 sub
499 4530 691 4598 linem,
735 4537 874 4587 tom.
918 4530 997 4586 IV
1037 4532 1240 4587 Histor.
1287 4532 1556 4587 Francor.
1599 4531 1843 4587 Andrea

141 4616 446 4673 Duchesne
479 4632 492 4672 :
527 4638 555 4665 ‹‹
589 4617 856 4674 Ansellus
884 4618 1122 4688 quidam
1151 4618 1319 4673 annis
1346 4627 1400 4674 et
1436 4618 1669 4673 cons-ilio
1699 4626 1843 4674 stre-

143 4719 320 4773 nuus,
367 4705 645 4775 religione
691 4712 746 4763 et
792 4705 1179 4762 familiaritate
1220 4706 1672 4762 Flaviacensium
1718 4719 1845 4761 mo-

141 4793 465 4849 nachorum
513 4801 876 4863 provocatus,
938 4793 1191 4864 primum
1254 4794 1483 4865 quidem
1535 4794 1844 4850 Ecclesiam

142 4879 490 4950 Stripiniaci,
538 4888 593 4936 et
634 4895 764 4951 qua
815 4882 873 4937 in
927 4881 1065 4938 villa
1111 4881 1209 4937 illa
1252 4882 1594 4952 possidebat,
1637 4895 1844 4937 mona-

140 4967 266 5025 chis
296 4969 759 5027 Flaviacensibus
798 4971 1004 5027 obtulit
1037 4986 1050 5025 :
1100 4985 1167 5027 ac
1204 4971 1409 5028 deinde
1448 4972 1848 5027 Maurianense

143 5058 447 5130 pradinm,
479 5058 539 5115 in
566 5074 684 5130 quo
727 5060 964 5117 ecclesia
1004 5060 1110 5116 ista
1145 5062 1203 5116 in
1244 5061 1457 5117 honore
1497 5068 1707 5116 sancta
1731 5060 1850 5115 Tri-
1882 5103 1895 5115 .

144 5146 297 5202 natis
362 5146 606 5204 fundata
669 5155 773 5216 est,
841 5148 1044 5206 Christi
1106 5147 1294 5219 gratia
1352 5155 1643 5218 praeunte
1712 5161 1848 5203 con-

145 5234 300 5292 tulit.

218 5322 339 5379 Odo
400 5324 782 5381 Flaviacensis
845 5323 1146 5391 canobita,
1220 5338 1254 5380 a
1307 5324 1602 5381 monachis
1667 5323 1849 5381 sancti

92 5448 97 5451 λ
145 5409 554 5481 Symphoriani
595 5412 955 5470 Belvacensis
1007 5413 1067 5469 in
1113 5412 1361 5482 Patrem,
1410 5413 1657 5470 multum
1719 5412 1850 5469 licet

149 5499 460 5569 reluctans,
493 5508 811 5571 cooptatur.
837 5499 1167 5571 Sanctitate,
1198 5501 1475 5573 sapientia
1500 5515 1567 5559 ac
1589 5500 1851 5559 doctrina

1938 465 2084 519 toria
2129 464 2289 519 libris
2341 464 2411 519 de
2457 463 2801 535 Pignoribus
2847 471 3176 520 sanctorum
3220 465 3475 534 praﬁxa.
3526 466 3634 523 Sed

1939 565 2071 607 cum
2118 551 2350 607 subesse
2402 549 2590 620 potius
2636 564 2814 620 quam
2860 564 3117 619 praesse,
3181 566 3313 606 eum
3374 551 3635 622 impense

1939 639 2260 706 delectaret,
2303 639 2559 708 deposita
2592 638 2870 709 dignitate
2909 638 2962 693 in
3008 653 3113 694 suo
3154 638 3511 696 Flaviacensi
3540 655 3633 696 as-

1939 727 2146 782 ceterio
2195 728 2402 783 iterum
2455 726 2563 783 sub
2617 726 2951 782 obedientia
3018 727 3347 798 magisterio
3419 729 3643 785 versari

1940 815 2169 886 delegit.

2011 904 2264 959 Attraxit
2292 910 2485 959 autem
2526 901 2774 972 perfecta
2810 902 3043 973 Regula
3080 902 3450 959 observantia
3490 903 3644 959 viros

1942 991 2179 1058 nobiles,
2234 998 2297 1047 ut
2341 991 2739 1046 Flaviacenses
2780 991 3098 1046 redditibns
3146 992 3533 1063 adaugerent;
3576 1006 3644 1048 ac

1943 1094 2060 1151 pra
2104 1081 2323 1136 cateris
2361 1080 2665 1135 Matthaus
2695 1080 2764 1135 de
2801 1080 3199 1136 Maurenciaco
3238 1081 3393 1151 quod
3423 1089 3645 1138 constat
3716 1126 3729 1143 κ

1941 1183 2016 1225 ex
2054 1170 2165 1225 hac
2192 1168 2485 1225 schedula.

2018 1299 2039 1324 ι
2076 1277 2139 1330 In
2168 1274 2374 1331 Christi
2406 1273 2652 1341 nomine,
2684 1287 2792 1344 ego
2822 1274 3126 1329 Matthaus
3164 1274 3233 1330 de
3260 1275 3443 1331 Monte
3474 1276 3644 1334 Mau-

1946 1363 2210 1420 renciaco
2235 1363 2522 1428 dominus,
2556 1361 2624 1416 ad
2650 1361 2908 1416 notitiam
2944 1370 3058 1417 tam
3100 1361 3429 1419 futurorum
3465 1379 3641 1435 quam

1944 1451 2312 1523 prasentinm
2363 1451 2488 1506 volo
2532 1452 2849 1520 pervenire,
2904 1450 3273 1506 Buchardum
3322 1451 3485 1509 bona
3532 1469 3645 1510 me-

1944 1540 2138 1596 moria
2182 1547 2397 1610 patrem
2435 1552 2649 1603 meum,
2696 1552 2796 1608 pro
2842 1538 3090 1594 remedio
3127 1540 3334 1595 anima
3379 1556 3499 1597 sua
3530 1556 3645 1599 mo-

1946 1629 2145 1685 nachis
2192 1628 2340 1684 beati
2382 1626 2675 1684 Geremari
2715 1626 3113 1693 Flaviacensis,
3163 1627 3280 1683 zelo
3326 1629 3641 1699 charitatis,

1948 1717 2007 1773 in
2053 1717 2470 1787 eleemosynam
2516 1714 2878 1780 concessisse,
2926 1722 3215 1785 quatenus
3244 1716 3644 1773 ministeriales

1946 1806 2127 1862 sancti
2159 1804 2447 1861 Geremari
2475 1804 2862 1874 undecunque
2898 1818 2985 1859 res
3025 1804 3095 1858 ad
3129 1818 3273 1859 usus
3311 1805 3642 1861 eorumdem

1948 1891 2362 1948 monachorum
2403 1892 2773 1957 adducerent,
2806 1890 2981 1946 libere
3010 1905 3076 1946 ac
3101 1891 3311 1961 quiete,
3344 1900 3397 1947 et
3424 1892 3645 1963 absque

1950 1979 2068 2036 ulla
2111 1979 2527 2035 consuetudine
2575 1992 2676 2049 per
2705 1992 2869 2034 suam
2903 1986 3112 2034 terram
3153 1980 3481 2036 transirent.
3522 1982 3644 2052 Ego

1947 2076 2138 2123 autem
2192 2074 2247 2122 et
2302 2066 2504 2123 fratres
2554 2067 2667 2123 mei
2726 2066 2976 2137 idipsum
3034 2066 3274 2136 simplici
3333 2076 3388 2124 et
3439 2069 3644 2125 devota

1950 2155 2267 2211 intentione
2315 2155 2703 2211 concessimus
2734 2169 2747 2209 :
2786 2155 2926 2225 quia
2954 2168 3088 2210 vero
3118 2154 3322 2210 bonam
3366 2164 3421 2213 et
3462 2158 3643 2213 hone-

1947 2251 2092 2300 stam
2126 2243 2541 2300 monachorum
2579 2243 2804 2299 illorum
2838 2243 3325 2300 conversationem
3368 2244 3641 2315 frequen-

1948 2340 2033 2389 ter
2075 2332 2268 2398 audio,
2342 2331 2599 2387 eamdem
2650 2332 2829 2402 patris
2881 2332 2991 2387 mei
3047 2332 3463 2402 eleemosynam
3524 2347 3640 2390 non

1946 2421 2129 2477 solum
2171 2420 2436 2485 concedo,
2486 2434 2687 2476 verum
2735 2419 2906 2475 etiam
2954 2419 3093 2475 satis
3140 2421 3437 2490 approbo:
3481 2429 3536 2477 et
3576 2425 3643 2478 ut

1946 2516 2072 2565 rata
2112 2509 2168 2563 in
2207 2516 2548 2579 perpetuum
2588 2514 2939 2577 permaneat,
2982 2507 3424 2564 concedentibus
3468 2507 3638 2565 etiam

1947 2597 2080 2653 filiis
2130 2599 2269 2653 meis
2316 2596 2637 2660 Buchardo,
2694 2596 2961 2653 Matthao
3026 2603 3081 2652 et
3152 2597 3405 2665 Hervao,
3467 2597 3639 2669 sigilli

1946 2687 2055 2742 mei
2098 2681 2469 2756 impressione
2515 2686 2809 2752 confirmo,
2860 2692 2914 2741 et
2957 2684 3325 2755 prasentinm
3368 2685 3445 2741 ibi
3485 2686 3640 2743 viro-

1945 2787 2075 2829 rum
2108 2774 2430 2830 testimonio
2456 2773 2783 2830 conﬁrmari
2813 2773 2961 2829 volo.
3000 2795 3021 2821 ο

2016 2861 2399 2932 Quamplures
2432 2877 2504 2918 ex
2535 2861 2747 2918 illustri
2788 2862 3055 2932 prosapia
3095 2862 3477 2918 adolescentes
3522 2876 3642 2920 sese

1874 2968 1915 3023 (ι
1946 2951 2155 3008 Christi
2185 2951 2450 3008 servituti
2486 2951 2544 3007 in
2597 2952 2764 3007 hocce
2806 2950 3150 3007 monasterio
3193 2951 3639 3021 manciparunt;

1945 3040 2224 3097 nimirum
2256 3041 2420 3112 Hugo
2447 3041 2636 3111 (panis
2673 3054 2871 3096 avena
2901 3037 3294 3110 nuncupatus)
3338 3040 3525 3111 Drogo
3571 3042 3641 3097 de

1944 3128 2331 3198 Calvomonte,
2399 3129 2648 3184 Gallonis
2717 3127 2837 3193 ﬁlii,
2913 3125 2983 3183 ac
3056 3136 3286 3198 nepotes
3360 3128 3639 3199 Hugonis,

1944 3217 2285 3288 cognomine
2320 3216 2560 3288 Borgni:
2603 3215 2867 3271 Galterus
2905 3215 2974 3271 de
3017 3215 3220 3280 Rebey,
3260 3214 3540 3285 Bogerius
3572 3217 3641 3272 dc

1944 3306 2294 3373 Constentin,
2329 3305 2470 3360 Aszo
2499 3304 2568 3359 de
2600 3304 2901 3370 Ferrieres,
2931 3312 2984 3360 et
3014 3303 3161 3358 alii.‘

2017 3392 2148 3450 Vita
2204 3393 2468 3464 fungitur
2525 3392 2889 3462 Hildegarius
2938 3398 3146 3461 quarto
3207 3390 3441 3447 Kalend.
3506 3391 3641 3448 Maii

1951 3483 2106 3536 1123.

2017 3587 2167 3644 XIV.
2200 3586 2320 3643 Odo
2351 3593 2615 3656 spectata
2642 3584 2873 3642 virtutis
2899 3592 2953 3640 et
2990 3582 3283 3654 sapientia
3314 3579 3641 3652 Hildegario

1948 3674 2254 3733 sufﬁcitur.

2018 3762 2319 3830 Perperam
2366 3760 2524 3816 omni
2570 3774 2677 3816 sua
2742 3774 2809 3816 ac
2872 3773 3109 3815 suorum
3172 3758 3477 3827 industria,
3522 3769 3642 3827 quo

1951 3863 2115 3905 sacra
2158 3848 2447 3905 Geremari
2502 3849 2745 3920 pignora
2781 3848 3029 3904 ecclesia
3077 3846 3431 3904 Flaviacensi
3478 3844 3642 3902 resti-

1948 3945 2270 4005 tuerentur,
2306 3938 2582 4008 impensa,
2614 3937 2837 3994 tandem
2869 3951 2933 3992 os
2965 3936 3204 4004 brachii,
3235 3935 3389 4007 quod
3415 3933 3644 3991 radium

1950 4033 2176 4093 vocant,
2245 4025 2481 4092 obtinet,
2544 4039 2610 4082 ac
2676 4024 2911 4080 solemni
2960 4025 3078 4080 ritu
3151 4023 3481 4080 Flaviacum
3546 4035 3643 4077 vnn

1950 4114 2192 4170 Kalend.
2226 4117 2370 4186 Aug.
2406 4128 2500 4171 an.
2541 4116 2678 4169 “32
2710 4113 2906 4169 inferri
2938 4113 3180 4170 curavit.

1877 4245 1920 4301 ι)
2025 4221 2271 4277 Labente
2315 4221 2512 4278 eodem
2549 4235 2702 4276 anno
2743 4220 2922 4276 abbas
2962 4220 3102 4290 ipse,
3140 4218 3435 4275 communi
3474 4216 3647 4317 totius

1950 4309 2086 4366 cleri
2115 4317 2268 4379 voto,
2310 4310 2383 4365 ad
2425 4309 2820 4379 prafecturam
2863 4308 3130 4364 Ecclesia
3174 4306 3531 4364 Belvacensis
3563 4312 3647 4362 est

1951 4406 2227 4456 evectus:
2260 4397 2416 4469 quod
2445 4397 2634 4453 oneris
2672 4409 2849 4467 quam
2896 4395 3168 4466 praclare
3198 4396 3270 4451 ab
3310 4408 3461 4450 anno
3510 4395 3644 4447 H33

1951 4488 2022 4545 ad
2056 4502 2274 4544 annum
2306 4488 2435 4558 plus
2466 4486 2659 4542 minus
2691 4487 2826 4541 1145
2854 4485 3047 4542 subiit.

2020 4595 2144 4653 XV.
2183 4594 2567 4665 Leodegarius
2595 4591 2909 4649 successit:
2945 4590 3066 4661 qui,
3113 4596 3177 4646 ut
3212 4588 3332 4645 Odo
3372 4586 3647 4658 prafatus

1949 4684 2338 4754 episcopatum
2382 4689 2721 4752 acceptaret,
2762 4679 3009 4736 multum
3057 4676 3179 4734 suis
3227 4669 3647 4732 adhortationi—

1952 4773 2062 4828 bus
2108 4771 2487 4827 adlaboravit.
2552 4769 2831 4826 Henricus
2884 4767 3103 4837 primus
3163 4765 3482 4837 Anglorum
3542 4776 3647 4820 rex

1953 4859 2298 4931 Leodegario
2361 4859 2596 4915 selectas
2660 4869 2909 4928 quercus
2978 4855 3039 4911 in
3102 4854 3249 4910 silva
3304 4853 3523 4920 Leonis,
3574 4851 3647 4906 ad

1952 4948 2326 5004 adiﬁciorum
2355 4948 2579 5004 solitam
2618 4944 3116 5013 restaurationem,
3153 4942 3287 4999 facit
3318 4938 3646 5011 asportandi

1955 5036 2300 5093 facultatem.

2024 5125 2257 5182 Ahbatis
2295 5138 2531 5181 munere
2578 5123 2812 5179 functus
2858 5127 2972 5177 toto
3019 5118 3293 5176 decennio
3339 5115 3650 5173 mortalita-

1955 5223 2068 5273 tem
2093 5214 2255 5272 exuit
2280 5228 2433 5269 anno
2470 5214 2621 5275 1145.
2654 5228 2689 5267 ν
2718 5210 2853 5267 ldus
2874 5209 3219 5267 Decembris.

2023 5324 2175 5381 XVI.
2244 5322 2570 5389 Fulbertus,
2638 5334 2867 5377 morum
2919 5320 3052 5376 vita
3100 5316 3530 5388 integerrimus,
3572 5314 3645 5371 ab

1954 5412 2199 5484 Hngone
2248 5409 2691 5480 Rothomagensi
2738 5406 3148 5480 archiprasule
3202 5419 3357 5462 anno
3400 5405 3563 5471 1151,
3614 5417 3649 5459 a

1956 5514 2181 5558 summo
2209 5497 2475 5571 pontifice
2512 5497 2773 5570 Eugenio
2801 5497 2998 5554 eodem
3041 5509 3223 5565 anno;
3263 5501 3320 5551 et
3352 5492 3426 5551 ab
3456 5491 3651 5550 Odone
