3922 6080
259 166 395 218 1095

1303 159 1400 213 AD
1438 159 1591 214 OPP.
1638 157 1794 213 VEN.
1835 154 2164 213 GUIBERTI
2202 158 2292 212 DE
2328 157 2720 214 NOVIGENTO

3632 160 3655 211 1
3667 160 3789 210 096

256 302 585 359 Belvacensi
633 301 880 355 antistite
933 299 1087 365 1146,
1142 296 1572 351 immunitatum
1618 292 1945 364 privilegio-
1984 292 2259 350 Avolunt
2286 293 2593 364 nonnulli),
2635 293 2815 349 abbas
2861 293 3264 362 Flaviacensis,
3315 293 3518 349 deinde
3567 293 3786 349 Sancti

258 404 507 460 rumque
537 389 753 445 litteras
774 384 1152 454 amplissimas
1184 384 1526 452 impetravit.

328 479 506 537 Multa
536 490 768 547 quoque
799 473 1071 530 beneﬁcia
1100 487 1251 527 anno
1288 473 1422 525 1148
1454 470 1696 526 contulit
1736 469 1955 525 Hadul-

258 568 408 637 phus
434 566 503 620 de
543 562 856 627 Mavoison,
885 560 1175 616 Samsonis
1204 557 1618 628 archiepiscopi
1668 558 1956 613 Remens-Is

257 653 450 719 frater,
484 649 877 706 annuentibus
907 661 1085 703 uxore
1116 646 1342 714 Bertha,
1379 660 1445 702 ac
1477 645 1605 701 ﬁliis
1627 645 1952 713 Radulpho,

254 739 577 807 Guillelmo,
629 739 909 805 Manasse,
964 744 1018 792 et
1079 735 1309 790 ﬁliabus
1354 738 1572 805 Agnete
1637 742 1691 789 et
1734 733 1957 788 Joanna

257 828 477 899 regina.

328 916 434 971 Sed
477 923 532 971 et
582 915 909 970 Ludovicus
959 913 1059 967 VII
1108 911 1437 967 christiana
1487 910 1728 980 pietatis,
1782 916 1956 978 atque

262 1019 561 1075 propensa
589 1002 902 1059 voluntatis
932 1015 998 1057 ac
1030 999 1437 1056 benevolentia
1480 1000 1536 1054 in
1576 999 1956 1070 Sangerema—

258 1108 428 1150 rencs
488 1093 795 1148 monachos
860 1090 1151 1160 specimen
1212 1088 1382 1154 dedit,
1437 1087 1719 1143 concessis
1780 1080 1958 1141 v‘ariis

256 1180 743 1245 immunitatibus,
805 1191 1057 1248 quarum
1126 1175 1438 1246 diplomata
1490 1174 1748 1232 brevitati
1814 1188 1957 1230 con—

255 1268 450 1324 sulens
479 1266 863 1337 pratermitto.

329 1357 497 1427 Hugo
530 1356 600 1411 de
629 1355 888 1410 Gornaco
918 1351 1198 1422 approbat
1234 1350 1324 1407 his
1364 1349 1553 1406 verbis
1592 1361 1958 1420 quacunque

258 1446 602 1503 monasterio
634 1443 989 1499 Flaviacensi
1022 1440 1361 1497 contulerat.

333 1555 359 1583 α
387 1534 599 1590 Notum
628 1532 702 1587 sit
728 1530 1001 1586 omnibus
1032 1527 1410 1598 prasentibus
1437 1535 1491 1582 et
1531 1526 1759 1592 futuris,
1801 1524 1957 1596 quod

257 1623 381 1693 Ego
416 1622 580 1691 Hugo
621 1620 690 1676 de
729 1618 987 1674 Gornaco
1027 1616 1397 1686 impressione
1433 1615 1605 1685 sigilli
1646 1614 1776 1676 mei,
1821 1628 1957 1669 con-

260 1708 423 1764 ﬁrmo
469 1721 667 1763 omnes
707 1705 1095 1774 eleemosynas
1137 1704 1206 1757 de
1254 1701 1520 1757 domanio
1552 1715 1676 1756 meo
1709 1701 1955 1770 proprio,

257 1804 374 1853 tam
418 1796 474 1851 in
515 1794 743 1865 Anglia,
802 1807 979 1863 quam
1030 1792 1089 1847 in
1126 1789 1550 1846 Northmannia
1590 1798 1644 1844 et
1692 1789 1956 1854 Francia,

259 1898 407 1954 quas
452 1883 581 1939 dedi
628 1881 880 1937 ecclesia
932 1880 1078 1935 beati
1122 1878 1413 1934 Gereniari
1458 1876 1526 1931 de
1574 1877 1840 1931 Flaviaco
1898 1877 1955 1930 in

259 1974 621 2042 perpetuum.
673 1970 915 2039 Insuper
952 1967 1096 2022 alias
1134 1980 1331 2022 omnes
1369 1964 1773 2034 eleetnosynas,
1830 1977 1961 2033 qua

257 2067 396 2116 sunt
432 2061 486 2113 in
519 2058 701 2124 feodo,
742 2064 797 2113 et
840 2058 895 2111 in
946 2055 1289 2126 protectione
1328 2069 1476 2119 mea,
1508 2068 1655 2124 quas
1704 2053 1962 2108 homines

259 2149 370 2204 mei
417 2147 600 2204 eidem
648 2144 897 2201 ecclesia
943 2144 1307 2200 donaverunt
1344 2150 1399 2198 et
1445 2142 1764 2197 donabunt.
1809 2144 1962 2195 606

265 2237 472 2293 Adhuc
503 2249 638 2292 vero
667 2235 986 2290 libertatem
1021 2232 1368 2288 famulorum
1399 2230 1658 2301 ejusdem
1684 2229 1958 2295 ecclesia,

259 2324 359 2394 qui
396 2323 754 2396 negationem
785 2336 900 2377 non
933 2321 1208 2386 fecerunt,
1243 2319 1503 2374 similiter
1539 2318 1807 2374 concedo.
1842 2317 1958 2373 Hoc

261 2420 325 2468 ut
373 2419 563 2468 ratum
614 2417 966 2481 permaneat,
1013 2407 1200 2478 sigillo
1254 2421 1396 2473 meo,
1455 2408 1512 2461 et
1557 2405 1783 2461 testium
1829 2404 1962 2461 sub-

259 2499 569 2570 scriptione
599 2499 921 2555 corroboro.
955 2497 1147 2552 Testes
1183 2502 1319 2551 sunt
1365 2494 1615 2550 Joannes
1648 2492 1718 2548 de
1768 2492 1960 2548 Hoda-

264 2602 356 2655 ne,
394 2608 416 2637 ι
451 2597 557 2645 etc.

333 2677 483 2732 Lites
527 2689 659 2746 qua
689 2674 938 2743 suborta
970 2672 1198 2727 fuerant
1250 2670 1397 2727 inter
1434 2670 1744 2726 monachos
1782 2668 1963 2746 diver-

260 2778 458 2821 sorum
514 2744 1017 2829 monasteriorum,
1068 2774 1171 2830 pro
1219 2773 1382 2829 posse
1437 2758 1533 2828 (ad
1594 2758 1702 2813 hoc
1759 2744 1962 2813 charta

2069 383 2301 437 Luciani
2334 381 2708 449 Belvacensis,
2746 396 2814 437 ac
2849 382 3080 438 demum
3114 380 3525 437 Cluniacensis.
3553 382 3788 437 Omnia

2062 485 2193 540 qua
2219 472 2376 526 Iuris
2412 478 2550 526 sunt
2581 470 2911 526 monasterii
2950 470 3358 539 Flaviacensis,
3404 471 3649 527 bullatis
3686 471 3784 526 lit-

2064 558 2202 614 teris
2236 558 2600 614 conﬁrmavit
2646 558 2976 614 Alexander
3014 559 3091 614 III
3143 573 3293 629 papa
3344 573 3497 615 anno
3549 558 3787 616 Christi

2071 648 2225 700 1178.

2135 732 2312 789 Cessit
2338 748 2369 789 e
2408 733 2528 788 vita
2563 749 2621 788 γι
2667 733 2798 789 Idus
2837 732 3051 803 Aprilis
3092 735 3226 789 1188
3258 747 3271 787 :
3314 733 3554 789 tradunt
3581 733 3791 788 Chro-

2064 821 2233 876 nicon
2262 822 2693 878 Fontanellense
2724 824 3207 891 manuscriptum,
3248 829 3303 877 et
3332 822 3554 878 codices
3585 822 3787 876 sancti

2066 910 2326 976 Luciani,
2368 919 2424 965 et
2469 911 2649 966 sancti
2699 910 3029 978 Geremari;
3075 910 3187 975 vel,
3232 910 3279 964 si
3337 910 3471 965 ﬁdes
3517 911 3790 965 chrono-

2065 999 2284 1071 grapho
2332 998 2691 1055 Cluniacensi
2748 998 3094 1065 adhibenda,
3177 1000 3331 1052 1199.
3392 999 3457 1053 ln
3528 999 3792 1054 ecclesia

2066 1086 2429 1142 Cluniacensi
2456 1087 2627 1156 jacet,
2661 1094 2725 1142 ut
2746 1085 2902 1141 testis
2930 1094 3013 1141 est
3042 1086 3187 1141 idem
3220 1093 3440 1151 auctor,
3477 1087 3534 1141 in
3562 1086 3793 1142 Biblio-

2067 1176 2230 1233 theca
2260 1175 2621 1231 Cluniacensi
2652 1175 2865 1245 pagina
2899 1176 3053 1229 1663.

2137 1264 2267 1320 ΧΧ.
2310 1263 2667 1329 Lambertus,
2715 1276 2788 1318 ex
2809 1262 3101 1318 cellerario
3132 1262 3388 1333 ejusdem
3433 1263 3788 1319 monasterii

2066 1352 2291 1409 circiter
2323 1354 2478 1406 1180.
2521 1352 2667 1407 Huic
2709 1350 3110 1421 syngraphum
3144 1352 3442 1407 tutelarem
3496 1352 3790 1421 impertiit

2066 1440 2412 1510 Radulphus
2440 1453 2627 1495 comes
2657 1440 3154 1496 Claromontanus.
3193 1439 3326 1510 Egit
3362 1440 3627 1495 animam
3662 1440 3787 1510 pri-

2069 1529 2160 1585 die
2188 1529 2268 1583 ld.
2297 1528 2453 1584 Junii
2491 1529 2644 1582 H90.

2136 1616 2292 1673 XXI.
2346 1617 2513 1687 Hugo
2544 1617 2638 1682 IlI,
2670 1623 3049 1686 cognomento
3097 1616 3354 1687 Pauper,
3410 1630 3441 1670 e
3486 1615 3788 1671 ditissima

2065 1720 2231 1776 aque
2259 1719 2325 1760 ac
2357 1703 2711 1759 nobilissima
2733 1703 2950 1759 familia
2973 1711 3151 1758 ortus.
3177 1704 3276 1758 Sui
3300 1703 3601 1774 regiminis
3623 1718 3786 1759 anno

2070 1795 2251 1864 primo
2298 1791 2695 1862 possessiones,
2741 1806 2872 1861 qua
2924 1792 2981 1846 in
3048 1791 3274 1847 ὀίωοεεί
3324 1792 3781 1863 Rothomagensi

2066 1890 2314 1947 exstant,
2365 1888 2529 1935 curat
2566 1880 2639 1934 ab
2691 1879 3110 1949 archiepiscopo
3146 1879 3377 1937 Valtero
3414 1880 3779 1935 conﬁrmari.

2069 1973 2308 2039 insuper
2338 1984 2373 2024 a
2400 1968 2684 2024 Richardo
2713 1967 3035 2037 Anglorum
3079 1982 3211 2038 rege
3243 1967 3483 2023 tutelare
3517 1968 3777 2038 diploma

2066 2066 2407 2115 consecutus
2433 2064 2537 2124 est,
2570 2056 2725 2127 quod
2756 2056 2834 2111 ita
2855 2071 2913 2111 se
2940 2056 3111 2112 habet
3142 2070 3156 2110 :

2142 2169 2165 2196 ι
2194 2146 2516 2203 Richardus
2545 2144 2643 2200 Dei
2678 2144 2866 2215 gratia
2895 2158 2996 2199 rex
3027 2144 3365 2215 Anglorum,
3401 2145 3525 2200 dux
3554 2144 3773 2201 North-

2066 2235 2337 2302 mannia,
2407 2233 2754 2304 Aquitania,
2822 2247 3011 2289 comes
3074 2233 3529 2303 Andegavensis,
3580 2235 3775 2290 archi-

2062 2323 2353 2395 episcopis.
2386 2322 2685 2393 episcopis,
2708 2321 3036 2389 abbatibus,
3059 2321 3385 2389 comitibus,
3403 2322 3776 2393 justiciariis,

2064 2421 2119 2470 et
2162 2412 2549 2477 vicomitibus,
2600 2410 2897 2477 ministris,
2939 2418 2994 2466 et
3057 2410 3332 2465 omnibus
3397 2410 3652 2477 ballivis,
3722 2419 3780 2467 et

2066 2500 2336 2557 fidelibus
2382 2500 2521 2568 suis,
2575 2499 2747 2555 totius
2813 2507 2982 2555 terra
3027 2512 3169 2564 sua,
3235 2499 3501 2554 salutem.
3569 2499 3781 2554 Sciatis

2067 2590 2221 2661 quod
2261 2589 2510 2655 abbatia,
2559 2587 2759 2654 abbas,
2818 2595 2875 2644 et
2914 2587 3181 2643 monachi
3225 2587 3294 2644 de
3341 2586 3548 2643 Sancto
3596 2589 3781 2644 Gere-

2066 2690 2227 2732 maro
2265 2676 2333 2732 de
2365 2675 2522 2744 Flay,
2553 2683 2607 2730 et
2638 2674 2897 2730 homines
2922 2674 3037 2739 sui,
3083 2681 3136 2730 et
3176 2688 3374 2729 omnes
3410 2688 3501 2729 res
3546 2683 3604 2731 et
3638 2691 3777 2745 pos-

2068 2766 2345 2822 sessiones
2394 2777 2614 2831 eorum,
2648 2770 2786 2818 sunt
2817 2763 2876 2817 in
2908 2776 3085 2817 manu
3143 2770 3358 2824 nostra.
3388 2771 3443 2818 et
3510 2765 3781 2820 custodia

261 2852 539 2918 confecta)
573 2849 800 2907 diremit
841 2849 1145 2905 Fulbertus
1186 2848 1364 2904 abbas
1399 2861 1412 2901 :
1448 2868 1469 2895 ι
1517 2845 1597 2902 Ne
1639 2845 1789 2901 inter
1820 2844 1962 2901 ﬁlios
1999 2869 2040 2925 ρ
2067 2862 2121 2911 ει
2166 2855 2509 2924 proiectione
2544 2867 2558 2906 ;
2615 2865 2797 2922 quam
2841 2850 3133 2917 vommus,
3182 2858 3236 2907 ei
3281 2851 3521 2907 ﬁrmiter
3569 2855 3780 2922 prmi-

263 2940 442 3011 pacis,
476 2938 795 3010 inquiebat,
830 2951 965 3008 pax,
998 2950 1117 3007 qua
1159 2936 1299 2992 nihil
1331 2934 1536 2990 melius
1582 2941 1687 2998 est,
1722 2932 1815 2989 lite
1857 2933 1960 2987 ali-

268 3028 502 3100 quando
533 3028 789 3094 suborta,
833 3026 1186 3083 turbaretur.
1218 3047 1247 3074 »
1294 3023 1655 3095 Ejuscemodi
1699 3021 1961 3077 chartam

264 3117 597 3173 nominibus
627 3117 907 3180 muniere,
936 3114 1223 3170 Theoldus
1248 3114 1422 3184 prior,
1457 3111 1791 3168 Lambertus
1820 3109 1963 3166 sub-

264 3205 444 3276 prior,
479 3204 795 3260 Landricus
825 3212 1044 3271 cantor,
1074 3202 1193 3259 Odo
1235 3200 1588 3269 cellerarius,
1633 3199 1965 3256 Walnerius

263 3293 408 3349 alter
454 3291 808 3359 cellerarius,
858 3291 1059 3347 Petrus
1103 3297 1296 3345 arator
1340 3286 1511 3358 [alias
1559 3286 1962 3356 Carrucarius]

262 3380 447 3438 Godzo
505 3379 870 3451 prapositus,
924 3378 1240 3434 Herbertus
1302 3375 1724 3442 thesaurarius,
1782 3376 1965 3431 Droco

262 3470 332 3526 de
361 3468 728 3524 Calvomonte
759 3467 975 3537 aliique
1006 3465 1271 3522 monachi
1303 3464 1643 3534 complures.

336 3556 600 3614 Interfuit
645 3555 932 3613 Bellovaci
979 3554 1285 3610 conventui
1323 3553 1741 3623 episcoporum,
1783 3552 1965 3608 abba-

264 3655 410 3711 tum,
455 3659 881 3716 procerumque
907 3643 1103 3699 Gallia
1130 3642 1203 3698 ab
1232 3641 1519 3698 Ludovico
1557 3655 1691 3712 rege
1718 3644 1965 3711 congre-

267 3742 552 3807 gatorum,
596 3734 697 3804 qui
744 3732 955 3803 agitari
995 3738 1245 3802 rogarat,
1288 3738 1488 3787 utrum
1536 3728 1863 3785 Alexander
1893 3741 1968 3783 an

264 3823 462 3882 Victor
492 3822 550 3878 in
580 3835 872 3878 summum
905 3819 1229 3891 pontiﬁcem
1263 3818 1678 3875 admitteretur.

336 3909 647 3966 Fulbertus
687 3907 1033 3965 monasterio
1084 3907 1357 3978 praclare
1412 3909 1474 3961 19
1512 3906 1679 3961 annis
1726 3903 1967 3961 admini-

263 4006 465 4069 strate,
512 3997 672 4054 Nono
739 3996 867 4052 Kal.
931 3995 1063 4053 Maii
1108 3996 1281 4052 rebus
1332 3994 1604 4052 humanis
1664 4000 1966 4063 exemptus

264 4090 367 4143 est.

2074 2942 2263 3012 pimus
2323 2940 2478 3012 quod
2529 2940 2727 3009 ipsam.
2789 2946 2842 2994 et
2889 2939 3218 3006 monachos,
3268 2947 3323 2995 et
3387 2939 3673 3007 homines,
3723 2950 3779 2997 et

2072 3045 2182 3096 res,
2229 3037 2285 3085 et
2324 3028 2705 3099 possessiones
2750 3040 2949 3082 eorum
2980 3034 3094 3082 tam
3137 3027 3550 3083 ecclesiasticas
3592 3043 3773 3098 quam

2072 3120 2249 3175 laicas
2304 3131 2402 3187 per
2447 3123 2655 3171 terram
2707 3122 2980 3181 nostram,
3040 3114 3159 3170 sive
3226 3129 3339 3184 pax
3408 3116 3602 3180 fuerit,
3654 3118 3773 3172 sive

2073 3219 2304 3278 guerra,
2332 3202 2685 3271 custodiatis,
2720 3203 3028 3272 protegatis
3055 3208 3109 3257 et
3148 3215 3324 3258 manu
3372 3203 3651 3271 teneatis;
3701 3205 3775 3260 ita

2073 3294 2227 3364 quod
2275 3293 2357 3349 eis
2405 3291 2629 3347 nullam
2674 3290 2969 3361 injuriam.
3022 3290 3112 3346 vel
3182 3291 3615 3357 contumeliam,
3675 3302 3772 3348 aut

2075 3395 2393 3453 gravamen
2440 3378 2683 3445 faciatis,
2732 3392 2837 3433 nec
2867 3377 2938 3433 ab
2982 3377 3180 3448 aliquo
3237 3377 3359 3434 ﬁeri
3409 3381 3767 3449 permittatis.

2073 3472 2144 3526 Et
2187 3471 2234 3526 si
2284 3470 2426 3526 forte
2475 3468 2534 3523 in
2578 3466 2775 3537 aliquo
2808 3466 2890 3521 eis
2937 3466 3109 3522 fuerit
3150 3466 3525 3536 forisfactum,
3573 3470 3772 3539 plena-

2072 3559 2217 3614 riam
2260 3558 2343 3614 eis
2390 3569 2563 3624 super
2592 3556 2698 3612 hoc
2722 3553 3001 3625 justitiam
3036 3554 3272 3623 faciatis,
3310 3564 3591 3627 tanquam
3635 3559 3773 3613 mihi

2074 3646 2201 3717 ipsi.
2227 3645 2395 3717 Apud
2431 3644 2674 3701 Vallena
2705 3642 2934 3699 Rudolii
2958 3657 3033 3697 xv
3059 3643 3237 3698 Junii.
3274 3665 3296 3692 ι

2150 3733 2469 3789 Prioratum
2498 3731 2693 3787 Sancti
2722 3730 3006 3801 Arnulphi
3042 3732 3330 3801 martyris,
3368 3746 3543 3802 prope
3578 3735 3774 3790 Clam-

2077 3830 2349 3889 montem,
2381 3835 2411 3877 a
2444 3819 2705 3890 Philippo
2756 3818 3086 3876 Belvacensi
3133 3819 3398 3891 episcopo
3436 3824 3621 3879 sancti
3664 3823 3773 3879 Ge-

2075 3911 2285 3967 remari
2347 3908 2599 3966 ecclesia
2664 3907 3001 3979 dilargitum
3082 3916 3301 3965 constat
3360 3923 3435 3964 ex
3511 3912 3775 3982 sequenti

2072 3998 2301 4056 scheda.

2150 4108 2172 4135 ι
2202 4087 2412 4143 Notum
2445 4084 2518 4141 sit
2551 4091 2663 4140 tam
2695 4083 3090 4153 prasentibus,
3125 4098 3304 4154 quam
3341 4084 3573 4154 futuris,
3617 4089 3771 4158 quod

334 4173 512 4231 XVII.
539 4171 845 4229 Gerardus.
892 4171 1197 4229 Litterulas
1234 4170 1450 4228 obtinet
1487 4171 1558 4227 ab
1599 4170 1844 4226 Henrico
1888 4169 1961 4237 II,
2003 4147 2173 4246 nego
2235 4171 2529 4244 Philippus
2588 4147 2715 4229 Dei-
2744 4172 2934 4242 gratia
3010 4147 3368 4229 Belvacensis
3444 4147 3770 4246 episcopus,

265 4261 587 4333 Anglorum
635 4275 788 4332 rege,
862 4261 1076 4332 quibus
1136 4259 1390 4316 stabilita
1449 4265 1784 4329 permanent
1831 4271 1963 4327 qua

265 4357 620 4406 concesserat
680 4348 964 4405 Henricus
1028 4348 1071 4415 Ι,
1139 4347 1227 4403 his
1276 4347 1510 4417 signum
1584 4344 1849 4416 apposuit
1904 4344 1958 4399 S.

264 4439 531 4503 Thomas,
566 4444 705 4493 tunc
728 4436 947 4507 Anglia
972 4435 1371 4491 cancellarius.

339 4524 549 4581 Tribus
578 4526 865 4581 duntaxat
902 4522 1071 4580 annis
1110 4521 1337 4591 prafuit
1362 4520 1671 4589 Gerardns,
1705 4535 1773 4577 ac
1817 4533 1964 4577 mor-

267 4613 366 4671 tali
395 4613 516 4669 vita
541 4612 806 4683 fungitur
833 4625 893 4666 xu
926 4608 1211 4665 Kalendas
1236 4608 1369 4665 Maii
1403 4611 1561 4662 1167.

333 4702 522 4757 XVIII.
560 4699 924 4770 Hildegarius
952 4698 1016 4752 Il.
1057 4720 1079 4746 ι
1117 4696 1542 4765 Parvipendens
1567 4696 1808 4753 salutem
1836 4696 1965 4752 ani-

266 4802 493 4846 marum
541 4788 646 4845 sibi
694 4785 1151 4853 commissarum,
1197 4785 1326 4855 plus
1368 4798 1572 4856 gerens
1618 4784 1963 4841 sollicitudi-

264 4892 396 4935 nem
449 4878 518 4934 de
565 4877 740 4934 rebus
784 4874 1129 4930 transitoriis
1175 4881 1351 4944 atque
1395 4873 1629 4929 caducis
1665 4895 1685 4922 ι
1740 4872 1959 4944 (contra

266 4966 481 5038 regula
527 4964 908 5022 Benedictina
951 4963 1349 5033 prascriptum
1398 4976 1520 5032 cap.
1575 4962 1658 5030 2),
1709 4961 1964 5016 habenas

266 5056 485 5112 laxavit
516 5054 792 5126 religiosa
829 5050 1173 5122 disciplina;
1217 5065 1418 5121 nempe
1455 5050 1799 5106 ofﬁcialibus
1838 5064 1964 5105 mo-

266 5146 499 5204 nasterii
548 5144 717 5215 (quos
787 5139 1123 5198 clanstrales
1186 5138 1416 5209 vocant)
1462 5146 1645 5195 certos
1710 5132 1967 5194 redditus

269 5233 574 5291 annuatim
596 5230 880 5300 ascripsit.

340 5321 585 5379 Moritur
609 5333 762 5376 anno
803 5320 960 5385 H72,
990 5332 1069 5373 vn
1096 5315 1221 5372 Kal.
1259 5313 1469 5372 Martii.

342 5410 493 5466 XIX.
529 5409 696 5479 Hugo
729 5408 776 5462 ll
807 5409 1006 5478 (quem
1046 5403 1473 5462 Claromontani
1521 5399 1744 5459 comitis
1783 5400 1966 5458 tilium

2068 4263 2367 4333 capellam,
2397 4276 2528 4331 qua
2561 4260 2620 4316 in
2652 4260 2867 4316 honore
2898 4260 3209 4317 beatissimi
3250 4263 3519 4332 martyris
3560 4266 3770 4320 Arnol-

2068 4351 2166 4422 phi
2197 4350 2440 4407 fundata
2478 4356 2583 4416 est,
2634 4345 2884 4404 ecclesia
2924 4348 2993 4405 de
3037 4349 3304 4407 Flaviaco
3345 4351 3595 4407 concedo
3640 4367 3771 4422 per—

2067 4448 2238 4512 petuo
2273 4428 2887 4509 possidendam,'salvo
2913 4438 3047 4507 jure
3092 4438 3634 4509 circumjacentium
3664 4455 3772 4510 pa-

2070 4527 2400 4584 rochiarum
2430 4541 2443 4580 :
2476 4524 2558 4581 sic
2583 4524 2736 4581 enim
2769 4524 3018 4595 singulis
3049 4539 3155 4581 sua
3185 4534 3380 4583 teneor
3409 4542 3771 4597 conservare,

2073 4622 2138 4672 ut
2180 4613 2308 4670 aliis
2357 4626 2472 4669 non
2515 4611 2823 4682 depereant
2867 4611 3072 4683 legata,
3123 4611 3293 4667 etiam
3343 4627 3474 4683 qua
3524 4613 3772 4684 praefata

2071 4701 2325 4760 ecclesia
2372 4700 2523 4756 facta
2570 4700 2828 4768 fuerunt,
2877 4700 2997 4756 sive
3058 4700 3323 4756 ministro
3377 4702 3662 4772 ejusdem,
3721 4704 3771 4758 ei

2077 4796 2353 4861 prasente
2398 4788 2631 4859 scripto,
2681 4795 2737 4845 et
2776 4788 2948 4860 sigilli
2996 4788 3176 4845 nostri
3221 4791 3582 4857 auctoritate,
3639 4805 3773 4847 con-

2079 4877 2261 4933 ﬁrmo.
2297 4897 2319 4925 ι

2147 4964 2263 5021 Sua
2306 4965 2416 5021 sub
2458 4963 2638 5021 tutela
2702 4964 3070 5020 Flaviacense
3130 4965 3454 5022 canobium
3526 4965 3773 5023 declarat

2072 5052 2373 5122 Philippus
2402 5053 2757 5108 Francorum
2791 5053 2838 5106 II
2864 5066 2987 5114 rex.
3020 5067 3124 5109 seu
3154 5051 3345 5124 potius
3375 5052 3635 5122 diploma
3664 5055 3770 5110 Lu-

2071 5140 2260 5196 dovici
2286 5140 2385 5198 VII
2413 5140 2693 5210 approbat
2724 5138 2845 5194 suis
2875 5137 3098 5195 litteris.

2144 5228 2408 5297 Deposita
2435 5227 2627 5283 carnis
2655 5225 2883 5282 sarcina
2906 5226 3076 5298 Hugo
3101 5227 3173 5283 ad
3209 5236 3488 5286 aternam
3521 5232 3771 5303 requiem

2074 5328 2133 5371 vx
2162 5314 2449 5370 Kalendas
2473 5313 2734 5371 Octobris
2765 5315 2901 5369 1200
2931 5316 3247 5372 translatus
3274 5325 3378 5374 est.

2142 5403 2324 5459 XXII.
2383 5402 2726 5460 Eustachius
2788 5403 3075 5476 singulari
3123 5404 3408 5477 doctrina,
3477 5411 3774 5468 sanctitate
