3932 6084
164 299 294 351 1097

155 433 445 503 rebusque
495 433 766 504 przeclare
811 437 1002 505 gestis,
1054 436 1199 492 inter
1242 445 1476 494 cmteros
1523 441 1854 495 Flaviacen-
1899 447 1939 496 A

154 524 231 574 sis
261 523 518 577 asceterii
544 523 1027 578 archimandritas
1047 525 1414 594 conspicuus,
1446 528 1852 582 communibus

153 609 394 664 fratrum
430 611 594 676 votis,
627 619 681 665 et
739 626 978 666 assensu
1035 613 1280 683 episcopi
1341 615 1719 683 Belvacensis,
1757 616 1849 670 cui

151 712 183 752 a
212 700 437 754 secretis
484 708 604 754 erat
658 700 1018 767 Eustachius,
1055 702 1384 770 praeﬁcitur,
1424 704 1510 759 uti
1539 719 1611 760 ex
1658 705 1848 774 subje-

149 793 242 840 cta
290 786 618 855 postulandi
667 802 977 844 consensus
1032 791 1279 860 episcopi
1341 791 1596 848 formula
1642 793 1851 862 perspi-

148 890 324 930 cuum
361 875 640 930 habetur:

219 969 368 1017 ϐίη
405 983 430 1014 ‹ι
467 963 690 1020 Gratias
710 965 935 1036 agimus
955 965 1241 1022 immensze
1259 968 1596 1041 benignitati
1621 977 1843 1038 vestrae,

148 1066 280 1120 qua:
311 1066 422 1107 non
451 1053 636 1108 solum
667 1054 921 1121 assentit,
955 1055 1050 1110 sed
1081 1056 1251 1111 etiam
1283 1058 1602 1128 congaudet
1631 1059 1849 1114 electio-

147 1140 204 1193 ni
235 1149 441 1195 nostrze
468 1157 480 1195 :
503 1155 570 1196 eo
594 1142 745 1211 quod
774 1143 1128 1199 concorditer
1149 1144 1296 1200 facta
1326 1147 1415 1212 sit,
1445 1155 1500 1202 et
1528 1147 1844 1208 secundum

145 1235 396 1284 tenorem
426 1230 682 1300 justitiaa.
723 1232 988 1287 Invocata
1023 1247 1275 1303 namque
1306 1235 1606 1290 clementia
1655 1235 1843 1290 Sancti

145 1316 412 1385 Spiritus,
444 1319 565 1372 sine
595 1333 712 1388 quo
744 1333 936 1389 preces
979 1335 1175 1375 omnes
1236 1335 1407 1377 cassae
1466 1331 1620 1390 sunt,
1679 1324 1847 1394 elegi-

145 1418 276 1458 mus
324 1405 722 1471 Eustacbium,
775 1409 1146 1463 secretarium
1195 1409 1406 1466 scilicet
1431 1420 1704 1474 vestrum,
1751 1412 1844 1467 vi-

142 1507 274 1548 rutn
320 1493 642 1560 honestum,
685 1496 1086 1565 approbatum,
1141 1497 1449 1567 simplicem
1497 1507 1552 1554 et
1598 1509 1840 1568 rectum,

142 1581 298 1635 intus
327 1589 381 1636 et
426 1581 560 1636 foris
603 1583 818 1638 bonum
874 1584 1174 1640 habentem
1225 1586 1630 1642 testimonium.
1679 1590 1842 1644 Hunc

141 1669 331 1736 talem,
365 1670 530 1724 Pater
586 1673 1076 1738 reverendissime,
1111 1673 1274 1728 vobis
1329 1684 1756 1744 praesentamus,
1786 1685 1840 1732 et

1435 303 1653 358 DOMNI
1695 302 1752 356 L.
1796 303 2142 360 D’ACHERY
2183 305 2404 360 ΝΟΤᾹῧ.

3527 315 3662 367 1098

2042 446 2218 507 Area,
2255 442 2406 496 lator
2433 442 2610 512 legis;
2623 443 3084 511 formula/acta
3115 447 3321 518 gregis.

1980 530 2283 586 Vermibus
2310 548 2442 584 esca
2471 533 2660 599 datus,
2689 533 2881 587 cuncti
2899 552 3008 604 quo
3033 536 3335 603 tendimus,
3375 537 3491 593 ivit.

2034 620 2231 674 Abbas
2259 619 2632 686 Eustachius,
2658 623 2770 689 cui,
2809 624 2983 692 Deus,
3011 627 3130 677 esto
3153 623 3302 694 pius.

2030 743 2240 797 XXIII.
2273 743 2550 799 Girardus
2581 746 2623 799 II
2655 746 2959 816 d'Eraigny
2992 747 3197 814 dictus,
3230 749 3316 804 vel
3345 764 3378 803 a
3425 749 3663 828 familia,

1959 832 2046 886 vel
2109 832 2227 885 loco
2257 832 2454 896 natali,
2515 833 2616 902 qui
2667 834 2910 889 Gizortio
2941 836 3170 891 vicinus
3201 845 3304 892 est.
3343 838 3533 894 Primo
3569 855 3664 894 re—

1959 917 2193 988 giminis
2225 933 2378 973 anno
2409 919 2599 988 potius
2655 921 2891 988 invitus,
2943 936 3116 992 quam
3152 937 3257 978 sua
3289 933 3509 994 sponte,
3541 940 3664 982 ces-

1957 1007 2028 1061 sit
2059 1006 2415 1075 praefectura.

2027 1112 2224 1168 XXIV.
2257 1113 2639 1168 Girarduslll
2687 1128 2720 1168 a
2773 1115 3039 1171 l’raxino.
3101 1116 3212 1171 Init
3269 1132 3398 1172 cum
3460 1119 3658 1173 Fossa-

1958 1201 2214 1256 tensibus
2293 1202 2589 1256 monachis
2663 1203 2983 1259 societatem
3060 1218 3211 1259 anno
3275 1206 3429 1259 1214.
3483 1206 3661 1275 Cujus

1956 1290 2170 1346 litteras
2202 1291 2356 1346 haud
2389 1292 2491 1346 abs
2525 1307 2582 1346 re
2615 1293 2782 1348 fuerit
2813 1294 3134 1362 exprimere
3163 1311 3175 1348 :

2027 1417 2052 1446 ‹‹
2089 1398 2151 1452 In
2192 1397 2421 1453 nomine
2461 1406 2671 1454 sanctae
2731 1409 2785 1454 et
2837 1401 3148 1456 individuze
3191 1402 3503 1470 Trinitatis,
3553 1417 3657 1473 ego

1953 1485 2294 1554 Radulphus
2325 1486 2419 1540 Dei
2475 1488 2660 1556 gratia
2703 1488 2955 1544 ecclesiae
2987 1490 3336 1545 Fossatensis
3379 1492 3572 1557 abbas,
3602 1500 3656 1548 et

1953 1572 2125 1628 totius
2155 1574 2408 1641 ejusdem
2468 1574 2573 1628 loci
2605 1583 2942 1641 conventus,
3002 1577 3288 1632 universis
3321 1587 3654 1647 praesentem

1951 1661 2218 1731 paginam
2251 1662 2594 1731 inspecturis
2625 1672 2820 1718 notum
2879 1664 3138 1731 facimus,
3172 1667 3326 1732 quod
3375 1667 3523 1722 inter
3553 1682 3656 1722 nos

141 1765 204 1812 ut
235 1766 574 1826 pmsemam
606 1773 843 1816 manum
899 1761 1309 1818 benedictionis
1338 1765 1659 1833 apponam,
1694 1780 1838 1835 ευρ,
1878 1743 1921 1797 Β
1949 1755 2003 1802 et
2032 1748 2413 1804 venerabilem
2459 1749 2764 1805 Girardum
2819 1752 3080 1807 abbatem
3115 1753 3385 1818 Flaviaci,
3416 1762 3469 1809 et
3497 1754 3656 1825 ejus-

139 1845 363 1914 pliciter
390 1847 767 1916 postulamus.
795 1870 822 1896 »

207 1934 641 1991 Northmanniae
675 1937 923 1993 ducatus
957 1939 1050 1993 ubi
1087 1937 1142 1992 in
1170 1939 1267 2008 jus
1293 1940 1550 1995 cessisset
1584 1942 1840 1996 Franco-

137 2036 290 2089 rum,
344 2023 642 2093 Pbilippus
682 2025 728 2078 II
779 2039 876 2080 rex
923 2026 1316 2082 Flaviacenses
1346 2027 1545 2083 litteris
1575 2028 1839 2085 tutelari-

136 2110 246 2166 bus
282 2112 470 2167 munit
501 2126 693 2168 mense
723 2113 875 2168 Iulio
905 2116 1059 2170 1202.

210 2199 356 2254 Cum
407 2199 465 2253 in
514 2199 724 2270 Anglia
780 2208 835 2255 et
866 2199 1071 2267 Scotia,
1107 2200 1274 2271 legati
1307 2209 1578 2270 potestate
1630 2203 1702 2259 ab
1739 2205 1840 2258 In-

134 2287 401 2341 nocentio
441 2288 514 2342 III
571 2296 821 2358 accepta,
888 2290 1059 2344 semel
1113 2303 1178 2344 ac
1235 2290 1437 2345 iterum
1501 2291 1840 2362 fungeretur

134 2375 484 2431 Eustachius
525 2375 722 2444 abbas,
761 2397 788 2424 «
820 2377 1157 2433 Przedicavit
1219 2380 1302 2447 (ut
1358 2378 1530 2434 habet
1581 2380 1838 2450 Bogerus

134 2462 507 2533 Hovedenus)
564 2465 806 2520 verbum
868 2466 1115 2530 Domini,
1165 2473 1218 2522 et
1271 2467 1339 2522 de
1382 2469 1836 2538 transgressione

133 2551 447 2607 Dominicm
487 2553 595 2608 diei
630 2561 684 2608 et
715 2553 959 2609 aliarum
1011 2554 1409 2620 festivitatum,
1442 2556 1595 2612 dedit
1625 2557 1834 2625 populo

133 2638 524 2708 paenitentiam
569 2651 623 2696 et
685 2642 1122 2709 absolutionem,
1175 2644 1282 2698 sub
1341 2643 1436 2698 tali
1488 2645 1829 2710 conditione,

132 2728 288 2796 quod
321 2727 399 2782 illi
433 2729 500 2784 de
537 2737 740 2784 caetero
780 2729 1029 2784 debitam
1085 2730 1480 2800 impenderent
1526 2731 1832 2787 Dominicze

131 2816 241 2870 diei
289 2825 342 2872 et
394 2817 520 2873 aliis
566 2825 894 2873 sanctorum
957 2818 1365 2874 festivitatibus
1426 2820 1827 2886 reverentiam,

132 2919 250 2959 non
276 2905 532 2961 faciendo
565 2906 621 2960 in
653 2907 732 2961 eis
767 2907 1089 2976 quidquam
1124 2907 1347 2962 servilis
1376 2908 1582 2976 operis,
1629 2921 1732 2963 nec
1773 2909 1831 2963 in

128 2992 438 3048 Dominicis
484 3002 818 3050 exercerent
865 2995 1052 3050 forum
1113 3009 1307 3050 rerum
1360 2996 1674 3058 venalium,
1733 2997 1828 3051 sed
1868 3011 1908 3067 ο

129 3081 294 3136 bonis
323 3082 612 3151 operibus,
662 3081 904 3137 orationi
943 3082 1142 3138 devote
1173 3082 1516 3138 insisterent.
1555 3084 1686 3139 Haec
1713 3098 1832 3139 ser-

127 3170 321 3224 vanda
393 3169 687 3225 constituit
745 3171 817 3226 ab
877 3170 1018 3226 hora
1063 3185 1215 3227 nona
1260 3173 1480 3229 sabbati
1532 3188 1717 3244 usque
1761 3175 1832 3230 ad

126 3265 319 3312 ortum
350 3258 483 3313 solis
517 3258 576 3313 in
606 3257 696 3314 die
727 3259 924 3314 Luna.
976 3259 1230 3329 Populus
1273 3269 1463 3316 autem
1511 3263 1622 3318 Deo
1653 3263 1832 3318 devo-

127 3353 222 3401 tus
268 3346 340 3401 ad
392 3347 544 3402 illius
594 3346 1076 3416 praedicationem,
1111 3355 1394 3404 voverunt
1427 3349 1540 3405 Deo
1572 3350 1724 3419 quod
1763 3350 1831 3405 de

126 3441 329 3489 metere
362 3434 420 3489 in
453 3435 658 3491 diebus
690 3434 1018 3502 Dominicis,
1071 3450 1175 3490 nec
1200 3436 1523 3506 quidquam
1556 3445 1829 3502 emerent,

126 3535 234 3578 nec
281 3524 610 3588 venderent.
662 3525 769 3578 nisi
838 3523 980 3579 forte
1020 3524 1212 3579 cibum
1254 3531 1312 3579 et
1366 3532 1562 3593 potum
1611 3534 1834 3594 praeter-

125 3610 418 3666 euntibus.
450 3611 748 3667 Voverunt
777 3610 948 3666 etiam
981 3611 1136 3680 quod
1169 3612 1236 3666 de
1290 3611 1537 3682 singulis
1568 3613 1832 3682 quinque

125 3697 321 3753 solidis
349 3699 607 3754 omnium
640 3712 834 3754 rerum
863 3713 1250 3770 quascunque
1272 3700 1606 3766 venderent,
1628 3700 1832 3756 darent

127 3800 312 3841 unum
347 3787 731 3856 quadrantem
770 3787 840 3842 ad
893 3787 1088 3843 lumen
1127 3787 1378 3843 ecclesia:
1417 3788 1744 3855 emendum,
1777 3796 1832 3844 et

126 3875 198 3929 ad
227 3875 585 3945 sepulturam
639 3876 1044 3946 indigentium.
1078 3879 1148 3932 Et
1178 3877 1246 3930 ad
1282 3877 1388 3932 hoc
1417 3877 1827 3947 colligendum,

125 3964 327 4019 statuit
388 3965 696 4034 praedictus
745 3965 925 4020 abbas
972 3965 1030 4019 in
1083 3965 1328 4036 singulis
1379 3965 1631 4021 ecclesiis
1662 3979 1828 4034 paro-

124 4051 407 4107 chialibus
433 4052 553 4107 ﬁeri
589 4060 861 4108 truncum
898 4066 1234 4121 concavum,
1266 4053 1374 4108 sub
1407 4053 1664 4109 custodia
1687 4054 1829 4110 duo-

128 4154 258 4194 rum
293 4148 393 4196 aut
424 4141 600 4196 trium
630 4140 884 4196 ﬁdelium
927 4140 1246 4209 hominum,
1298 4142 1397 4198 ubi
1454 4142 1701 4212 populus
1741 4142 1830 4212 ja-

127 4235 305 4284 ctaret
365 4228 850 4298 praznominatum
909 4242 1005 4284 aes.
1071 4227 1282 4284 Statuit
1319 4231 1489 4284 etiam
1559 4229 1832 4298 prmfatus

1951 1835 2078 1890 dem
2122 1836 2372 1892 ecclesias
2431 1837 2654 1904 fratres,
2697 1839 2828 1893 talis
2887 1841 3113 1895 ﬁrmata
3163 1850 3216 1896 et
3257 1857 3523 1897 concessa
3570 1850 3655 1898 est

1952 1924 2190 1979 societas
2224 1940 2235 1977 :
2271 1925 2326 1979 Si
2376 1925 2555 1981 abbas
2590 1926 2829 1982 alterius
2858 1929 3108 1984 ecclesiae
3143 1930 3212 1983 ad
3263 1930 3434 1986 aliam
3486 1945 3656 1986 vene-

1951 2011 2024 2066 rit
2074 2012 2392 2079 ecclesiam,
2451 2014 2522 2067 ab
2583 2015 2786 2069 abbate
2829 2024 2882 2070 et
2922 2016 3220 2072 monachis
3257 2019 3512 2086 ejusdem
3558 2033 3656 2073 ec-

1950 2099 2152 2167 etesiae,
2190 2107 2253 2154 ut
2282 2100 2553 2166 decuerit,
2584 2101 2897 2158 honoriﬁce
2923 2112 3200 2173 receptus,
3245 2105 3302 2159 in
3363 2105 3537 2161 choro
3568 2106 3647 2161 lo-

1950 2202 2082 2243 cum
2143 2188 2368 2244 abbatis
2420 2189 2740 2245 obtinebit:
2792 2199 2846 2246 et
2926 2193 3244 2261 capitulum
3307 2209 3411 2249 ceu
3472 2194 3654 2250 abbas

1947 2275 2203 2346 ejusdem
2258 2277 2364 2332 loci
2430 2277 2661 2338 tenebit,
2696 2286 2750 2333 et
2779 2279 2982 2335 fratres
3022 2281 3078 2334 in
3111 2283 3390 2337 sententia
3419 2283 3648 2351 positos,

1947 2379 2048 2433 pro
2080 2365 2374 2420 voluntate
2418 2379 2525 2420 sua
2564 2366 2841 2432 absolvet,
2873 2375 2928 2424 et
2958 2369 3298 2438 puniendos,
3347 2370 3496 2426 sicut
3549 2385 3650 2426 ex—

1945 2451 2136 2521 pedire
2183 2455 2530 2523 cegnoverit,
2564 2454 2822 2524 afﬂiget.
2870 2455 3119 2511 Alterius
3166 2456 3390 2512 abbatis
3435 2457 3647 2512 dormi-

1945 2539 2116 2595 tionis
2146 2541 2236 2596 die
2267 2542 2512 2612 cognito,
2543 2543 2829 2613 quidquid
2855 2543 3153 2613 praefatum
3185 2546 3649 2615 unumquodque

1944 2629 2353 2684 monasterium
2423 2629 2617 2685 abbati
2678 2645 2782 2686 suo
2839 2631 3126 2687 decedenti
3186 2642 3412 2688 tenetur
3455 2633 3647 2688 exsol-

1946 2729 2098 2782 vere,
2134 2717 2382 2786 idipsum
2412 2717 2573 2774 alteri
2602 2720 2988 2788 persolvetur;
3019 2728 3073 2776 et
3103 2721 3436 2790 auditoejus
3461 2720 3644 2788 obitu,

1943 2804 2186 2873 pulsatis
2236 2807 2549 2875 campanis,
2602 2805 2929 2863 solemniter
2984 2809 3164 2877 ipsius
3206 2809 3457 2864 officium
3500 2809 3644 2864 cele-

1944 2892 2226 2960 brabitur,
2270 2903 2324 2949 et
2373 2894 2422 2949 ei
2455 2909 2528 2950 ex
2583 2895 2804 2967 integro
2849 2895 3225 2953 tricenarium
3272 2911 3406 2953 cum
3457 2897 3646 2953 debita

1943 2981 2251 3050 praebenda
2277 2983 2650 3050 persolvetur.

2017 3090 2038 3117 ι
2077 3069 2182 3124 Sed
2226 3071 2500 3140 quoniam
2571 3071 2972 3127 defunctorum
3029 3073 3273 3128 fratrum
3327 3073 3516 3129 obitus
3572 3074 3644 3128 ad

1939 3157 2200 3213 notitiam
2251 3158 2486 3215 alterius
2547 3162 3008 3231 congregationis
3053 3175 3154 3230 per
3212 3161 3640 3232 negligentiam,

1939 3245 2029 3300 vel
2061 3245 2407 3302 oblivionem
2459 3261 2607 3317 saepe
2664 3263 2778 3303 non
2809 3249 3104 3318 pervenire
3164 3249 3421 3320 contigit,
3452 3257 3641 3306 statu-

1939 3340 2063 3388 tum
2102 3342 2186 3389 est
2216 3342 2279 3390 ut
2307 3335 2554 3405 singulis
2586 3336 2756 3391 annis
2797 3337 2854 3390 in
2896 3337 3211 3393 crastinum
3240 3337 3424 3392 sancti
3454 3337 3637 3405 Pauli,

1940 3422 2044 3477 hoc
2074 3429 2157 3476 est
2182 3422 2453 3478 Kalendis
2481 3423 2638 3488 Julii,
2667 3438 2767 3492 pro
2797 3424 3076 3480 fratribus
3125 3425 3410 3481 defunctis
3463 3427 3637 3481 trice-

1940 3510 2169 3564 narium
2213 3510 2519 3565 faciemus:
2554 3519 2607 3566 et
2649 3511 2772 3566 istis
2821 3511 3054 3581 triginta
3101 3513 3307 3568 diebus
3364 3513 3633 3583 singulis,

1942 3604 2055 3652 tam
2086 3597 2240 3665 apud
2267 3612 2386 3664 nos,
2430 3612 2605 3667 quam
2657 3599 2806 3668 apud
2863 3599 3004 3665 illos,
3059 3600 3282 3669 integra
3331 3601 3638 3669 praebenda

1937 3684 2271 3754 erogabitur
2298 3686 2668 3754 pauperibus.
2720 3687 2930 3742 Audito
2973 3687 3144 3742 etiam
3177 3687 3639 3759 uniuscujusque

1936 3771 2185 3827 ecclesiae
2224 3771 2469 3828 fratrum
2503 3773 2684 3840 obitu,
2734 3774 3008 3841 ofﬁcium,
3043 3783 3097 3830 et
3129 3776 3358 3830 missam
3410 3776 3465 3830 in
3495 3791 3637 3832 con-

1939 3868 2114 3915 ventu
2153 3861 2480 3916 solemniter
2527 3862 2978 3931 celebrabimus;
3029 3871 3082 3918 et
3113 3863 3326 3933 singuli
3373 3865 3636 3920 sacerdo-

1939 3955 2020 4004 tes
2075 3949 2337 4019 singulas
2395 3950 2595 4006 missas
2644 3965 2744 4020 pro
2776 3951 3020 4021 singulis
3064 3952 3346 4007 defunctis
3375 3952 3636 4008 celebra-

1939 4037 2102 4092 bunt.
2135 4037 2332 4093 Caeteri
2395 4052 2532 4092 vero
2577 4037 2677 4108 qui
2725 4053 2843 4093 non
2877 4047 3013 4094 sunt
3043 4040 3376 4108 sacerdotes,
3411 4041 3640 4112 singula

1938 4124 2228 4194 psalteria,
2264 4133 2318 4181 et
2343 4127 2602 4182 conversi
2639 4127 2896 4197 trigesies
2946 4128 3131 4183 Pater
3157 4132 3387 4182 noster:
3416 4136 3470 4184 et
3514 4128 3638 4200 ipso

1939 4212 2028 4268 die
2058 4213 2145 4268 sui
2178 4212 2346 4268 ofﬁcii
2380 4212 2661 4284 integram
2697 4214 3061 4284 praebendam
3110 4216 3168 4271 in
3203 4217 3498 4273 refectorio
3526 4218 3637 4273 ha-

125 4317 325 4383 abbas,
359 4317 514 4387 quod
545 4317 738 4372 discus
787 4316 1271 4386 eleemosynarius
1327 4317 1638 4373 haberetur
1669 4332 1819 4387 quo-
1859 4309 1902 4361 D
1939 4301 2172 4357 bebum-

125 4406 260 4462 tidie
290 4405 346 4460 in
379 4419 576 4460 mensa
618 4405 884 4472 divitum,
919 4405 976 4460 in
1007 4420 1122 4475 quo
1145 4414 1363 4474 partem
1395 4405 1655 4461 ciborum
1685 4421 1824 4461 suo-

124 4509 255 4550 rum
300 4493 590 4548 mitterent
629 4494 698 4547 ad
747 4507 892 4562 opus
944 4493 1347 4562 indigentium,
1383 4494 1484 4563 qui
1518 4508 1633 4549 non
1678 4507 1820 4563 prae-

122 4581 456 4651 paraverint
481 4580 606 4634 sibi.
642 4580 936 4635 Prohibuit
968 4588 1158 4636 autem
1194 4581 1341 4635 idem
1373 4581 1552 4635 abbas
1581 4595 1652 4635 ne
1691 4581 1824 4649 quis

123 4669 182 4723 in
218 4667 484 4734 ecclesiis,
515 4668 602 4722 vel
643 4668 804 4722 atriis
848 4682 1047 4724 earum
1079 4668 1367 4734 venderet,
1401 4674 1612 4722 emeret
1646 4667 1822 4737 quid-

123 4770 324 4828 quam,
357 4755 443 4811 vel
476 4755 788 4824 placitaret.
823 4777 852 4804 ››

192 4844 443 4900 Tandem
477 4850 668 4913 postea
721 4857 897 4914 quam
946 4843 1200 4914 probatis
1242 4842 1636 4914 religiosisque
1693 4858 1820 4899 mo-

117 4932 283 4988 ribus
316 4932 653 4989 instituisset
698 4932 903 4988 fratres
933 4947 1090 5001 suos,
1120 4932 1376 4987 auxisset
1421 4931 1568 4986 bona
1613 4945 1818 4986 mona-

118 5020 296 5086 sterii,
336 5028 391 5076 et
441 5021 606 5091 longe
654 5020 881 5090 lateque
936 5021 1088 5075 fama
1135 5033 1374 5075 summa}
1424 5019 1644 5087 pietatis
1692 5033 1815 5088 per-

116 5107 384 5176 volasset,
418 5117 553 5164 nota
587 5109 927 5176 sanctitatis,
959 5123 1089 5178 quae
1143 5108 1459 5164 etiamnum
1508 5106 1819 5177 pervulga-

120 5205 217 5253 tur
275 5196 601 5267 insignitus,
670 5197 741 5252 ad
787 5197 1070 5253 ccelestem
1136 5196 1380 5266 patriam
1436 5195 1814 5266 transmigra-

117 5285 201 5341 vit
247 5300 304 5340 tv
362 5286 446 5340 Id.
499 5286 848 5355 Septembris
898 5288 1053 5339 12H.
1106 5284 1381 5341 Conditus
1406 5283 1555 5352 jacet
1595 5283 1652 5338 in
1699 5299 1812 5340 me-

116 5373 343 5430 ditullio
372 5374 621 5430 ecclesia:
668 5389 801 5430 cum
859 5374 968 5428 hac
999 5373 1309 5444 epigraphe
1339 5385 1479 5428 saxo
1509 5371 1812 5442 sepulcrali

118 5462 319 5518 incisa.

116 5549 312 5606 Cultor
341 5548 656 5606 honestatis
681 5565 848 5604 verus
863 5548 1028 5618 jacet
1053 5546 1163 5614 hic,
1197 5551 1252 5603 et
1275 5547 1530 5620 pietatis.

473 5650 746 5716 PATROL.
799 5649 1005 5718 CLVI.

2009 4406 2346 4464 «Caeterum
2381 4406 2428 4461 si
2473 4407 2804 4477 quempiam
2864 4408 3278 4464 monachorum
3329 4409 3633 4479 utriusque

1933 4495 2395 4564 congregationis
2441 4495 2664 4550 abbatis
2695 4496 2784 4550 sui
2835 4496 2977 4550 iram
3031 4511 3131 4551 seu
3183 4496 3629 4565 indignationem

1934 4581 2108 4651 (quod
2141 4581 2291 4636 Deus
2316 4581 2587 4650 avertat)!
2625 4581 2934 4636 incurrisse
2992 4580 3312 4650 contigerit,
3361 4589 3415 4637 et
3467 4596 3525 4636 se
3574 4584 3628 4637 in

1931 4668 2168 4723 alterius
2195 4669 2604 4724 monasterium
2630 4669 2954 4734 contulerit,
2987 4676 3265 4737 tanquam
3298 4683 3453 4724 unus
3483 4670 3632 4740 ejus-

1931 4755 2057 4810 dem
2081 4755 2184 4809 loci
2219 4755 2274 4809 in
2306 4755 2710 4810 communione
2740 4756 2952 4811 scilicet
2983 4763 3096 4810 tam
3156 4755 3416 4826 capituli,
3450 4772 3625 4828 quam

1930 4841 2117 4897 victus
2149 4848 2203 4896 et
2229 4841 2472 4897 vestitus
2507 4843 2634 4907 erit,
2688 4843 2867 4897 donec
2927 4855 3039 4910 pax
3092 4842 3239 4897 inter
3283 4851 3414 4898 eum
3448 4851 3501 4898 et
3531 4845 3631 4899 ab-

1928 4930 2117 4986 batem
2156 4929 2526 4999 reformetur;
2560 4930 2667 4984 nisi
2727 4929 2899 4999 (quod
2931 4929 3133 4997 absitl)
3189 4929 3318 4984 talis
3373 4931 3466 4998 sit,
3525 4931 3626 5000 qui

1928 5017 2246 5074 secundum
2279 5017 2562 5087 regulam,
2597 5032 2714 5072 non
2750 5018 2974 5074 valente
3025 5018 3428 5086 satisfactione,
3472 5020 3628 5075 haud

1926 5106 2124 5163 debeat
2155 5105 2465 5160 conciliari.

1999 5214 2028 5242 ‹‹
2057 5192 2301 5248 Nomina
2331 5201 2520 5248 autem
2553 5201 2666 5249 tam
2720 5193 2962 5261 abbatis,
2999 5207 3176 5263 quam
3216 5199 3364 5249 ωδ
3413 5194 3625 5250 defun-

1923 5288 2146 5337 ctorum
2180 5281 2444 5346 fratrum,
2478 5281 2534 5336 in
2566 5282 2970 5353 martyrologio
2998 5281 3338 5338 scribentur.

1999 5395 2020 5420 ι
2069 5372 2138 5428 Ut
2182 5385 2317 5425 vero
2372 5371 2492 5426 haec
2540 5372 2778 5426 societas
2831 5371 2976 5426 inter
3016 5384 3119 5425 nos
3161 5378 3215 5426 ct
3266 5371 3415 5440 ipsos
3457 5371 3627 5428 ﬁrma

1922 5460 1995 5515 sit
2018 5467 2072 5514 et
2103 5459 2321 5514 stabilis
2352 5458 2407 5512 in
2440 5466 2802 5528 perpetuum,
2828 5459 2979 5513 hanc
3006 5457 3264 5514 chartam
3301 5459 3623 5529 sigillorum

1924 5553 2255 5603 nostrorum
2321 5546 2643 5602 munimine
2719 5546 3041 5602 roboratam
3126 5547 3208 5604 eis
3277 5547 3626 5606 indulsimus

3230 5652 3312 5710 35
