3932 6084
287 290 422 345 1099

1320 281 1434 335 ΑΙ).
1479 281 1632 336 ΟΡΡ.
1676 278 1830 333 VEN.
1876 276 2201 333 GUIBEBTI
2246 276 2332 330 DE
2371 274 2771 331 NOVIGENTO

3667 272 3802 328 1100

285 434 439 476 anno
462 414 880 475 Iucarnationis
926 412 1234 469 Dominica
1264 410 1567 466 millesimo
1596 408 1987 465 ducentesimo
2027 411 2073 462 Α
2102 405 2439 461 auctoritate
2485 402 2816 474 episcopali,
2869 401 2977 457 ﬁde
3022 401 3190 468 bona,
3223 407 3486 456 tenemur
3539 414 3797 471 guaran-

284 509 503 562 decimo
529 512 756 576 quarto.
793 522 821 554 ι)

356 595 618 650 Ecclesia
680 589 1040 662 parochialis,
1105 602 1284 658 quam
1357 586 1413 642 in
1475 585 1719 641 Corileto
1788 598 1985 640 recens

284 688 696 738 exstruxerant
743 679 1158 744 Flaviacenses,
1220 675 1743 746 paasentationem,
1786 681 1850 728 ut
1895 687 1987 728 vo-

283 778 438 837 cant,
471 769 800 838 impertitur
834 765 1130 835 Philippus
1179 761 1668 820 Bellovacensium
1725 761 1979 828 antistes,

284 859 352 913 ad
389 858 547 913 hunc
579 857 814 912 modum
845 871 856 910 :

361 969 382 995 ι
436 947 727 1001 PHILIPPUS
818 943 912 998 Dei
999 942 1185 1013 gratia
1259 940 1617 996 Belvacensis
1667 939 1980 1008 episcopus,

283 1035 553 1091 omnibus
584 1034 641 1088 in
673 1033 894 1088 Christo
938 1031 1218 1094 ﬁdelibus,
1253 1029 1495 1084 salutem
1531 1029 1584 1082 in
1622 1035 1980 1096 perpetuum.

281 1123 513 1180 Noverit
544 1121 889 1178 universitas
917 1127 1110 1174 vestra
1139 1119 1294 1188 quod
1325 1131 1457 1172 cum
1489 1115 1764 1170 Girardus
1785 1114 1980 1181 abbas,

283 1220 338 1268 et
394 1217 711 1267 conventus
766 1208 957 1264 Sancti
1010 1205 1299 1263 Geremari
1358 1203 1758 1269 Flaviacensis,
1804 1211 1985 1257 terras

284 1299 547 1366 arabiles,
579 1312 726 1369 quas
771 1297 829 1352 in
869 1305 1064 1352 nostra
1093 1294 1319 1350 dioecesi
1373 1293 1755 1363 possidebant,
1806 1291 1984 1346 Iocas-

283 1397 406 1445 sent
436 1388 774 1448 cultoribus,
809 1386 1136 1455 ibidemque
1163 1383 1374 1448 villam,
1400 1382 1709 1437 Coriletum
1732 1380 1980 1446 nomine,

284 1479 354 1534 de
397 1491 546 1532 novo
612 1475 1092 1537 construxissent,
1136 1471 1427 1527 communi
1479 1484 1717 1525 assensu
1775 1468 1982 1526 ibidem

283 1565 578 1620 ecclesiam
637 1563 1030 1619 fundaverant
1071 1560 1316 1630 propriis
1372 1559 1718 1628 sumptibus,
1775 1566 1829 1613 et
1860 1557 1984 1612 red-

284 1653 500 1709 ditibus
526 1653 781 1708 eamdem
831 1650 1096 1705 ditantes.
1145 1649 1257 1704 Nos
1287 1662 1519 1718 quoque
1551 1647 1622 1702 ad
1656 1646 1982 1716 petitionem

283 1752 506 1804 eorum,
579 1736 1075 1806 prasentationem
1133 1735 1296 1790 dicta
1361 1733 1660 1804 parochia,
1733 1733 1983 1788 ecclesia

286 1826 478 1882 Sancti
508 1825 798 1881 Geremari
845 1831 1119 1893 perpetuo
1163 1821 1560 1892 possidendam
1598 1821 1982 1876 concedimus.

285 1915 370 1970 Ad
405 1915 576 1984 cujus
630 1913 711 1968 rei
757 1911 1149 1968 testimonium
1203 1917 1536 1981 prasentem
1594 1911 1862 1980 paginam
1894 1909 1987 1964 di-

287 2002 390 2058 ctis
444 2001 742 2057 monachis
800 1999 1164 2065 tradidimus,
1213 1998 1382 2069 sigilli
1437 1998 1614 2054 nostri
1665 1997 1988 2053 munimine

286 2091 634 2148 roboratam.
705 2113 712 2116 -

357 2201 384 2230 ς
428 2181 637 2235 Datum
685 2177 936 2233 Flaviaci
991 2191 1144 2231 anno
1192 2177 1264 2232 ab
1305 2176 1705 2232 Incarnatione

288 2269 591 2325 millesimo
620 2267 1008 2323 ducentesimo
1038 2266 1256 2320 decimo
1296 2265 1519 2334 quinto.
1553 2286 1580 2314 κ

358 2357 633 2412 Girardus
662 2371 699 2409 v
730 2355 866 2410 Idus
897 2354 1084 2411 Martii
1127 2357 1262 2406 1215
1301 2354 1434 2410 vita
1459 2369 1695 2410 cursum
1751 2355 1985 2424 peregit.

359 2445 539 2501 XXV.
590 2443 870 2498 Girardus
899 2443 969 2496 de
1011 2441 1330 2513 Haraigny,
1365 2456 1466 2498 seu
1505 2442 1786 2514 Eraigng,
1819 2442 1990 2512 cujus

287 2546 466 2602 supra
507 2532 889 2598 meminimus,
952 2530 1161 2586 iterum
1227 2530 1514 2585 communi
1574 2532 1986 2586 monachorum

288 2621 508 2676 calculo
534 2621 606 2675 ad
635 2619 880 2676 abbatia
920 2618 1381 2688 gubernaculum
1412 2619 1746 2674 assumitur.

1765 2175 1986 2232 Domini

357 2708 717 2762 Testamento
786 2704 1252 2760 Flaviacensibus
1321 2717 1547 2758 crucem
1610 2717 1867 2771 auream,
1935 2698 1989 2760 et

286 2794 663 2851 ecclesiastica
711 2800 1070 2858 ornamenta,
1118 2805 1237 2848 una
1266 2791 1415 2847 villa
1441 2791 1748 2862 Spalburgi
1790 2793 1988 2864 (vulgo

287 2880 692 2952 Espaubourg)
726 2889 942 2950 partem
974 2889 1172 2950 erogat
1205 2880 1262 2934 in
1302 2880 1575 2936 extremis
1605 2880 1822 2950 positus
1862 2877 1990 2936 Phi-

2092 495 2214 550 dire
2249 493 2566 564 pralibata,
2601 493 2656 546 in
2685 492 2854 561 cujus
2888 490 2966 546 rei
2992 491 3312 557 ﬁdem,etc.

2168 606 2195 632 ‹‹
2225 584 2370 639 MILO
2399 583 2720 652 episcopus.
2753 601 2779 630 ›

2163 673 2390 728 Statuta
2419 669 2766 740 prascripsit
2795 667 3071 723 Girardus
3099 667 3280 722 abbas
3310 681 3442 736 qua
3481 666 3552 721 ad
3597 666 3795 736 praci-

2093 774 2237 830 puas
2285 761 2558 816 festorum
2618 765 2876 827 spectant
2923 756 3309 811 solemnitates
3359 770 3371 809 :
3441 755 3520 809 ita
3578 762 3799 809 veteres

2091 849 2535 905 consuetudines
2562 846 2818 917 ejusdem
2851 844 3114 900 canobii.

2165 937 2391 992 Fundat
2436 949 2508 991 ex
2561 947 2847 990 consensu
2894 932 3128 1002 capituli
3191 931 3649 986 anniversariam
3707 930 3798 985 sui

2091 1025 2281 1082 obitus
2311 1025 2480 1090 diem,
2515 1037 2667 1078 anno
2701 1025 2856 1076 1235.

2165 1115 2397 1170 Mortem
2443 1112 2680 1182 oppetiit
2735 1110 2861 1165 Kal.
2917 1109 3066 1179 Sept.
3118 1110 3272 1164 l236.
3316 1109 3468 1164 Jacet
3530 1107 3586 1163 in
3646 1107 3805 1177 capi-

2092 1201 2246 1272 tulo;
2297 1201 2395 1257 ubi
2444 1201 2552 1256 hoc
2608 1201 2789 1255 visere
2841 1207 2922 1254 est
2977 1197 3335 1268 epitaphium
3381 1195 3642 1266 sepulcro
3701 1197 3798 1251 in-

2093 1304 2276 1346 ClSllm
2311 1305 2323 1343 Σ
3089 1312 3093 1316 -

2165 1411 2325 1484 Quid,
2340 1412 2584 1484 facimus
2612 1428 2741 1466 cum
2769 1410 3379 1484 negligimus-peccata
3396 1425 3614 1484 cavere.

2166 1482 2275 1548 Qui
2290 1480 2454 1552 jacet
2484 1482 2574 1536 hic
2596 1497 2826 1554 semper
2841 1480 3081 1554 'stitduit
3117 1480 3263 1536 bona
3300 1484 3523 1554 cuneta
3539 1480 3760 1544 fovere.

2166 1550 2312 1608 Cum
2338 1554 2600 1620 moritur,
2632 1550 2745 1608 nor]
2775 1552 3059 1607 deseritur
3088 1552 3382 1606 Gerardu:
3408 1551 3474 1607 in
3501 1550 3617 1604 imo

2167 1625 2276 1681 Sed
2299 1625 2434 1680 calo
2461 1623 2713 1694 infertur
2739 1624 2890 1680 dono
2917 1624 3135 1678 ditatus
3157 1626 3366 1694 Opima.

2168 1748 2367 1804 XXVI.
2403 1747 2838 1804 Guillelmusde
2903 1744 3186 1811 Vilaincs,
3237 1758 3462 1801 morum
3511 1742 3799 1813 probitate

2096 1835 2307 1891 clarus.
2356 1834 2520 1890 Sedet
2583 1848 2714 1890 cum
2766 1833 2891 1889 aliis
2946 1831 3255 1888 abbatibus
3321 1831 3615 1887 Remensis
3673 1843 3800 1898 pro-

2094 1924 2300 1980 vincia
2331 1923 2386 1978 in
2443 1922 2711 1992 capitulo,
2761 1922 2879 1977 sive
2924 1919 3397 1992 congregratione
3444 1918 3595 1988 apud
3654 1917 3795 1972 San-

2095 2022 2251 2069 ctum
2284 2011 2644 2068 Vincentium
2677 2010 3115 2066 Laudunensem
3143 2016 3471 2063 convocata.

2163 2099 2364 2154 Theca
2413 2106 2696 2169 argentea
2739 2113 2881 2154 auro
2922 2098 3245 2169 lapillisque
3296 2099 3605 2161 adornata,
3661 2094 3795 2148 sole-

2094 2189 2214 2242 mni
2262 2188 2377 2242 ritu
2425 2187 2747 2243 astantibus
2790 2186 3110 2254 Guillelmo,
3150 2202 3222 2240 ex
3281 2183 3634 2241 Flaviacensi
3682 2197 3795 2235 mo-

2096 2277 2280 2331 nacho
2307 2275 2510 2331 abbate
2568 2276 2951 2344 Cluniacensi,
2985 2284 3038 2331 et
3066 2275 3366 2331 Guillelmo
3405 2275 3473 2329 de
3525 2271 3792 2333 Vilaines,

2097 2364 2320 2420 Guillel.
2373 2364 2540 2432 episc.
2609 2364 3058 2419 benedictionem
3109 2364 3451 2432 impertitur,
3508 2368 3564 2414 et
3609 2359 3674 2412 in
3727 2371 3796 2412 ea

2095 2466 2323 2508 sacrum
2355 2451 2535 2507 sancti
2559 2452 2844 2507 Geremari
2867 2451 3170 2508 brachium
3203 2450 3551 2506 reconditur.

2167 2543 2330 2596 Anno
2393 2544 2547 2606 1255,
2618 2541 2957 2596 Guillelmus
3026 2540 3191 2612 pium
3241 2539 3430 2610 patri:
3490 2534 3796 2592 ostendens

2095 2631 2384 2698 aﬂectum,
2435 2629 2651 2698 praedia
2698 2629 2963 2698 quadam
2996 2643 3067 2684 ne
3121 2628 3241 2683 suis
3280 2635 3398 2682 tum
3461 2624 3634 2690 sanis,
3672 2631 3798 2677 tum

2097 2715 2340 2771 inﬁrmis
2372 2715 2514 2785 quid
2541 2716 2776 2780 deesset,
2809 2714 3006 2784 selegit
3063 2728 3128 2769 ac
3159 2711 3429 2768 decernit.
3464 2708 3622 2776 Quod
3674 2708 3804 2777 qui-

2097 2805 2226 2860 dem
2301 2812 2582 2860 statutum
2629 2804 2700 2858 ab
2761 2804 3022 2872 episcopo
3087 2800 3414 2857 Belvacensi
3471 2796 3799 2859 Guillelmo,

2099 2907 2203 2948 nec
2226 2907 2347 2947 non
2376 2893 2448 2948 ab
2493 2892 2820 2948 Alexandro
2864 2892 2937 2946 IV
2993 2891 3095 2960 pia
3142 2888 3431 2944 memoria
3489 2886 3672 2941 voluit
3704 2898 3803 2952 ap-

291 2970 483 3040 lippus
539 2968 954 3024 Bellovacensis
1025 2967 1255 3036 prasul.
1317 2968 1385 3022 Et
1435 2967 1584 3022 hanc
1624 2969 1986 3024 donationem

2174 2981 2425 3036 obatum.
2467 2980 2626 3047 Quod
2647 2989 2702 3036 et
2727 2988 2920 3036 actum
2945 2987 3049 3034 est.
3085 2980 3329 3034 Causam
3378 2983 3570 3032 autem
3602 2974 3802 3042 ejusce

288 3072 580 3115 successor
608 3057 762 3119 Milo.
809 3056 1040 3112 obtento
1089 3056 1252 3126 prius
1280 3070 1314 3110 a
1343 3056 1633 3112 canonicis
1659 3058 1792 3127 jure
1831 3058 1986 3127 quod

289 3147 350 3202 in
399 3147 659 3202 eamdem
732 3144 927 3200 villam
998 3143 1353 3211 obtinebant,
1413 3144 1695 3214 approbat
1755 3146 1813 3200 in
1868 3146 1990 3201 hac

288 3234 466 3290 verba
499 3250 511 3289 :

365 3343 386 3370 ι
439 3321 582 3379 MILO
631 3320 729 3376 Dei
770 3319 955 3390 gratia
1002 3318 1358 3376 Belvacensis
1419 3319 1669 3376 ecclesia
1730 3321 1990 3377 minister

290 3407 546 3474 humilis,
574 3407 843 3462 omnibus
872 3405 1079 3462 Christi
1111 3406 1374 3463 ﬁdelibus
1403 3408 1475 3462 ad
1505 3422 1654 3477 quos
1686 3416 1989 3478 prasentes

290 3498 491 3553 littera
523 3496 875 3562 devenerint,
905 3503 1177 3550 aternam
1211 3495 1267 3550 in
1321 3496 1561 3552 Domino
1589 3497 1852 3552 salutem.
1875 3497 1988 3554 No-

294 3594 416 3642 tum
475 3583 719 3640 facimus
774 3583 1076 3649 universis,
1127 3583 1283 3652 quod
1343 3598 1475 3639 cum
1532 3585 1797 3654 quadam
1858 3599 1991 3655 pars

289 3674 441 3728 villa
472 3674 540 3728 de
589 3672 974 3742 Espaubourg
1008 3672 1065 3726 in
1121 3671 1468 3738 hominibus,
1532 3673 1723 3739 feodis,
1773 3675 1987 3743 campi-

289 3765 470 3831 parte,
505 3760 689 3826 terris,
723 3759 919 3830 pratis,
952 3760 1282 3816 nemoribus
1309 3767 1365 3814 et
1413 3760 1583 3815 rebus
1627 3760 1771 3827 aliis,
1823 3761 1989 3816 dicta

292 3850 472 3920 partis
518 3848 669 3904 villa
717 3848 1090 3918 pertinentiis,
1154 3862 1226 3903 ex
1277 3857 1435 3917 parte
1483 3848 1795 3904 Harinerici
1836 3849 1987 3905 Rulli

290 3937 586 4006 quondam
619 3935 815 3991 militis
869 3934 1243 4002 Belvacensis,
1272 3935 1339 3989 ad
1373 3935 1477 4004 pia
1509 3937 1795 3991 memoria
1857 3935 1986 3991 Phi-

290 4025 509 4094 lippum
549 4024 841 4094 quondam
903 4023 1298 4078 Belvacensem
1360 4024 1712 4093 episcopum,
1772 4025 1987 4093 prade-

291 4126 567 4168 cessorem
599 4119 883 4178 nostrum,
949 4111 1146 4167 fuisset
1173 4111 1469 4180 devoluta;
1503 4119 1558 4167 et
1592 4112 1738 4166 idem
1769 4111 1991 4182 Philip-

292 4215 401 4270 pus
429 4199 719 4255 canonicis
745 4199 920 4254 beata
944 4199 1136 4255 Maria
1166 4199 1522 4255 Belvacensis
1550 4199 1606 4254 in
1649 4207 1989 4269 perpetuum

290 4287 706 4358 pranominata
735 4286 1063 4342 contulisset
1094 4302 1107 4341 :
1143 4287 1290 4343 idem
1343 4287 1604 4342 canonici
1642 4289 1710 4342 de
1751 4300 1990 4344 assensu

290 4375 530 4446 capituli
556 4375 704 4432 beati
737 4375 887 4430 Petri
926 4374 1301 4438 Belvacensis,
1341 4375 1646 4431 sufﬁcienti
1693 4377 1988 4432 excambio

292 4464 425 4519 inde
463 4470 707 4534 recepto,
763 4462 927 4519 nobis
975 4463 1180 4519 eadem
1229 4464 1628 4533 quittaverunt
1669 4464 1726 4518 in
1785 4479 1988 4535 perpe-

291 4560 459 4608 tuum
492 4552 754 4617 tenenda,
787 4551 876 4607 vel
906 4551 1001 4607 cui
1022 4550 1298 4606 vellemus
1333 4551 1747 4607 transferenda.

367 4661 390 4689 ι
423 4638 539 4695 Nos
567 4653 704 4710 ergo
732 4639 1028 4694 ecclesiam
1078 4639 1500 4694 Flaviacensem
1527 4647 1764 4708 paterno
1795 4655 1990 4697 amore

291 4727 743 4797 complectentes,
777 4727 904 4796 ipsi,
945 4736 1001 4783 et
1041 4728 1337 4783 monachis
1375 4728 1583 4784 ibidem
1623 4743 1988 4785 commoran-

291 4816 463 4882 tibus,
493 4816 614 4872 hac
636 4815 831 4871 omnia
869 4815 1251 4871 concessimus
1281 4817 1528 4872 tenenda
1554 4817 1615 4872 in
1644 4826 1986 4887 perpetuum

289 4903 467 4960 libere
494 4913 549 4960 et
579 4903 791 4974 quiete,
842 4917 972 4959 cum
1006 4911 1121 4959 tota
1165 4904 1412 4975 justitia,
1469 4919 1600 4960 cum
1651 4905 1800 4970 aliis,
1854 4921 1987 4976 qua

289 4993 612 5062 antiquitus
681 4990 1160 5061 pradecessorum
1246 5001 1573 5049 nostrorum
1641 4994 1988 5062 temporibus

289 5080 423 5137 dicti
481 5081 744 5136 monachi
835 5079 1044 5135 ibidem
1099 5081 1272 5136 libere
1331 5088 1386 5136 et
1447 5081 1680 5150 paciﬁca
1738 5081 1984 5150 posside-

289 5169 451 5233 bant,
480 5169 735 5240 masagio
767 5167 980 5224 scilicet
1006 5183 1128 5236 suo,
1176 5168 1508 5224 hominibus
1545 5169 1738 5236 feodis,
1799 5171 1981 5238 terris,

287 5257 487 5326 pratis,
533 5255 879 5322 nemoribus,
913 5256 1166 5322 decimis,
1200 5255 1560 5320 molendinis,
1595 5256 1782 5324 aquis,
1839 5271 1986 5312 cam-

287 5345 504 5415 piparte
541 5352 596 5401 et
629 5352 742 5400 tota
756 5345 998 5415 justitia.
1045 5344 1252 5415 Itaque
1298 5343 1358 5399 in
1387 5344 1550 5400 dicta
1599 5343 1750 5399 villa
1808 5345 1982 5414 perti-

285 5433 516 5499 nentiis,
543 5433 687 5488 nihil
713 5433 878 5489 nobis
923 5433 1255 5498 retinemus,
1304 5433 1448 5502 quin
1499 5432 1762 5488 monachi
1794 5433 1986 5488 nomi-

289 5520 408 5576 nati
439 5520 498 5575 in
539 5521 849 5590 pralibatis
888 5519 1050 5590 plene
1097 5520 1389 5591 gaudeant
1430 5520 1708 5577 libertate.
1757 5520 1985 5591 Nosque

2097 3068 2309 3125 decreti
2340 3069 2491 3123 hanc
2541 3067 2706 3124 affert
2747 3085 2760 3123 :
2797 3089 2823 3117 α
2873 3069 3111 3138 Egestas
3159 3067 3314 3122 enim
3371 3063 3715 3127 murmuris,
3746 3069 3802 3115 et

2097 3157 2485 3226 impatientia,
2536 3161 2711 3226 atque
2757 3157 2928 3212 etiam
2982 3154 3312 3225 cupiditatis
3369 3162 3797 3219 nonnunquam

2093 3253 2176 3301 est
2204 3243 2442 3300 occasio.
2493 3266 2520 3293 »
2567 3245 2814 3315 Egregia
2869 3243 3154 3300 Guillelmi
3197 3240 3597 3312 providentia!
3633 3238 3796 3292 Diem

2095 3333 2362 3388 ultimum
2392 3333 2597 3388 clausit
2620 3347 2743 3388 xvn
2782 3332 2908 3388 Kal.
2941 3331 3098 3388 Junii
3132 3333 3286 3385 1259.

2164 3421 2391 3477 XXVII.
2477 3421 2678 3476 Petrus
2728 3420 2800 3475 de
2860 3421 3224 3475 Veaencourt.
3299 3416 3575 3472 Praciaro
3623 3429 3796 3483 opere

2094 3510 2443 3566 immortales
2473 3509 2684 3579 glorias
2725 3509 2841 3578 ipso
2894 3510 2986 3564 sui
3016 3508 3313 3580 regiminis
3358 3510 3508 3559 609
3543 3504 3796 3573 primor-

2093 3599 2186 3653 dio
2216 3605 2559 3653 consecutus
2584 3606 2684 3653 est.
2729 3598 3021 3668 Siquidem
3054 3611 3294 3652 summa
3324 3595 3421 3650 Dei
3467 3592 3637 3648 matri
3667 3592 3797 3646 Vir-

2094 3686 2332 3756 ginique
2375 3684 2671 3752 sacellum,
2739 3685 2886 3741 mira
2961 3693 3255 3742 structura
3308 3680 3687 3738 exaediﬁcavit
3745 3687 3799 3734 et

2093 3774 2479 3843 consecravit;
2550 3776 2702 3844 quod
2773 3775 3089 3830 etiamnum
3156 3779 3363 3837 exstat,
3444 3776 3801 3840 praestatque

2093 3876 2226 3918 cum
2285 3861 2733 3931 pulchritudine,
2791 3872 2912 3918 tum
2988 3862 3364 3932 amplitudine
3408 3859 3586 3914 sacris
3653 3871 3802 3926 pene

2093 3951 2364 4006 omnibus
2388 3950 2583 4006 Gallia
2613 3952 2888 4008 adiculis.
2923 3950 3224 4006 Constituit
3251 3952 3309 4004 in
3339 3963 3404 4004 eo
3434 3961 3598 4002 sacra
3641 3961 3804 4016 quo-

2093 4039 2230 4094 tidie
2259 4039 2482 4109 agenda
2537 4053 2848 4110 precesque
2874 4040 3155 4106 horarias,
3199 4038 3320 4093 suis
3377 4033 3800 4098 annitentibus,

2097 4128 2524 4196 persolvendas.

2172 4217 2379 4272 Padus
2403 4217 2524 4272 sive
2621 4215 2946 4272 societatem
3011 4221 3214 4286 pactus
3263 4221 3347 4270 est
3411 4226 3542 4268 cum
3601 4211 3804 4266 Sancti

2099 4304 2356 4360 Audoeni
2390 4305 2862 4375 Rothomagensis
2889 4304 3184 4360 canobitis
3220 4317 3314 4358 an.
3351 4304 3507 4356 l26l.

2167 4393 2381 4449 Auctas
2431 4407 2567 4448 vero
2639 4393 2831 4449 Sancti
2877 4393 3168 4449 Geremari
3240 4390 3616 4462 possessiones
3672 4403 3804 4444 am-

2097 4483 2362 4552 plissimis
2391 4483 2730 4538 muneribus
2782 4482 2946 4549 Petri,
2997 4482 3263 4553 indigitat
3300 4494 3498 4536 annua
3539 4479 3650 4534 diei
3710 4479 3808 4534 de-

2097 4572 2395 4641 positionis
2459 4571 2714 4642 ejusdem
2774 4571 2917 4627 Petri
2985 4568 3472 4636 commemoratio,
3528 4567 3807 4622 ordinata

2097 4673 2287 4715 mense
2317 4659 2464 4715 Maio
2498 4661 2652 4713 I269.

2166 4748 2376 4803 Ineunt
2443 4761 2634 4802 mense
2705 4747 2856 4802 Julio
2940 4749 3075 4800 1275
3137 4745 3684 4815 Sangeremarenses
3751 4752 3810 4799 et

2095 4834 2287 4891 Sancti
2349 4834 2584 4890 Luciani
2643 4834 3062 4890 Bellovacensis
3120 4833 3386 4889 monachi
3455 4845 3573 4888 una
3612 4833 3807 4889 socie-

2093 4931 2263 4980 tatem
2275 4966 2287 4977 .

2161 5011 2349 5067 Tertio
2403 5011 2528 5068 Kal.
2583 5011 2716 5067 Maii
2759 5011 2895 5066 1272
2938 5024 3174 5068 cursum
3220 5010 3354 5065 vita
3405 5007 3658 5078 implevit
3706 5011 3809 5066 Pe-

2092 5107 2236 5166 trus,
2267 5107 2322 5154 et
2361 5099 2419 5153 in
2451 5099 2597 5155 atrio
2628 5099 2818 5155 sacelli
2862 5113 2895 5154 a
2925 5113 2985 5155 se
3015 5098 3326 5155 constructi
3354 5096 3624 5162 afﬁcitur,
3657 5111 3808 5153 cum

2093 5187 2202 5242 hac
2229 5187 2554 5256 rhythmica
2591 5188 2921 5258 epigraphe,
2953 5187 3252 5257 sepultura
3287 5201 3299 5239 :

2199 5311 2433 5382 Petrum
2451 5313 2623 5382 petra
2652 5310 2788 5382 tegit
2813 5309 3095 5376 abbatem,
3127 5309 3227 5382 qui
3255 5309 3392 5363 bene
3431 5307 3579 5382 rexit

2198 5378 2532 5461 glauetrdrn
2550 5378 2874 5461 Gertriense,’
2889 5397 3055 5461 (laena
3077 5378 3526 5461 Cliristaesereet
3539 5378 3614 5434 ab
3637 5396 3806 5434 ense.

2195 5455 2411 5506 Devota
2431 5451 2558 5506 vita
2577 5468 2808 5522 semper
2836 5450 2968 5518 fuit,
2999 5455 3054 5505 et
3077 5451 3202 5505 sine
3236 5450 3358 5505 lite.

2197 5522 2382 5594 Elegit
2409 5522 2640 5592 cellam,
2679 5520 2854 5593 quam
2883 5522 3136 5578 condidit
3163 5523 3292 5594 ipse
3317 5520 3631 5593 capellam.
