3924 6090
128 289 254 339 11υΙ

210 414 478 487 Virginis
499 414 561 469 in
594 413 767 487 laude
794 412 938 487 caeli,
969 415 1033 468 ut
1046 413 1378 487 requiescat
1400 414 1463 468 in
1480 415 1623 487 ade.

201 485 358 541 Huic
386 487 462 542 sit
488 485 764 558 propitia,
798 485 897 541 oia
923 485 1075 551 caeli,
1120 485 1298 557 Virgo
1327 486 1544 540 Maria.

203 592 467 648 XXVIII.
533 592 768 647 Michael
835 608 866 645 e
937 591 1258 651 Castaneto,
1326 590 1499 661 vulgo
1548 593 1833 662 Calenay,

130 695 306 751 prope
363 682 780 736 Claromontem
831 679 1230 736 Belvacensem
1281 680 1565 735 oriundus
1615 696 1627 733 :
1677 680 1839 749 prius

134 769 520 825 Flaviacensis
570 768 818 824 ccenobii
867 766 1225 833 cellerarius,
1275 776 1543 823 accurate
1578 767 1836 837 discipli-

135 871 271 912 nam
310 859 684 913 monasticam
733 856 1005 912 servavit.
1046 856 1319 925 Impetrat
1359 870 1391 909 a
1431 855 1694 925 Philippo
1738 858 1835 925 III,

139 946 495 1000 Francorum
534 959 686 1015 rege,
735 943 1169 1014 privilegiorum
1213 942 1702 1000 conﬁrmationem
1741 957 1834 1000 an.

144 1034 299 1087 I275.
332 1034 401 1088 Et
444 1046 596 1088 anno
640 1035 793 1099 I276,
837 1046 1029 1087 mense
1064 1034 1327 1102 Augusto
1366 1031 1674 1087 nonnullas
1712 1046 1842 1088 con-

140 1120 249 1176 fert
296 1120 691 1189 possessiones.
758 1139 786 1167 ‹‹
834 1120 942 1175 Pro
985 1119 1344 1175 solemnitate
1381 1118 1573 1186 ofﬁcii,
1628 1119 1836 1190 inquit,

139 1208 233 1264 die
270 1207 458 1264 obitus
494 1208 670 1264 nostri
712 1208 1108 1263 anniversario
1138 1206 1403 1274 faciendi,
1443 1216 1498 1264 et
1542 1222 1643 1278 pro
1681 1208 1842 1266 libris

137 1296 386 1351 ecclesiae
416 1304 623 1351 nostrae
656 1296 1014 1366 reparandis.
1054 1316 1082 1345 ››

214 1383 428 1454 Sepulti
472 1384 660 1456 jacent
709 1385 766 1439 in
812 1383 932 1438 aede
984 1383 1241 1453 Deiparaa
1290 1383 1558 1455 Virginis,
1612 1384 1842 1441 Guillel-

140 1486 272 1528 mus
344 1486 411 1527 ac
456 1472 811 1543 Reginaldus
866 1472 1163 1527 castellani
1213 1470 1629 1528 Belvacenses:
1690 1489 1840 1544 quo-

140 1575 273 1616 rum
302 1560 671 1630 depositionis
711 1561 832 1616 dies
876 1560 1273 1616 anniversaria
1313 1567 1546 1616 notatur
1581 1561 1654 1616 ab
1688 1575 1842 1617 anno

148 1651 299 1702 I27I.
354 1649 417 1703 In
462 1648 571 1703 hac
619 1648 743 1717 ipsa
786 1648 908 1704 aede
954 1661 1121 1703 sacra
1166 1648 1441 1704 visuntur
1490 1656 1546 1704 et
1592 1649 1704 1704 alia
1753 1663 1837 1705 se-

143 1737 366 1808 pulcra.

212 1827 444 1881 Naturae
501 1825 756 1881 debitum
818 1825 988 1881 solvit
1037 1824 1274 1881 Michael
1324 1840 1381 1881 ιν
1444 1825 1566 1882 Kal.
1636 1827 1839 1896 Augu-

138 1914 214 1969 sti
271 1915 427 1980 I28:’i,
491 1921 547 1969 et
608 1922 741 1969 ante
802 1913 984 1969 altare
1047 1913 1304 1983 ejusdem
1360 1914 1498 1967 aedis
1575 1912 1842 1968 conditus

137 2008 246 2057 est.

219 2089 431 2145 XXIX.
467 2091 668 2145 Petrus
707 2089 782 2145 II.
817 2088 1074 2158 Diploma
1118 2088 1417 2158 Philippus
1458 2089 1547 2155 IV,
1588 2088 1842 2144 Franco-

141 2191 276 2232 rum
312 2190 432 2240 rex,
478 2178 641 2233 Petro
676 2177 992 2243 annitente,
1037 2175 1506 2232 Flaviacensibus
1544 2176 1837 2243 concessit,

142 2280 262 2335 quo
307 2266 560 2335 ipsorum
598 2265 884 2321 universae
931 2265 1321 2320 immunitates
1356 2278 1423 2319 ac
1463 2264 1843 2334 possessiones

140 2353 255 2409 sub
281 2354 441 2424 regia
482 2353 739 2420 tuitione,
768 2353 926 2409 velut
966 2352 1150 2422 ipsius
1186 2353 1568 2423 praestiterant
1595 2361 1843 2408 anteces-

141 2455 318 2509 sores,
368 2441 619 2497 declarat
660 2455 813 2498 anno
848 2444 1001 2496 I287.
1055 2440 1208 2498 Obiit
1248 2442 1451 2498 Petrus
1503 2456 1559 2496 IX
1597 2441 1837 2497 Kalend.

140 2529 400 2585 Octobris
433 2532 583 2584 I299.

215 2617 385 2673 XXX.
419 2618 613 2675 Fulco.
647 2618 901 2674 Charum
933 2617 1249 2675 domesticis
1276 2618 1607 2689 exterisque
1636 2618 1838 2675 Fulco-

143 2720 277 2762 nem
347 2706 647 2774 exstitisse,
714 2720 781 2763 ac
843 2707 1091 2763 fratrum
1146 2706 1466 2764 concordia;
1531 2707 1842 2778 probaeque

143 2793 564 2850 conversationi
635 2796 991 2851 consuluisse
1044 2795 1320 2852 exhibent
1372 2796 1615 2852 cmnobii
1664 2810 1840 2851 mem-

146 2882 364 2938 branae.
425 2882 626 2938 Villam
695 2883 765 2938 de
822 2882 1003 2952 Reilly
1048 2883 1107 2938 in
1163 2896 1309 2953 pago
1358 2882 1690 2951 Vilcassino,
1744 2882 1840 2939 ubi

1378 284 1597 342 DOMNI
1642 286 1699 342 L.
1744 286 2080 343 D’ACHERY
2122 288 2340 343 NOTAE.

3500 294 3635 346 1102

1866 424 1907 472 Α
1937 417 2141 482 cimus,
2177 415 2331 483 quod
2364 428 2498 469 cum
2533 414 2802 486 religiosi,
2855 417 3034 472 abbas
3072 425 3125 473 et
3163 425 3481 475 conventus
3517 434 3636 475 mo-

1946 504 2178 558 nasterii
2214 504 2267 557 S.
2311 502 2597 557 Geremari
2635 504 2704 558 de
2748 505 2991 572 Flaiaco,
3032 505 3387 561 Belvacensis
3427 507 3637 561 dioece-

1945 590 2041 657 sis,
2070 593 2360 645 occasione
2391 590 2693 659 cujusdam
2740 591 2945 646 domus
2980 605 3113 646 cum
3149 594 3315 647 certis
3352 593 3636 662 censibus,

1944 693 2142 747 quam,
2169 693 2270 733 seu
2296 692 2442 748 quos
2474 679 2683 733 habent
2716 678 2775 733 in
2810 680 2945 735 villa
2974 680 3323 747 Belvacensi,
3362 696 3463 750 per
3493 682 3638 737 bur-
3690 698 3707 721 α

1948 781 2147 836 genses
2204 768 2523 823 habitantes
2576 768 2759 836 ipsius
2815 768 2966 822 villae
3046 767 3421 834 Belvacensis,
3482 783 3636 823 com-

1951 856 2097 925 pulsi
2129 856 2367 912 fuerunt
2394 857 2468 912 ad
2494 856 3004 924 contribuendum,
3032 863 3086 911 et
3122 856 3460 912 solvendum
3506 871 3638 913 cum

1945 944 2029 998 eis
2066 943 2251 1000 tallias
2297 952 2353 1001 et
2397 944 2784 1015 impositiones
2840 944 2898 998 in
2943 944 3093 999 dicta
3132 944 3270 999 villa
3302 944 3496 1013 factas,
3540 959 3641 1014 pro

1948 1035 2305 1102 reparatione
2342 1042 2397 1090 et
2431 1034 2830 1089 fortiﬁcatione
2878 1032 3212 1087 necessariis
3261 1031 3424 1087 dictae
3469 1032 3639 1099 villae,
3716 1069 3722 1077 ν

1947 1135 2019 1176 ex
2046 1122 2262 1191 quibus
2298 1121 2577 1191 compulsi
2600 1120 2814 1176 fuerint
2843 1121 2913 1176 ad
2941 1120 3424 1176 contribuendum
3453 1129 3507 1176 et
3531 1122 3640 1176 sol-

1948 1212 2202 1267 vendum
2228 1226 2359 1267 cum
2388 1212 2470 1266 eis
2502 1209 2707 1265 tallias.
2741 1209 2919 1264 Iidem
2964 1209 3213 1279 religiosi
3263 1216 3478 1264 certam
3506 1222 3641 1278 par-

1950 1306 2059 1354 tem
2118 1314 2219 1355 seu
2279 1298 2591 1369 portionem
2646 1299 2874 1367 guerris
2937 1296 3287 1352 durantibus
3351 1298 3644 1366 persolve-

1949 1396 2122 1447 runt:
2168 1389 2320 1459 quod
2369 1396 2561 1443 tamen
2609 1385 2819 1442 futuris
2858 1385 3212 1455 temporibus
3256 1385 3468 1441 eisdem
3511 1386 3643 1442 reli-

1949 1476 2122 1545 giosis
2176 1482 2363 1544 posset
2417 1473 2475 1528 in
2521 1473 2799 1527 damnum
2851 1472 3068 1526 cedere.
3115 1470 3496 1537 Quamobrem
3541 1487 3645 1527 nos

1950 1564 2054 1633 qui
2084 1563 2373 1618 libertates
2414 1572 2478 1617 et“
2505 1560 2851 1615 franchisias
2888 1572 3262 1628 personarum
3298 1559 3644 1615 ecclesiasti-

1949 1665 2174 1716 carum,
2228 1650 2357 1706 totis
2401 1648 2704 1705 conatibus
2748 1648 3019 1703 volumus
3059 1647 3386 1713 observare,
3432 1647 3642 1703 eisdem

1878 1713 1920 1767 Β
1954 1739 2234 1811 religiosis
2264 1738 2652 1815 concessimus
2686 1744 2742 1791 et
2780 1735 3165 1803 concedimus,
3206 1735 3377 1791 etiam
3411 1736 3481 1791 de
3513 1749 3648 1806 gra-

1950 1833 2031 1884 tia
2074 1826 2325 1897 speciali,
2370 1839 2470 1896 per
2529 1832 2854 1895 praesentes,
2912 1831 2973 1879 ut
3025 1824 3148 1893 ipsi,
3188 1832 3244 1880 et
3293 1824 3445 1879 dicta
3491 1828 3647 1878 alo

1949 1929 2148 1971 eorum
2205 1916 2430 1980 domus,
2475 1920 2531 1968 et
2580 1927 2785 1968 census
2842 1912 3118 1982 praedicti,
3181 1913 3254 1968 ab
3313 1912 3642 1982 hujusmodi
3712 1914 3721 1919 ‘

1949 2002 2490 2069 contributionibus,
2525 2001 2673 2056 sicut
2719 2000 3119 2070 praemittetur,
3151 2000 3335 2067 factis,
3396 2000 3485 2055 vel
3518 2000 3645 2055 aliis

1951 2090 2363 2157 consimilibus,
2421 2091 2479 2144 in
2533 2096 2821 2158 posterum
2863 2087 3135 2143 faciendis
3175 2101 3276 2157 per
3329 2088 3644 2157 burgenses

1949 2188 2005 2236 et
2035 2180 2358 2235 habitantes
2384 2180 2442 2233 in
2475 2178 2627 2233 dicta
2659 2176 2794 2232 villa
2826 2175 3154 2231 Belvacensi
3185 2176 3438 2242 omnino,
3473 2183 3644 2246 prout

1951 2275 2084 2323 ante
2114 2267 2368 2330 fuerunt.
2410 2266 2573 2322 liberi
2604 2264 2815 2322 futuris
2840 2263 3194 2335 temporibus
3225 2272 3561 2320 remaneant
3589 2272 3644 2319 et

1949 2357 2252 2413 immunes.

2020 2447 2090 2501 Et
2119 2445 2274 2515 quod
2307 2451 2537 2514 propter
2564 2442 2893 2513 hujusmodi
2924 2441 3425 2509 contributionem,
3469 2455 3641 2511 gner-

1950 2535 2029 2590 ris
2089 2533 2419 2604 vigentibus
2472 2532 2699 2598 factam,
2766 2530 2994 2586 nullum
3059 2530 3270 2585 eisdem
3344 2530 3641 2601 religiosis,

1949 2633 2051 2679 aut
2098 2635 2299 2689 eorum
2344 2620 2595 2676 ecclesiae
2635 2618 3034 2689 praeiudicium
3094 2619 3163 2674 de
3219 2626 3421 2674 caetero
3466 2632 3646 2688 gene-

1951 2720 2131 2777 retur,
2184 2710 2386 2766 litteris
2429 2709 2485 2763 in
2532 2709 2889 2763 contrarium
2940 2707 3276 2776 impetratis,
3329 2708 3417 2762 vel
3466 2708 3644 2777 impe-

1949 2798 2190 2865 trandis,
2223 2812 2338 2853 non
2368 2795 2729 2852 obstantibus
2756 2794 3225 2865 quibuscunque.

2025 2908 2053 2937 ‹‹
2102 2888 2310 2942 Datum
2358 2884 2587 2941 Parisiis
2657 2884 2749 2940 die
2790 2883 2977 2954 prima
3024 2882 3233 2950 Martii,
3280 2896 3377 2938 an.
3422 2884 3648 2939 Domini

143 2972 466 3042 elegantem
508 2971 815 3028 aediculam
852 2973 1106 3027 construi
1148 2971 1394 3040 curavit,
1431 2978 1484 3027 et
1523 2971 1636 3026 alia
1675 2971 1844 3041 plura
1885 3006 1925 3061 ρ
1952 2975 2250 3032 millesimo
2300 2973 2695 3030 trecentesimo
2757 2970 3113 3043 sexagesimo
3184 2978 3412 3042 quarto,
3485 2974 3647 3043 regni

147 3059 496 3114 monasterio
545 3058 873 3128 acquisivit.
923 3059 1177 3116 Orbatur
1228 3060 1347 3115 vita
1392 3073 1507 3113 xvn
1571 3059 1705 3115 Idus
1750 3059 1844 3114 Ja-

144 3146 343 3203 nuarii
393 3147 551 3214 I317,
592 3148 763 3218 cujus
806 3146 1143 3218 sepulcralis
1194 3147 1404 3203 tumuli
1453 3147 1582 3203 talis
1624 3154 1707 3202 est
1751 3146 1847 3202 in-

144 3234 395 3306 scriptio.

220 3341 392 3396 Fulco
421 3342 525 3398 sub
552 3344 657 3399 hac
683 3341 848 3397 silice
875 3342 1111 3413 milleno
1137 3341 1373 3413 triplici.
1409 3359 1455 3413 c.
1484 3360 1657 3411 anno,

219 3414 585 3485 geptenoque
611 3412 787 3485 simul
817 3412 1008 3481 latuit,
1026 3412 1239 3485 juncto
1264 3412 1376 3467 sibi
1398 3412 1561 3468 dena.

223 3483 388 3556 Felix
424 3483 695 3556 Ecclesia
721 3484 1152 3556 tantipastoris
1179 3484 1438 3556 alumna.

222 3554 399 3634 [Xunc
437 3555 590 3634 dolet
623 3554 754 3634 illa,
784 3553 938 3634 quia
964 3554 1102 3611 talis
1136 3553 1249 3634 sibi
1268 3554 1520 3634 dempta
1557 3554 1844 3634 columna.

235 3624 405 3679 Visus
427 3629 557 3679 erat
583 3624 785 3679 melior
800 3624 1026 3693 'nullus,
1058 3624 1158 3695 qui
1178 3624 1462 3695 quidquid
1486 3624 1697 3692 acerbi,

222 3697 340 3775 ᾼ-ιξε
366 3695 551 3775 fausti
571 3695 882 3775 accideret,
910 3712 1024 3775 non
1051 3694 1501 3775 dispare‘mente
1527 3694 1741 3775 subiret
1759 3712 1777 3749 :

222 3764 343 3837 Hic
365 3767 542 3820 abbas
561 3765 817 3834 humilis,
842 3767 1040 3822 doctus
1076 3764 1209 3832 fuit,
1239 3768 1424 3837 atque
1447 3764 1706 3837 pudicus.

234 3836 341 3917 Κίν
364 3840 619 3917 senatus
651 3839 925 3917 eaedem,
957 3841 1013 3892 ει
1037 3835 1709 3917 εεηιρρτρωιερπιεσαε-

223 3906 476 3980 Nescius
503 3907 612 3962 iste
638 3906 781 3980 doli,
814 3908 954 3980 quia
976 3906 1342 3980 servivit
1359 3906 1472 3961 soti
1489 3924 1517 3980 _:

226 3977 387 4043 Quod
407 3981 612 4050 pereat
637 3978 777 4047 noli,
813 3976 952 4035 caelo
981 3983 1043 4033 at
1070 3978 1167 4045 da,
1200 3977 1448 4045 Christe,
1482 3976 1659 4031 beari.

224 4075 414 4131 XXXI.
493 4076 796 4133 Robertus.
864 4077 1098 4133 Mortem
1161 4075 1397 4147 oppetiit
1459 4089 1544 4131 xu
1611 4073 1848 4131 Kalend.

152 4164 379 4223 Octobr.
413 4166 566 4222 I333.
614 4166 687 4222 Et
718 4165 776 4221 in
824 4165 944 4221 aede
980 4165 1235 4236 Deiparae
1277 4163 1532 4235 Virginis
1559 4162 1850 4234 sepelitur,

155 4253 587 4326 insigniturque
617 4254 725 4312 hoc
752 4254 1063 4326 epitaphio.

231 4359 345 4431 Hic
357 4359 526 4428 jacet
554 4360 743 4431 frater
777 4359 1061 4431 Robertus
1095 4357 1165 4412 de
1203 4356 1526 4431 Marcellis,
1570 4355 1857 4431 quondam

222 4427 402 4485 abbas
433 4427 672 4556 huiusce
712 4429 1082 4511 monasterii.
1125 4427 1402 4509 Migravit
1444 4429 1526 4484 ad
1554 4427 1862 4508 Dominum

230 4517 383 4555 anno
410 4517 490 4555 1m
518 4502 724 4556 lemma
750 4504 1143 4556 trecentesimo
1172 4502 1465 4556 tmestmo
1495 4501 1682 4556 tertw.
1715 4514 1778 4551 in

230 4517 391 4572 anno
410 4501 724 4558 millesimo
750 4501 1143 4572 trecentesimo
1172 4501 1465 4572 trigesimo
1495 4501 1682 4572 tertio,
1715 4501 1778 4551 in

230 4571 433 4652 uigilia
458 4572 650 4628 sancti
674 4571 965 4638 Matthxi;
990 4573 1153 4643 cujus
1181 4569 1383 4626 anima
1408 4569 1735 4640 requiescat

228 4659 291 4696 in
317 4658 477 4714 pace.

231 4748 451 4803 XXXII.
484 4749 733 4805 Joannes
766 4749 832 4803 II.
878 4746 980 4804 Vir
1025 4746 1179 4803 haud
1226 4745 1441 4801 inﬁma:
1487 4750 1634 4800 notae
1667 4760 1681 4798 :
1715 4757 1865 4799 onus

155 4835 515 4907 praefecturas
545 4836 786 4908 gravius
820 4835 1096 4901 sentiens,
1145 4834 1375 4891 subesse
1402 4846 1581 4903 quam
1624 4845 1865 4902 praeesse

156 4923 393 4995 maluit;
426 4924 633 4981 idcirco
661 4924 803 4981 illud
837 4926 895 4980 in
940 4925 1215 4980 humeros
1259 4921 1565 4991 Arnulphi,
1599 4926 1866 4991 spectatas

157 5013 295 5069 vita:
340 5013 623 5081 monachi,
676 5013 955 5083 deposuit,
1009 5020 1084 5079 et,
1127 5011 1389 5082 religiose
1436 5010 1555 5065 vita
1614 5008 1866 5064 triennio

160 5110 416 5173 peracta,
452 5117 486 5157 ν
511 5102 595 5157 Id.
627 5101 762 5158 Julii
792 5103 893 5156 353
924 5099 1271 5157 obdormivit
1300 5100 1358 5153 in
1394 5098 1653 5153 Domino.

238 5190 504 5246 XXXIII.
552 5189 914 5258 Amulphus.
958 5191 1124 5243 Anno
1162 5200 1292 5242 aera:
1333 5184 1671 5240 Christianae
1709 5184 1866 5251 1364,

163 5278 485 5336 Galliarum
549 5292 649 5335 rex
722 5276 964 5333 Carolus
1023 5276 1342 5333 libertatem
1415 5271 1868 5329 Flaviacensium

164 5366 437 5424 vendicat
467 5367 575 5423 hoc
602 5366 897 5435 rescripto.

246 5477 268 5505 ι
301 5454 541 5512 Carolus
588 5455 686 5510 Dei
756 5451 943 5525 gratia
992 5452 1348 5507 Francorum
1411 5462 1536 5516 rex,
1584 5446 1872 5503 universis

167 5551 477 5616 praesentes
503 5543 733 5614 litteras
778 5539 1148 5613 inspecturis,
1201 5537 1468 5595 salutem.
1517 5535 1726 5594 Notum
1781 5535 1869 5591 fa-

1957 3064 2137 3120 nostri
2184 3077 2336 3118 anno
2384 3063 2587 3132 primo.
2642 3061 2747 3117 Per
2800 3074 2992 3131 regem
3036 3061 3108 3116 ad
3159 3060 3491 3117 relationem
3521 3076 3651 3117 con-

1955 3152 2088 3209 silii.
2121 3151 2422 3223 Signatum
2459 3150 2529 3206 de
2550 3149 2759 3205 Remis.
2796 3170 2818 3198 ι
3726 3210 3751 3229 ο

2025 3239 2367 3309 Aruulpbus
2411 3238 2531 3293 vita
2578 3236 2844 3308 fungitur
2893 3251 3047 3294 anno
3093 3239 3248 3305 1371,
3296 3250 3355 3292 x1
3408 3235 3647 3292 Kalend.

1954 3328 2131 3385 Junii.

2028 3416 2265 3474 XXXIV.
2324 3417 2571 3472 Joannes
2652 3415 2749 3470 III.
2830 3413 3071 3483 Expleto
3142 3413 3653 3469 administrationis

1956 3505 2253 3575 septennio
2285 3519 2380 3559 VIII
2415 3504 2653 3559 Kalend.
2683 3502 2942 3559 Decemb.
2980 3503 3114 3555 I378
3147 3501 3314 3555 linem
3345 3502 3568 3557 clausit.

2028 3592 2223 3649 XXXV.
2275 3593 2524 3646 Joannes
2596 3591 2686 3656 IV,
2753 3590 2994 3643 Reman.
3054 3587 3444 3643 Conferuntur
3499 3603 3654 3643 more

1959 3682 2250 3752 majorum
2312 3680 2514 3735 litterae
2556 3693 2590 3733 a
2627 3678 2849 3743 Carolo,
2899 3690 3031 3747 rege
3079 3672 3464 3743 Francorum;
3517 3677 3654 3747 qui—

1959 3771 2089 3836 bus,
2151 3782 2522 3839 quaecunque
2575 3766 2727 3838 juris
2778 3774 2912 3822 sunt
2977 3765 3362 3821 Flaviacensis
3413 3765 3654 3821 cmnobii

1962 3858 2404 3924 confirmantur,
2458 3858 2621 3927 regni
2668 3855 2850 3925 ipsius
2904 3856 2968 3909 I7
3012 3867 3185 3921 anno,
3251 3854 3456 3909 Christi
3516 3868 3656 3909 vero

1966 3950 2121 4003 1380.

2033 4035 2281 4090 Ioannes
2315 4033 2385 4086 de
2416 4032 2682 4087 Rochers.
2719 4031 2925 4086 Doctor
2965 4028 3023 4083 in
3053 4028 3312 4095 decretis,
3344 4043 3417 4085 ex
3459 4042 3657 4085 mona-

1962 4123 2068 4179 cho
2129 4120 2482 4177 Flaviacensi
2527 4118 2885 4177 Fiscanensis
2915 4117 3243 4173 monasterii
3286 4117 3661 4188 eleemosynis

1962 4211 2291 4282 praefectus;
2360 4210 2430 4265 ad
2479 4207 2930 4264 Fontanellensis
2977 4206 3097 4262 sive
3168 4205 3223 4261 S.
3276 4205 3659 4278 Vandregisili

1890 4284 1934 4338 Ῑ)
1967 4298 2224 4356 asceterii
2258 4298 2661 4369 magistratum
2716 4303 3012 4362 evocatur,
3072 4308 3138 4350 ac
3187 4295 3416 4350 tandem
3463 4296 3659 4351 novis-

1966 4389 2175 4444 simum
2209 4387 2359 4443 diem
2388 4386 2625 4442 sortitur
2653 4392 2861 4455 quarto
2885 4384 3017 4440 Maii
3050 4384 3205 4438 1412.

2036 4478 2285 4532 Joannes
2326 4483 2515 4530 autem
2558 4471 2942 4529 Flaviacensis
2987 4472 3241 4537 antistes,
3300 4469 3480 4540 pridie
3533 4469 3659 4525 Kal.

1970 4562 2122 4633 Sept.
2155 4564 2311 4629 1391,
2360 4569 2535 4630 atque
2574 4560 2633 4615 in
2686 4559 2740 4615 S.
2793 4557 3083 4614 Geremari
3129 4556 3351 4619 sacello.
3410 4555 3509 4611 ubi
3538 4557 3665 4627 ejus

1969 4650 2187 4721 efﬁgies
2208 4651 2654 4715 demonstratur,
2687 4646 2938 4703 traditur
2964 4644 3295 4714 sepulturae.

2042 4738 2266 4796 XXXVI.
2327 4735 2672 4794 Eustachius
2719 4735 2789 4790 II.
2837 4735 2964 4803 Ipso
3012 4732 3236 4798 abbate,
3312 4732 3663 4788 Francorum

1970 4828 2172 4898 regina
2211 4825 2479 4893 Blancha,
2529 4824 2776 4893 Philippi
2821 4821 2895 4878 VI
2946 4820 3239 4891 quondam
3286 4833 3457 4886 uxor,
3499 4833 3669 4889 pera-

1977 4914 2163 4988 genda
2196 4914 2314 4969 ritu
2358 4911 2687 4968 solemniori
2737 4910 2936 4966 divina
2981 4908 3169 4964 ofﬁcia
3212 4908 3524 4979 quotannis
3561 4916 3671 4964 sta-

1977 5002 2084 5059 tuit
2112 5002 2182 5058 ad
2213 5002 2369 5057 hunc
2394 5000 2627 5056 modum
2662 5014 2675 5053 :

2049 5109 2077 5141 α
2129 5089 2402 5152 Blancha.
2455 5088 2551 5144 Dei
2594 5086 2779 5158 gratia
2828 5085 3085 5141 Franciae.
3132 5085 3352 5156 regina,
3403 5083 3671 5140 omnibus

1980 5187 2091 5236 tam
2144 5177 2523 5248 praesentibus
2566 5189 2741 5246 quam
2809 5174 3022 5230 futuris
3068 5174 3218 5229 hanc
3268 5173 3535 5245 paginam
3592 5172 3674 5227 in-

1979 5270 2281 5341 spectoris,
2342 5275 2542 5323 notum
2586 5264 2833 5320 facimus
2880 5265 3032 5334 quod
3087 5279 3208 5331 nos,
3253 5263 3324 5319 ob
3377 5263 3674 5333 specialem

1979 5358 2336 5415 devotionem
2402 5354 2531 5425 qua'
2581 5367 2720 5424 erga
2782 5352 3090 5409 Ecclesiam
3156 5352 3208 5408 S.
3269 5352 3557 5409 Geremari
3606 5353 3676 5408 de

1985 5446 2250 5503 Flaviaco
2281 5443 2589 5510 afﬁcimur,
2614 5450 2669 5498 et
2698 5441 2767 5497 ad
2802 5441 3135 5511 augendum
3175 5439 3381 5497 ibidem
3424 5441 3521 5496 Dei
3548 5440 3679 5496 cul-

1983 5542 2129 5602 tum,
2176 5533 2578 5597 concessimus,
2626 5539 2680 5586 et
2707 5527 2971 5585 dedimus
2998 5536 3050 5585 et
3082 5542 3179 5598 per
3209 5538 3515 5599 praesentes
3544 5543 3680 5585 eon-
