  <div class='ocr_page' id='page_1' title='image "/cluster/home/n/w/nwhite01/storage/ocr_20150623/156/hvd.32044054760145/557.png"; bbox 0 0 3924 6090; ppageno 0'>
   <div class='ocr_carea' id='block_1_1' title="bbox 303 249 440 304">
    <p class='ocr_par' dir='ltr' id='par_1_1' title="bbox 303 249 440 304">
     <span class='ocr_line' id='line_1_1' title="bbox 303 249 440 304; baseline 0 0"><span class='ocrx_word' id='word_1_1' title='bbox 303 249 440 304; x_wconf 85' lang='grc'><strong>1103</strong></span> 
     </span>
    </p>
   </div>
   <div class='ocr_carea' id='block_1_2' title="bbox 1333 247 2758 308">
    <p class='ocr_par' dir='ltr' id='par_1_2' title="bbox 1333 247 2758 308">
     <span class='ocr_line' id='line_1_2' title="bbox 1333 247 2758 308; baseline 0.003 -6"><span class='ocrx_word' id='word_1_2' title='bbox 1333 249 1430 302; x_wconf 81' lang='grc' dir='ltr'>ΑΙ)</span> <span class='ocrx_word' id='word_1_3' title='bbox 1468 247 1620 304; x_wconf 86' lang='grc' dir='ltr'>ΟΡΡ.</span> <span class='ocrx_word' id='word_1_4' title='bbox 1662 248 1819 305; x_wconf 79' lang='lat' dir='ltr'><strong>VEN.</strong></span> <span class='ocrx_word' id='word_1_5' title='bbox 1860 249 2184 306; x_wconf 82' lang='lat' dir='ltr'>GUIBERTI</span> <span class='ocrx_word' id='word_1_6' title='bbox 2225 250 2314 305; x_wconf 91' lang='lat' dir='ltr'><strong>DE</strong></span> <span class='ocrx_word' id='word_1_7' title='bbox 2350 250 2758 308; x_wconf 87' lang='lat' dir='ltr'>NOVIGENTO</span> 
     </span>
    </p>
   </div>
   <div class='ocr_carea' id='block_1_3' title="bbox 3669 257 3814 312">
    <p class='ocr_par' dir='ltr' id='par_1_3' title="bbox 3669 257 3814 312">
     <span class='ocr_line' id='line_1_3' title="bbox 3669 257 3814 312; baseline 0 0"><span class='ocrx_word' id='word_1_8' title='bbox 3669 257 3814 312; x_wconf 72' lang='grc'><strong>1104</strong></span> 
     </span>
    </p>
   </div>
   <div class='ocr_carea' id='block_1_4' title="bbox 298 381 3810 459">
    <p class='ocr_par' dir='ltr' id='par_1_4' title="bbox 298 381 3810 459">
     <span class='ocr_line' id='line_1_4' title="bbox 298 381 3810 459; baseline 0.002 -20"><span class='ocrx_word' id='word_1_9' title='bbox 298 385 555 442; x_wconf 78' lang='lat' dir='ltr'>redimus</span> <span class='ocrx_word' id='word_1_10' title='bbox 591 390 645 440; x_wconf 90' lang='lat' dir='ltr'>et</span> <span class='ocrx_word' id='word_1_11' title='bbox 678 382 902 448; x_wconf 89' lang='lat' dir='ltr'>damus,</span> <span class='ocrx_word' id='word_1_12' title='bbox 943 395 1168 436; x_wconf 91' lang='lat' dir='ltr'>omnem</span> <span class='ocrx_word' id='word_1_13' title='bbox 1209 381 1487 437; x_wconf 84' lang='lat' dir='ltr'>decimam</span> <span class='ocrx_word' id='word_1_14' title='bbox 1529 383 1678 438; x_wconf 76' lang='lat' dir='ltr'>villze</span> <span class='ocrx_word' id='word_1_15' title='bbox 1710 383 1995 437; x_wconf 76' lang='lat' dir='ltr'>‘Harden-</span> <span class='ocrx_word' id='word_1_16' title='bbox 2033 390 2078 440; x_wconf 79' lang='grc' dir='ltr'><strong>Α</strong></span> <span class='ocrx_word' id='word_1_17' title='bbox 2111 385 2213 454; x_wconf 89' lang='lat' dir='ltr'>pit,</span> <span class='ocrx_word' id='word_1_18' title='bbox 2253 384 2506 452; x_wconf 76' lang='lat' dir='ltr'>abbates,</span> <span class='ocrx_word' id='word_1_19' title='bbox 2538 394 2592 441; x_wconf 88' lang='lat' dir='ltr'>et</span> <span class='ocrx_word' id='word_1_20' title='bbox 2625 386 2750 441; x_wconf 90' lang='lat' dir='ltr'>aliis</span> <span class='ocrx_word' id='word_1_21' title='bbox 2793 387 3244 459; x_wconf 87' lang='lat' dir='ltr'>qnibuscunque</span> <span class='ocrx_word' id='word_1_22' title='bbox 3294 391 3810 447; x_wconf 79' lang='lat' dir='ltr'>constitutionibus</span> 
     </span>
    </p>
   </div>
   <div class='ocr_carea' id='block_1_5' title="bbox 296 470 1991 541">
    <p class='ocr_par' dir='ltr' id='par_1_5' title="bbox 296 470 1991 541">
     <span class='ocr_line' id='line_1_5' title="bbox 296 470 1991 541; baseline 0.001 -15"><span class='ocrx_word' id='word_1_23' title='bbox 296 477 458 526; x_wconf 80' lang='lat' dir='ltr'>court</span> <span class='ocrx_word' id='word_1_24' title='bbox 486 473 546 527; x_wconf 91' lang='lat' dir='ltr'>in</span> <span class='ocrx_word' id='word_1_25' title='bbox 597 470 869 541; x_wconf 89' lang='lat' dir='ltr'>parochia</span> <span class='ocrx_word' id='word_1_26' title='bbox 916 470 984 524; x_wconf 92' lang='lat' dir='ltr'>de</span> <span class='ocrx_word' id='word_1_27' title='bbox 1039 470 1321 525; x_wconf 83' lang='lat' dir='ltr'>Ferrieres</span> <span class='ocrx_word' id='word_1_28' title='bbox 1378 471 1633 527; x_wconf 72' lang='lat' dir='ltr'>dimcesis</span> <span class='ocrx_word' id='word_1_29' title='bbox 1682 472 1991 528; x_wconf 83' lang='lat' dir='ltr'>Belvacen-</span> 
     </span>
    </p>
   </div>
   <div class='ocr_carea' id='block_1_6' title="bbox 299 557 1988 630">
    <p class='ocr_par' dir='ltr' id='par_1_6' title="bbox 299 557 1988 630">
     <span class='ocr_line' id='line_1_6' title="bbox 299 557 1988 630; baseline -0.001 -12"><span class='ocrx_word' id='word_1_30' title='bbox 299 565 394 630; x_wconf 89' lang='lat' dir='ltr'>sis,</span> <span class='ocrx_word' id='word_1_31' title='bbox 424 562 482 616; x_wconf 94' lang='lat' dir='ltr'>in</span> <span class='ocrx_word' id='word_1_32' title='bbox 512 557 842 616; x_wconf 89' lang='lat' dir='ltr'>castellania</span> <span class='ocrx_word' id='word_1_33' title='bbox 875 565 1070 613; x_wconf 90' lang='lat' dir='ltr'>nostra</span> <span class='ocrx_word' id='word_1_34' title='bbox 1111 557 1373 624; x_wconf 90' lang='lat' dir='ltr'>Gornaci,</span> <span class='ocrx_word' id='word_1_35' title='bbox 1415 573 1546 614; x_wconf 92' lang='lat' dir='ltr'>cum</span> <span class='ocrx_word' id='word_1_36' title='bbox 1578 559 1697 615; x_wconf 89' lang='lat' dir='ltr'>suis</span> <span class='ocrx_word' id='word_1_37' title='bbox 1732 560 1988 630; x_wconf 89' lang='lat' dir='ltr'>juribns,</span> 
     </span>
    </p>
   </div>
   <div class='ocr_carea' id='block_1_7' title="bbox 235 646 1993 721">
    <p class='ocr_par' dir='ltr' id='par_1_7' title="bbox 235 646 1993 721">
     <span class='ocr_line' id='line_1_7' title="bbox 235 646 1993 721; baseline -0.001 -16"><span class='ocrx_word' id='word_1_38' title='bbox 235 683 246 696; x_wconf 86' lang='lat'>-.</span> <span class='ocrx_word' id='word_1_39' title='bbox 296 648 672 721; x_wconf 90' lang='lat' dir='ltr'>pertinentiis,</span> <span class='ocrx_word' id='word_1_40' title='bbox 733 653 1008 717; x_wconf 89' lang='lat' dir='ltr'>perpetuo</span> <span class='ocrx_word' id='word_1_41' title='bbox 1060 646 1491 717; x_wconf 84' lang='lat' dir='ltr'>possidendam;</span> <span class='ocrx_word' id='word_1_42' title='bbox 1562 662 1740 718; x_wconf 89' lang='lat' dir='ltr'>quam</span> <span class='ocrx_word' id='word_1_43' title='bbox 1806 663 1993 718; x_wconf 84' lang='lat' dir='ltr'>nuper</span> 
     </span>
    </p>
   </div>
   <div class='ocr_carea' id='block_1_8' title="bbox 293 735 1990 806">
    <p class='ocr_par' dir='ltr' id='par_1_8' title="bbox 293 735 1990 806">
     <span class='ocr_line' id='line_1_8' title="bbox 293 735 1990 806; baseline -0.002 -10"><span class='ocrx_word' id='word_1_44' title='bbox 293 755 329 796; x_wconf 90' lang='lat' dir='ltr'>a</span> <span class='ocrx_word' id='word_1_45' title='bbox 355 741 573 796; x_wconf 82' lang='lat' dir='ltr'>Joanne</span> <span class='ocrx_word' id='word_1_46' title='bbox 603 736 652 792; x_wconf 91' lang='lat' dir='ltr'>le</span> <span class='ocrx_word' id='word_1_47' title='bbox 683 737 882 794; x_wconf 85' lang='lat' dir='ltr'>Feure.</span> <span class='ocrx_word' id='word_1_48' title='bbox 919 736 1068 790; x_wconf 92' lang='lat' dir='ltr'>dicto</span> <span class='ocrx_word' id='word_1_49' title='bbox 1100 735 1379 802; x_wconf 87' lang='lat' dir='ltr'>Fraillon,</span> <span class='ocrx_word' id='word_1_50' title='bbox 1414 736 1737 806; x_wconf 79' lang='lat' dir='ltr'>presbytero</span> <span class='ocrx_word' id='word_1_51' title='bbox 1788 745 1990 793; x_wconf 88' lang='lat' dir='ltr'>curato</span> 
     </span>
    </p>
   </div>
   <div class='ocr_carea' id='block_1_9' title="bbox 294 823 1990 894">
    <p class='ocr_par' dir='ltr' id='par_1_9' title="bbox 294 823 1990 894">
     <span class='ocr_line' id='line_1_9' title="bbox 294 823 1990 894; baseline -0.002 -10"><span class='ocrx_word' id='word_1_52' title='bbox 294 829 362 884; x_wconf 89' lang='lat' dir='ltr'>de</span> <span class='ocrx_word' id='word_1_53' title='bbox 391 825 647 892; x_wconf 91' lang='lat' dir='ltr'>Belliere,</span> <span class='ocrx_word' id='word_1_54' title='bbox 682 831 854 894; x_wconf 86' lang='lat' dir='ltr'>prout</span> <span class='ocrx_word' id='word_1_55' title='bbox 886 824 1058 879; x_wconf 87' lang='lat' dir='ltr'>latius</span> <span class='ocrx_word' id='word_1_56' title='bbox 1089 823 1146 878; x_wconf 93' lang='lat' dir='ltr'>in</span> <span class='ocrx_word' id='word_1_57' title='bbox 1178 823 1377 879; x_wconf 88' lang='lat' dir='ltr'>litteris</span> <span class='ocrx_word' id='word_1_58' title='bbox 1405 839 1575 893; x_wconf 88' lang='lat' dir='ltr'>super</span> <span class='ocrx_word' id='word_1_59' title='bbox 1607 825 1712 880; x_wconf 90' lang='lat' dir='ltr'>hac</span> <span class='ocrx_word' id='word_1_60' title='bbox 1753 839 1812 881; x_wconf 90' lang='lat' dir='ltr'>re</span> <span class='ocrx_word' id='word_1_61' title='bbox 1849 840 1990 880; x_wconf 91' lang='lat' dir='ltr'>con-</span> 
     </span>
    </p>
   </div>
   <div class='ocr_carea' id='block_1_10' title="bbox 293 910 1991 980">
    <p class='ocr_par' dir='ltr' id='par_1_10' title="bbox 293 910 1991 980">
     <span class='ocr_line' id='line_1_10' title="bbox 293 910 1991 980; baseline -0.002 -8"><span class='ocrx_word' id='word_1_62' title='bbox 293 915 454 972; x_wconf 87' lang='lat' dir='ltr'>fectis</span> <span class='ocrx_word' id='word_1_63' title='bbox 482 913 831 978; x_wconf 84' lang='lat' dir='ltr'>continetur,</span> <span class='ocrx_word' id='word_1_64' title='bbox 873 910 1316 980; x_wconf 90' lang='lat' dir='ltr'>acquisivimus;</span> <span class='ocrx_word' id='word_1_65' title='bbox 1360 911 1437 966; x_wconf 89' lang='lat' dir='ltr'>ita</span> <span class='ocrx_word' id='word_1_66' title='bbox 1489 919 1698 980; x_wconf 91' lang='lat' dir='ltr'>tamen,</span> <span class='ocrx_word' id='word_1_67' title='bbox 1757 921 1822 968; x_wconf 91' lang='lat' dir='ltr'>ut</span> <span class='ocrx_word' id='word_1_68' title='bbox 1869 913 1991 968; x_wconf 75' lang='lat' dir='ltr'>haec</span> 
     </span>
    </p>
   </div>
   <div class='ocr_carea' id='block_1_11' title="bbox 292 998 1991 1070">
    <p class='ocr_par' dir='ltr' id='par_1_11' title="bbox 292 998 1991 1070">
     <span class='ocr_line' id='line_1_11' title="bbox 292 998 1991 1070; baseline -0.002 -12"><span class='ocrx_word' id='word_1_69' title='bbox 292 1002 512 1058; x_wconf 91' lang='lat' dir='ltr'>decima</span> <span class='ocrx_word' id='word_1_70' title='bbox 560 1013 783 1069; x_wconf 90' lang='lat' dir='ltr'>semper</span> <span class='ocrx_word' id='word_1_71' title='bbox 811 1007 924 1055; x_wconf 91' lang='lat' dir='ltr'>tota</span> <span class='ocrx_word' id='word_1_72' title='bbox 956 1000 1012 1054; x_wconf 92' lang='lat' dir='ltr'>in</span> <span class='ocrx_word' id='word_1_73' title='bbox 1042 1006 1380 1066; x_wconf 91' lang='lat' dir='ltr'>conventus,</span> <span class='ocrx_word' id='word_1_74' title='bbox 1414 1008 1467 1055; x_wconf 93' lang='lat' dir='ltr'>et</span> <span class='ocrx_word' id='word_1_75' title='bbox 1509 998 1671 1054; x_wconf 90' lang='lat' dir='ltr'>nulla</span> <span class='ocrx_word' id='word_1_76' title='bbox 1705 1000 1831 1070; x_wconf 90' lang='lat' dir='ltr'>ejus</span> <span class='ocrx_word' id='word_1_77' title='bbox 1858 1014 1991 1070; x_wconf 91' lang='lat' dir='ltr'>pars</span> 
     </span>
    </p>
   </div>
   <div class='ocr_carea' id='block_1_12' title="bbox 293 1086 1989 1158">
    <p class='ocr_par' dir='ltr' id='par_1_12' title="bbox 293 1086 1989 1158">
     <span class='ocr_line' id='line_1_12' title="bbox 293 1086 1989 1158; baseline -0.001 -13"><span class='ocrx_word' id='word_1_78' title='bbox 293 1091 352 1146; x_wconf 91' lang='lat' dir='ltr'>in</span> <span class='ocrx_word' id='word_1_79' title='bbox 404 1089 629 1144; x_wconf 87' lang='lat' dir='ltr'>abbatis</span> <span class='ocrx_word' id='word_1_80' title='bbox 671 1101 933 1158; x_wconf 86' lang='lat' dir='ltr'>unquam</span> <span class='ocrx_word' id='word_1_81' title='bbox 979 1101 1118 1143; x_wconf 90' lang='lat' dir='ltr'>usus</span> <span class='ocrx_word' id='word_1_82' title='bbox 1161 1086 1343 1142; x_wconf 88' lang='lat' dir='ltr'>cedat.</span> <span class='ocrx_word' id='word_1_83' title='bbox 1387 1087 1500 1143; x_wconf 90' lang='lat' dir='ltr'>Nec</span> <span class='ocrx_word' id='word_1_84' title='bbox 1548 1103 1660 1142; x_wconf 90' lang='lat' dir='ltr'>non</span> <span class='ocrx_word' id='word_1_85' title='bbox 1702 1103 1989 1144; x_wconf 89' lang='lat' dir='ltr'>summam</span> 
     </span>
    </p>
   </div>
   <div class='ocr_carea' id='block_1_13' title="bbox 293 1174 1990 1248">
    <p class='ocr_par' dir='ltr' id='par_1_13' title="bbox 293 1174 1990 1248">
     <span class='ocr_line' id='line_1_13' title="bbox 293 1174 1990 1248; baseline 0 -15"><span class='ocrx_word' id='word_1_86' title='bbox 293 1175 726 1248; x_wconf 84' lang='lat' dir='ltr'>quinquaginta</span> <span class='ocrx_word' id='word_1_87' title='bbox 776 1174 1109 1230; x_wconf 91' lang='lat' dir='ltr'>francorum</span> <span class='ocrx_word' id='word_1_88' title='bbox 1159 1187 1490 1242; x_wconf 88' lang='lat' dir='ltr'>aureorum,</span> <span class='ocrx_word' id='word_1_89' title='bbox 1542 1175 1597 1229; x_wconf 91' lang='lat' dir='ltr'>in</span> <span class='ocrx_word' id='word_1_90' title='bbox 1649 1176 1898 1231; x_wconf 76' lang='lat' dir='ltr'>ecclesize</span> <span class='ocrx_word' id='word_1_91' title='bbox 1935 1184 1990 1233; x_wconf 89' lang='lat' dir='ltr'>et</span> 
     </span>
    </p>
   </div>
   <div class='ocr_carea' id='block_1_14' title="bbox 291 1263 1989 1334">
    <p class='ocr_par' dir='ltr' id='par_1_14' title="bbox 291 1263 1989 1334">
     <span class='ocr_line' id='line_1_14' title="bbox 291 1263 1989 1334; baseline 0 -13"><span class='ocrx_word' id='word_1_92' title='bbox 291 1266 537 1322; x_wconf 90' lang='lat' dir='ltr'>aliorum</span> <span class='ocrx_word' id='word_1_93' title='bbox 591 1264 846 1320; x_wconf 90' lang='lat' dir='ltr'>locorum</span> <span class='ocrx_word' id='word_1_94' title='bbox 907 1263 957 1318; x_wconf 92' lang='lat' dir='ltr'>ei</span> <span class='ocrx_word' id='word_1_95' title='bbox 1005 1263 1395 1334; x_wconf 89' lang='lat' dir='ltr'>subjectorum</span> <span class='ocrx_word' id='word_1_96' title='bbox 1447 1263 1835 1332; x_wconf 87' lang='lat' dir='ltr'>reparationes</span> <span class='ocrx_word' id='word_1_97' title='bbox 1880 1279 1989 1321; x_wconf 83' lang='lat' dir='ltr'>ex-</span> 
     </span>
    </p>
   </div>
   <div class='ocr_carea' id='block_1_15' title="bbox 291 1351 1986 1424">
    <p class='ocr_par' dir='ltr' id='par_1_15' title="bbox 291 1351 1986 1424">
     <span class='ocr_line' id='line_1_15' title="bbox 291 1351 1986 1424; baseline 0 -15"><span class='ocrx_word' id='word_1_98' title='bbox 291 1354 675 1424; x_wconf 89' lang='lat' dir='ltr'>pendendam,</span> <span class='ocrx_word' id='word_1_99' title='bbox 748 1367 880 1409; x_wconf 90' lang='lat' dir='ltr'>cum</span> <span class='ocrx_word' id='word_1_100' title='bbox 952 1351 1189 1421; x_wconf 72' lang='lat' dir='ltr'>praefata</span> <span class='ocrx_word' id='word_1_101' title='bbox 1264 1351 1484 1407; x_wconf 90' lang='lat' dir='ltr'>decima</span> <span class='ocrx_word' id='word_1_102' title='bbox 1552 1353 1717 1409; x_wconf 89' lang='lat' dir='ltr'>hodie</span> <span class='ocrx_word' id='word_1_103' title='bbox 1791 1354 1986 1410; x_wconf 88' lang='lat' dir='ltr'>iisdem</span> 
     </span>
    </p>
   </div>
   <div class='ocr_carea' id='block_1_16' title="bbox 290 1439 1986 1512">
    <p class='ocr_par' dir='ltr' id='par_1_16' title="bbox 290 1439 1986 1512">
     <span class='ocr_line' id='line_1_16' title="bbox 290 1439 1986 1512; baseline 0.001 -15"><span class='ocrx_word' id='word_1_104' title='bbox 290 1442 664 1512; x_wconf 87' lang='lat' dir='ltr'>tradidimus;</span> <span class='ocrx_word' id='word_1_105' title='bbox 695 1442 802 1496; x_wconf 91' lang='lat' dir='ltr'>sub</span> <span class='ocrx_word' id='word_1_106' title='bbox 836 1441 944 1495; x_wconf 91' lang='lat' dir='ltr'>hac</span> <span class='ocrx_word' id='word_1_107' title='bbox 978 1439 1100 1510; x_wconf 87' lang='lat' dir='ltr'>lege</span> <span class='ocrx_word' id='word_1_108' title='bbox 1143 1446 1206 1495; x_wconf 90' lang='lat' dir='ltr'>ut</span> <span class='ocrx_word' id='word_1_109' title='bbox 1245 1440 1488 1511; x_wconf 90' lang='lat' dir='ltr'>singulis</span> <span class='ocrx_word' id='word_1_110' title='bbox 1529 1441 1716 1505; x_wconf 85' lang='lat' dir='ltr'>annis,</span> <span class='ocrx_word' id='word_1_111' title='bbox 1763 1442 1854 1497; x_wconf 90' lang='lat' dir='ltr'>die</span> <span class='ocrx_word' id='word_1_112' title='bbox 1883 1457 1986 1498; x_wconf 92' lang='lat' dir='ltr'>no-</span> 
     </span>
    </p>
   </div>
   <div class='ocr_carea' id='block_1_17' title="bbox 287 1527 1986 1598">
    <p class='ocr_par' dir='ltr' id='par_1_17' title="bbox 287 1527 1986 1598">
     <span class='ocr_line' id='line_1_17' title="bbox 287 1527 1986 1598; baseline -0.001 -12"><span class='ocrx_word' id='word_1_113' title='bbox 287 1537 406 1586; x_wconf 90' lang='lat' dir='ltr'>stra</span> <span class='ocrx_word' id='word_1_114' title='bbox 447 1529 646 1594; x_wconf 87' lang='lat' dir='ltr'>natali,</span> <span class='ocrx_word' id='word_1_115' title='bbox 702 1542 833 1598; x_wconf 74' lang='lat' dir='ltr'>quae</span> <span class='ocrx_word' id='word_1_116' title='bbox 861 1535 944 1583; x_wconf 91' lang='lat' dir='ltr'>est</span> <span class='ocrx_word' id='word_1_117' title='bbox 983 1527 1234 1582; x_wconf 88' lang='lat' dir='ltr'>secunda</span> <span class='ocrx_word' id='word_1_118' title='bbox 1272 1528 1500 1596; x_wconf 85' lang='lat' dir='ltr'>Aprilis,</span> <span class='ocrx_word' id='word_1_119' title='bbox 1542 1529 1734 1598; x_wconf 91' lang='lat' dir='ltr'>quoad</span> <span class='ocrx_word' id='word_1_120' title='bbox 1777 1530 1986 1586; x_wconf 84' lang='lat' dir='ltr'>vixeri-</span> 
     </span>
    </p>
   </div>
   <div class='ocr_carea' id='block_1_18' title="bbox 290 1614 1983 1684">
    <p class='ocr_par' dir='ltr' id='par_1_18' title="bbox 290 1614 1983 1684">
     <span class='ocr_line' id='line_1_18' title="bbox 290 1614 1983 1684; baseline 0.001 -11"><span class='ocrx_word' id='word_1_121' title='bbox 290 1631 440 1683; x_wconf 89' lang='lat' dir='ltr'>mus,</span> <span class='ocrx_word' id='word_1_122' title='bbox 492 1617 664 1671; x_wconf 88' lang='lat' dir='ltr'>missa</span> <span class='ocrx_word' id='word_1_123' title='bbox 712 1615 982 1670; x_wconf 91' lang='lat' dir='ltr'>solemnis</span> <span class='ocrx_word' id='word_1_124' title='bbox 1033 1615 1102 1670; x_wconf 89' lang='lat' dir='ltr'>de</span> <span class='ocrx_word' id='word_1_125' title='bbox 1149 1614 1362 1684; x_wconf 88' lang='lat' dir='ltr'>Spiritu</span> <span class='ocrx_word' id='word_1_126' title='bbox 1409 1625 1627 1682; x_wconf 88' lang='lat' dir='ltr'>sancto,</span> <span class='ocrx_word' id='word_1_127' title='bbox 1678 1631 1806 1672; x_wconf 93' lang='lat' dir='ltr'>cum</span> <span class='ocrx_word' id='word_1_128' title='bbox 1854 1619 1983 1674; x_wconf 91' lang='lat' dir='ltr'>dia-</span> 
     </span>
    </p>
   </div>
   <div class='ocr_carea' id='block_1_19' title="bbox 286 1702 1982 1772">
    <p class='ocr_par' dir='ltr' id='par_1_19' title="bbox 286 1702 1982 1772">
     <span class='ocr_line' id='line_1_19' title="bbox 286 1702 1982 1772; baseline 0.001 -11"><span class='ocrx_word' id='word_1_129' title='bbox 286 1719 448 1772; x_wconf 90' lang='lat' dir='ltr'>cono,</span> <span class='ocrx_word' id='word_1_130' title='bbox 486 1711 539 1759; x_wconf 93' lang='lat' dir='ltr'>et</span> <span class='ocrx_word' id='word_1_131' title='bbox 576 1703 926 1759; x_wconf 90' lang='lat' dir='ltr'>subdiacono</span> <span class='ocrx_word' id='word_1_132' title='bbox 967 1702 1271 1758; x_wconf 89' lang='lat' dir='ltr'>dalmatica</span> <span class='ocrx_word' id='word_1_133' title='bbox 1316 1711 1371 1758; x_wconf 90' lang='lat' dir='ltr'>et</span> <span class='ocrx_word' id='word_1_134' title='bbox 1411 1703 1605 1758; x_wconf 91' lang='lat' dir='ltr'>tunica</span> <span class='ocrx_word' id='word_1_135' title='bbox 1641 1705 1874 1772; x_wconf 86' lang='lat' dir='ltr'>indutis,</span> <span class='ocrx_word' id='word_1_136' title='bbox 1928 1714 1982 1762; x_wconf 91' lang='lat' dir='ltr'>et</span> 
     </span>
    </p>
   </div>
   <div class='ocr_carea' id='block_1_20' title="bbox 285 1790 1980 1863">
    <p class='ocr_par' dir='ltr' id='par_1_20' title="bbox 285 1790 1980 1863">
     <span class='ocr_line' id='line_1_20' title="bbox 285 1790 1980 1863; baseline -0.001 -15"><span class='ocrx_word' id='word_1_137' title='bbox 285 1807 418 1848; x_wconf 89' lang='lat' dir='ltr'>cum</span> <span class='ocrx_word' id='word_1_138' title='bbox 469 1806 588 1857; x_wconf 73' lang='lat' dir='ltr'>una</span> <span class='ocrx_word' id='word_1_139' title='bbox 635 1791 886 1858; x_wconf 88' lang='lat' dir='ltr'>collecta,</span> <span class='ocrx_word' id='word_1_140' title='bbox 956 1805 1058 1860; x_wconf 90' lang='lat' dir='ltr'>pro</span> <span class='ocrx_word' id='word_1_141' title='bbox 1101 1790 1284 1846; x_wconf 90' lang='lat' dir='ltr'>salute</span> <span class='ocrx_word' id='word_1_142' title='bbox 1340 1791 1667 1847; x_wconf 91' lang='lat' dir='ltr'>animarum</span> <span class='ocrx_word' id='word_1_143' title='bbox 1717 1793 1980 1863; x_wconf 83' lang='lat' dir='ltr'>Philippi,</span> 
     </span>
    </p>
   </div>
   <div class='ocr_carea' id='block_1_21' title="bbox 286 1878 1982 1950">
    <p class='ocr_par' dir='ltr' id='par_1_21' title="bbox 286 1878 1982 1950">
     <span class='ocr_line' id='line_1_21' title="bbox 286 1878 1982 1950; baseline 0.001 -15"><span class='ocrx_word' id='word_1_144' title='bbox 286 1879 440 1950; x_wconf 88' lang='lat' dir='ltr'>regis</span> <span class='ocrx_word' id='word_1_145' title='bbox 495 1881 870 1944; x_wconf 87' lang='lat' dir='ltr'>Francorum,</span> <span class='ocrx_word' id='word_1_146' title='bbox 922 1878 1140 1933; x_wconf 89' lang='lat' dir='ltr'>domini</span> <span class='ocrx_word' id='word_1_147' title='bbox 1185 1886 1239 1934; x_wconf 92' lang='lat' dir='ltr'>et</span> <span class='ocrx_word' id='word_1_148' title='bbox 1281 1879 1546 1950; x_wconf 85' lang='lat' dir='ltr'>conjugis</span> <span class='ocrx_word' id='word_1_149' title='bbox 1602 1879 1712 1935; x_wconf 92' lang='lat' dir='ltr'>mei</span> <span class='ocrx_word' id='word_1_150' title='bbox 1757 1881 1982 1937; x_wconf 90' lang='lat' dir='ltr'>charis—</span> 
     </span>
    </p>
   </div>
   <div class='ocr_carea' id='block_1_22' title="bbox 289 1965 1982 2037">
    <p class='ocr_par' dir='ltr' id='par_1_22' title="bbox 289 1965 1982 2037">
     <span class='ocr_line' id='line_1_22' title="bbox 289 1965 1982 2037; baseline 0.002 -15"><span class='ocrx_word' id='word_1_151' title='bbox 289 1968 438 2032; x_wconf 91' lang='lat' dir='ltr'>simi,</span> <span class='ocrx_word' id='word_1_152' title='bbox 481 1975 534 2022; x_wconf 90' lang='lat' dir='ltr'>et</span> <span class='ocrx_word' id='word_1_153' title='bbox 573 1967 811 2022; x_wconf 68' lang='lat' dir='ltr'>Joannae</span> <span class='ocrx_word' id='word_1_154' title='bbox 854 1965 981 2021; x_wconf 75' lang='lat' dir='ltr'>ﬁliae</span> <span class='ocrx_word' id='word_1_155' title='bbox 1021 1980 1178 2032; x_wconf 72' lang='lat' dir='ltr'>meae,</span> <span class='ocrx_word' id='word_1_156' title='bbox 1235 1967 1290 2021; x_wconf 91' lang='lat' dir='ltr'>in</span> <span class='ocrx_word' id='word_1_157' title='bbox 1338 1967 1574 2023; x_wconf 88' lang='lat' dir='ltr'>ecclesia</span> <span class='ocrx_word' id='word_1_158' title='bbox 1622 1969 1855 2037; x_wconf 78' lang='lat' dir='ltr'>praefata</span> <span class='ocrx_word' id='word_1_159' title='bbox 1884 1984 1982 2026; x_wconf 88' lang='lat' dir='ltr'>ce-</span> 
     </span>
    </p>
   </div>
   <div class='ocr_carea' id='block_1_23' title="bbox 285 2055 1978 2126">
    <p class='ocr_par' dir='ltr' id='par_1_23' title="bbox 285 2055 1978 2126">
     <span class='ocr_line' id='line_1_23' title="bbox 285 2055 1978 2126; baseline 0.002 -16"><span class='ocrx_word' id='word_1_160' title='bbox 285 2055 556 2111; x_wconf 91' lang='lat' dir='ltr'>lebretur.</span> <span class='ocrx_word' id='word_1_161' title='bbox 596 2055 725 2110; x_wconf 91' lang='lat' dir='ltr'>Post</span> <span class='ocrx_word' id='word_1_162' title='bbox 764 2061 1024 2110; x_wconf 90' lang='lat' dir='ltr'>nostrum</span> <span class='ocrx_word' id='word_1_163' title='bbox 1062 2068 1198 2110; x_wconf 88' lang='lat' dir='ltr'>vero</span> <span class='ocrx_word' id='word_1_164' title='bbox 1235 2069 1308 2110; x_wconf 81' lang='lat' dir='ltr'>ex</span> <span class='ocrx_word' id='word_1_165' title='bbox 1353 2055 1459 2111; x_wconf 91' lang='lat' dir='ltr'>hac</span> <span class='ocrx_word' id='word_1_166' title='bbox 1499 2056 1619 2112; x_wconf 89' lang='lat' dir='ltr'>vita</span> <span class='ocrx_word' id='word_1_167' title='bbox 1661 2057 1978 2126; x_wconf 88' lang='lat' dir='ltr'>decessum,</span> 
     </span>
    </p>
   </div>
   <div class='ocr_carea' id='block_1_24' title="bbox 283 2141 1982 2214">
    <p class='ocr_par' dir='ltr' id='par_1_24' title="bbox 283 2141 1982 2214">
     <span class='ocr_line' id='line_1_24' title="bbox 283 2141 1982 2214; baseline 0.001 -15"><span class='ocrx_word' id='word_1_168' title='bbox 283 2143 343 2199; x_wconf 89' lang='lat' dir='ltr'>in</span> <span class='ocrx_word' id='word_1_169' title='bbox 372 2143 460 2199; x_wconf 91' lang='lat' dir='ltr'>die</span> <span class='ocrx_word' id='word_1_170' title='bbox 497 2143 688 2198; x_wconf 89' lang='lat' dir='ltr'>obitus</span> <span class='ocrx_word' id='word_1_171' title='bbox 717 2143 893 2196; x_wconf 87' lang='lat' dir='ltr'>nostri</span> <span class='ocrx_word' id='word_1_172' title='bbox 939 2141 1182 2209; x_wconf 84' lang='lat' dir='ltr'>singulis</span> <span class='ocrx_word' id='word_1_173' title='bbox 1228 2143 1414 2212; x_wconf 89' lang='lat' dir='ltr'>annis,</span> <span class='ocrx_word' id='word_1_174' title='bbox 1457 2143 1668 2214; x_wconf 70' lang='lat' dir='ltr'>vigiliae</span> <span class='ocrx_word' id='word_1_175' title='bbox 1706 2153 1761 2200; x_wconf 93' lang='lat' dir='ltr'>et</span> <span class='ocrx_word' id='word_1_176' title='bbox 1809 2146 1982 2201; x_wconf 87' lang='lat' dir='ltr'>missa</span> 
     </span>
    </p>
   </div>
   <div class='ocr_carea' id='block_1_25' title="bbox 282 2228 1977 2299">
    <p class='ocr_par' dir='ltr' id='par_1_25' title="bbox 282 2228 1977 2299">
     <span class='ocr_line' id='line_1_25' title="bbox 282 2228 1977 2299; baseline 0.001 -14"><span class='ocrx_word' id='word_1_177' title='bbox 282 2230 687 2286; x_wconf 84' lang='lat' dir='ltr'>defunctorum</span> <span class='ocrx_word' id='word_1_178' title='bbox 732 2228 1000 2284; x_wconf 90' lang='lat' dir='ltr'>solemnis</span> <span class='ocrx_word' id='word_1_179' title='bbox 1046 2243 1179 2284; x_wconf 92' lang='lat' dir='ltr'>cum</span> <span class='ocrx_word' id='word_1_180' title='bbox 1229 2229 1469 2286; x_wconf 86' lang='lat' dir='ltr'>diacono</span> <span class='ocrx_word' id='word_1_181' title='bbox 1515 2239 1568 2286; x_wconf 89' lang='lat' dir='ltr'>et</span> <span class='ocrx_word' id='word_1_182' title='bbox 1606 2231 1977 2299; x_wconf 89' lang='lat' dir='ltr'>subdiacono,</span> 
     </span>
    </p>
   </div>
   <div class='ocr_carea' id='block_1_26' title="bbox 281 2316 1980 2388">
    <p class='ocr_par' dir='ltr' id='par_1_26' title="bbox 281 2316 1980 2388">
     <span class='ocr_line' id='line_1_26' title="bbox 281 2316 1980 2388; baseline 0.001 -13"><span class='ocrx_word' id='word_1_183' title='bbox 281 2327 346 2375; x_wconf 91' lang='lat' dir='ltr'>ut</span> <span class='ocrx_word' id='word_1_184' title='bbox 375 2332 553 2388; x_wconf 88' lang='lat' dir='ltr'>supra</span> <span class='ocrx_word' id='word_1_185' title='bbox 587 2317 824 2384; x_wconf 88' lang='lat' dir='ltr'>indutis,</span> <span class='ocrx_word' id='word_1_186' title='bbox 861 2331 963 2386; x_wconf 92' lang='lat' dir='ltr'>pro</span> <span class='ocrx_word' id='word_1_187' title='bbox 1005 2316 1312 2372; x_wconf 90' lang='lat' dir='ltr'>animabus</span> <span class='ocrx_word' id='word_1_188' title='bbox 1349 2318 1715 2387; x_wconf 85' lang='lat' dir='ltr'>praefatorum</span> <span class='ocrx_word' id='word_1_189' title='bbox 1762 2320 1980 2376; x_wconf 91' lang='lat' dir='ltr'>domini</span> 
     </span>
    </p>
   </div>
   <div class='ocr_carea' id='block_1_27' title="bbox 282 2404 1980 2476">
    <p class='ocr_par' dir='ltr' id='par_1_27' title="bbox 282 2404 1980 2476">
     <span class='ocr_line' id='line_1_27' title="bbox 282 2404 1980 2476; baseline 0.001 -15"><span class='ocrx_word' id='word_1_190' title='bbox 282 2406 435 2476; x_wconf 90' lang='lat' dir='ltr'>regis</span> <span class='ocrx_word' id='word_1_191' title='bbox 466 2405 736 2474; x_wconf 88' lang='lat' dir='ltr'>Philippi,</span> <span class='ocrx_word' id='word_1_192' title='bbox 768 2412 822 2460; x_wconf 91' lang='lat' dir='ltr'>et</span> <span class='ocrx_word' id='word_1_193' title='bbox 843 2404 1098 2470; x_wconf 71' lang='lat' dir='ltr'>Joannaa,</span> <span class='ocrx_word' id='word_1_194' title='bbox 1131 2412 1186 2460; x_wconf 90' lang='lat' dir='ltr'>et</span> <span class='ocrx_word' id='word_1_195' title='bbox 1215 2412 1411 2460; x_wconf 90' lang='lat' dir='ltr'>nostra</span> <span class='ocrx_word' id='word_1_196' title='bbox 1447 2407 1716 2475; x_wconf 91' lang='lat' dir='ltr'>(quorum</span> <span class='ocrx_word' id='word_1_197' title='bbox 1745 2408 1980 2462; x_wconf 90' lang='lat' dir='ltr'>nomina</span> 
     </span>
    </p>
   </div>
   <div class='ocr_carea' id='block_1_28' title="bbox 283 2492 1980 2566">
    <p class='ocr_par' dir='ltr' id='par_1_28' title="bbox 283 2492 1980 2566">
     <span class='ocr_line' id='line_1_28' title="bbox 283 2492 1980 2566; baseline 0 -15"><span class='ocrx_word' id='word_1_198' title='bbox 283 2494 341 2550; x_wconf 92' lang='lat' dir='ltr'>in</span> <span class='ocrx_word' id='word_1_199' title='bbox 376 2494 588 2551; x_wconf 90' lang='lat' dir='ltr'>Missali</span> <span class='ocrx_word' id='word_1_200' title='bbox 621 2492 857 2563; x_wconf 90' lang='lat' dir='ltr'>majoris</span> <span class='ocrx_word' id='word_1_201' title='bbox 881 2493 1050 2559; x_wconf 89' lang='lat' dir='ltr'>sacri,</span> <span class='ocrx_word' id='word_1_202' title='bbox 1082 2500 1138 2548; x_wconf 90' lang='lat' dir='ltr'>et</span> <span class='ocrx_word' id='word_1_203' title='bbox 1180 2493 1237 2548; x_wconf 88' lang='lat' dir='ltr'>in</span> <span class='ocrx_word' id='word_1_204' title='bbox 1277 2494 1708 2566; x_wconf 87' lang='lat' dir='ltr'>martyrologio,</span> <span class='ocrx_word' id='word_1_205' title='bbox 1755 2510 1826 2551; x_wconf 90' lang='lat' dir='ltr'>ne</span> <span class='ocrx_word' id='word_1_206' title='bbox 1857 2495 1980 2551; x_wconf 74' lang='lat' dir='ltr'>haec</span> 
     </span>
    </p>
   </div>
   <div class='ocr_carea' id='block_1_29' title="bbox 280 2579 1976 2651">
    <p class='ocr_par' dir='ltr' id='par_1_29' title="bbox 280 2579 1976 2651">
     <span class='ocr_line' id='line_1_29' title="bbox 280 2579 1976 2651; baseline 0 -12"><span class='ocrx_word' id='word_1_207' title='bbox 280 2590 477 2639; x_wconf 89' lang='lat' dir='ltr'>nostra</span> <span class='ocrx_word' id='word_1_208' title='bbox 522 2582 806 2638; x_wconf 88' lang='lat' dir='ltr'>ordinatio</span> <span class='ocrx_word' id='word_1_209' title='bbox 852 2579 1123 2636; x_wconf 90' lang='lat' dir='ltr'>oblivioni</span> <span class='ocrx_word' id='word_1_210' title='bbox 1151 2580 1456 2651; x_wconf 83' lang='lat' dir='ltr'>_tradatur,</span> <span class='ocrx_word' id='word_1_211' title='bbox 1500 2582 1763 2638; x_wconf 87' lang='lat' dir='ltr'>adnotari</span> <span class='ocrx_word' id='word_1_212' title='bbox 1805 2584 1976 2640; x_wconf 92' lang='lat' dir='ltr'>volu-</span> 
     </span>
    </p>
   </div>
   <div class='ocr_carea' id='block_1_30' title="bbox 281 2669 1108 2740">
    <p class='ocr_par' dir='ltr' id='par_1_30' title="bbox 281 2669 1108 2740">
     <span class='ocr_line' id='line_1_30' title="bbox 281 2669 1108 2740; baseline -0.004 -14"><span class='ocrx_word' id='word_1_213' title='bbox 281 2672 435 2740; x_wconf 92' lang='lat' dir='ltr'>mus)</span> <span class='ocrx_word' id='word_1_214' title='bbox 459 2670 667 2726; x_wconf 89' lang='lat' dir='ltr'>ibidem</span> <span class='ocrx_word' id='word_1_215' title='bbox 698 2669 1108 2724; x_wconf 90' lang='lat' dir='ltr'>cantabuntur.</span> 
     </span>
    </p>
   </div>
   <div class='ocr_carea' id='block_1_31' title="bbox 356 2757 1976 2828">
    <p class='ocr_par' dir='ltr' id='par_1_31' title="bbox 356 2757 1976 2828">
     <span class='ocr_line' id='line_1_31' title="bbox 356 2757 1976 2828; baseline 0.006 -21"><span class='ocrx_word' id='word_1_216' title='bbox 356 2780 383 2807; x_wconf 74' lang='grc' dir='ltr'><strong><em>α</em></strong></span> <span class='ocrx_word' id='word_1_217' title='bbox 416 2761 478 2812; x_wconf 90' lang='lat' dir='ltr'><strong>In</strong></span> <span class='ocrx_word' id='word_1_218' title='bbox 528 2758 698 2828; x_wconf 89' lang='lat' dir='ltr'>cujus</span> <span class='ocrx_word' id='word_1_219' title='bbox 745 2757 1122 2812; x_wconf 89' lang='lat' dir='ltr'>concessionis</span> <span class='ocrx_word' id='word_1_220' title='bbox 1167 2765 1220 2813; x_wconf 88' lang='lat' dir='ltr'>et</span> <span class='ocrx_word' id='word_1_221' title='bbox 1272 2758 1650 2814; x_wconf 86' lang='lat' dir='ltr'>ordinationis</span> <span class='ocrx_word' id='word_1_222' title='bbox 1691 2759 1880 2826; x_wconf 90' lang='lat' dir='ltr'>ﬁdem,</span> <span class='ocrx_word' id='word_1_223' title='bbox 1921 2768 1976 2816; x_wconf 92' lang='lat' dir='ltr'>et</span> 
     </span>
    </p>
   </div>
   <div class='ocr_carea' id='block_1_32' title="bbox 279 2844 1974 2916">
    <p class='ocr_par' dir='ltr' id='par_1_32' title="bbox 279 2844 1974 2916">
     <span class='ocr_line' id='line_1_32' title="bbox 279 2844 1974 2916; baseline 0.001 -15"><span class='ocrx_word' id='word_1_224' title='bbox 279 2845 646 2901; x_wconf 88' lang='lat' dir='ltr'>stabilitatem</span> <span class='ocrx_word' id='word_1_225' title='bbox 685 2844 1077 2914; x_wconf 90' lang='lat' dir='ltr'>acquisitionis</span> <span class='ocrx_word' id='word_1_226' title='bbox 1127 2846 1358 2901; x_wconf 75' lang='lat' dir='ltr'>decimae</span> <span class='ocrx_word' id='word_1_227' title='bbox 1410 2847 1710 2916; x_wconf 73' lang='lat' dir='ltr'>praedictae,</span> <span class='ocrx_word' id='word_1_228' title='bbox 1757 2848 1974 2904; x_wconf 88' lang='lat' dir='ltr'>litteras</span> 
     </span>
    </p>
   </div>
   <div class='ocr_carea' id='block_1_33' title="bbox 279 2932 2052 3021">
    <p class='ocr_par' dir='ltr' id='par_1_33' title="bbox 279 2932 2052 3021">
     <span class='ocr_line' id='line_1_33' title="bbox 279 2932 2052 3021; baseline 0.002 -32"><span class='ocrx_word' id='word_1_229' title='bbox 279 2933 530 3004; x_wconf 67' lang='lat' dir='ltr'>prmfatis</span> <span class='ocrx_word' id='word_1_230' title='bbox 577 2932 856 3004; x_wconf 89' lang='lat' dir='ltr'>religiosis</span> <span class='ocrx_word' id='word_1_231' title='bbox 907 2933 1264 3002; x_wconf 90' lang='lat' dir='ltr'>tradidimus,</span> <span class='ocrx_word' id='word_1_232' title='bbox 1329 2943 1384 2991; x_wconf 90' lang='lat' dir='ltr'>et</span> <span class='ocrx_word' id='word_1_233' title='bbox 1440 2935 1818 3004; x_wconf 64' lang='lat' dir='ltr'>praasentibus</span> <span class='ocrx_word' id='word_1_234' title='bbox 1871 2953 1972 2992; x_wconf 90' lang='lat' dir='ltr'>no-</span> <span class='ocrx_word' id='word_1_235' title='bbox 2013 2965 2052 3021; x_wconf 70' lang='grc' dir='ltr'>ο</span> 
     </span>
    </p>
   </div>
   <div class='ocr_carea' id='block_1_34' title="bbox 278 3022 1303 3092">
    <p class='ocr_par' dir='ltr' id='par_1_34' title="bbox 278 3022 1303 3092">
     <span class='ocr_line' id='line_1_34' title="bbox 278 3022 1303 3092; baseline -0.003 -13"><span class='ocrx_word' id='word_1_236' title='bbox 278 3031 460 3079; x_wconf 91' lang='lat' dir='ltr'>strum</span> <span class='ocrx_word' id='word_1_237' title='bbox 486 3022 766 3092; x_wconf 91' lang='lat' dir='ltr'>jussimus</span> <span class='ocrx_word' id='word_1_238' title='bbox 793 3022 1003 3091; x_wconf 91' lang='lat' dir='ltr'>apponi</span> <span class='ocrx_word' id='word_1_239' title='bbox 1030 3022 1303 3092; x_wconf 91' lang='lat' dir='ltr'>sigillum.</span> 
     </span>
    </p>
   </div>
   <div class='ocr_carea' id='block_1_35' title="bbox 353 3109 1969 3167">
    <p class='ocr_par' dir='ltr' id='par_1_35' title="bbox 353 3109 1969 3167">
     <span class='ocr_line' id='line_1_35' title="bbox 353 3109 1969 3167; baseline 0.004 -7"><span class='ocrx_word' id='word_1_240' title='bbox 353 3132 375 3160; x_wconf 74' lang='grc' dir='ltr'>ι</span> <span class='ocrx_word' id='word_1_241' title='bbox 412 3110 617 3166; x_wconf 90' lang='lat' dir='ltr'>Datum</span> <span class='ocrx_word' id='word_1_242' title='bbox 673 3109 729 3164; x_wconf 90' lang='lat' dir='ltr'>in</span> <span class='ocrx_word' id='word_1_243' title='bbox 757 3116 943 3165; x_wconf 88' lang='lat' dir='ltr'>castro</span> <span class='ocrx_word' id='word_1_244' title='bbox 975 3117 1168 3165; x_wconf 89' lang='lat' dir='ltr'>nostro</span> <span class='ocrx_word' id='word_1_245' title='bbox 1194 3109 1264 3165; x_wconf 90' lang='lat' dir='ltr'>de</span> <span class='ocrx_word' id='word_1_246' title='bbox 1302 3109 1534 3166; x_wconf 85' lang='lat' dir='ltr'>Neaufle</span> <span class='ocrx_word' id='word_1_247' title='bbox 1563 3124 1714 3166; x_wconf 92' lang='lat' dir='ltr'>anno</span> <span class='ocrx_word' id='word_1_248' title='bbox 1747 3111 1969 3167; x_wconf 90' lang='lat' dir='ltr'>Domini</span> 
     </span>
    </p>
   </div>
   <div class='ocr_carea' id='block_1_36' title="bbox 277 3198 1965 3274">
    <p class='ocr_par' dir='ltr' id='par_1_36' title="bbox 277 3198 1965 3274">
     <span class='ocr_line' id='line_1_36' title="bbox 277 3198 1965 3274; baseline 0.001 -20"><span class='ocrx_word' id='word_1_249' title='bbox 277 3198 576 3255; x_wconf 90' lang='lat' dir='ltr'>millesimo</span> <span class='ocrx_word' id='word_1_250' title='bbox 617 3198 1009 3274; x_wconf 82' lang='lat' dir='ltr'>trecentesimo</span> <span class='ocrx_word' id='word_1_251' title='bbox 1076 3198 1446 3269; x_wconf 86' lang='lat' dir='ltr'>nonagesimo</span> <span class='ocrx_word' id='word_1_252' title='bbox 1484 3209 1705 3268; x_wconf 90' lang='lat' dir='ltr'>octavo,</span> <span class='ocrx_word' id='word_1_253' title='bbox 1747 3201 1837 3256; x_wconf 90' lang='lat' dir='ltr'>die</span> <span class='ocrx_word' id='word_1_254' title='bbox 1878 3201 1965 3256; x_wconf 92' lang='lat' dir='ltr'>vi-</span> 
     </span>
    </p>
   </div>
   <div class='ocr_carea' id='block_1_37' title="bbox 278 3285 1181 3356">
    <p class='ocr_par' dir='ltr' id='par_1_37' title="bbox 278 3285 1181 3356">
     <span class='ocr_line' id='line_1_37' title="bbox 278 3285 1181 3356; baseline -0.008 -15"><span class='ocrx_word' id='word_1_255' title='bbox 278 3286 493 3356; x_wconf 89' lang='lat' dir='ltr'>gesima</span> <span class='ocrx_word' id='word_1_256' title='bbox 519 3294 682 3341; x_wconf 82' lang='lat' dir='ltr'>sexta</span> <span class='ocrx_word' id='word_1_257' title='bbox 708 3286 918 3341; x_wconf 91' lang='lat' dir='ltr'>mensis</span> <span class='ocrx_word' id='word_1_258' title='bbox 945 3285 1121 3341; x_wconf 88' lang='lat' dir='ltr'>Junii.</span> <span class='ocrx_word' id='word_1_259' title='bbox 1160 3306 1181 3334; x_wconf 78' lang='grc' dir='ltr'>ι</span> 
     </span>
    </p>
   </div>
   <div class='ocr_carea' id='block_1_38' title="bbox 347 3373 1966 3443">
    <p class='ocr_par' dir='ltr' id='par_1_38' title="bbox 347 3373 1966 3443">
     <span class='ocr_line' id='line_1_38' title="bbox 347 3373 1966 3443; baseline 0.002 -15"><span class='ocrx_word' id='word_1_260' title='bbox 347 3373 650 3443; x_wconf 90' lang='lat' dir='ltr'>Privilegio</span> <span class='ocrx_word' id='word_1_261' title='bbox 682 3373 1060 3429; x_wconf 88' lang='lat' dir='ltr'>Eustachium</span> <span class='ocrx_word' id='word_1_262' title='bbox 1088 3373 1350 3428; x_wconf 87' lang='lat' dir='ltr'>abbatem</span> <span class='ocrx_word' id='word_1_263' title='bbox 1382 3382 1549 3430; x_wconf 87' lang='lat' dir='ltr'>ornat</span> <span class='ocrx_word' id='word_1_264' title='bbox 1575 3375 1822 3431; x_wconf 89' lang='lat' dir='ltr'>Joannes</span> <span class='ocrx_word' id='word_1_265' title='bbox 1849 3391 1966 3432; x_wconf 65' lang='grc' dir='ltr'>χχιι</span> 
     </span>
    </p>
   </div>
   <div class='ocr_carea' id='block_1_39' title="bbox 273 3461 1963 3532">
    <p class='ocr_par' dir='ltr' id='par_1_39' title="bbox 273 3461 1963 3532">
     <span class='ocr_line' id='line_1_39' title="bbox 273 3461 1963 3532; baseline 0.003 -14"><span class='ocrx_word' id='word_1_266' title='bbox 273 3476 374 3518; x_wconf 90' lang='lat' dir='ltr'>seu</span> <span class='ocrx_word' id='word_1_267' title='bbox 413 3477 554 3518; x_wconf 71' lang='grc' dir='ltr'>χχιιι</span> <span class='ocrx_word' id='word_1_268' title='bbox 584 3462 643 3517; x_wconf 92' lang='grc' dir='ltr'>Ρ.</span> <span class='ocrx_word' id='word_1_269' title='bbox 689 3463 786 3529; x_wconf 85' lang='grc' dir='ltr'>Μ.,</span> <span class='ocrx_word' id='word_1_270' title='bbox 823 3477 938 3532; x_wconf 93' lang='lat' dir='ltr'>quo</span> <span class='ocrx_word' id='word_1_271' title='bbox 981 3461 1080 3532; x_wconf 92' lang='lat' dir='ltr'>jus</span> <span class='ocrx_word' id='word_1_272' title='bbox 1108 3463 1454 3520; x_wconf 88' lang='lat' dir='ltr'>utendorum</span> <span class='ocrx_word' id='word_1_273' title='bbox 1495 3466 1644 3522; x_wconf 90' lang='lat' dir='ltr'>inter</span> <span class='ocrx_word' id='word_1_274' title='bbox 1674 3480 1839 3522; x_wconf 90' lang='lat' dir='ltr'>sacra</span> <span class='ocrx_word' id='word_1_275' title='bbox 1867 3481 1963 3522; x_wconf 88' lang='lat' dir='ltr'>so-</span> 
     </span>
    </p>
   </div>
   <div class='ocr_carea' id='block_1_40' title="bbox 271 3549 1964 3621">
    <p class='ocr_par' dir='ltr' id='par_1_40' title="bbox 271 3549 1964 3621">
     <span class='ocr_line' id='line_1_40' title="bbox 271 3549 1964 3621; baseline 0.003 -15"><span class='ocrx_word' id='word_1_276' title='bbox 271 3549 484 3606; x_wconf 90' lang='lat' dir='ltr'>lemnia</span> <span class='ocrx_word' id='word_1_277' title='bbox 533 3550 946 3621; x_wconf 89' lang='lat' dir='ltr'>pontiﬁcalium</span> <span class='ocrx_word' id='word_1_278' title='bbox 993 3560 1464 3608; x_wconf 88' lang='lat' dir='ltr'>ornamentorum</span> <span class='ocrx_word' id='word_1_279' title='bbox 1528 3554 1802 3611; x_wconf 88' lang='lat' dir='ltr'>concedit.</span> <span class='ocrx_word' id='word_1_280' title='bbox 1873 3555 1964 3612; x_wconf 93' lang='lat' dir='ltr'>Sic</span> 
     </span>
    </p>
   </div>
   <div class='ocr_carea' id='block_1_41' title="bbox 270 3637 952 3696">
    <p class='ocr_par' dir='ltr' id='par_1_41' title="bbox 270 3637 952 3696">
     <span class='ocr_line' id='line_1_41' title="bbox 270 3637 952 3696; baseline -0.004 -2"><span class='ocrx_word' id='word_1_281' title='bbox 270 3645 461 3694; x_wconf 89' lang='lat' dir='ltr'>autem</span> <span class='ocrx_word' id='word_1_282' title='bbox 493 3638 708 3696; x_wconf 77' lang='lat' dir='ltr'>habent</span> <span class='ocrx_word' id='word_1_283' title='bbox 732 3637 952 3693; x_wconf 77' lang='lat' dir='ltr'>litterae.</span> 
     </span>
    </p>
   </div>
   <div class='ocr_carea' id='block_1_42' title="bbox 347 3725 1961 3798">
    <p class='ocr_par' dir='ltr' id='par_1_42' title="bbox 347 3725 1961 3798">
     <span class='ocr_line' id='line_1_42' title="bbox 347 3725 1961 3798; baseline 0.007 -22"><span class='ocrx_word' id='word_1_284' title='bbox 347 3750 368 3776; x_wconf 84' lang='grc' dir='ltr'>ι</span> <span class='ocrx_word' id='word_1_285' title='bbox 403 3727 644 3782; x_wconf 60' lang='lat' dir='ltr'>Joannes</span> <span class='ocrx_word' id='word_1_286' title='bbox 686 3725 1008 3795; x_wconf 89' lang='lat' dir='ltr'>episcopus,</span> <span class='ocrx_word' id='word_1_287' title='bbox 1065 3739 1269 3781; x_wconf 89' lang='lat' dir='ltr'>servus</span> <span class='ocrx_word' id='word_1_288' title='bbox 1319 3741 1618 3784; x_wconf 91' lang='lat' dir='ltr'>servorum</span> <span class='ocrx_word' id='word_1_289' title='bbox 1659 3730 1777 3798; x_wconf 89' lang='lat' dir='ltr'>Dei,</span> <span class='ocrx_word' id='word_1_290' title='bbox 1820 3731 1961 3787; x_wconf 92' lang='lat' dir='ltr'>dile-</span> 
     </span>
    </p>
   </div>
   <div class='ocr_carea' id='block_1_43' title="bbox 269 3811 1958 3878">
    <p class='ocr_par' dir='ltr' id='par_1_43' title="bbox 269 3811 1958 3878">
     <span class='ocr_line' id='line_1_43' title="bbox 269 3811 1958 3878; baseline 0.004 -9"><span class='ocrx_word' id='word_1_291' title='bbox 269 3814 374 3870; x_wconf 92' lang='lat' dir='ltr'>ctis</span> <span class='ocrx_word' id='word_1_292' title='bbox 408 3813 539 3869; x_wconf 90' lang='lat' dir='ltr'>ﬁliis</span> <span class='ocrx_word' id='word_1_293' title='bbox 582 3813 890 3869; x_wconf 85' lang='lat' dir='ltr'>Eustachio</span> <span class='ocrx_word' id='word_1_294' title='bbox 929 3811 1146 3878; x_wconf 88' lang='lat' dir='ltr'>abbati.</span> <span class='ocrx_word' id='word_1_295' title='bbox 1189 3822 1244 3870; x_wconf 91' lang='lat' dir='ltr'>et</span> <span class='ocrx_word' id='word_1_296' title='bbox 1273 3817 1581 3872; x_wconf 90' lang='lat' dir='ltr'>conventui</span> <span class='ocrx_word' id='word_1_297' title='bbox 1631 3820 1958 3875; x_wconf 89' lang='lat' dir='ltr'>monasterii</span> 
     </span>
    </p>
   </div>
   <div class='ocr_carea' id='block_1_44' title="bbox 269 3897 1958 3969">
    <p class='ocr_par' dir='ltr' id='par_1_44' title="bbox 269 3897 1958 3969">
     <span class='ocr_line' id='line_1_44' title="bbox 269 3897 1958 3969; baseline 0.004 -15"><span class='ocrx_word' id='word_1_298' title='bbox 269 3899 323 3954; x_wconf 94' lang='lat' dir='ltr'>S.</span> <span class='ocrx_word' id='word_1_299' title='bbox 369 3898 654 3954; x_wconf 88' lang='lat' dir='ltr'>Geremari</span> <span class='ocrx_word' id='word_1_300' title='bbox 699 3898 766 3954; x_wconf 89' lang='lat' dir='ltr'>de</span> <span class='ocrx_word' id='word_1_301' title='bbox 814 3897 1096 3966; x_wconf 87' lang='lat' dir='ltr'>Flaviaco,</span> <span class='ocrx_word' id='word_1_302' title='bbox 1149 3901 1271 3955; x_wconf 90' lang='lat' dir='ltr'>ord.</span> <span class='ocrx_word' id='word_1_303' title='bbox 1307 3901 1362 3956; x_wconf 92' lang='lat' dir='ltr'>S.</span> <span class='ocrx_word' id='word_1_304' title='bbox 1410 3902 1714 3969; x_wconf 87' lang='lat' dir='ltr'>Benedicti,</span> <span class='ocrx_word' id='word_1_305' title='bbox 1760 3905 1958 3961; x_wconf 89' lang='lat' dir='ltr'>Belva-</span> 
     </span>
    </p>
   </div>
   <div class='ocr_carea' id='block_1_45' title="bbox 265 3986 1962 4058">
    <p class='ocr_par' dir='ltr' id='par_1_45' title="bbox 265 3986 1962 4058">
     <span class='ocr_line' id='line_1_45' title="bbox 265 3986 1962 4058; baseline 0.004 -15"><span class='ocrx_word' id='word_1_306' title='bbox 265 3986 448 4043; x_wconf 88' lang='lat' dir='ltr'>censis</span> <span class='ocrx_word' id='word_1_307' title='bbox 489 3986 766 4053; x_wconf 73' lang='lat' dir='ltr'>dimcesis,</span> <span class='ocrx_word' id='word_1_308' title='bbox 820 3986 1062 4042; x_wconf 87' lang='lat' dir='ltr'>salutem</span> <span class='ocrx_word' id='word_1_309' title='bbox 1105 3995 1159 4043; x_wconf 91' lang='lat' dir='ltr'>et</span> <span class='ocrx_word' id='word_1_310' title='bbox 1213 3990 1574 4058; x_wconf 90' lang='lat' dir='ltr'>apostolicam</span> <span class='ocrx_word' id='word_1_311' title='bbox 1623 3992 1962 4051; x_wconf 89' lang='lat' dir='ltr'>benedictio-</span> 
     </span>
    </p>
   </div>
   <div class='ocr_carea' id='block_1_46' title="bbox 265 4073 1958 4152">
    <p class='ocr_par' dir='ltr' id='par_1_46' title="bbox 265 4073 1958 4152">
     <span class='ocr_line' id='line_1_46' title="bbox 265 4073 1958 4152; baseline 0.008 -27"><span class='ocrx_word' id='word_1_312' title='bbox 265 4085 415 4126; x_wconf 89' lang='lat' dir='ltr'>nem.</span> <span class='ocrx_word' id='word_1_313' title='bbox 465 4073 732 4141; x_wconf 85' lang='lat' dir='ltr'>Exposcit</span> <span class='ocrx_word' id='word_1_314' title='bbox 773 4087 862 4127; x_wconf 88' lang='lat' dir='ltr'>me</span> <span class='ocrx_word' id='word_1_315' title='bbox 901 4073 1220 4130; x_wconf 87' lang='lat' dir='ltr'>devotionis</span> <span class='ocrx_word' id='word_1_316' title='bbox 1265 4076 1582 4147; x_wconf 89' lang='lat' dir='ltr'>sinceritas,</span> <span class='ocrx_word' id='word_1_317' title='bbox 1623 4088 1678 4136; x_wconf 91' lang='lat' dir='ltr'>et</span> <span class='ocrx_word' id='word_1_318' title='bbox 1725 4081 1958 4152; x_wconf 91' lang='lat' dir='ltr'>religio-</span> 
     </span>
    </p>
   </div>
   <div class='ocr_carea' id='block_1_47' title="bbox 264 4158 1956 4238">
    <p class='ocr_par' dir='ltr' id='par_1_47' title="bbox 264 4158 1956 4238">
     <span class='ocr_line' id='line_1_47' title="bbox 264 4158 1956 4238; baseline 0.007 -25"><span class='ocrx_word' id='word_1_319' title='bbox 264 4158 356 4214; x_wconf 90' lang='lat' dir='ltr'>nis</span> <span class='ocrx_word' id='word_1_320' title='bbox 385 4169 744 4228; x_wconf 89' lang='lat' dir='ltr'>promeretur</span> <span class='ocrx_word' id='word_1_321' title='bbox 787 4160 1072 4229; x_wconf 87' lang='lat' dir='ltr'>honestas,</span> <span class='ocrx_word' id='word_1_322' title='bbox 1115 4171 1180 4219; x_wconf 91' lang='lat' dir='ltr'>ut</span> <span class='ocrx_word' id='word_1_323' title='bbox 1222 4172 1336 4220; x_wconf 91' lang='lat' dir='ltr'>tam</span> <span class='ocrx_word' id='word_1_324' title='bbox 1376 4180 1496 4234; x_wconf 86' lang='lat' dir='ltr'>vos,</span> <span class='ocrx_word' id='word_1_325' title='bbox 1539 4182 1685 4237; x_wconf 91' lang='lat' dir='ltr'>quos</span> <span class='ocrx_word' id='word_1_326' title='bbox 1730 4170 1956 4238; x_wconf 89' lang='lat' dir='ltr'>speciali</span> 
     </span>
    </p>
   </div>
   <div class='ocr_carea' id='block_1_48' title="bbox 2100 474 3804 548">
    <p class='ocr_par' dir='ltr' id='par_1_48' title="bbox 2100 474 3804 548">
     <span class='ocr_line' id='line_1_48' title="bbox 2100 474 3804 548; baseline 0.005 -22"><span class='ocrx_word' id='word_1_327' title='bbox 2100 474 2423 542; x_wconf 87' lang='lat' dir='ltr'>apostolicis</span> <span class='ocrx_word' id='word_1_328' title='bbox 2481 475 2538 529; x_wconf 92' lang='lat' dir='ltr'>in</span> <span class='ocrx_word' id='word_1_329' title='bbox 2588 477 2941 532; x_wconf 89' lang='lat' dir='ltr'>contrarium</span> <span class='ocrx_word' id='word_1_330' title='bbox 2992 491 3362 548; x_wconf 88' lang='lat' dir='ltr'>nequaquam</span> <span class='ocrx_word' id='word_1_331' title='bbox 3397 480 3804 542; x_wconf 88' lang='lat' dir='ltr'>obstantibus;</span> 
     </span>
    </p>
   </div>
   <div class='ocr_carea' id='block_1_49' title="bbox 2100 561 3806 639">
    <p class='ocr_par' dir='ltr' id='par_1_49' title="bbox 2100 561 3806 639">
     <span class='ocr_line' id='line_1_49' title="bbox 2100 561 3806 639; baseline 0.005 -24"><span class='ocrx_word' id='word_1_332' title='bbox 2100 561 2280 639; x_wconf 80' lang='lat' dir='ltr'>vobis,</span> <span class='ocrx_word' id='word_1_333' title='bbox 2331 571 2384 617; x_wconf 91' lang='lat' dir='ltr'>et</span> <span class='ocrx_word' id='word_1_334' title='bbox 2430 563 2642 618; x_wconf 87' lang='lat' dir='ltr'>eisdem</span> <span class='ocrx_word' id='word_1_335' title='bbox 2699 566 3146 633; x_wconf 90' lang='lat' dir='ltr'>successoribus,</span> <span class='ocrx_word' id='word_1_336' title='bbox 3195 568 3534 623; x_wconf 88' lang='lat' dir='ltr'>auctoritate</span> <span class='ocrx_word' id='word_1_337' title='bbox 3579 577 3806 639; x_wconf 85' lang='lat' dir='ltr'>aposto-</span> 
     </span>
    </p>
   </div>
   <div class='ocr_carea' id='block_1_50' title="bbox 2100 637 3808 719">
    <p class='ocr_par' dir='ltr' id='par_1_50' title="bbox 2100 637 3808 719">
     <span class='ocr_line' id='line_1_50' title="bbox 2100 637 3808 719; baseline 0.006 -26"><span class='ocrx_word' id='word_1_338' title='bbox 2100 637 2227 706; x_wconf 89' lang='lat' dir='ltr'>lica,</span> <span class='ocrx_word' id='word_1_339' title='bbox 2269 641 2338 695; x_wconf 92' lang='lat' dir='ltr'>de</span> <span class='ocrx_word' id='word_1_340' title='bbox 2367 641 2599 710; x_wconf 87' lang='lat' dir='ltr'>speciali</span> <span class='ocrx_word' id='word_1_341' title='bbox 2637 644 2844 713; x_wconf 89' lang='lat' dir='ltr'>gratia,</span> <span class='ocrx_word' id='word_1_342' title='bbox 2885 652 3077 699; x_wconf 89' lang='lat' dir='ltr'>tenore</span> <span class='ocrx_word' id='word_1_343' title='bbox 3118 647 3485 714; x_wconf 67' lang='lat' dir='ltr'>praesentium</span> <span class='ocrx_word' id='word_1_344' title='bbox 3526 637 3808 719; x_wconf 82' lang='lat' dir='ltr'>indulge-</span> 
     </span>
    </p>
   </div>
   <div class='ocr_carea' id='block_1_51' title="bbox 2099 741 2250 783">
    <p class='ocr_par' dir='ltr' id='par_1_51' title="bbox 2099 741 2250 783">
     <span class='ocr_line' id='line_1_51' title="bbox 2099 741 2250 783; baseline -0.013 -1"><span class='ocrx_word' id='word_1_345' title='bbox 2099 741 2250 783; x_wconf 92' lang='lat' dir='ltr'>mus.</span> 
     </span>
    </p>
   </div>
   <div class='ocr_carea' id='block_1_52' title="bbox 2173 813 3808 895">
    <p class='ocr_par' dir='ltr' id='par_1_52' title="bbox 2173 813 3808 895">
     <span class='ocr_line' id='line_1_52' title="bbox 2173 813 3808 895; baseline 0.004 -23"><span class='ocrx_word' id='word_1_346' title='bbox 2173 837 2194 864; x_wconf 72' lang='grc' dir='ltr'>ι</span> <span class='ocrx_word' id='word_1_347' title='bbox 2227 815 2382 872; x_wconf 89' lang='lat' dir='ltr'>Nulli</span> <span class='ocrx_word' id='word_1_348' title='bbox 2420 830 2556 888; x_wconf 88' lang='lat' dir='ltr'>ergo</span> <span class='ocrx_word' id='word_1_349' title='bbox 2595 813 2830 875; x_wconf 77' lang='lat' dir='ltr'>omnin’o</span> <span class='ocrx_word' id='word_1_350' title='bbox 2873 819 3172 876; x_wconf 90' lang='lat' dir='ltr'>hominum</span> <span class='ocrx_word' id='word_1_351' title='bbox 3214 821 3380 878; x_wconf 89' lang='lat' dir='ltr'>liceat</span> <span class='ocrx_word' id='word_1_352' title='bbox 3430 823 3578 878; x_wconf 88' lang='lat' dir='ltr'>hanc</span> <span class='ocrx_word' id='word_1_353' title='bbox 3636 825 3808 895; x_wconf 88' lang='lat' dir='ltr'>pagi—</span> 
     </span>
    </p>
   </div>
   <div class='ocr_carea' id='block_1_53' title="bbox 2098 907 3809 980">
    <p class='ocr_par' dir='ltr' id='par_1_53' title="bbox 2098 907 3809 980">
     <span class='ocr_line' id='line_1_53' title="bbox 2098 907 3809 980; baseline 0.006 -22"><span class='ocrx_word' id='word_1_354' title='bbox 2098 917 2233 959; x_wconf 91' lang='lat' dir='ltr'>nam</span> <span class='ocrx_word' id='word_1_355' title='bbox 2283 912 2492 960; x_wconf 66' lang='lat' dir='ltr'>nostrm</span> <span class='ocrx_word' id='word_1_356' title='bbox 2553 907 2932 963; x_wconf 90' lang='lat' dir='ltr'>concessionis</span> <span class='ocrx_word' id='word_1_357' title='bbox 3001 909 3330 980; x_wconf 80' lang='lat' dir='ltr'>infringere,</span> <span class='ocrx_word' id='word_1_358' title='bbox 3391 912 3479 968; x_wconf 85' lang='lat' dir='ltr'>vel</span> <span class='ocrx_word' id='word_1_359' title='bbox 3536 913 3591 968; x_wconf 91' lang='lat' dir='ltr'>ei</span> <span class='ocrx_word' id='word_1_360' title='bbox 3650 927 3809 969; x_wconf 89' lang='lat' dir='ltr'>ausu</span> 
     </span>
    </p>
   </div>
   <div class='ocr_carea' id='block_1_54' title="bbox 2097 993 3808 1067">
    <p class='ocr_par' dir='ltr' id='par_1_54' title="bbox 2097 993 3808 1067">
     <span class='ocr_line' id='line_1_54' title="bbox 2097 993 3808 1067; baseline 0.006 -20"><span class='ocrx_word' id='word_1_361' title='bbox 2097 993 2400 1049; x_wconf 89' lang='lat' dir='ltr'>temerario</span> <span class='ocrx_word' id='word_1_362' title='bbox 2453 995 2759 1050; x_wconf 88' lang='lat' dir='ltr'>contraire.</span> <span class='ocrx_word' id='word_1_363' title='bbox 2817 995 2870 1052; x_wconf 90' lang='lat' dir='ltr'>Si</span> <span class='ocrx_word' id='word_1_364' title='bbox 2922 998 3056 1067; x_wconf 93' lang='lat' dir='ltr'>quis</span> <span class='ocrx_word' id='word_1_365' title='bbox 3105 1006 3300 1054; x_wconf 88' lang='lat' dir='ltr'>autem</span> <span class='ocrx_word' id='word_1_366' title='bbox 3366 1000 3474 1055; x_wconf 90' lang='lat' dir='ltr'>hoc</span> <span class='ocrx_word' id='word_1_367' title='bbox 3515 1008 3808 1057; x_wconf 85' lang='lat' dir='ltr'>attentare</span> 
     </span>
    </p>
   </div>
   <div class='ocr_carea' id='block_1_55' title="bbox 2099 1082 3810 1156">
    <p class='ocr_par' dir='ltr' id='par_1_55' title="bbox 2099 1082 3810 1156">
     <span class='ocr_line' id='line_1_55' title="bbox 2099 1082 3810 1156; baseline 0.005 -21"><span class='ocrx_word' id='word_1_368' title='bbox 2099 1083 2545 1151; x_wconf 68' lang='lat' dir='ltr'>praesumpserit,</span> <span class='ocrx_word' id='word_1_369' title='bbox 2599 1082 3051 1154; x_wconf 88' lang='lat' dir='ltr'>indignationem</span> <span class='ocrx_word' id='word_1_370' title='bbox 3104 1085 3510 1156; x_wconf 91' lang='lat' dir='ltr'>omnipotentis</span> <span class='ocrx_word' id='word_1_371' title='bbox 3553 1088 3681 1155; x_wconf 89' lang='lat' dir='ltr'>Dei,</span> <span class='ocrx_word' id='word_1_372' title='bbox 3755 1097 3810 1144; x_wconf 90' lang='lat' dir='ltr'>et</span> 
     </span>
    </p>
   </div>
   <div class='ocr_carea' id='block_1_56' title="bbox 2098 1169 3811 1246">
    <p class='ocr_par' dir='ltr' id='par_1_56' title="bbox 2098 1169 3811 1246">
     <span class='ocr_line' id='line_1_56' title="bbox 2098 1169 3811 1246; baseline 0.005 -22"><span class='ocrx_word' id='word_1_373' title='bbox 2098 1169 2394 1225; x_wconf 88' lang='lat' dir='ltr'>beatorum</span> <span class='ocrx_word' id='word_1_374' title='bbox 2425 1170 2572 1226; x_wconf 91' lang='lat' dir='ltr'>Petri</span> <span class='ocrx_word' id='word_1_375' title='bbox 2606 1179 2661 1227; x_wconf 92' lang='lat' dir='ltr'>et</span> <span class='ocrx_word' id='word_1_376' title='bbox 2711 1172 2874 1228; x_wconf 89' lang='lat' dir='ltr'>Pauli</span> <span class='ocrx_word' id='word_1_377' title='bbox 2911 1175 3300 1244; x_wconf 87' lang='lat' dir='ltr'>apostolorum</span> <span class='ocrx_word' id='word_1_378' title='bbox 3330 1177 3475 1246; x_wconf 91' lang='lat' dir='ltr'>ejus,</span> <span class='ocrx_word' id='word_1_379' title='bbox 3520 1191 3580 1233; x_wconf 89' lang='lat' dir='ltr'>se</span> <span class='ocrx_word' id='word_1_380' title='bbox 3623 1191 3811 1234; x_wconf 88' lang='lat' dir='ltr'>nove-</span> 
     </span>
    </p>
   </div>
   <div class='ocr_carea' id='block_1_57' title="bbox 2097 1255 2586 1312">
    <p class='ocr_par' dir='ltr' id='par_1_57' title="bbox 2097 1255 2586 1312">
     <span class='ocr_line' id='line_1_57' title="bbox 2097 1255 2586 1312; baseline 0.006 -3"><span class='ocrx_word' id='word_1_381' title='bbox 2097 1257 2170 1310; x_wconf 92' lang='lat' dir='ltr'>rit</span> <span class='ocrx_word' id='word_1_382' title='bbox 2195 1255 2586 1312; x_wconf 87' lang='lat' dir='ltr'>incursurum.</span> 
     </span>
    </p>
   </div>
   <div class='ocr_carea' id='block_1_58' title="bbox 2168 1341 3810 1416">
    <p class='ocr_par' dir='ltr' id='par_1_58' title="bbox 2168 1341 3810 1416">
     <span class='ocr_line' id='line_1_58' title="bbox 2168 1341 3810 1416; baseline 0.007 -19"><span class='ocrx_word' id='word_1_383' title='bbox 2168 1341 2310 1397; x_wconf 74' lang='lat'>6|]</span> <span class='ocrx_word' id='word_1_384' title='bbox 2377 1365 2404 1392; x_wconf 87' lang='grc'>‹‹</span> <span class='ocrx_word' id='word_1_385' title='bbox 2450 1345 2660 1402; x_wconf 90' lang='lat' dir='ltr'>Datum</span> <span class='ocrx_word' id='word_1_386' title='bbox 2719 1347 2870 1416; x_wconf 77' lang='lat' dir='ltr'>apud</span> <span class='ocrx_word' id='word_1_387' title='bbox 2935 1347 3207 1405; x_wconf 90' lang='lat' dir='ltr'>Sanctum</span> <span class='ocrx_word' id='word_1_388' title='bbox 3263 1351 3580 1408; x_wconf 89' lang='lat' dir='ltr'>Antonium</span> <span class='ocrx_word' id='word_1_389' title='bbox 3632 1362 3810 1409; x_wconf 76' lang='lat' dir='ltr'>extra</span> 
     </span>
    </p>
   </div>
   <div class='ocr_carea' id='block_1_59' title="bbox 2097 1432 3808 1510">
    <p class='ocr_par' dir='ltr' id='par_1_59' title="bbox 2097 1432 3808 1510">
     <span class='ocr_line' id='line_1_59' title="bbox 2097 1432 3808 1510; baseline 0.006 -25"><span class='ocrx_word' id='word_1_390' title='bbox 2097 1445 2296 1487; x_wconf 90' lang='lat' dir='ltr'>muros</span> <span class='ocrx_word' id='word_1_391' title='bbox 2327 1432 2696 1502; x_wconf 90' lang='lat' dir='ltr'>Florentinos,</span> <span class='ocrx_word' id='word_1_392' title='bbox 2731 1435 3000 1491; x_wconf 88' lang='lat' dir='ltr'>Kalendis</span> <span class='ocrx_word' id='word_1_393' title='bbox 3028 1437 3385 1506; x_wconf 88' lang='lat' dir='ltr'>Novembris,</span> <span class='ocrx_word' id='word_1_394' title='bbox 3430 1441 3808 1510; x_wconf 84' lang='lat' dir='ltr'>pontificatus</span> 
     </span>
    </p>
   </div>
   <div class='ocr_carea' id='block_1_60' title="bbox 2096 1520 2770 1592">
    <p class='ocr_par' dir='ltr' id='par_1_60' title="bbox 2096 1520 2770 1592">
     <span class='ocr_line' id='line_1_60' title="bbox 2096 1520 2770 1592; baseline 0.006 -19"><span class='ocrx_word' id='word_1_395' title='bbox 2096 1520 2274 1574; x_wconf 90' lang='lat' dir='ltr'>nostri</span> <span class='ocrx_word' id='word_1_396' title='bbox 2305 1534 2455 1576; x_wconf 91' lang='lat' dir='ltr'>anno</span> <span class='ocrx_word' id='word_1_397' title='bbox 2487 1530 2715 1592; x_wconf 88' lang='lat' dir='ltr'>quarto.</span> <span class='ocrx_word' id='word_1_398' title='bbox 2749 1545 2770 1571; x_wconf 77' lang='grc' dir='ltr'>ι</span> 
     </span>
    </p>
   </div>
   <div class='ocr_carea' id='block_1_61' title="bbox 2167 1607 3804 1682">
    <p class='ocr_par' dir='ltr' id='par_1_61' title="bbox 2167 1607 3804 1682">
     <span class='ocr_line' id='line_1_61' title="bbox 2167 1607 3804 1682; baseline 0.008 -21"><span class='ocrx_word' id='word_1_399' title='bbox 2167 1607 2431 1664; x_wconf 90' lang='lat' dir='ltr'>Castrum</span> <span class='ocrx_word' id='word_1_400' title='bbox 2469 1609 2540 1663; x_wconf 90' lang='lat' dir='ltr'>de</span> <span class='ocrx_word' id='word_1_401' title='bbox 2583 1610 2868 1682; x_wconf 78' lang='lat' dir='ltr'>Gondray,</span> <span class='ocrx_word' id='word_1_402' title='bbox 2913 1613 3009 1668; x_wconf 90' lang='lat' dir='ltr'>ubi</span> <span class='ocrx_word' id='word_1_403' title='bbox 3053 1628 3172 1670; x_wconf 89' lang='lat' dir='ltr'>sese</span> <span class='ocrx_word' id='word_1_404' title='bbox 3209 1615 3386 1671; x_wconf 91' lang='lat' dir='ltr'>abbas</span> <span class='ocrx_word' id='word_1_405' title='bbox 3429 1631 3496 1672; x_wconf 93' lang='lat' dir='ltr'>ac</span> <span class='ocrx_word' id='word_1_406' title='bbox 3524 1619 3804 1674; x_wconf 87' lang='lat' dir='ltr'>monachi</span> 
     </span>
    </p>
   </div>
   <div class='ocr_carea' id='block_1_62' title="bbox 2022 1682 3806 1775">
    <p class='ocr_par' dir='ltr' id='par_1_62' title="bbox 2022 1682 3806 1775">
     <span class='ocr_line' id='line_1_62' title="bbox 2022 1682 3806 1775; baseline 0.008 -27"><span class='ocrx_word' id='word_1_407' title='bbox 2022 1682 2062 1736; x_wconf 86' lang='grc' dir='ltr'><strong>Β</strong></span> <span class='ocrx_word' id='word_1_408' title='bbox 2095 1703 2448 1767; x_wconf 90' lang='lat' dir='ltr'>receperant,</span> <span class='ocrx_word' id='word_1_409' title='bbox 2494 1697 2684 1768; x_wconf 84' lang='lat' dir='ltr'>Angli,</span> <span class='ocrx_word' id='word_1_410' title='bbox 2740 1708 2796 1754; x_wconf 91' lang='lat' dir='ltr'>et</span> <span class='ocrx_word' id='word_1_411' title='bbox 2834 1700 2934 1770; x_wconf 90' lang='lat' dir='ltr'>qui</span> <span class='ocrx_word' id='word_1_412' title='bbox 2983 1715 3018 1756; x_wconf 91' lang='lat' dir='ltr'>a</span> <span class='ocrx_word' id='word_1_413' title='bbox 3071 1703 3331 1772; x_wconf 89' lang='lat' dir='ltr'>partibus</span> <span class='ocrx_word' id='word_1_414' title='bbox 3379 1707 3640 1775; x_wconf 89' lang='lat' dir='ltr'>ipsorum</span> <span class='ocrx_word' id='word_1_415' title='bbox 3689 1717 3806 1762; x_wconf 87' lang='lat' dir='ltr'>sta-</span> 
     </span>
    </p>
   </div>
   <div class='ocr_carea' id='block_1_63' title="bbox 2095 1782 3800 1864">
    <p class='ocr_par' dir='ltr' id='par_1_63' title="bbox 2095 1782 3800 1864">
     <span class='ocr_line' id='line_1_63' title="bbox 2095 1782 3800 1864; baseline 0.008 -27"><span class='ocrx_word' id='word_1_416' title='bbox 2095 1782 2233 1839; x_wconf 88' lang='lat' dir='ltr'>bant</span> <span class='ocrx_word' id='word_1_417' title='bbox 2277 1785 2596 1855; x_wconf 91' lang='lat' dir='ltr'>Burgundi,</span> <span class='ocrx_word' id='word_1_418' title='bbox 2651 1787 2924 1856; x_wconf 90' lang='lat' dir='ltr'>prodente</span> <span class='ocrx_word' id='word_1_419' title='bbox 2976 1789 3139 1846; x_wconf 90' lang='lat' dir='ltr'>Petro</span> <span class='ocrx_word' id='word_1_420' title='bbox 3183 1792 3252 1847; x_wconf 89' lang='lat' dir='ltr'>de</span> <span class='ocrx_word' id='word_1_421' title='bbox 3300 1793 3652 1864; x_wconf 88' lang='lat' dir='ltr'>Villequain,</span> <span class='ocrx_word' id='word_1_422' title='bbox 3703 1796 3800 1851; x_wconf 90' lang='lat' dir='ltr'>cui</span> 
     </span>
    </p>
   </div>
   <div class='ocr_carea' id='block_1_64' title="bbox 2093 1872 3795 1952">
    <p class='ocr_par' dir='ltr' id='par_1_64' title="bbox 2093 1872 3795 1952">
     <span class='ocr_line' id='line_1_64' title="bbox 2093 1872 3795 1952; baseline 0.008 -26"><span class='ocrx_word' id='word_1_423' title='bbox 2093 1872 2464 1928; x_wconf 90' lang='lat' dir='ltr'>commissum</span> <span class='ocrx_word' id='word_1_424' title='bbox 2506 1873 2710 1942; x_wconf 89' lang='lat' dir='ltr'>fuerat,</span> <span class='ocrx_word' id='word_1_425' title='bbox 2759 1875 3016 1946; x_wconf 89' lang='lat' dir='ltr'>capiunt,</span> <span class='ocrx_word' id='word_1_426' title='bbox 3058 1878 3455 1952; x_wconf 90' lang='lat' dir='ltr'>diripiuntque</span> <span class='ocrx_word' id='word_1_427' title='bbox 3491 1884 3795 1951; x_wconf 88' lang='lat' dir='ltr'>universa,</span> 
     </span>
    </p>
   </div>
   <div class='ocr_carea' id='block_1_65' title="bbox 2092 1960 3797 2039">
    <p class='ocr_par' dir='ltr' id='par_1_65' title="bbox 2092 1960 3797 2039">
     <span class='ocr_line' id='line_1_65' title="bbox 2092 1960 3797 2039; baseline 0.008 -24"><span class='ocrx_word' id='word_1_428' title='bbox 2092 1960 2387 2028; x_wconf 82' lang='lat' dir='ltr'>syntheses</span> <span class='ocrx_word' id='word_1_429' title='bbox 2433 1969 2552 2018; x_wconf 94' lang='lat' dir='ltr'>tum</span> <span class='ocrx_word' id='word_1_430' title='bbox 2599 1978 2812 2032; x_wconf 90' lang='lat' dir='ltr'>sacras,</span> <span class='ocrx_word' id='word_1_431' title='bbox 2856 1974 2977 2021; x_wconf 92' lang='lat' dir='ltr'>tum</span> <span class='ocrx_word' id='word_1_432' title='bbox 3019 1968 3308 2036; x_wconf 87' lang='lat' dir='ltr'>profanas,</span> <span class='ocrx_word' id='word_1_433' title='bbox 3363 1970 3558 2039; x_wconf 90' lang='lat' dir='ltr'>libros,</span> <span class='ocrx_word' id='word_1_434' title='bbox 3617 1974 3797 2029; x_wconf 85' lang='lat' dir='ltr'>char-</span> 
     </span>
    </p>
   </div>
   <div class='ocr_carea' id='block_1_66' title="bbox 2090 2051 2826 2122">
    <p class='ocr_par' dir='ltr' id='par_1_66' title="bbox 2090 2051 2826 2122">
     <span class='ocr_line' id='line_1_66' title="bbox 2090 2051 2826 2122; baseline 0.003 -18"><span class='ocrx_word' id='word_1_435' title='bbox 2090 2055 2197 2114; x_wconf 89' lang='lat' dir='ltr'>tas,</span> <span class='ocrx_word' id='word_1_436' title='bbox 2223 2056 2278 2105; x_wconf 88' lang='lat' dir='ltr'>et</span> <span class='ocrx_word' id='word_1_437' title='bbox 2306 2056 2506 2106; x_wconf 72' lang='lat' dir='ltr'>caetera</span> <span class='ocrx_word' id='word_1_438' title='bbox 2537 2051 2592 2105; x_wconf 92' lang='lat' dir='ltr'>id</span> <span class='ocrx_word' id='word_1_439' title='bbox 2625 2066 2826 2122; x_wconf 91' lang='lat' dir='ltr'>genus.</span> 
     </span>
    </p>
   </div>
   <div class='ocr_carea' id='block_1_67' title="bbox 2162 2137 3790 2218">
    <p class='ocr_par' dir='ltr' id='par_1_67' title="bbox 2162 2137 3790 2218">
     <span class='ocr_line' id='line_1_67' title="bbox 2162 2137 3790 2218; baseline 0.01 -27"><span class='ocrx_word' id='word_1_440' title='bbox 2162 2137 2372 2193; x_wconf 89' lang='lat' dir='ltr'>Munus</span> <span class='ocrx_word' id='word_1_441' title='bbox 2417 2153 2588 2195; x_wconf 90' lang='lat' dir='ltr'>suum</span> <span class='ocrx_word' id='word_1_442' title='bbox 2631 2139 2887 2210; x_wconf 90' lang='lat' dir='ltr'>implevit</span> <span class='ocrx_word' id='word_1_443' title='bbox 2931 2146 2987 2198; x_wconf 88' lang='lat' dir='ltr'>et</span> <span class='ocrx_word' id='word_1_444' title='bbox 3030 2145 3272 2201; x_wconf 83' lang='lat' dir='ltr'>excessit</span> <span class='ocrx_word' id='word_1_445' title='bbox 3321 2147 3672 2205; x_wconf 89' lang='lat' dir='ltr'>Eustachius</span> <span class='ocrx_word' id='word_1_446' title='bbox 3722 2150 3790 2218; x_wconf 66' lang='grc' dir='ltr'>ν,</span> 
     </span>
    </p>
   </div>
   <div class='ocr_carea' id='block_1_68' title="bbox 2091 2225 2590 2295">
    <p class='ocr_par' dir='ltr' id='par_1_68' title="bbox 2091 2225 2590 2295">
     <span class='ocr_line' id='line_1_68' title="bbox 2091 2225 2590 2295; baseline 0.004 -15"><span class='ocrx_word' id='word_1_447' title='bbox 2091 2225 2215 2280; x_wconf 84' lang='lat' dir='ltr'>Kal.</span> <span class='ocrx_word' id='word_1_448' title='bbox 2251 2225 2400 2295; x_wconf 90' lang='lat' dir='ltr'>Sept.</span> <span class='ocrx_word' id='word_1_449' title='bbox 2437 2229 2590 2282; x_wconf 81' lang='grc'><strong>1415.</strong></span> 
     </span>
    </p>
   </div>
   <div class='ocr_carea' id='block_1_69' title="bbox 2157 2332 3792 2399">
    <p class='ocr_par' dir='ltr' id='par_1_69' title="bbox 2157 2332 3792 2399">
     <span class='ocr_line' id='line_1_69' title="bbox 2157 2332 3792 2399; baseline 0.009 -14"><span class='ocrx_word' id='word_1_450' title='bbox 2157 2332 2381 2390; x_wconf 88' lang='lat' dir='ltr'><strong>XXXVI.</strong></span> <span class='ocrx_word' id='word_1_451' title='bbox 2452 2334 2701 2390; x_wconf 87' lang='lat' dir='ltr'>Joannes</span> <span class='ocrx_word' id='word_1_452' title='bbox 2773 2335 2842 2392; x_wconf 92' lang='lat' dir='ltr'><strong>V.</strong></span> <span class='ocrx_word' id='word_1_453' title='bbox 2929 2338 3072 2393; x_wconf 89' lang='lat' dir='ltr'>Cum</span> <span class='ocrx_word' id='word_1_454' title='bbox 3147 2339 3360 2396; x_wconf 90' lang='lat' dir='ltr'>multas</span> <span class='ocrx_word' id='word_1_455' title='bbox 3429 2341 3792 2399; x_wconf 88' lang='lat' dir='ltr'>calamitates</span> 
     </span>
    </p>
   </div>
   <div class='ocr_carea' id='block_1_70' title="bbox 2088 2420 3790 2502">
    <p class='ocr_par' dir='ltr' id='par_1_70' title="bbox 2088 2420 3790 2502">
     <span class='ocr_line' id='line_1_70' title="bbox 2088 2420 3790 2502; baseline 0.008 -26"><span class='ocrx_word' id='word_1_456' title='bbox 2088 2420 2285 2476; x_wconf 86' lang='lat' dir='ltr'>fuisset</span> <span class='ocrx_word' id='word_1_457' title='bbox 2331 2423 2574 2478; x_wconf 91' lang='lat' dir='ltr'>triennio</span> <span class='ocrx_word' id='word_1_458' title='bbox 2618 2433 2854 2494; x_wconf 87' lang='lat' dir='ltr'>propter</span> <span class='ocrx_word' id='word_1_459' title='bbox 2921 2427 3167 2483; x_wconf 92' lang='lat' dir='ltr'>militum</span> <span class='ocrx_word' id='word_1_460' title='bbox 3223 2431 3608 2500; x_wconf 88' lang='lat' dir='ltr'>grassationes</span> <span class='ocrx_word' id='word_1_461' title='bbox 3657 2448 3790 2502; x_wconf 88' lang='lat' dir='ltr'>per-</span> 
     </span>
    </p>
   </div>
   <div class='ocr_carea' id='block_1_71' title="bbox 2089 2511 3456 2580">
    <p class='ocr_par' dir='ltr' id='par_1_71' title="bbox 2089 2511 3456 2580">
     <span class='ocr_line' id='line_1_71' title="bbox 2089 2511 3456 2580; baseline 0.006 -16"><span class='ocrx_word' id='word_1_462' title='bbox 2089 2522 2306 2578; x_wconf 90' lang='lat' dir='ltr'>pessus,</span> <span class='ocrx_word' id='word_1_463' title='bbox 2344 2511 2612 2580; x_wconf 87' lang='lat' dir='ltr'>migravit</span> <span class='ocrx_word' id='word_1_464' title='bbox 2642 2526 2676 2566; x_wconf 86' lang='lat' dir='ltr'>a</span> <span class='ocrx_word' id='word_1_465' title='bbox 2707 2513 2824 2568; x_wconf 89' lang='lat' dir='ltr'>vita</span> <span class='ocrx_word' id='word_1_466' title='bbox 2855 2527 3007 2569; x_wconf 91' lang='lat' dir='ltr'>anno</span> <span class='ocrx_word' id='word_1_467' title='bbox 3042 2517 3267 2571; x_wconf 85' lang='lat' dir='ltr'>Domini</span> <span class='ocrx_word' id='word_1_468' title='bbox 3304 2520 3456 2574; x_wconf 70' lang='grc'><strong>1418.</strong></span> 
     </span>
    </p>
   </div>
   <div class='ocr_carea' id='block_1_72' title="bbox 2155 2618 3792 2694">
    <p class='ocr_par' dir='ltr' id='par_1_72' title="bbox 2155 2618 3792 2694">
     <span class='ocr_line' id='line_1_72' title="bbox 2155 2618 3792 2694; baseline 0.008 -23"><span class='ocrx_word' id='word_1_469' title='bbox 2155 2618 2408 2675; x_wconf 88' lang='lat' dir='ltr'><strong>XXXVII.</strong></span> <span class='ocrx_word' id='word_1_470' title='bbox 2441 2618 2686 2676; x_wconf 89' lang='lat' dir='ltr'>Joannes</span> <span class='ocrx_word' id='word_1_471' title='bbox 2717 2621 2811 2689; x_wconf 92' lang='lat' dir='ltr'><strong>VI,</strong></span> <span class='ocrx_word' id='word_1_472' title='bbox 2835 2621 2889 2675; x_wconf 89' lang='lat' dir='ltr'>le</span> <span class='ocrx_word' id='word_1_473' title='bbox 2939 2623 3182 2690; x_wconf 80' lang='lat' dir='ltr'>Veneur,</span> <span class='ocrx_word' id='word_1_474' title='bbox 3217 2625 3534 2694; x_wconf 89' lang='lat' dir='ltr'>probitatis,</span> <span class='ocrx_word' id='word_1_475' title='bbox 3573 2627 3792 2684; x_wconf 88' lang='lat' dir='ltr'>doctri-</span> 
     </span>
    </p>
   </div>
   <div class='ocr_carea' id='block_1_73' title="bbox 2086 2706 3790 2781">
    <p class='ocr_par' dir='ltr' id='par_1_73' title="bbox 2086 2706 3790 2781">
     <span class='ocr_line' id='line_1_73' title="bbox 2086 2706 3790 2781; baseline 0.008 -22"><span class='ocrx_word' id='word_1_476' title='bbox 2086 2719 2292 2775; x_wconf 64' lang='lat' dir='ltr'>naeque</span> <span class='ocrx_word' id='word_1_477' title='bbox 2325 2706 2476 2762; x_wconf 89' lang='lat' dir='ltr'>fama</span> <span class='ocrx_word' id='word_1_478' title='bbox 2507 2707 2764 2764; x_wconf 90' lang='lat' dir='ltr'>illustris.</span> <span class='ocrx_word' id='word_1_479' title='bbox 2789 2713 2955 2766; x_wconf 81' lang='lat' dir='ltr'>Anno</span> <span class='ocrx_word' id='word_1_480' title='bbox 2983 2722 3262 2781; x_wconf 64' lang='lat' dir='ltr'>reparata:</span> <span class='ocrx_word' id='word_1_481' title='bbox 3282 2714 3484 2770; x_wconf 89' lang='lat' dir='ltr'>salutis</span> <span class='ocrx_word' id='word_1_482' title='bbox 3509 2718 3671 2781; x_wconf 78' lang='grc'><strong>1456,</strong></span> <span class='ocrx_word' id='word_1_483' title='bbox 3697 2720 3790 2774; x_wconf 88' lang='lat' dir='ltr'>sui</span> 
     </span>
    </p>
   </div>
   <div class='ocr_carea' id='block_1_74' title="bbox 2085 2793 3793 2869">
    <p class='ocr_par' dir='ltr' id='par_1_74' title="bbox 2085 2793 3793 2869">
     <span class='ocr_line' id='line_1_74' title="bbox 2085 2793 3793 2869; baseline 0.008 -21"><span class='ocrx_word' id='word_1_484' title='bbox 2085 2793 2380 2864; x_wconf 89' lang='lat' dir='ltr'>regiminis</span> <span class='ocrx_word' id='word_1_485' title='bbox 2401 2798 2488 2863; x_wconf 89' lang='lat'>38,</span> <span class='ocrx_word' id='word_1_486' title='bbox 2517 2799 2920 2867; x_wconf 90' lang='lat' dir='ltr'>tranquilliora</span> <span class='ocrx_word' id='word_1_487' title='bbox 2955 2801 3262 2869; x_wconf 70' lang='lat' dir='ltr'>praeferens</span> <span class='ocrx_word' id='word_1_488' title='bbox 3285 2803 3435 2859; x_wconf 88' lang='lat' dir='ltr'>ultro</span> <span class='ocrx_word' id='word_1_489' title='bbox 3460 2819 3518 2860; x_wconf 90' lang='lat' dir='ltr'>se</span> <span class='ocrx_word' id='word_1_490' title='bbox 3541 2819 3793 2862; x_wconf 90' lang='lat' dir='ltr'>munere</span> 
     </span>
    </p>
   </div>
   <div class='ocr_carea' id='block_1_75' title="bbox 2085 2883 3790 2961">
    <p class='ocr_par' dir='ltr' id='par_1_75' title="bbox 2085 2883 3790 2961">
     <span class='ocr_line' id='line_1_75' title="bbox 2085 2883 3790 2961; baseline 0.008 -23"><span class='ocrx_word' id='word_1_491' title='bbox 2085 2883 2393 2953; x_wconf 88' lang='lat' dir='ltr'>abdicavit,</span> <span class='ocrx_word' id='word_1_492' title='bbox 2425 2893 2479 2940; x_wconf 90' lang='lat' dir='ltr'>et</span> <span class='ocrx_word' id='word_1_493' title='bbox 2517 2885 2659 2941; x_wconf 89' lang='lat' dir='ltr'>illud</span> <span class='ocrx_word' id='word_1_494' title='bbox 2708 2889 2870 2944; x_wconf 90' lang='lat' dir='ltr'>Petro</span> <span class='ocrx_word' id='word_1_495' title='bbox 2915 2889 3103 2944; x_wconf 90' lang='lat' dir='ltr'>Sancti</span> <span class='ocrx_word' id='word_1_496' title='bbox 3152 2890 3544 2961; x_wconf 82' lang='lat' dir='ltr'>Vandregesili</span> <span class='ocrx_word' id='word_1_497' title='bbox 3575 2904 3790 2951; x_wconf 70' lang='lat' dir='ltr'>ascetae</span> 
     </span>
    </p>
   </div>
   <div class='ocr_carea' id='block_1_76' title="bbox 2081 2972 3788 3053">
    <p class='ocr_par' dir='ltr' id='par_1_76' title="bbox 2081 2972 3788 3053">
     <span class='ocr_line' id='line_1_76' title="bbox 2081 2972 3788 3053; baseline 0.007 -27"><span class='ocrx_word' id='word_1_498' title='bbox 2081 2972 2390 3040; x_wconf 90' lang='lat' dir='ltr'>commisit;</span> <span class='ocrx_word' id='word_1_499' title='bbox 2435 2987 2502 3028; x_wconf 90' lang='lat' dir='ltr'>ac</span> <span class='ocrx_word' id='word_1_500' title='bbox 2547 2982 2671 3044; x_wconf 89' lang='lat' dir='ltr'>post</span> <span class='ocrx_word' id='word_1_501' title='bbox 2715 2977 3076 3045; x_wconf 88' lang='lat' dir='ltr'>septennium</span> <span class='ocrx_word' id='word_1_502' title='bbox 3127 2993 3181 3033; x_wconf 86' lang='lat' dir='ltr'>iv</span> <span class='ocrx_word' id='word_1_503' title='bbox 3231 2979 3354 3034; x_wconf 87' lang='lat' dir='ltr'>Kal.</span> <span class='ocrx_word' id='word_1_504' title='bbox 3410 2982 3573 3038; x_wconf 92' lang='lat' dir='ltr'>Febr.</span> <span class='ocrx_word' id='word_1_505' title='bbox 3621 2986 3788 3053; x_wconf 72' lang='grc'>1462,</span> 
     </span>
    </p>
   </div>
   <div class='ocr_carea' id='block_1_77' title="bbox 2079 3060 2895 3135">
    <p class='ocr_par' dir='ltr' id='par_1_77' title="bbox 2079 3060 2895 3135">
     <span class='ocr_line' id='line_1_77' title="bbox 2079 3060 2895 3135; baseline 0.004 -20"><span class='ocrx_word' id='word_1_506' title='bbox 2079 3060 2151 3116; x_wconf 92' lang='lat' dir='ltr'>ab</span> <span class='ocrx_word' id='word_1_507' title='bbox 2182 3060 2511 3118; x_wconf 89' lang='lat' dir='ltr'>hominibus</span> <span class='ocrx_word' id='word_1_508' title='bbox 2541 3062 2895 3135; x_wconf 89' lang='lat' dir='ltr'>demigravit.</span> 
     </span>
    </p>
   </div>
   <div class='ocr_carea' id='block_1_78' title="bbox 2150 3167 3781 3244">
    <p class='ocr_par' dir='ltr' id='par_1_78' title="bbox 2150 3167 3781 3244">
     <span class='ocr_line' id='line_1_78' title="bbox 2150 3167 3781 3244; baseline 0.006 -22"><span class='ocrx_word' id='word_1_509' title='bbox 2150 3167 2448 3225; x_wconf 82' lang='lat' dir='ltr'><strong>XXXVIII.</strong></span> <span class='ocrx_word' id='word_1_510' title='bbox 2495 3171 2697 3226; x_wconf 90' lang='lat' dir='ltr'>Petrus</span> <span class='ocrx_word' id='word_1_511' title='bbox 2737 3171 2826 3236; x_wconf 85' lang='lat' dir='ltr'><strong>III,</strong></span> <span class='ocrx_word' id='word_1_512' title='bbox 2871 3172 3212 3242; x_wconf 88' lang='lat' dir='ltr'>cognomine</span> <span class='ocrx_word' id='word_1_513' title='bbox 3249 3173 3487 3241; x_wconf 81' lang='lat' dir='ltr'>Aubert,</span> <span class='ocrx_word' id='word_1_514' title='bbox 3536 3190 3640 3244; x_wconf 91' lang='lat' dir='ltr'>per</span> <span class='ocrx_word' id='word_1_515' title='bbox 3683 3177 3781 3232; x_wconf 90' lang='lat' dir='ltr'>de-</span> 
     </span>
    </p>
   </div>
   <div class='ocr_carea' id='block_1_79' title="bbox 2075 3256 3779 3335">
    <p class='ocr_par' dir='ltr' id='par_1_79' title="bbox 2075 3256 3779 3335">
     <span class='ocr_line' id='line_1_79' title="bbox 2075 3256 3779 3335; baseline 0.006 -24"><span class='ocrx_word' id='word_1_516' title='bbox 2075 3256 2312 3311; x_wconf 89' lang='lat' dir='ltr'>cessoris</span> <span class='ocrx_word' id='word_1_517' title='bbox 2353 3257 2444 3312; x_wconf 92' lang='lat' dir='ltr'>sui</span> <span class='ocrx_word' id='word_1_518' title='bbox 2483 3258 2812 3325; x_wconf 88' lang='lat' dir='ltr'>cessionem,</span> <span class='ocrx_word' id='word_1_519' title='bbox 2857 3260 3028 3316; x_wconf 90' lang='lat' dir='ltr'>totius</span> <span class='ocrx_word' id='word_1_520' title='bbox 3065 3264 3528 3332; x_wconf 85' lang='lat' dir='ltr'>congregationis</span> <span class='ocrx_word' id='word_1_521' title='bbox 3565 3278 3779 3335; x_wconf 85' lang='lat' dir='ltr'>appro-</span> 
     </span>
    </p>
   </div>
   <div class='ocr_carea' id='block_1_80' title="bbox 2075 3343 3780 3424">
    <p class='ocr_par' dir='ltr' id='par_1_80' title="bbox 2075 3343 3780 3424">
     <span class='ocr_line' id='line_1_80' title="bbox 2075 3343 3780 3424; baseline 0.007 -27"><span class='ocrx_word' id='word_1_522' title='bbox 2075 3343 2302 3399; x_wconf 89' lang='lat' dir='ltr'>batione</span> <span class='ocrx_word' id='word_1_523' title='bbox 2333 3345 2730 3416; x_wconf 89' lang='lat' dir='ltr'>gubernacula</span> <span class='ocrx_word' id='word_1_524' title='bbox 2770 3349 3100 3404; x_wconf 90' lang='lat' dir='ltr'>monasterii</span> <span class='ocrx_word' id='word_1_525' title='bbox 3144 3351 3408 3421; x_wconf 86' lang='lat' dir='ltr'>suscepit,</span> <span class='ocrx_word' id='word_1_526' title='bbox 3446 3350 3780 3424; x_wconf 86' lang='lat' dir='ltr'>multosque</span> 
     </span>
    </p>
   </div>
   <div class='ocr_carea' id='block_1_81' title="bbox 2075 3430 3774 3508">
    <p class='ocr_par' dir='ltr' id='par_1_81' title="bbox 2075 3430 3774 3508">
     <span class='ocr_line' id='line_1_81' title="bbox 2075 3430 3774 3508; baseline 0.007 -23"><span class='ocrx_word' id='word_1_527' title='bbox 2075 3430 2316 3500; x_wconf 91' lang='lat' dir='ltr'>labores,</span> <span class='ocrx_word' id='word_1_528' title='bbox 2367 3447 2483 3502; x_wconf 91' lang='lat' dir='ltr'>quo</span> <span class='ocrx_word' id='word_1_529' title='bbox 2535 3435 2973 3492; x_wconf 90' lang='lat' dir='ltr'>restituerentur</span> <span class='ocrx_word' id='word_1_530' title='bbox 3019 3440 3396 3506; x_wconf 88' lang='lat' dir='ltr'>possessiones</span> <span class='ocrx_word' id='word_1_531' title='bbox 3441 3441 3500 3495; x_wconf 91' lang='lat' dir='ltr'>vi</span> <span class='ocrx_word' id='word_1_532' title='bbox 3547 3442 3774 3508; x_wconf 79' lang='lat' dir='ltr'>ablatae,</span> 
     </span>
    </p>
   </div>
   <div class='ocr_carea' id='block_1_82' title="bbox 2073 3522 3618 3594">
    <p class='ocr_par' dir='ltr' id='par_1_82' title="bbox 2073 3522 3618 3594">
     <span class='ocr_line' id='line_1_82' title="bbox 2073 3522 3618 3594; baseline 0.005 -18"><span class='ocrx_word' id='word_1_533' title='bbox 2073 3526 2190 3576; x_wconf 87' lang='lat' dir='ltr'>tota</span> <span class='ocrx_word' id='word_1_534' title='bbox 2224 3534 2394 3589; x_wconf 90' lang='lat' dir='ltr'>prope</span> <span class='ocrx_word' id='word_1_535' title='bbox 2423 3522 2935 3580; x_wconf 87' lang='lat' dir='ltr'>administrationis</span> <span class='ocrx_word' id='word_1_536' title='bbox 2962 3533 3289 3594; x_wconf 88' lang='lat' dir='ltr'>tempestate</span> <span class='ocrx_word' id='word_1_537' title='bbox 3319 3530 3618 3586; x_wconf 89' lang='lat' dir='ltr'>sustinuit.</span> 
     </span>
    </p>
   </div>
   <div class='ocr_carea' id='block_1_83' title="bbox 2143 3609 3780 3688">
    <p class='ocr_par' dir='ltr' id='par_1_83' title="bbox 2143 3609 3780 3688">
     <span class='ocr_line' id='line_1_83' title="bbox 2143 3609 3780 3688; baseline 0.008 -26"><span class='ocrx_word' id='word_1_538' title='bbox 2143 3609 2249 3663; x_wconf 87' lang='lat' dir='ltr'>Iste</span> <span class='ocrx_word' id='word_1_539' title='bbox 2279 3609 2584 3678; x_wconf 86' lang='lat' dir='ltr'>prolixam,</span> <span class='ocrx_word' id='word_1_540' title='bbox 2613 3624 2788 3680; x_wconf 89' lang='lat' dir='ltr'>quam</span> <span class='ocrx_word' id='word_1_541' title='bbox 2822 3612 2982 3668; x_wconf 88' lang='lat' dir='ltr'>initio</span> <span class='ocrx_word' id='word_1_542' title='bbox 3013 3614 3256 3684; x_wconf 79' lang='lat' dir='ltr'>hujusce</span> <span class='ocrx_word' id='word_1_543' title='bbox 3278 3617 3615 3686; x_wconf 89' lang='lat' dir='ltr'>Compendii</span> <span class='ocrx_word' id='word_1_544' title='bbox 3641 3633 3780 3688; x_wconf 58' lang='lat' dir='ltr'>pra}-</span> 
     </span>
    </p>
   </div>
   <div class='ocr_carea' id='block_1_84' title="bbox 2071 3696 3780 3774">
    <p class='ocr_par' dir='ltr' id='par_1_84' title="bbox 2071 3696 3780 3774">
     <span class='ocr_line' id='line_1_84' title="bbox 2071 3696 3780 3774; baseline 0.007 -22"><span class='ocrx_word' id='word_1_545' title='bbox 2071 3696 2329 3765; x_wconf 90' lang='lat' dir='ltr'>tulimus,</span> <span class='ocrx_word' id='word_1_546' title='bbox 2381 3711 2415 3752; x_wconf 91' lang='lat' dir='ltr'>a</span> <span class='ocrx_word' id='word_1_547' title='bbox 2477 3697 2693 3754; x_wconf 87' lang='lat' dir='ltr'>Joanne</span> <span class='ocrx_word' id='word_1_548' title='bbox 2755 3701 3187 3759; x_wconf 86' lang='lat' dir='ltr'>Belvacensium</span> <span class='ocrx_word' id='word_1_549' title='bbox 3266 3708 3509 3774; x_wconf 65' lang='lat' dir='ltr'>prmsule</span> <span class='ocrx_word' id='word_1_550' title='bbox 3571 3708 3780 3764; x_wconf 89' lang='lat' dir='ltr'>habuit</span> 
     </span>
    </p>
   </div>
   <div class='ocr_carea' id='block_1_85' title="bbox 2070 3785 3777 3864">
    <p class='ocr_par' dir='ltr' id='par_1_85' title="bbox 2070 3785 3777 3864">
     <span class='ocr_line' id='line_1_85' title="bbox 2070 3785 3777 3864; baseline 0.009 -25"><span class='ocrx_word' id='word_1_551' title='bbox 2070 3785 2358 3852; x_wconf 88' lang='lat' dir='ltr'>schedam,</span> <span class='ocrx_word' id='word_1_552' title='bbox 2391 3785 2480 3841; x_wconf 91' lang='lat' dir='ltr'>sui</span> <span class='ocrx_word' id='word_1_553' title='bbox 2511 3789 2808 3857; x_wconf 91' lang='lat' dir='ltr'>regiminis</span> <span class='ocrx_word' id='word_1_554' title='bbox 2832 3803 2983 3845; x_wconf 90' lang='lat' dir='ltr'>anno</span> <span class='ocrx_word' id='word_1_555' title='bbox 3008 3793 3094 3845; x_wconf 85' lang='grc'>46.</span> <span class='ocrx_word' id='word_1_556' title='bbox 3131 3791 3276 3848; x_wconf 73' lang='lat' dir='ltr'>Viue</span> <span class='ocrx_word' id='word_1_557' title='bbox 3311 3795 3566 3864; x_wconf 87' lang='lat' dir='ltr'>corporis</span> <span class='ocrx_word' id='word_1_558' title='bbox 3602 3796 3777 3854; x_wconf 84' lang='lat' dir='ltr'>ﬁnem</span> 
     </span>
    </p>
   </div>
   <div class='ocr_carea' id='block_1_86' title="bbox 2072 3871 3454 3942">
    <p class='ocr_par' dir='ltr' id='par_1_86' title="bbox 2072 3871 3454 3942">
     <span class='ocr_line' id='line_1_86' title="bbox 2072 3871 3454 3942; baseline 0.009 -16"><span class='ocrx_word' id='word_1_559' title='bbox 2072 3871 2311 3941; x_wconf 91' lang='lat' dir='ltr'>imponit</span> <span class='ocrx_word' id='word_1_560' title='bbox 2335 3875 2368 3926; x_wconf 79' lang='grc'>4</span> <span class='ocrx_word' id='word_1_561' title='bbox 2399 3875 2740 3942; x_wconf 89' lang='lat' dir='ltr'>Decembris,</span> <span class='ocrx_word' id='word_1_562' title='bbox 2767 3892 2896 3934; x_wconf 62' lang='lat' dir='ltr'>aera;</span> <span class='ocrx_word' id='word_1_563' title='bbox 2927 3879 3264 3936; x_wconf 61' lang='lat' dir='ltr'>Christiana</span> <span class='ocrx_word' id='word_1_564' title='bbox 3301 3885 3454 3938; x_wconf 82' lang='lat' dir='ltr'><strong>I500.</strong></span> 
     </span>
    </p>
   </div>
   <div class='ocr_carea' id='block_1_87' title="bbox 2138 3959 3778 4040">
    <p class='ocr_par' dir='ltr' id='par_1_87' title="bbox 2138 3959 3778 4040">
     <span class='ocr_line' id='line_1_87' title="bbox 2138 3959 3778 4040; baseline 0.01 -26"><span class='ocrx_word' id='word_1_565' title='bbox 2138 3959 2388 4017; x_wconf 82' lang='lat' dir='ltr'><strong>XXXIX.</strong></span> <span class='ocrx_word' id='word_1_566' title='bbox 2434 3961 2618 4019; x_wconf 92' lang='lat' dir='ltr'>Guido</span> <span class='ocrx_word' id='word_1_567' title='bbox 2655 3964 2725 4018; x_wconf 89' lang='lat' dir='ltr'>de</span> <span class='ocrx_word' id='word_1_568' title='bbox 2766 3965 3001 4021; x_wconf 78' lang='lat' dir='ltr'>Villiers</span> <span class='ocrx_word' id='word_1_569' title='bbox 3036 3968 3104 4025; x_wconf 84' lang='lat' dir='ltr'>de</span> <span class='ocrx_word' id='word_1_570' title='bbox 3151 3968 3550 4040; x_wconf 70' lang='lat' dir='ltr'>l’Isle-Adam,</span> <span class='ocrx_word' id='word_1_571' title='bbox 3595 3975 3778 4031; x_wconf 87' lang='lat' dir='ltr'>nobili</span> 
     </span>
    </p>
   </div>
   <div class='ocr_carea' id='block_1_88' title="bbox 2069 4047 3778 4135">
    <p class='ocr_par' dir='ltr' id='par_1_88' title="bbox 2069 4047 3778 4135">
     <span class='ocr_line' id='line_1_88' title="bbox 2069 4047 3778 4135; baseline 0.011 -33"><span class='ocrx_word' id='word_1_572' title='bbox 2069 4047 2243 4135; x_wconf 79' lang='lat' dir='ltr'>stirpe</span> <span class='ocrx_word' id='word_1_573' title='bbox 2303 4059 2678 4119; x_wconf 85' lang='lat' dir='ltr'>procreatus:</span> <span class='ocrx_word' id='word_1_574' title='bbox 2726 4054 2827 4124; x_wconf 90' lang='lat' dir='ltr'>qui</span> <span class='ocrx_word' id='word_1_575' title='bbox 2875 4056 3105 4112; x_wconf 88' lang='lat' dir='ltr'>ferendo</span> <span class='ocrx_word' id='word_1_576' title='bbox 3145 4058 3302 4114; x_wconf 90' lang='lat' dir='ltr'>oneri</span> <span class='ocrx_word' id='word_1_577' title='bbox 3349 4058 3454 4115; x_wconf 88' lang='lat' dir='ltr'>fuit</span> <span class='ocrx_word' id='word_1_578' title='bbox 3501 4062 3592 4116; x_wconf 89' lang='lat' dir='ltr'>his</span> <span class='ocrx_word' id='word_1_579' title='bbox 3626 4063 3778 4135; x_wconf 91' lang='lat' dir='ltr'>ipsis</span> 
     </span>
    </p>
   </div>
   <div class='ocr_carea' id='block_1_89' title="bbox 2071 4133 3776 4220">
    <p class='ocr_par' dir='ltr' id='par_1_89' title="bbox 2071 4133 3776 4220">
     <span class='ocr_line' id='line_1_89' title="bbox 2071 4133 3776 4220; baseline 0.009 -30"><span class='ocrx_word' id='word_1_580' title='bbox 2071 4133 2348 4191; x_wconf 90' lang='lat' dir='ltr'>bellorum</span> <span class='ocrx_word' id='word_1_581' title='bbox 2415 4139 2864 4220; x_wconf 74' lang='lat' dir='ltr'>tempestatibus,</span> <span class='ocrx_word' id='word_1_582' title='bbox 2915 4142 3136 4212; x_wconf 89' lang='lat' dir='ltr'>quique</span> <span class='ocrx_word' id='word_1_583' title='bbox 3201 4151 3264 4200; x_wconf 92' lang='lat' dir='ltr'>ut</span> <span class='ocrx_word' id='word_1_584' title='bbox 3306 4147 3503 4201; x_wconf 86' lang='lat' dir='ltr'>omnia</span> <span class='ocrx_word' id='word_1_585' title='bbox 3549 4133 3776 4218; x_wconf 74' lang='lat' dir='ltr'>susque</span> 
     </span>
    </p>
   </div>
   <div class='ocr_carea' id='block_1_90' title="bbox 263 4223 3774 4322">
    <p class='ocr_par' dir='ltr' id='par_1_90' title="bbox 263 4223 3774 4322">
     <span class='ocr_line' id='line_1_90' title="bbox 263 4223 3774 4322; baseline 0.008 -21"><span class='ocrx_word' id='word_1_586' title='bbox 263 4223 564 4303; x_wconf 75' lang='lat' dir='ltr'>dilectione</span> <span class='ocrx_word' id='word_1_587' title='bbox 637 4223 1069 4320; x_wconf 71' lang='lat' dir='ltr'>prosequimur,</span> <span class='ocrx_word' id='word_1_588' title='bbox 1129 4267 1306 4322; x_wconf 87' lang='lat' dir='ltr'>quam</span> <span class='ocrx_word' id='word_1_589' title='bbox 1387 4223 1954 4314; x_wconf 43' lang='lat' dir='ltr'>monasteriumin</span> <span class='ocrx_word' id='word_1_590' title='bbox 1991 4261 2036 4314; x_wconf 94' lang='lat' dir='ltr'>D</span> <span class='ocrx_word' id='word_1_591' title='bbox 2067 4223 2259 4322; x_wconf 54' lang='lat' dir='ltr'>demi&quot;,</span> <span class='ocrx_word' id='word_1_592' title='bbox 2299 4227 2601 4322; x_wconf 39' lang='lat' dir='ltr'>habitauit}.</span> <span class='ocrx_word' id='word_1_593' title='bbox 2633 4229 2932 4322; x_wconf 57' lang='lat' dir='ltr'>Pris‘ij‘m</span> <span class='ocrx_word' id='word_1_594' title='bbox 2973 4231 3355 4303; x_wconf 51' lang='lat' dir='ltr'>integritatem</span> <span class='ocrx_word' id='word_1_595' title='bbox 3387 4244 3625 4303; x_wconf 42' lang='lat' dir='ltr'>assere“</span> <span class='ocrx_word' id='word_1_596' title='bbox 3655 4239 3774 4294; x_wconf 66' lang='lat' dir='ltr'>Deo</span> 
     </span>
    </p>
   </div>
   <div class='ocr_carea' id='block_1_91' title="bbox 259 4332 1947 4413">
    <p class='ocr_par' dir='ltr' id='par_1_91' title="bbox 259 4332 1947 4413">
     <span class='ocr_line' id='line_1_91' title="bbox 259 4332 1947 4413; baseline 0.007 -25"><span class='ocrx_word' id='word_1_597' title='bbox 259 4340 466 4399; x_wconf 87' lang='lat' dir='ltr'>strum,</span> <span class='ocrx_word' id='word_1_598' title='bbox 499 4332 687 4405; x_wconf 89' lang='lat' dir='ltr'>dignis</span> <span class='ocrx_word' id='word_1_599' title='bbox 731 4335 1048 4393; x_wconf 90' lang='lat' dir='ltr'>honoribus</span> <span class='ocrx_word' id='word_1_600' title='bbox 1092 4339 1442 4395; x_wconf 86' lang='lat' dir='ltr'>attollamus.</span> <span class='ocrx_word' id='word_1_601' title='bbox 1497 4340 1642 4397; x_wconf 86' lang='lat' dir='ltr'>Hinc</span> <span class='ocrx_word' id='word_1_602' title='bbox 1672 4351 1756 4397; x_wconf 89' lang='lat' dir='ltr'>est</span> <span class='ocrx_word' id='word_1_603' title='bbox 1795 4345 1947 4413; x_wconf 89' lang='lat' dir='ltr'>quod</span> 
     </span>
    </p>
   </div>
   <div class='ocr_carea' id='block_1_92' title="bbox 255 4423 1946 4498">
    <p class='ocr_par' dir='ltr' id='par_1_92' title="bbox 255 4423 1946 4498">
     <span class='ocr_line' id='line_1_92' title="bbox 255 4423 1946 4498; baseline 0.007 -21"><span class='ocrx_word' id='word_1_604' title='bbox 255 4436 362 4478; x_wconf 92' lang='lat' dir='ltr'>nos</span> <span class='ocrx_word' id='word_1_605' title='bbox 391 4423 595 4479; x_wconf 89' lang='lat' dir='ltr'>vestris</span> <span class='ocrx_word' id='word_1_606' title='bbox 621 4424 1137 4494; x_wconf 89' lang='lat' dir='ltr'>supplicationibus</span> <span class='ocrx_word' id='word_1_607' title='bbox 1178 4426 1456 4496; x_wconf 91' lang='lat' dir='ltr'>inclinati,</span> <span class='ocrx_word' id='word_1_608' title='bbox 1494 4437 1556 4484; x_wconf 92' lang='lat' dir='ltr'>ut</span> <span class='ocrx_word' id='word_1_609' title='bbox 1605 4436 1689 4498; x_wconf 89' lang='lat' dir='ltr'>tu,</span> <span class='ocrx_word' id='word_1_610' title='bbox 1735 4430 1812 4486; x_wconf 86' lang='lat' dir='ltr'>ﬁli</span> <span class='ocrx_word' id='word_1_611' title='bbox 1842 4433 1946 4488; x_wconf 84' lang='lat' dir='ltr'>ab-</span> 
     </span>
    </p>
   </div>
   <div class='ocr_carea' id='block_1_93' title="bbox 255 4511 1944 4589">
    <p class='ocr_par' dir='ltr' id='par_1_93' title="bbox 255 4511 1944 4589">
     <span class='ocr_line' id='line_1_93' title="bbox 255 4511 1944 4589; baseline 0.005 -22"><span class='ocrx_word' id='word_1_612' title='bbox 255 4511 376 4580; x_wconf 91' lang='lat' dir='ltr'>bas,</span> <span class='ocrx_word' id='word_1_613' title='bbox 418 4521 473 4567; x_wconf 90' lang='lat' dir='ltr'>et</span> <span class='ocrx_word' id='word_1_614' title='bbox 517 4526 871 4569; x_wconf 90' lang='lat' dir='ltr'>successores</span> <span class='ocrx_word' id='word_1_615' title='bbox 935 4515 1019 4570; x_wconf 94' lang='lat' dir='ltr'>tui</span> <span class='ocrx_word' id='word_1_616' title='bbox 1088 4515 1324 4570; x_wconf 91' lang='lat' dir='ltr'>abbates</span> <span class='ocrx_word' id='word_1_617' title='bbox 1386 4517 1524 4572; x_wconf 85' lang='lat' dir='ltr'>dicti</span> <span class='ocrx_word' id='word_1_618' title='bbox 1593 4521 1944 4589; x_wconf 90' lang='lat' dir='ltr'>monasterii,</span> 
     </span>
    </p>
   </div>
   <div class='ocr_carea' id='block_1_94' title="bbox 255 4601 1945 4679">
    <p class='ocr_par' dir='ltr' id='par_1_94' title="bbox 255 4601 1945 4679">
     <span class='ocr_line' id='line_1_94' title="bbox 255 4601 1945 4679; baseline 0.005 -23"><span class='ocrx_word' id='word_1_619' title='bbox 255 4601 357 4670; x_wconf 91' lang='lat' dir='ltr'>qui</span> <span class='ocrx_word' id='word_1_620' title='bbox 381 4607 551 4656; x_wconf 90' lang='lat' dir='ltr'>erunt</span> <span class='ocrx_word' id='word_1_621' title='bbox 583 4614 684 4669; x_wconf 89' lang='lat' dir='ltr'>pro</span> <span class='ocrx_word' id='word_1_622' title='bbox 728 4609 997 4671; x_wconf 90' lang='lat' dir='ltr'>tempore,</span> <span class='ocrx_word' id='word_1_623' title='bbox 1031 4602 1223 4668; x_wconf 91' lang='lat' dir='ltr'>mitra,</span> <span class='ocrx_word' id='word_1_624' title='bbox 1269 4604 1505 4675; x_wconf 84' lang='lat' dir='ltr'>annulo,</span> <span class='ocrx_word' id='word_1_625' title='bbox 1557 4613 1611 4662; x_wconf 91' lang='lat' dir='ltr'>et</span> <span class='ocrx_word' id='word_1_626' title='bbox 1642 4607 1770 4662; x_wconf 88' lang='lat' dir='ltr'>aliis</span> <span class='ocrx_word' id='word_1_627' title='bbox 1799 4623 1945 4679; x_wconf 91' lang='lat' dir='ltr'>pon-</span> 
     </span>
    </p>
   </div>
   <div class='ocr_carea' id='block_1_95' title="bbox 254 4687 1943 4764">
    <p class='ocr_par' dir='ltr' id='par_1_95' title="bbox 254 4687 1943 4764">
     <span class='ocr_line' id='line_1_95' title="bbox 254 4687 1943 4764; baseline 0.007 -23"><span class='ocrx_word' id='word_1_628' title='bbox 254 4687 563 4744; x_wconf 86' lang='lat' dir='ltr'>tiﬁcalibus</span> <span class='ocrx_word' id='word_1_629' title='bbox 589 4687 765 4745; x_wconf 90' lang='lat' dir='ltr'>libere</span> <span class='ocrx_word' id='word_1_630' title='bbox 813 4689 1037 4759; x_wconf 90' lang='lat' dir='ltr'>possitis</span> <span class='ocrx_word' id='word_1_631' title='bbox 1065 4690 1168 4758; x_wconf 90' lang='lat' dir='ltr'>uti,</span> <span class='ocrx_word' id='word_1_632' title='bbox 1210 4705 1315 4746; x_wconf 92' lang='lat' dir='ltr'>nec</span> <span class='ocrx_word' id='word_1_633' title='bbox 1355 4706 1469 4747; x_wconf 91' lang='lat' dir='ltr'>non</span> <span class='ocrx_word' id='word_1_634' title='bbox 1511 4695 1664 4764; x_wconf 91' lang='lat' dir='ltr'>quod</span> <span class='ocrx_word' id='word_1_635' title='bbox 1708 4696 1763 4750; x_wconf 90' lang='lat' dir='ltr'>in</span> <span class='ocrx_word' id='word_1_636' title='bbox 1796 4697 1943 4753; x_wconf 86' lang='lat' dir='ltr'>dicto</span> 
     </span>
    </p>
   </div>
   <div class='ocr_carea' id='block_1_96' title="bbox 251 4776 1945 4846">
    <p class='ocr_par' dir='ltr' id='par_1_96' title="bbox 251 4776 1945 4846">
     <span class='ocr_line' id='line_1_96' title="bbox 251 4776 1945 4846; baseline 0.006 -16"><span class='ocrx_word' id='word_1_637' title='bbox 251 4776 614 4844; x_wconf 89' lang='lat' dir='ltr'>monasterio,</span> <span class='ocrx_word' id='word_1_638' title='bbox 683 4784 738 4833; x_wconf 91' lang='lat' dir='ltr'>et</span> <span class='ocrx_word' id='word_1_639' title='bbox 790 4777 1138 4846; x_wconf 90' lang='lat' dir='ltr'>prioratibus</span> <span class='ocrx_word' id='word_1_640' title='bbox 1191 4779 1372 4836; x_wconf 90' lang='lat' dir='ltr'>eidem</span> <span class='ocrx_word' id='word_1_641' title='bbox 1423 4784 1766 4840; x_wconf 87' lang='lat' dir='ltr'>monasterio</span> <span class='ocrx_word' id='word_1_642' title='bbox 1813 4786 1945 4841; x_wconf 89' lang='lat' dir='ltr'>sub-</span> 
     </span>
    </p>
   </div>
   <div class='ocr_carea' id='block_1_97' title="bbox 2061 4313 3771 4392">
    <p class='ocr_par' dir='ltr' id='par_1_97' title="bbox 2061 4313 3771 4392">
     <span class='ocr_line' id='line_1_97' title="bbox 2061 4313 3771 4392; baseline 0.009 -24"><span class='ocrx_word' id='word_1_643' title='bbox 2061 4313 2414 4382; x_wconf 89' lang='lat' dir='ltr'>providente,</span> <span class='ocrx_word' id='word_1_644' title='bbox 2472 4315 2723 4386; x_wconf 89' lang='lat' dir='ltr'>eligitur.</span> <span class='ocrx_word' id='word_1_645' title='bbox 2785 4318 3077 4388; x_wconf 89' lang='lat' dir='ltr'>Dispersos</span> <span class='ocrx_word' id='word_1_646' title='bbox 3125 4323 3440 4378; x_wconf 89' lang='lat' dir='ltr'>monachos</span> <span class='ocrx_word' id='word_1_647' title='bbox 3509 4334 3771 4392; x_wconf 84' lang='lat' dir='ltr'>revocat,</span> 
     </span>
    </p>
   </div>
   <div class='ocr_carea' id='block_1_98' title="bbox 2058 4401 3768 4483">
    <p class='ocr_par' dir='ltr' id='par_1_98' title="bbox 2058 4401 3768 4483">
     <span class='ocr_line' id='line_1_98' title="bbox 2058 4401 3768 4483; baseline 0.008 -27"><span class='ocrx_word' id='word_1_648' title='bbox 2058 4401 2458 4459; x_wconf 88' lang='lat' dir='ltr'>subministrat</span> <span class='ocrx_word' id='word_1_649' title='bbox 2505 4406 2693 4460; x_wconf 89' lang='lat' dir='ltr'>victus</span> <span class='ocrx_word' id='word_1_650' title='bbox 2733 4408 3069 4464; x_wconf 90' lang='lat' dir='ltr'>necessaria.</span> <span class='ocrx_word' id='word_1_651' title='bbox 3112 4409 3409 4480; x_wconf 88' lang='lat' dir='ltr'>Templum</span> <span class='ocrx_word' id='word_1_652' title='bbox 3454 4411 3768 4483; x_wconf 89' lang='lat' dir='ltr'>instaurat,</span> 
     </span>
    </p>
   </div>
   <div class='ocr_carea' id='block_1_99' title="bbox 2057 4491 3771 4567">
    <p class='ocr_par' dir='ltr' id='par_1_99' title="bbox 2057 4491 3771 4567">
     <span class='ocr_line' id='line_1_99' title="bbox 2057 4491 3771 4567; baseline 0.008 -23"><span class='ocrx_word' id='word_1_653' title='bbox 2057 4502 2340 4559; x_wconf 89' lang='lat' dir='ltr'>sacraque</span> <span class='ocrx_word' id='word_1_654' title='bbox 2392 4491 2728 4560; x_wconf 90' lang='lat' dir='ltr'>supellectili</span> <span class='ocrx_word' id='word_1_655' title='bbox 2796 4495 3055 4551; x_wconf 89' lang='lat' dir='ltr'>adornat.</span> <span class='ocrx_word' id='word_1_656' title='bbox 3133 4498 3353 4567; x_wconf 90' lang='lat' dir='ltr'>Totque</span> <span class='ocrx_word' id='word_1_657' title='bbox 3414 4499 3659 4557; x_wconf 90' lang='lat' dir='ltr'>demum</span> <span class='ocrx_word' id='word_1_658' title='bbox 3703 4517 3771 4558; x_wconf 89' lang='lat' dir='ltr'>ac</span> 
     </span>
    </p>
   </div>
   <div class='ocr_carea' id='block_1_100' title="bbox 2057 4577 3770 4653">
    <p class='ocr_par' dir='ltr' id='par_1_100' title="bbox 2057 4577 3770 4653">
     <span class='ocr_line' id='line_1_100' title="bbox 2057 4577 3770 4653; baseline 0.009 -22"><span class='ocrx_word' id='word_1_659' title='bbox 2057 4583 2216 4632; x_wconf 89' lang='lat' dir='ltr'>tanta</span> <span class='ocrx_word' id='word_1_660' title='bbox 2257 4577 2427 4633; x_wconf 85' lang='lat' dir='ltr'>efﬁcit</span> <span class='ocrx_word' id='word_1_661' title='bbox 2461 4587 2652 4648; x_wconf 90' lang='lat' dir='ltr'>pastor</span> <span class='ocrx_word' id='word_1_662' title='bbox 2680 4583 2929 4651; x_wconf 89' lang='lat' dir='ltr'>optimus</span> <span class='ocrx_word' id='word_1_663' title='bbox 2975 4585 3107 4653; x_wconf 89' lang='lat' dir='ltr'>ipse,</span> <span class='ocrx_word' id='word_1_664' title='bbox 3150 4585 3236 4641; x_wconf 88' lang='lat' dir='ltr'>uti</span> <span class='ocrx_word' id='word_1_665' title='bbox 3280 4587 3432 4642; x_wconf 90' lang='lat' dir='ltr'>haud</span> <span class='ocrx_word' id='word_1_666' title='bbox 3477 4589 3770 4648; x_wconf 91' lang='lat' dir='ltr'>immerito</span> 
     </span>
    </p>
   </div>
   <div class='ocr_carea' id='block_1_101' title="bbox 2054 4667 3298 4739">
    <p class='ocr_par' dir='ltr' id='par_1_101' title="bbox 2054 4667 3298 4739">
     <span class='ocr_line' id='line_1_101' title="bbox 2054 4667 3298 4739; baseline 0.009 -21"><span class='ocrx_word' id='word_1_667' title='bbox 2054 4667 2456 4720; x_wconf 88' lang='lat' dir='ltr'>restauratoris</span> <span class='ocrx_word' id='word_1_668' title='bbox 2485 4682 2692 4724; x_wconf 91' lang='lat' dir='ltr'>nomen</span> <span class='ocrx_word' id='word_1_669' title='bbox 2724 4670 2954 4739; x_wconf 86' lang='lat' dir='ltr'>adipisci</span> <span class='ocrx_word' id='word_1_670' title='bbox 2988 4682 3298 4729; x_wconf 89' lang='lat' dir='ltr'>mereatur.</span> 
     </span>
    </p>
   </div>
   <div class='ocr_carea' id='block_1_102' title="bbox 2122 4753 3769 4824">
    <p class='ocr_par' dir='ltr' id='par_1_102' title="bbox 2122 4753 3769 4824">
     <span class='ocr_line' id='line_1_102' title="bbox 2122 4753 3769 4824; baseline 0.011 -18"><span class='ocrx_word' id='word_1_671' title='bbox 2122 4753 2373 4809; x_wconf 87' lang='lat' dir='ltr'>Tandem</span> <span class='ocrx_word' id='word_1_672' title='bbox 2423 4763 2545 4823; x_wconf 92' lang='lat' dir='ltr'>post</span> <span class='ocrx_word' id='word_1_673' title='bbox 2568 4759 2892 4815; x_wconf 83' lang='lat' dir='ltr'>exantlatos</span> <span class='ocrx_word' id='word_1_674' title='bbox 2923 4760 2978 4814; x_wconf 94' lang='lat' dir='ltr'>in</span> <span class='ocrx_word' id='word_1_675' title='bbox 3013 4762 3373 4818; x_wconf 89' lang='lat' dir='ltr'>resarciendo</span> <span class='ocrx_word' id='word_1_676' title='bbox 3413 4769 3769 4824; x_wconf 89' lang='lat' dir='ltr'>monasterio</span> 
     </span>
    </p>
   </div>
   <div class='ocr_carea' id='block_1_103' title="bbox 243 4841 3763 4934">
    <p class='ocr_par' dir='ltr' id='par_1_103' title="bbox 243 4841 3763 4934">
     <span class='ocr_line' id='line_1_103' title="bbox 243 4841 3763 4934; baseline 0.006 -14"><span class='ocrx_word' id='word_1_677' title='bbox 243 4863 430 4933; x_wconf 88' lang='lat' dir='ltr'>jectis,</span> <span class='ocrx_word' id='word_1_678' title='bbox 480 4879 547 4920; x_wconf 91' lang='lat' dir='ltr'>ac</span> <span class='ocrx_word' id='word_1_679' title='bbox 593 4841 1039 4934; x_wconf 77' lang='lat' dir='ltr'>parochialibus,</span> <span class='ocrx_word' id='word_1_680' title='bbox 1105 4873 1160 4922; x_wconf 90' lang='lat' dir='ltr'>et</span> <span class='ocrx_word' id='word_1_681' title='bbox 1228 4868 1354 4925; x_wconf 90' lang='lat' dir='ltr'>aliis</span> <span class='ocrx_word' id='word_1_682' title='bbox 1410 4870 1660 4927; x_wconf 90' lang='lat' dir='ltr'>ecclesiis</span> <span class='ocrx_word' id='word_1_683' title='bbox 1716 4873 1787 4927; x_wconf 91' lang='lat' dir='ltr'>ad</span> <span class='ocrx_word' id='word_1_684' title='bbox 1839 4888 1940 4930; x_wconf 88' lang='lat' dir='ltr'>vos</span> <span class='ocrx_word' id='word_1_685' title='bbox 2045 4841 2216 4911; x_wconf 61' lang='lat' dir='ltr'>iuges</span> <span class='ocrx_word' id='word_1_686' title='bbox 2246 4841 2486 4934; x_wconf 53' lang='lat' dir='ltr'>&quot;ﬁbms’</span> <span class='ocrx_word' id='word_1_687' title='bbox 2525 4844 2596 4934; x_wconf 46' lang='lat' dir='ltr'>id</span> <span class='ocrx_word' id='word_1_688' title='bbox 2627 4859 2864 4934; x_wconf 54' lang='lat' dir='ltr'>Superos</span> <span class='ocrx_word' id='word_1_689' title='bbox 2889 4856 3162 4905; x_wconf 56' lang='lat' dir='ltr'>evocatur</span> <span class='ocrx_word' id='word_1_690' title='bbox 3182 4852 3763 4925; x_wconf 64' lang='lat' dir='ltr'>VenerabiliSGuidO’</span> 
     </span>
    </p>
   </div>
   <div class='ocr_carea' id='block_1_104' title="bbox 245 4951 1938 5030">
    <p class='ocr_par' dir='ltr' id='par_1_104' title="bbox 245 4951 1938 5030">
     <span class='ocr_line' id='line_1_104' title="bbox 245 4951 1938 5030; baseline 0.006 -23"><span class='ocrx_word' id='word_1_691' title='bbox 245 4951 644 5020; x_wconf 89' lang='lat' dir='ltr'>communiter,</span> <span class='ocrx_word' id='word_1_692' title='bbox 713 4953 801 5008; x_wconf 91' lang='lat' dir='ltr'>vel</span> <span class='ocrx_word' id='word_1_693' title='bbox 863 4952 1092 5010; x_wconf 91' lang='lat' dir='ltr'>divisim</span> <span class='ocrx_word' id='word_1_694' title='bbox 1155 4956 1595 5026; x_wconf 89' lang='lat' dir='ltr'>pertinentibus,</span> <span class='ocrx_word' id='word_1_695' title='bbox 1669 4962 1938 5030; x_wconf 89' lang='lat' dir='ltr'>quamvis</span> 
     </span>
    </p>
   </div>
   <div class='ocr_carea' id='block_1_105' title="bbox 241 5040 1936 5112">
    <p class='ocr_par' dir='ltr' id='par_1_105' title="bbox 241 5040 1936 5112">
     <span class='ocr_line' id='line_1_105' title="bbox 241 5040 1936 5112; baseline 0.006 -17"><span class='ocrx_word' id='word_1_696' title='bbox 241 5041 404 5096; x_wconf 89' lang='lat' dir='ltr'>vobis</span> <span class='ocrx_word' id='word_1_697' title='bbox 431 5040 598 5110; x_wconf 91' lang='lat' dir='ltr'>pleno</span> <span class='ocrx_word' id='word_1_698' title='bbox 623 5042 757 5112; x_wconf 90' lang='lat' dir='ltr'>jure</span> <span class='ocrx_word' id='word_1_699' title='bbox 803 5056 919 5097; x_wconf 91' lang='lat' dir='ltr'>non</span> <span class='ocrx_word' id='word_1_700' title='bbox 948 5043 1192 5112; x_wconf 90' lang='lat' dir='ltr'>subsint,</span> <span class='ocrx_word' id='word_1_701' title='bbox 1240 5045 1692 5103; x_wconf 91' lang='lat' dir='ltr'>benedictionem</span> <span class='ocrx_word' id='word_1_702' title='bbox 1731 5049 1936 5104; x_wconf 89' lang='lat' dir='ltr'>solem-</span> 
     </span>
    </p>
   </div>
   <div class='ocr_carea' id='block_1_106' title="bbox 239 5129 1934 5202">
    <p class='ocr_par' dir='ltr' id='par_1_106' title="bbox 239 5129 1934 5202">
     <span class='ocr_line' id='line_1_106' title="bbox 239 5129 1934 5202; baseline 0.005 -19"><span class='ocrx_word' id='word_1_703' title='bbox 239 5142 392 5197; x_wconf 89' lang='lat' dir='ltr'>nem,</span> <span class='ocrx_word' id='word_1_704' title='bbox 450 5136 576 5199; x_wconf 90' lang='lat' dir='ltr'>post</span> <span class='ocrx_word' id='word_1_705' title='bbox 617 5129 949 5199; x_wconf 90' lang='lat' dir='ltr'>missarum,</span> <span class='ocrx_word' id='word_1_706' title='bbox 1003 5145 1397 5202; x_wconf 90' lang='lat' dir='ltr'>vesperarum.</span> <span class='ocrx_word' id='word_1_707' title='bbox 1430 5141 1486 5190; x_wconf 89' lang='lat' dir='ltr'>et</span> <span class='ocrx_word' id='word_1_708' title='bbox 1517 5135 1934 5192; x_wconf 88' lang='lat' dir='ltr'>matutinarum</span> 
     </span>
    </p>
   </div>
   <div class='ocr_carea' id='block_1_107' title="bbox 235 5216 1934 5294">
    <p class='ocr_par' dir='ltr' id='par_1_107' title="bbox 235 5216 1934 5294">
     <span class='ocr_line' id='line_1_107' title="bbox 235 5216 1934 5294; baseline 0.005 -23"><span class='ocrx_word' id='word_1_709' title='bbox 235 5216 529 5283; x_wconf 86' lang='lat' dir='ltr'>solemnia,</span> <span class='ocrx_word' id='word_1_710' title='bbox 566 5216 875 5274; x_wconf 91' lang='lat' dir='ltr'>dummodo</span> <span class='ocrx_word' id='word_1_711' title='bbox 920 5221 978 5274; x_wconf 89' lang='lat' dir='ltr'>in</span> <span class='ocrx_word' id='word_1_712' title='bbox 1026 5220 1414 5278; x_wconf 91' lang='lat' dir='ltr'>benedictione</span> <span class='ocrx_word' id='word_1_713' title='bbox 1455 5223 1789 5294; x_wconf 89' lang='lat' dir='ltr'>hujusmodi</span> <span class='ocrx_word' id='word_1_714' title='bbox 1821 5225 1934 5280; x_wconf 88' lang='lat' dir='ltr'>ali-</span> 
     </span>
    </p>
   </div>
   <div class='ocr_carea' id='block_1_108' title="bbox 237 5301 1932 5380">
    <p class='ocr_par' dir='ltr' id='par_1_108' title="bbox 237 5301 1932 5380">
     <span class='ocr_line' id='line_1_108' title="bbox 237 5301 1932 5380; baseline 0.007 -25"><span class='ocrx_word' id='word_1_715' title='bbox 237 5301 369 5369; x_wconf 89' lang='lat' dir='ltr'>quis</span> <span class='ocrx_word' id='word_1_716' title='bbox 414 5303 667 5371; x_wconf 89' lang='lat' dir='ltr'>antistes,</span> <span class='ocrx_word' id='word_1_717' title='bbox 721 5305 807 5360; x_wconf 92' lang='lat' dir='ltr'>vel</span> <span class='ocrx_word' id='word_1_718' title='bbox 860 5306 1182 5376; x_wconf 75' lang='lat' dir='ltr'>apostolicae</span> <span class='ocrx_word' id='word_1_719' title='bbox 1219 5307 1368 5363; x_wconf 90' lang='lat' dir='ltr'>sedis</span> <span class='ocrx_word' id='word_1_720' title='bbox 1415 5306 1640 5380; x_wconf 88' lang='lat' dir='ltr'>legatus</span> <span class='ocrx_word' id='word_1_721' title='bbox 1684 5324 1932 5380; x_wconf 66' lang='lat' dir='ltr'>praesens</span> 
     </span>
    </p>
   </div>
   <div class='ocr_carea' id='block_1_109' title="bbox 235 5389 1932 5465">
    <p class='ocr_par' dir='ltr' id='par_1_109' title="bbox 235 5389 1932 5465">
     <span class='ocr_line' id='line_1_109' title="bbox 235 5389 1932 5465; baseline 0.008 -23"><span class='ocrx_word' id='word_1_722' title='bbox 235 5401 350 5444; x_wconf 90' lang='lat' dir='ltr'>non</span> <span class='ocrx_word' id='word_1_723' title='bbox 399 5389 589 5458; x_wconf 90' lang='lat' dir='ltr'>fuerit,</span> <span class='ocrx_word' id='word_1_724' title='bbox 648 5392 882 5465; x_wconf 88' lang='lat' dir='ltr'>elargiri</span> <span class='ocrx_word' id='word_1_725' title='bbox 951 5395 1215 5464; x_wconf 88' lang='lat' dir='ltr'>possitis:</span> <span class='ocrx_word' id='word_1_726' title='bbox 1288 5396 1464 5453; x_wconf 91' lang='lat' dir='ltr'>felicis</span> <span class='ocrx_word' id='word_1_727' title='bbox 1518 5399 1932 5456; x_wconf 90' lang='lat' dir='ltr'>recordationis</span> 
     </span>
    </p>
   </div>
   <div class='ocr_carea' id='block_1_110' title="bbox 234 5473 1927 5558">
    <p class='ocr_par' dir='ltr' id='par_1_110' title="bbox 234 5473 1927 5558">
     <span class='ocr_line' id='line_1_110' title="bbox 234 5473 1927 5558; baseline 0.011 -32"><span class='ocrx_word' id='word_1_728' title='bbox 234 5473 547 5531; x_wconf 81' lang='lat' dir='ltr'>Alexandri</span> <span class='ocrx_word' id='word_1_729' title='bbox 579 5490 740 5546; x_wconf 76' lang='lat' dir='ltr'>papae</span> <span class='ocrx_word' id='word_1_730' title='bbox 785 5481 870 5548; x_wconf 90' lang='lat' dir='ltr'><strong>IV,</strong></span> <span class='ocrx_word' id='word_1_731' title='bbox 902 5482 1328 5550; x_wconf 71' lang='lat' dir='ltr'>przedecessoris</span> <span class='ocrx_word' id='word_1_732' title='bbox 1371 5485 1572 5554; x_wconf 91' lang='lat' dir='ltr'>nostri,</span> <span class='ocrx_word' id='word_1_733' title='bbox 1617 5501 1748 5558; x_wconf 65' lang='lat' dir='ltr'>quae</span> <span class='ocrx_word' id='word_1_734' title='bbox 1779 5488 1927 5544; x_wconf 89' lang='lat' dir='ltr'>inci-</span> 
     </span>
    </p>
   </div>
   <div class='ocr_carea' id='block_1_111' title="bbox 2049 4930 3764 5010">
    <p class='ocr_par' dir='ltr' id='par_1_111' title="bbox 2049 4930 3764 5010">
     <span class='ocr_line' id='line_1_111' title="bbox 2049 4930 3764 5010; baseline 0.01 -28"><span class='ocrx_word' id='word_1_735' title='bbox 2049 4935 2223 4998; x_wconf 89' lang='lat' dir='ltr'>atque</span> <span class='ocrx_word' id='word_1_736' title='bbox 2270 4930 2473 4986; x_wconf 83' lang='lat' dir='ltr'>dextra</span> <span class='ocrx_word' id='word_1_737' title='bbox 2503 4932 2658 4987; x_wconf 91' lang='lat' dir='ltr'>chori</span> <span class='ocrx_word' id='word_1_738' title='bbox 2695 4943 2855 5003; x_wconf 89' lang='lat' dir='ltr'>parte</span> <span class='ocrx_word' id='word_1_739' title='bbox 2887 4935 3219 5007; x_wconf 89' lang='lat' dir='ltr'>funeratur;</span> <span class='ocrx_word' id='word_1_740' title='bbox 3253 4940 3424 5010; x_wconf 88' lang='lat' dir='ltr'>cujus</span> <span class='ocrx_word' id='word_1_741' title='bbox 3451 4944 3764 5010; x_wconf 88' lang='lat' dir='ltr'>sepulcrali</span> 
     </span>
    </p>
   </div>
   <div class='ocr_carea' id='block_1_112' title="bbox 2046 5015 3760 5100">
    <p class='ocr_par' dir='ltr' id='par_1_112' title="bbox 2046 5015 3760 5100">
     <span class='ocr_line' id='line_1_112' title="bbox 2046 5015 3760 5100; baseline 0.011 -30"><span class='ocrx_word' id='word_1_742' title='bbox 2046 5015 2220 5086; x_wconf 90' lang='lat' dir='ltr'>lapidi</span> <span class='ocrx_word' id='word_1_743' title='bbox 2275 5018 2619 5088; x_wconf 91' lang='lat' dir='ltr'>insculptam</span> <span class='ocrx_word' id='word_1_744' title='bbox 2650 5021 2919 5093; x_wconf 87' lang='lat' dir='ltr'>efﬁgiem,</span> <span class='ocrx_word' id='word_1_745' title='bbox 2956 5039 3073 5080; x_wconf 89' lang='lat' dir='ltr'>una</span> <span class='ocrx_word' id='word_1_746' title='bbox 3119 5040 3366 5097; x_wconf 89' lang='lat' dir='ltr'>sequens</span> <span class='ocrx_word' id='word_1_747' title='bbox 3391 5029 3760 5100; x_wconf 87' lang='lat' dir='ltr'>epitaphium</span> 
     </span>
    </p>
   </div>
   <div class='ocr_carea' id='block_1_113' title="bbox 2046 5106 2531 5175">
    <p class='ocr_par' dir='ltr' id='par_1_113' title="bbox 2046 5106 2531 5175">
     <span class='ocr_line' id='line_1_113' title="bbox 2046 5106 2531 5175; baseline 0.004 -15"><span class='ocrx_word' id='word_1_748' title='bbox 2046 5106 2373 5175; x_wconf 90' lang='lat' dir='ltr'>prospicere</span> <span class='ocrx_word' id='word_1_749' title='bbox 2402 5115 2485 5162; x_wconf 93' lang='lat' dir='ltr'>est</span> <span class='ocrx_word' id='word_1_750' title='bbox 2518 5123 2531 5162; x_wconf 91' lang='lat'><strong>:</strong></span> 
     </span>
    </p>
   </div>
   <div class='ocr_carea' id='block_1_114' title="bbox 2181 5228 3764 5300">
    <p class='ocr_par' dir='ltr' id='par_1_114' title="bbox 2181 5228 3764 5300">
     <span class='ocr_line' id='line_1_114' title="bbox 2181 5228 3764 5300; baseline 0.011 -17"><span class='ocrx_word' id='word_1_751' title='bbox 2181 5228 2305 5283; x_wconf 83' lang='lat' dir='ltr'>Hic</span> <span class='ocrx_word' id='word_1_752' title='bbox 2329 5229 2495 5298; x_wconf 78' lang='lat' dir='ltr'>jacet</span> <span class='ocrx_word' id='word_1_753' title='bbox 2531 5233 2887 5290; x_wconf 68' lang='lat' dir='ltr'>Reverentia:</span> <span class='ocrx_word' id='word_1_754' title='bbox 2914 5235 2975 5290; x_wconf 85' lang='lat' dir='ltr'>in</span> <span class='ocrx_word' id='word_1_755' title='bbox 3006 5237 3236 5294; x_wconf 60' lang='lat' dir='ltr'>Christo</span> <span class='ocrx_word' id='word_1_756' title='bbox 3275 5241 3461 5295; x_wconf 78' lang='lat' dir='ltr'>Pater</span> <span class='ocrx_word' id='word_1_757' title='bbox 3500 5245 3764 5300; x_wconf 72' lang='lat' dir='ltr'>Damna:</span> 
     </span>
    </p>
   </div>
   <div class='ocr_carea' id='block_1_115' title="bbox 2113 5316 3623 5394">
    <p class='ocr_par' dir='ltr' id='par_1_115' title="bbox 2113 5316 3623 5394">
     <span class='ocr_line' id='line_1_115' title="bbox 2113 5316 3623 5394; baseline 0.012 -25"><span class='ocrx_word' id='word_1_758' title='bbox 2113 5316 2296 5372; x_wconf 85' lang='lat' dir='ltr'>Guido</span> <span class='ocrx_word' id='word_1_759' title='bbox 2324 5319 2395 5372; x_wconf 86' lang='lat' dir='ltr'>de</span> <span class='ocrx_word' id='word_1_760' title='bbox 2437 5319 2655 5376; x_wconf 69' lang='lat' dir='ltr'>Villam</span> <span class='ocrx_word' id='word_1_761' title='bbox 2677 5322 2747 5376; x_wconf 86' lang='lat' dir='ltr'>de</span> <span class='ocrx_word' id='word_1_762' title='bbox 2773 5323 3180 5394; x_wconf 75' lang='lat' dir='ltr'>l’Isle-Adam,</span> <span class='ocrx_word' id='word_1_763' title='bbox 3215 5330 3534 5386; x_wconf 76' lang='lat' dir='ltr'>monachus</span> <span class='ocrx_word' id='word_1_764' title='bbox 3561 5337 3623 5387; x_wconf 77' lang='lat' dir='ltr'>et</span> 
     </span>
    </p>
   </div>
   <div class='ocr_carea' id='block_1_116' title="bbox 2107 5404 3505 5481">
    <p class='ocr_par' dir='ltr' id='par_1_116' title="bbox 2107 5404 3505 5481">
     <span class='ocr_line' id='line_1_116' title="bbox 2107 5404 3505 5481; baseline 0.011 -23"><span class='ocrx_word' id='word_1_765' title='bbox 2107 5404 2286 5459; x_wconf 75' lang='lat' dir='ltr'>abba:</span> <span class='ocrx_word' id='word_1_766' title='bbox 2314 5405 2485 5475; x_wconf 68' lang='lat' dir='ltr'>hujus</span> <span class='ocrx_word' id='word_1_767' title='bbox 2510 5409 2762 5477; x_wconf 71' lang='lat' dir='ltr'>ccenobii,</span> <span class='ocrx_word' id='word_1_768' title='bbox 2795 5412 2895 5481; x_wconf 86' lang='lat' dir='ltr'>qui</span> <span class='ocrx_word' id='word_1_769' title='bbox 2919 5411 3061 5468; x_wconf 81' lang='lat' dir='ltr'>obiit</span> <span class='ocrx_word' id='word_1_770' title='bbox 3091 5431 3243 5470; x_wconf 83' lang='lat' dir='ltr'>anno</span> <span class='ocrx_word' id='word_1_771' title='bbox 3271 5418 3505 5472; x_wconf 82' lang='lat' dir='ltr'>Domini</span> 
     </span>
    </p>
   </div>
   <div class='ocr_carea' id='block_1_117' title="bbox 2106 5494 3541 5578">
    <p class='ocr_par' dir='ltr' id='par_1_117' title="bbox 2106 5494 3541 5578">
     <span class='ocr_line' id='line_1_117' title="bbox 2106 5494 3541 5578; baseline 0.01 -31"><span class='ocrx_word' id='word_1_772' title='bbox 2106 5507 2389 5563; x_wconf 72' lang='lat' dir='ltr'>uoxxxvr,</span> <span class='ocrx_word' id='word_1_773' title='bbox 2416 5494 2510 5550; x_wconf 85' lang='lat' dir='ltr'>die</span> <span class='ocrx_word' id='word_1_774' title='bbox 2533 5511 2679 5554; x_wconf 69' lang='grc' dir='ltr'>χχιιι</span> <span class='ocrx_word' id='word_1_775' title='bbox 2709 5500 2886 5556; x_wconf 84' lang='lat' dir='ltr'>Junii.</span> <span class='ocrx_word' id='word_1_776' title='bbox 2923 5502 3258 5574; x_wconf 69' lang='lat' dir='ltr'>Requiescal</span> <span class='ocrx_word' id='word_1_777' title='bbox 3284 5504 3347 5560; x_wconf 85' lang='lat' dir='ltr'>in</span> <span class='ocrx_word' id='word_1_778' title='bbox 3374 5522 3541 5578; x_wconf 86' lang='lat' dir='ltr'>pace.</span> 
     </span>
    </p>
   </div>
  </div>
