3924 6090
145 347 279 399 1105

1402 351 1621 409 DOMNI
1663 352 1720 408 L.
1764 351 2107 411 D’ACHERY
2146 354 2370 410 NOT/E.

3507 361 3642 415 H06

210 481 413 537 Parieti
443 497 576 539 vero
605 485 884 554 proximo,
919 486 1025 542 hoc
1057 487 1377 544 encomium
1409 503 1582 544 aeneae
1608 487 1836 544 laminae
1874 490 1924 544 A
2017 491 2182 544 Anno
2214 489 2436 544 Domini
2494 489 2646 544 1644.
2707 490 3071 562 Augustinus
3100 490 3293 548 Potier
3343 494 3644 564 episcopus

137 569 472 638 inscriptum
507 588 520 626 :

278 658 349 710 Ci
381 658 508 735 αἱδί,
528 661 826 735 Reum-end
859 662 998 716 Pere
1022 679 1093 716 en
1142 663 1283 735 Dieu
1311 666 1441 735 Guy
1467 664 1538 718 de
1591 664 1832 733 Villers,

207 744 276 781 en
304 745 406 782 son
451 729 649 784 uiuant
702 731 994 800 Religieux
1039 737 1094 786 et
1133 732 1285 788 Abbé
1328 729 1422 788 de'
1439 752 1611 790 ceans
1639 754 1656 788 :
1714 729 1836 790 issu

206 801 262 850 et
299 803 505 862 parent
550 801 650 855 des
717 801 911 858 noble:
964 807 1020 856 et
1082 803 1390 858 ancienne:
1450 807 1711 860 Maisons
1764 807 1834 860 de

207 868 614 944 l'lslefAdam,
647 875 701 944 et
746 874 1137 929 Aubremont:
1182 875 1283 943 ﬁl:
1323 875 1393 928 de
1439 877 1600 942 haut,
1644 877 1830 944 noble,

206 942 262 992 et
284 939 549 1009 puis-sant
576 941 852 1012 Seigneur
909 945 1152 999 Messire
1182 939 1434 1002 Antoine
1481 947 1551 1000 de
1590 939 1827 1013 'Villers,

207 1026 276 1087 en
306 1027 406 1065 son
435 1013 634 1087 viuan}
671 1014 968 1087 Cﬁevalier
995 1016 1272 1087 Seigneur
1299 1017 1369 1070 de
1399 1017 1783 1072 l‘Isle-Adam
1812 1039 1831 1083 ,-

211 1081 442 1136 Prevost
478 1084 548 1136 de
574 1084 768 1151 Paris,
797 1091 904 1140 etc.
938 1087 1016 1139 Et
1053 1081 1122 1140 de
1151 1088 1313 1142 noble
1343 1091 1523 1142 Dame
1559 1081 1834 1144 Madame

206 1153 434 1223 [eanne
460 1155 530 1206 de
569 1155 762 1216 Nelle.
805 1155 974 1223 frére
1004 1157 1074 1210 de
1091 1158 1204 1222 feu
1255 1158 1325 1210 de
1354 1159 1534 1212 bonne
1563 1160 1831 1214 memoire

212 1221 692 1300 Reverendissinte
734 1221 895 1300 πέντε
943 1227 1314 1300 Phiiippede
1356 1229 1592 1290 Villers,
1629 1231 1832 1285 Cheva-

205 1291 311 1345 Iier
349 1298 402 1349 et
458 1295 660 1349 Grand
720 1291 965 1351 Maislre
1030 1291 1109 1351 de
1142 1291 1366 1353 'Rhode.
1426 1300 1832 1355 Pareillement

188 1363 360 1435 frere
413 1365 483 1418 de
519 1367 634 1435 feu
694 1368 994 1421 Reuerend
1043 1370 1187 1422 Pere
1239 1387 1308 1422 en
1363 1368 1499 1424 Dieu
1559 1370 1730 1424 Louis
1761 1371 1831 1425 de

214 1433 545 1510 Viilersten
581 1454 685 1490 son
731 1437 930 1510 uiuant
989 1442 1242 1510 Euesque
1285 1443 1484 1494 Comte
1532 1441 1600 1495 de
1646 1445 1828 1496 Beau-

203 1503 352 1570 uais,
436 1506 678 1562 Vidame
728 1508 799 1560 de
863 1511 1118 1580 Gerbroy

205 1576 377 1629 Oncle
406 1577 476 1630 de
517 1579 613 1630 feu
665 1581 958 1630 Reuerend
1016 1583 1118 1630 Per

205 1578 377 1629 Oncle
406 1578 476 1630 de

1164 1515 1214 1566 et
1284 1511 1430 1564 Pair
1482 1511 1552 1564 de
1615 1513 1831 1566 France

501 1579 613 1644 feu
665 1581 958 1635 Reuerend
1016 1579 1157 1634 Pere
1191 1597 1258 1636 en
1303 1583 1447 1634 Dieu
1477 1581 1720 1636 Charles
1761 1583 1831 1636 de

215 1645 445 1721 Villers,
503 1649 664 1721 quasi
718 1651 985 1721 Euesque
1040 1653 1228 1706 Comlc
1267 1651 1338 1705 de
1388 1652 1696 1706 Beauuais.
1751 1654 1830 1708 Et

201 1716 362 1792 aurei
387 1719 661 1792 oncle‘de
685 1721 849 1774 noble
868 1716 931 1792 et
956 1721 1227 1792 puissant
1272 1721 1542 1792 Seigneur
1588 1727 1642 1776 et
1675 1724 1826 1778 Che-

197 1787 394 1842 ualier
437 1789 508 1863 de
563 1790 782 1863 l’70rdre
843 1791 920 1845 du
956 1787 1100 1863 ’Πομ
1143 1796 1336 1846 nostra
1363 1787 1540 1859 'Sire,
1593 1794 1829 1849 Nescire

203 1863 370 1934 {tunc
421 1859 488 1914 de
540 1862 990 1934 Manimorency,
1040 1859 1317 1930 Seigneur
1349 1870 1404 1918 et
1445 1864 1636 1918 Baron
1666 1865 1830 1919 dudit

199 1928 654 2006 Illonlnzorency,
735 1928 951 1988 Comte'
986 1934 1055 2006 de
1094 1928 1445 2006 ‘Beawnont
1497 1952 1598 1988 sur
1661 1937 1825 2006 Oyse,

201 2000 393 2054 Grand
438 2000 704 2070 Mais—Ire,
777 2004 1106 2058 Mareschol
1149 2005 1218 2058 de
1283 2005 1524 2072 France,
1569 2000 1828 2060 Gauder-

197 2087 339 2147 ncur
373 2072 456 2147 _d_u
505 2090 656 2147 pays
693 2074 761 2130 de
800 2075 1154 2147 Languedoc,
1211 2075 1266 2128 el
1296 2075 1386 2147 Adu
1422 2076 1622 2144 depuis
1669 2078 1828 2147 Con—

197 2142 452 2216 nes-(able
497 2143 567 2197 de
586 2142 875 2200 France:
923 2142 982 2198 ct
1010 2147 1079 2198 de
1128 2145 1368 2199 Messire
1429 2142 1707 2216 Francois
1757 2147 1828 2201 de

197 2212 632 2287 {nontmorency
700 2217 978 2286 Seigneur
1030 2216 1098 2287 de
1146 2217 1207 2269 la
1289 2212 1596 2287 Rochepot'
1634 2220 1686 2272 et
1757 2219 1828 2273 de

197 2283 450 2356 Merlou,
502 2283 872 2340 Gouuerneur
916 2289 970 2340 et
1020 2286 1362 2340 Lieutenani
1408 2283 1551 2356 pour
1596 2287 1649 2341 le
1701 2289 1788 2342 Ro

190 2369 268 2428 au
337 2355 496 2424 Page
556 2357 627 2410 de
689 2356 975 2413 Picardie.
1041 2357 1343 2428 Ausquels
1387 2355 1693 2428 Seigneurs
1757 2355 1826 2412 (Ie

196 2424 630 2498 @o‘ntmorency
669 2431 760 2498 est
802 2444 984 2481 neueu
1030 2424 1519 2484 Reuerendissime
1574 2429 1716 2484 Odet
1757 2429 1828 2482 de

197 2495 466 2568 Colligny
483 2495 901 2568 vulgairement
934 2498 1020 2554 dit
1048 2499 1118 2552 de
1164 2499 1501 2564 Chaslilton,
1537 2498 1829 2554 Cardinal

193 2564 271 2618 du
315 2564 486 2640 Saint
515 2564 698 2640 Siege,
750 2571 1146 2640 Archeuesque
1175 2569 1245 2622 de
1280 2570 1609 2636 Thoulouse,
1655 2571 1827 2625 Euss-

195 2652 303 2705 que
333 2638 532 2692 Comte
562 2638 632 2692 de
667 2639 974 2703 Beauuais,
995 2638 1141 2695 Pair
1163 2640 1232 2693 de
1254 2641 1476 2694 France
1505 2643 1607 2694 etc.

265 2709 476 2780 Lequel
535 2711 664 2780 Guy

195 2777 365 2831 avoir’
405 2777 665 2852 restaufé
707 2781 945 2852 l'Eglis-e
980 2781 1048 2837 de
1101 2797 1319 2852 ceans,
1339 2781 1465 2852 fail

195 2851 390 2924 quires
428 2849 612 2910 biens:
633 2854 690 2904 et
726 2849 1063 2924 dauanlage
1091 2851 1262 2924 augir
1286 2851 1398 2924 fait
1438 2849 1825 2924 l‘acquisition

192 2917 262 2994 de
289 2919 352 2994 ia
381 2924 529 2994 terre
569 2926 647 2994 et
665 2917 1005 2994 Seigneurie'
1027 2923 1098 2975 de
1140 2921 1442 2994 Bogisville,
1483 2940 1516 2976 a
1546 2917 1719 2994 fondé
1747 2939 1825 2976 un

193 2987 323 3070 obit
369 2991 469 3072 qui
495 3009 557 3045 se
587 2987 806 3072 ditpdr
828 2994 1069 3072 chacugn
1101 3010 1179 3072 an
1209 2992 1248 3047 ὰ
1280 2987 1476 3072 _lreize
1509 2993 1656 3072 fois;
1693 3009 1824 3072 sca:

743 2710 813 2763 de
878 2710 1095 2764 Villers
1141 2727 1209 2764 en
1255 2726 1357 2765 son
1412 2711 1609 2765 uiuant
1653 2727 1826 2780 apres

1531 2780 1826 2852 planam

1868 1781 1908 1835 Β

1944 577 2318 644 Belvacensis,
2389 593 2614 634 morum
2692 580 2994 650 gravitate,
3070 581 3294 650 pietate,
3382 582 3644 638 doctrina

1942 665 2313 731 clarissimus,
2368 681 2500 722 cum
2558 681 2740 737 prece,
2800 675 2921 724 tum
2958 667 3145 735 minis,
3180 676 3235 724 et
3286 671 3638 738 auctoritate,

1943 754 2156 824 regulae
2200 755 2578 812 Benedictinae
2605 756 3048 821 observantiam,
3109 757 3305 812 accitis
3363 771 3429 812 ea
3481 757 3550 814 de
3583 772 3643 814 re

1942 841 2238 895 monachis
2296 844 2755 913 congregationis
2793 844 2983 899 Sancti
3018 844 3224 910 Mauri,
3277 845 3639 911 instauravit,

1943 943 2092 997 quae,
2122 929 2234 983 Deo
2282 929 2533 994 amante,
2566 932 2717 999 viget
2749 931 3046 1000 hodieque.
3108 931 3267 987 Unde
3300 931 3508 1002 praasul
3551 932 3643 987 ille

1940 1017 2275 1072 memoriam
2307 1026 2645 1072 consecutus
2670 1027 2750 1074 est
2779 1019 3174 1074 immortalem.

2013 1122 2094 1190 (δ’)
2126 1122 2256 1177 CAP.
2294 1124 2424 1177 XIV.
2459 1155 2526 1161 —
2574 1125 2902 1179 Ezelructis
2951 1125 3146 1196 itaque
3196 1125 3345 1181 inibi
3387 1124 3642 1181 aediculis

1935 1224 2120 1280 prope
2165 1209 2486 1264 ecclesiam.
2546 1212 2892 1281 Saepiuscule
2949 1214 3000 1267 id
3056 1213 3355 1269 actitatum
3409 1215 3642 1270 tradunt

1940 1301 2203 1353 auctores
2259 1313 2435 1368 quam
2498 1300 2684 1367 multi,
2758 1299 3017 1356 Guiberti
3069 1311 3266 1358 matris
3310 1317 3421 1358 non
3477 1303 3640 1358 modo

1941 1392 2290 1456 tempestate,
2341 1388 2437 1442 sed
2494 1395 2548 1442 et
2601 1388 2771 1457 plura
2827 1397 2958 1444 ante
3013 1390 3268 1445 saecula:
3339 1391 3509 1462 cujus
3564 1390 3644 1446 rei

1939 1474 2261 1530 Chronicon
2292 1475 2574 1531 Besuense
2601 1475 3021 1545 amplissimum
3065 1479 3391 1547 suppeditat
3431 1493 3642 1534 monu—

1939 1570 2216 1626 mentum,
2293 1563 2590 1633 epistolam
2641 1565 2902 1620 videlicet
2970 1565 3298 1622 Adalsindae
3350 1567 3639 1635 antistitae,

1938 1663 2056 1719 qua
2085 1657 2140 1705 et
2168 1650 2435 1721 seipsam,
2480 1659 2535 1707 et
2593 1652 2878 1722 quidquid
2935 1653 3303 1722 possessionis
3361 1669 3465 1710 suo
3521 1660 3644 1709 erat

1938 1739 2304 1806 monasterio,
2339 1740 2723 1796 Besuensibus
2763 1741 3128 1808 contradidit,
3181 1749 3235 1798 et
3259 1743 3432 1813 juxta
3491 1743 3639 1812 ipso-

1939 1841 2069 1882 rum
2099 1828 2393 1884 ecclesiam
2407 1829 2705 1885 habitavit.
2722 1829 2808 1884 En
2824 1829 2980 1886 illam
3005 1831 3254 1900 primum
3273 1830 3639 1901 evulgamus.

2016 1937 2036 1964 ι
2072 1915 2312 1972 Domino
2386 1925 2583 1973 sancto
2651 1924 2705 1973 et
2767 1918 2826 1972 in
2889 1919 3107 1975 Christo
3177 1919 3412 1975 amabili
3481 1918 3643 1975 fratri

1943 2002 2296 2071 Waldaleno,
2332 2005 2646 2061 Adalsinda
2675 2005 2982 2062 abbatissa.

2011 2113 2038 2139 «
2072 2092 2218 2147 Dum
2277 2093 2557 2148 malorum
2604 2093 2907 2150 hominum
2946 2101 3151 2150 vexata
3177 2093 3428 2164 injuriis,
3458 2101 3512 2150 et
3543 2108 3642 2149 va-

1937 2179 2036 2234 riis
2064 2179 2508 2236 adversitatibus
2539 2181 2747 2237 ibidem
2775 2190 2926 2238 stare
2957 2197 3071 2238 non
3103 2196 3345 2252 possem,
3377 2181 3510 2238 inde
3537 2197 3644 2253 ego

1935 2275 1988 2322 et
2010 2282 2323 2338 germanus
2351 2283 2512 2326 meus
2568 2270 2890 2337 Adalricus,
2917 2271 3081 2326 vobis
3131 2278 3186 2326 et
3234 2269 3511 2326 fratribus
3542 2285 3644 2325 ve—

1936 2356 2072 2411 stris
2128 2355 2455 2425 petivimus.
2517 2365 2580 2412 ut
2638 2358 2707 2412 ad
2765 2358 3175 2414 monasterium
3248 2358 3436 2414 Sancti
3493 2359 3641 2414 Petri

1935 2444 2196 2500 habitare
2224 2445 2332 2500 sub
2364 2445 2564 2516 regula
2599 2445 2686 2501 vel
2735 2446 2934 2502 ordine
2975 2445 3033 2502 in
3066 2445 3164 2502 Dei
3196 2447 3426 2503 nomine
3468 2447 3640 2502 debe-

1937 2547 2094 2603 rem;
2129 2533 2283 2602 quod
2318 2541 2373 2588 et
2422 2547 2521 2589 vos
2545 2548 2643 2603 pro
2692 2535 2988 2590 charitatis
3025 2535 3215 2592 studio
3268 2535 3642 2591 concessistis.

1935 2621 2063 2676 Ideo
2131 2621 2538 2689 monasterium
2599 2623 3031 2691 Dornatiacum,
3090 2623 3146 2678 in
3199 2623 3415 2680 honore
3461 2623 3644 2680 sancti

1935 2709 2166 2766 Martini
2196 2709 2392 2777 situm,
2455 2711 2608 2780 quod
2669 2711 2892 2782 genitor
2925 2725 3088 2767 meus
3145 2711 3536 2783 Amalgarius,
3591 2718 3646 2767 et

1936 2799 2215 2868 Aquilina
2267 2805 2451 2853 mater
2480 2812 2607 2854 mea
2636 2807 3109 2865 construxerunt,
3141 2807 3195 2856 et
3224 2803 3272 2856 ei
3330 2799 3646 2855 maximam

1937 2895 2158 2956 partem
2200 2886 2268 2941 de
2299 2887 2420 2942 suis
2477 2886 2848 2944 facultatibus
2890 2887 3325 2959 delegaverunt,
3359 2888 3466 2944 hoc
3495 2887 3644 2943 reci-

1938 2989 2068 3044 pere
2120 2975 2178 3029 in
2226 2975 2326 3029 Dei
2374 2975 2605 3030 nomine
2647 2975 2858 3031 debetis
2919 2991 3053 3031 cum
3119 2976 3272 3032 villis
3335 2976 3408 3032 ad
3453 2976 3638 3032 locum

190 3053 453 3134 uo_ir_les
495 3053 773 3134 premiérs
821 3065 1098 3134 Samedys
1140 3065 1210 3117 de
1238 3064 1456 3133 chaque
1498 3053 1663 3129 mea,
1709 3053 1765 3116 ἐι
1793 3063 1830 3118 ὰ
1868 3053 1909 3108 C
1944 3061 2381 3131 pertinentibus,
2423 3070 2477 3118 et
2526 3063 2794 3118 omnibus
2844 3063 3246 3119 universaliter
3305 3063 3649 3134 appenditiis

194 3130 274 3205 tet
321 3130 649 3205 iourjqu’ii
700 3134 911 3189 deceda
955 3130 1404 3205 Ade—cemonde,
1473 3133 1572 3205 qui
1612 3134 1718 3199 fut
1776 3134 1831 3188 Ie

188 3199 688 3276 vingi-troiﬁesme
731 3205 874 3276 jour
930 3203 1024 3276 de,
1060 3203 1195 3259 Iuin
1240 3206 1359 3259 l’an
1392 3199 1680 3276 de'grace
1724 3205 1831 3258 mil

187 3269 320 3397 gini]
388 3289 523 3327 cens
611 3269 928 3332 (rente-six.
1012 3275 1171 3332 Priez
1255 3275 1396 3332 Dieu
1487 3269 1634 3346 ﬁour
1726 3289 1827 3330 son

245 3356 350 3398 me.

189 3383 442 3468 2333a”
471 3415 974 3473 commendatarii.

189 3501 331 3555 XLI.
362 3503 664 3560 Joannesa
721 3504 1112 3576 Lotharingia,
1172 3503 1225 3560 S.
1285 3505 1350 3560 R.
1386 3505 1450 3559 Ε.
1503 3502 1817 3559 cardinalis

115 3588 204 3644 tit.
267 3589 456 3646 Sancti
527 3592 778 3661 OnuIrii,
829 3593 907 3660 vi,
964 3607 1030 3648 ac
1073 3592 1368 3648 monachis
1423 3590 1823 3658 renitentibus,

115 3676 409 3732 abbatiam
442 3679 644 3735 retinet
673 3681 731 3735 in
765 3680 1181 3735 commendam.

190 3770 340 3820 an
368 3766 510 3822 XLI.
551 3767 829 3840 Georgius
879 3767 949 3822 de
989 3767 1305 3822 Narbonne
1348 3781 1447 3838 per
1496 3767 1822 3823 ultroneam

113 3852 356 3908 Joannis
389 3854 718 3911 cessionem.

189 3941 352 3996 XLII.
418 3943 758 3999 Franciscus
794 3943 863 3998 de
917 3947 1194 4008 Tournon,
1234 3943 1479 4013 episcop.
1543 3942 1820 3999 cardinal.

189 4031 383 4085 XLIII.
422 4031 657 4088 Odettus
704 4032 773 4086 de
838 4031 1116 4105 Colligny,
1173 4032 1349 4102 vulgo
1381 4031 1452 4086 de
1505 4030 1823 4096 Chalillon,

115 4118 458 4175 Calviniana
537 4120 737 4178 haeresi
818 4121 1096 4177 intectus:
1157 4128 1507 4192 quapropter
1565 4134 1630 4175 eo
1719 4133 1821 4174 ex-

113 4207 304 4277 pulso.

187 4295 384 4352 XLIV.
420 4297 659 4354 Carolus
685 4296 756 4351 de
787 4297 1049 4351 Bourbon
1094 4297 1164 4351 de
1203 4295 1508 4360 Vendéme,
1565 4294 1817 4352 admini-

110 4384 449 4440 strationem
478 4385 715 4442 sortitur
746 4400 898 4441 anno
928 4385 1134 4442 Christi
1168 4387 1320 4442 1569.

186 4471 353 4528 XLV.
387 4473 628 4529 Carolus
677 4474 747 4528 de
801 4473 1068 4528 Bourbon
1113 4473 1183 4528 de
1251 4471 1559 4541 Vendéme,
1602 4472 1818 4543 praefati

113 4561 306 4616 Caroli
338 4575 532 4631 nepos,

189 4649 385 4705 XLVI.
423 4650 762 4706 Franciscus
815 4649 1167 4722 d’Espinay,
1213 4650 1480 4706 dominus
1525 4649 1597 4703 de
1635 4647 1824 4704 Saint-

110 4739 256 4802 Luc,
292 4747 624 4807 proventus,
662 4738 948 4810 Stephano
996 4739 1298 4796 Auxdents
1352 4751 1664 4805 aaconomo,
1714 4737 1821 4792 sibi

114 4825 409 4882 vendicat.

192 4914 415 4970 XLVII.
468 4915 806 4973 Franciscus
856 4916 922 4970 de
967 4919 1280 4972 Manceaua:
1326 4914 1396 4968 de
1454 4913 1821 4969 Villers-Ho-

112 5004 290 5069 danc,
321 5003 623 5059 abdicante
655 5004 952 5060 Francisco
1006 5003 1335 5073 d’Espinay,
1395 5003 1564 5058 rebus
1596 5001 1824 5057 Flavia-

116 5090 392 5146 censibus
444 5090 676 5160 potitur.
721 5092 946 5161 Equitis
996 5091 1240 5158 abbatis,
1299 5090 1521 5161 quoties
1571 5089 1823 5145 subscri-

121 5182 278 5246 bere,
314 5193 519 5235 nomen
552 5179 889 5250 usurpabat.

196 5267 440 5325 XLVIII.
501 5268 736 5324 Carolus
813 5268 884 5322 de
947 5271 1278 5330 Monccauz.
1337 5267 1430 5323 cui
1489 5265 1828 5322 Franciscus

121 5369 440 5427 germanus
471 5357 780 5420 abbatiam,
843 5364 1070 5412 servata
1097 5371 1198 5412 sex
1257 5355 1501 5411 millium
1544 5354 1826 5411 librarum

125 5445 420 5515 pensione,
464 5445 818 5500 transmittit.

204 5531 400 5586 XLIX.
432 5531 771 5586 Franciscus
798 5532 868 5585 de
903 5531 1186 5586 Tiercelin
1231 5533 1300 5586 de
1358 5532 1583 5585 Brosse.
1640 5530 1825 5588 Caroli

126 5621 200 5675 de
232 5619 550 5675 Monceaux
579 5634 650 5675 ex
681 5628 846 5690 nepte
869 5635 1164 5691 pronepos.

1856 4344 1901 4399 D

1939 3151 2094 3219 suis;
2149 3150 2343 3206 villam
2391 3151 2599 3207 scilicet
2646 3153 2942 3219 Assonam,
3011 3151 3208 3206 villam
3278 3153 3641 3220 Parniacum,

1939 3239 2356 3307 Potentiacum,
2419 3247 2474 3294 et
2532 3239 2909 3307 medietatem,
2988 3254 3166 3309 quam
3220 3240 3278 3295 in
3328 3239 3644 3296 Balatonna

1938 3327 2221 3398 genitores
2267 3327 2448 3382 nostri
2511 3334 2840 3383 tenuerunt.
2900 3327 3144 3398 Reliqua
3190 3342 3342 3395 vero,
3384 3343 3516 3398 quae
3569 3330 3640 3385 ad

1936 3413 2127 3482 ipsum
2183 3413 2592 3469 monasterium
2663 3414 3069 3470 Dornatiacum
3119 3415 3401 3486 genitores
3463 3415 3646 3474 nostri

1936 3501 2365 3572 delegaverant,
2416 3517 2449 3556 a
2495 3502 2586 3557 die
2637 3503 2899 3571 praesenti
2934 3503 2992 3557 in
3038 3503 3138 3558 Dei
3197 3503 3425 3558 nomine
3496 3503 3640 3558 reci-

1937 3588 2070 3657 pite.
2129 3589 2200 3644 Et
2237 3590 2306 3644 de
2363 3589 2500 3643 villa
2555 3589 2911 3645 Montaniaco
2966 3590 3119 3660 quod
3172 3591 3396 3661 genitor
3448 3599 3640 3647 noster

1934 3676 2320 3747 Amalgarius,
2353 3685 2408 3732 et
2438 3675 2803 3732 Amoloaldus
2850 3678 2919 3734 de
2962 3678 3095 3734 ﬁsco
3143 3678 3358 3748 pariter
3413 3693 3634 3749 prome-

1936 3771 2200 3828 ruerunt,
2243 3764 2552 3833 portionem
2582 3773 2834 3820 nostram
2864 3779 2899 3820 a
2924 3765 3015 3821 die
3065 3766 3324 3836 praesenti
3358 3767 3416 3821 in
3447 3773 3639 3822 vestra

1935 3851 2323 3907 dominatione
2375 3860 2654 3920 revocate,
2714 3860 2778 3909 ut
2809 3867 2913 3908 nec
2940 3868 3066 3924 ego,
3108 3869 3212 3910 nec
3250 3854 3520 3924 quislibet
3567 3854 3636 3909 de

1934 3947 2092 4009 parte
2127 3947 2337 4008 nostra,
2386 3940 2504 3995 ulla
2552 3940 2808 4010 apposita
2851 3956 3114 4012 persona,
3164 3943 3472 3999 adversum
3534 3957 3634 3998 vos

1934 4027 2003 4083 de
2032 4028 2377 4098 supradictis
2423 4029 2599 4085 rebus
2644 4029 2996 4085 calumniam
3037 4045 3104 4086 ac
3149 4029 3406 4086 laborem
3457 4045 3633 4102 gene-

1933 4129 2060 4172 rare
2117 4125 2448 4186 praesumat.
2507 4118 2560 4174 Si
2593 4132 2711 4188 qua
2761 4132 2892 4173 vero
2946 4119 3156 4187 fecerit,
3213 4119 3467 4175 conterat
3515 4133 3634 4174 una

1933 4218 2064 4259 cum
2093 4203 2478 4262 sacratissimo
2526 4205 2662 4262 ﬁsco
2689 4206 2816 4262 auri
2839 4205 3016 4262 libras
3044 4220 3148 4273 xx,
3190 4207 3411 4278 argenti
3445 4206 3631 4277 pondo

1933 4292 2380 4364 quinquaginta.

2004 4407 2032 4440 ιι
2063 4389 2272 4446 Actum
2319 4390 2542 4460 publice
2581 4391 2981 4448 Fonte-Besua
3021 4391 3388 4456 monasterio,
3425 4390 3485 4444 in
3531 4389 3628 4445 Dei

1930 4479 2178 4534 nomine.
2238 4479 2357 4550 Ego
2408 4479 2721 4535 Adalsinda
2762 4479 2911 4535 hanc
2958 4479 3320 4535 traditionem
3379 4485 3629 4534 nostram

1929 4567 2258 4636 subscripsi.
2290 4570 2412 4638 Aga
2466 4567 2749 4623 monacha
2790 4567 2960 4638 jussu
2987 4568 3233 4623 dominae
3261 4581 3398 4622 mea
3450 4565 3630 4621 Adal-

1929 4654 2108 4710 sindze
2145 4655 2459 4724 subscripsi
2507 4655 2656 4711 hanc
2699 4656 3086 4725 donationem.
3139 4654 3194 4710 8.
3244 4654 3518 4725 Dagnius.
3575 4653 3633 4709 8.

1932 4741 2230 4798 Munulrus
2261 4723 2572 4813 presbyter.
2605 4744 2658 4798 8.
2703 4743 2914 4799 Victor.
2937 4723 3005 4798 S.
3054 4723 3354 4798 Proculus.
3392 4741 3446 4796 S.
3489 4741 3627 4797 Wa-

1930 4829 2190 4886 libertus.
2229 4829 2282 4884 S.
2312 4830 2724 4887 Landebertus.
2777 4830 2830 4885 S.
2879 4829 3240 4901 Trasgarius.
3277 4829 3330 4886 S.
3367 4829 3624 4900 Rogitus.

1931 4915 2052 4986 Ego
2102 4915 2220 4970 Alio
2251 4915 2401 4971 hanc
2453 4917 2814 4973 traditionem
2845 4916 3044 4986 scripsi
3092 4923 3146 4972 et
3197 4915 3428 4983 dictavi,
3478 4929 3629 4971 anno

1931 5004 2005 5059 ab
2039 5003 2440 5059 Incarnatione
2498 5003 2719 5059 Domini
2772 5006 2927 5070 H52,
2988 5001 3292 5058 indictione
3336 5016 3376 5057 x
3430 5011 3631 5072 epacta

1933 5091 2027 5158 VI,
2073 5090 2358 5147 Clothario
2387 5105 2518 5162 rege
2558 5098 2833 5161 regnante
2864 5091 2918 5144 in
2954 5090 3214 5156 Francia,
3265 5089 3448 5159 primo
3477 5103 3629 5145 anno

1933 5179 2096 5249 regni
2127 5179 2282 5249 ejus;
2314 5179 2622 5234 venerabili
2651 5180 2774 5234 viro
2806 5179 3026 5234 Donato
3056 5178 3408 5233 Besonticam
3438 5177 3626 5233 sedem

1934 5273 2177 5333 tenente,
2209 5267 2299 5322 die
2338 5267 2604 5322 Mercurii
2634 5267 2896 5337 proximo
2938 5272 3070 5321 ante
3108 5265 3358 5321 medium
3416 5267 3627 5322 mensis

1935 5354 2097 5409 Febr.
2135 5375 2163 5402 »

2006 5442 2363 5513 Biographus
2407 5442 2461 5497 S.
2492 5442 2778 5498 Godefridi
2837 5443 3234 5499 Ambianensis
3270 5443 3368 5498 lib.
3404 5459 3440 5510 ι,
3499 5458 3624 5514 cap.

1933 5532 2000 5583 2‘7
2034 5545 2046 5583 :
2087 5553 2107 5578 ι
2141 5529 2464 5586 Adelheidis
2520 5531 2737 5586 Cociaci
2802 5531 3230 5598 vicecomitissa,
3275 5531 3631 5588 liberalitatis

1934 5626 1990 5676 et
2019 5619 2293 5675 castitatis
2322 5619 2505 5676 multa
2533 5620 2808 5690 praeclara
2843 5620 2912 5678 de
2959 5637 3018 5678 se
3049 5621 3293 5691 praebuit
3349 5621 3625 5691 exempla.
