3924 6090
312 316 443 373 1107

1322 320 1437 374 ΑΙ).
1480 320 1639 377 OPP.
1681 321 1835 376 VEN.
1868 317 2197 381 GUIBERTI
2236 322 2327 377 DE
2367 322 2788 378 NOVIGENTO.

3681 323 3823 378 H08

305 455 389 510 Ea
423 453 795 511 facultatibus
822 452 943 509 suis
972 466 1184 524 magna
1214 468 1287 510 ex
1317 463 1477 525 parte
1506 456 1565 512 in
1616 470 1914 526 pauperes,
1946 463 2001 512 et
2038 457 2086 510 Α
2115 470 2150 511 a
2207 464 2279 519 te.
2337 455 2571 512 domina
2628 457 2984 513 Jauseranna
3058 454 3410 526 supradicta,
3467 456 3821 512 monasterio

302 543 569 613 pupillos,
630 550 684 598 et
728 541 989 597 ecclesias
1047 544 1312 613 erogatis,
1402 546 1736 614 contemptis
1795 545 1997 601 mundi

306 631 544 701 pompis,
578 630 964 701 Novigentum
992 633 1167 695 venit,
1206 641 1381 702 atque
1405 633 1522 688 illic
1562 634 1618 689 in
1649 634 1833 690 multa
1888 649 1997 704 pu-

304 721 470 775 ritate
492 727 546 775 et
575 719 872 774 sanctitate
894 718 1069 774 vitam
1100 720 1235 789 egit.
1270 741 1290 767 -
1328 721 1475 776 Dum
1519 720 1731 778 scilicet
1777 722 2001 779 abbatis

304 822 544 864 munere
575 808 913 879 fungeretur
969 817 1203 863 sanctus
1259 808 1616 865 Godefridus.
1678 810 1999 866 Chronicon

302 896 579 952 Beccense
635 897 693 950 in
736 894 889 951 calce
938 895 1188 965 Operum
1238 898 1296 951 Β.
1347 897 1672 964 Lanfranci,
1730 898 1799 953 ad
1859 912 1994 954 ann.

305 983 440 1038 l089
475 999 487 1038 :
525 1004 547 1031 ι
582 984 858 1052 Tempore
901 984 1081 1038 sancti
1114 983 1363 1039 Anselmi
1393 985 1617 1040 abbatis
1674 986 1831 1041 Becci
1889 994 2003 1041 tres

304 1078 580 1127 matrona
606 1070 823 1126 nobiles
851 1070 1132 1126 dederunt
1165 1086 1223 1126 se
1255 1071 1311 1127 in
1369 1073 1784 1142 subjectionem
1818 1075 1999 1143 Becci,

302 1158 568 1215 videlicet
602 1159 811 1214 Basilia
840 1172 990 1214 uxor
1049 1159 1307 1229 Hugonis
1338 1160 1405 1215 de
1438 1161 1716 1230 Gornaco,
1765 1171 1820 1219 et
1863 1164 2001 1219 Am-

302 1246 464 1302 freda
493 1247 681 1316 neptis
723 1246 905 1315 ipsius
952 1246 1195 1307 Basilia,
1246 1255 1301 1302 et
1349 1248 1472 1303 Eva
1516 1264 1664 1305 uxor
1713 1250 2001 1307 Guillelmi

304 1334 567 1404 Crispini,
598 1354 626 1382 »
668 1342 774 1388 etc.
808 1333 967 1398 Quod
997 1347 1131 1388 vero
1172 1334 1341 1391 refert
1369 1335 1658 1392 Gilbertus
1710 1338 2005 1408 Crispinus

303 1422 361 1478 in
392 1422 507 1477 vita
531 1422 678 1477 beati
713 1421 972 1477 Herluini
1024 1436 1151 1493 pag.
1203 1424 1269 1477 35
1321 1422 1466 1492 (post
1496 1424 1817 1481 Chronicon
1861 1427 2004 1482 Bec-

302 1510 489 1578 cense)
519 1523 635 1564 non
669 1516 824 1579 potes
877 1523 990 1564 non
1025 1509 1224 1565 mirari
1261 1525 1273 1563 :
1308 1533 1327 1557 ι
1365 1510 1545 1567 Simili
1596 1528 1654 1568 se
1711 1514 1872 1581 inibi,
1913 1514 2001 1569 in-

302 1598 448 1667 quit,
483 1604 714 1667 propter
759 1599 940 1653 Deum
984 1599 1247 1654 servituti
1284 1600 1492 1655 nobilis
1523 1608 1705 1657 mater
1755 1603 1882 1672 ejus
1914 1604 1999 1673 (Β.

304 1684 588 1755 Herluini)
618 1684 841 1740 addixit
868 1692 923 1741 et
963 1686 1246 1743 concessis
1299 1688 1410 1743 Deo
1454 1689 1680 1757 pradiis
1720 1706 1851 1760 qua
1896 1692 1999 1746 ha-

303 1774 491 1842 bebat,
536 1773 759 1829 ancilla
805 1772 1162 1845 fungebatur
1206 1775 1412 1843 ofﬁcio,
1462 1777 1835 1835 servientium
1887 1780 2000 1835 Deo

302 1876 522 1932 pannos
568 1860 833 1927 abluens,
874 1868 929 1916 et
962 1861 1249 1931 quidquid
1299 1862 1717 1934 injungebatur
1756 1868 1999 1923 extremi

301 1950 489 2019 operis
556 1949 986 2004 accuratissime
1062 1964 1257 2021 agens.
1316 1973 1345 2000 »
1392 1952 1491 2008 His
1542 1968 1659 2009 non
1740 1955 2000 2012 absimile

301 2036 478 2092 altero
521 2045 643 2105 post
696 2038 906 2092 sacqu
967 2038 1178 2093 factum
1234 2040 1605 2097 Jauseranna
1646 2043 1999 2099 nobilissimo

301 2124 420 2181 loco
476 2136 647 2192 nata,
690 2125 780 2181 hic
815 2125 871 2180 in
920 2127 1165 2196 gratiam
1203 2128 1565 2199 antiquitatis
1610 2132 1997 2189 studiosorum

301 2213 570 2284 adjiciam
604 2228 616 2267 :

370 2308 521 2356 om
571 2324 591 2349 ε
629 2302 821 2358 Sciant
852 2310 1156 2372 prasentes
1199 2312 1254 2360 et
1307 2304 1529 2362 discant
1560 2308 1789 2376 posteri,
1842 2310 1998 2379 quod

302 2404 454 2445 anno
506 2390 926 2446 incarnationis
970 2392 1277 2448 Dominica
1324 2394 1479 2460 1223,
1522 2410 1715 2451 mense
1764 2396 1892 2452 Maii
1922 2413 1999 2453 xu

304 2477 586 2534 Kalendas
616 2478 794 2543 Junii,
825 2480 946 2550 Ego
982 2480 1342 2537 Jauseranna
1387 2482 1503 2538 ﬁlia
1542 2484 1832 2554 quondam
1892 2486 1999 2540 Do-

302 2566 440 2621 mini
479 2565 770 2621 Guillelmi
824 2567 893 2623 de
945 2568 1308 2635 Medullione,
1362 2585 1513 2625 uxor
1544 2572 1832 2641 quondam
1874 2576 2002 2630 Ber-

300 2654 463 2709 nardi
497 2654 565 2709 de
598 2653 801 2709 Sancto
832 2654 1159 2724 Saturnino,
1212 2657 1408 2713 dedico
1461 2659 1735 2729 meipsam
1787 2664 1917 2729 Deo,
1948 2666 2004 2718 et

302 2741 645 2797 monasterio
695 2741 887 2797 Sancti
928 2744 1191 2811 Andrea,
1245 2753 1299 2800 et
1341 2746 1590 2803 ecclesia
1640 2748 1789 2804 beati
1851 2750 2001 2806 Lau-

300 2827 468 2885 rentii
496 2829 564 2883 de
618 2831 879 2898 Barreto;
910 2839 964 2886 et
987 2845 1091 2901 pro
1122 2832 1307 2888 salute
1353 2835 1562 2891 anima
1622 2851 1781 2904 mea,
1813 2845 1868 2893 et
1901 2853 1999 2908 pa-

302 2923 531 2973 rentum
587 2931 866 2985 meorum,
894 2918 1060 2990 |dono
1088 2926 1142 2975 et
1171 2919 1347 2976 οπρτο
1402 2922 1581 2978 eidem
1637 2928 1999 2995 monasterio,

2105 542 2292 599 Sancti
2359 544 2618 609 Andrea,
2655 551 2710 600 et
2769 543 3054 614 pradicta
3105 544 3356 599 ecclesia
3412 543 3608 599 Sancti
3665 544 3822 599 Lau-

2105 631 2274 686 rentii
2314 632 2590 701 approbo,
2635 639 2690 688 et
2724 631 2781 688 in
2812 640 3152 702 perpetuum
3194 632 3397 699 laudo;
3427 640 3483 688 et
3512 633 3820 688 conﬁrmo:

2108 718 2237 773 ﬁliis
2266 720 2379 774 tuis
2410 719 2464 774 in
2515 719 2816 788 prasentia
2856 733 2981 773 mea
3020 719 3362 774 constitutis.
3398 720 3483 774 Ad
3535 723 3823 790 majorem

2108 807 2441 862 memoriam
2490 807 2569 863 rei
2599 817 2652 862 et
2716 808 2890 860 l'nh'lf'
2941 808 3001 862 in
3056 815 3225 862 antea
3264 808 3606 870 valiturum,
3673 809 3827 863 hanc

2108 893 2363 949 chartam
2420 894 2521 949 feci
2565 894 2736 964 sigilli
2767 896 2875 950 inci
2912 878 3227 949 munimine
3254 895 3532 950 roborari.
3588 895 3663 951 Et
3704 909 3829 949 om-

2109 995 2209 1035 nes
2252 995 2355 1035 nes
2400 980 2605 1036 fratres
2653 980 2928 1051 pradicti,
2988 980 3090 1036 lilii
3144 980 3391 1037 domina
3440 983 3827 1037 Jauseranna

2110 1069 2414 1137 pradicta,
2456 1070 2525 1125 de
2585 1069 2854 1124 mandato
2896 1069 3077 1139 ipsius
3138 1069 3288 1124 hanc
3334 1071 3599 1125 chartam
3632 1070 3828 1125 dona-

2112 1156 2280 1211 tionis
2309 1171 2407 1211 seu
2456 1156 2762 1212 oblationis
2810 1156 3094 1226 pradicta
3152 1157 3321 1227 sigilli
3377 1158 3555 1212 nostri
3628 1157 3829 1213 muni-

2110 1243 2262 1299 mine
2309 1245 2664 1301 roboramus.
2725 1246 2937 1302 Actum
2984 1253 3069 1301 est
3124 1245 3230 1300 hoc
3267 1245 3476 1301 subtus
3517 1246 3830 1301 ecclesiam

2113 1330 2259 1385 beati
2314 1332 2609 1388 Laurentii
2659 1333 2717 1388 in
2771 1341 2934 1403 prato
2975 1333 3158 1404 ipsius
3218 1334 3489 1396 ecclesia,
3539 1342 3831 1404 prasente

2112 1418 2344 1474 domino
2388 1420 2764 1490 Raymbaudo
2793 1422 2862 1477 de
2895 1421 3118 1487 Kalma,
3149 1430 3205 1476 et
3252 1425 3471 1477 Joanne
3502 1423 3574 1477 de
3632 1422 3831 1476 Andu-

2112 1506 2217 1573 sia,
2250 1508 2575 1563 monasterii
2609 1508 2801 1565 Sancti
2840 1511 3082 1565 Andrea
3105 1509 3384 1579 operario,
3417 1519 3472 1564 et
3526 1510 3589 1565 Β.
3651 1511 3831 1565 Laqu

2114 1595 2270 1665 gerio
2325 1596 2513 1665 priore
2570 1597 2638 1653 de
2670 1597 2850 1665 Saltu,
2882 1605 2937 1653 et
2968 1598 3278 1662 Rainardo,
3317 1607 3372 1652 et
3420 1600 3650 1653 Joanne
3700 1598 3831 1653 Ber-

2115 1683 2319 1738 trando
2366 1685 2681 1749 monachis,
2733 1687 2974 1756 Hugone
3024 1685 3093 1741 de
3137 1685 3294 1752 Pino,
3345 1686 3718 1754 Raymundo,
3777 1695 3827 1740 et

2112 1769 2399 1826 Willelmo
2446 1772 2515 1826 de
2559 1771 2697 1828 Pino
2751 1772 3049 1841 fratribus,
3087 1773 3405 1828 Bertranno
3458 1773 3532 1829 de
3588 1774 3825 1840 Pennis,

2110 1857 2307 1924 milite,
2334 1880 2361 1907 ››
2396 1866 2502 1914 etc.

2177 1947 2249 2002 Et
2285 1946 2395 2002 hoc
2438 1946 2671 2017 quidem
2718 1957 3158 2004 monumentum
3201 1948 3663 2020 chartophylacii
3726 1950 3823 2006 ab-

2111 2034 2278 2090 batia
2324 2034 2518 2098 Sancti
2592 2036 2837 2091 Andrea
2900 2050 3064 2091 secus
3127 2036 3501 2103 Avenionem,
3560 2038 3822 2093 Domnus

2109 2122 2385 2178 Claudius
2435 2124 2748 2179 Chantelou
2779 2124 2989 2179 sodalis
3019 2138 3199 2189 meus,
3249 2124 3327 2179 rei
3379 2126 3644 2195 antiqua
3676 2128 3820 2196 peri-

2109 2218 2203 2267 tus
2241 2210 2561 2281 indagator,
2595 2213 2730 2267 dum
2768 2212 2853 2267 his
2887 2214 2941 2267 in
2993 2213 3329 2283 regionibus
3357 2223 3576 2282 ageret,
3634 2229 3820 2271 excer-

2108 2299 2236 2370 psit,
2272 2300 2529 2369 mihique
2558 2301 2738 2357 amice
2766 2301 3067 2372 suggessit.

2180 2382 2268 2454 (⁵⁸)
2298 2386 2435 2442 CAP.
2472 2387 2615 2442 XIV.
2646 2418 2714 2428 —
2743 2389 2821 2442 Et
2849 2387 3103 2443 salutari
3151 2388 3483 2460 partarum}
3512 2389 3818 2462 incon-igi-

2111 2472 2320 2528 bilibus
2352 2475 2655 2530 terebrato.
2691 2477 2807 2532 Hoc
2835 2485 2919 2532 est
2951 2476 3155 2543 calceo,
3190 2477 3309 2533 sive
3339 2477 3547 2533 calceis
3585 2479 3824 2534 omnino

2110 2562 2332 2618 detritis
2362 2562 2650 2619 utebatur.
2687 2566 3059 2620 Partusuram
3090 2573 3280 2621 autem
3310 2566 3397 2620 vel
3450 2576 3823 2635 pertusuram

2110 2663 2145 2705 a
2180 2651 2357 2706 verbo
2409 2652 2694 2720 pertundo
2744 2652 2995 2709 derivari
3046 2653 3306 2724 conjicio.
3354 2653 3602 2710 Sanctus
3651 2656 3829 2726 Roge-

2112 2737 2235 2794 rius
2288 2738 2467 2795 abbas
2513 2739 2745 2795 Ellantii
2789 2741 2846 2796 in
2893 2741 3051 2797 hunc
3102 2741 3336 2797 modum
3381 2756 3501 2798 sese
3537 2744 3823 2814 gerebat:

2117 2847 2137 2874 ι
2200 2826 2490 2883 Sotulares
2554 2828 2757 2883 tandiu
2829 2829 3162 2899 frequenter
3250 2831 3516 2900 portabat
3584 2831 3825 2897 foratos,

2112 2914 2292 2970 donec
2316 2923 2568 2971 stramen
2599 2930 2699 2986 per
2737 2916 2921 2973 soleas
2957 2917 3157 2973 exiret.
3186 2938 3208 2966 ι
3249 2918 3392 2989 Ejus
3447 2920 3591 2975 Acta
3631 2934 3764 2990 cap.
3798 2927 3823 2974 7

300 3014 356 3062 et
381 3005 563 3061 eidem
593 3005 843 3061 ecclesia
892 3007 1079 3063 Sancti
1116 3008 1403 3065 Laurentii
1434 3012 1699 3079 quadam
1733 3013 1801 3069 de
1840 3015 2005 3071 bonis
2042 3018 2084 3073 ϐ
2114 3002 2185 3058 ad
2209 3003 2360 3058 diem
2391 3005 2425 3057 4
2471 3004 2734 3060 Januarii
2786 3005 2940 3074 αι)ηά
2988 3006 3350 3063 Βοηὲιῐιάΰωο
3383 3008 3463 3063 ΒΘ
3518 3008 3630 3063 hac
3686 3024 3830 3066 V068

306 3093 448 3149 meis
480 3093 754 3163 paternis,
797 3095 991 3164 positis
1020 3095 1077 3150 in
1108 3103 1294 3152 castro
1326 3097 1394 3153 de
1446 3099 1676 3156 Barreto
1726 3101 2000 3169 inferiori,

306 3182 465 3237 intus
501 3189 555 3237 et
612 3189 797 3247 extra,
843 3190 1049 3239 catera
1107 3183 1238 3240 ﬁliis
1286 3186 1425 3241 meis
1481 3187 1813 3258 relinquens
1857 3190 1916 3246 B.
1949 3200 2005 3247 et

306 3271 399 3326 W.
430 3278 485 3326 et
515 3271 572 3324 Β.
606 3278 824 3340 sponte,
855 3285 971 3327 non
1001 3280 1215 3338 coacta,
1248 3289 1363 3329 non
1411 3276 1779 3333 suasionibus
1825 3279 2006 3336 alicu-

301 3356 421 3428 jus,
456 3356 545 3413 vel
578 3356 907 3426 aliquorum
962 3359 1215 3427 seducta,
1275 3374 1435 3430 pure,
1477 3370 1531 3417 et
1585 3362 1708 3419 sine
1756 3379 2007 3420 conven-

306 3447 460 3501 tione
506 3453 561 3501 et
590 3445 913 3502 conditione
959 3446 1178 3518 aliqua,
1208 3447 1267 3503 in
1317 3458 1655 3519 perpetuum
1706 3451 2008 3509 donatione

311 3533 673 3591 irrevocabili
706 3534 874 3603 facta,
925 3537 1082 3596 Dono
1110 3536 1371 3607 inquam,
1426 3549 1639 3607 septem
1689 3540 2010 3598 mansiones

308 3621 629 3690 hominum,
662 3631 717 3678 et
747 3637 946 3679 eorum
972 3638 1369 3680 successorum
1401 3633 1455 3681 et
1486 3626 1637 3695 ipsos
1664 3628 1941 3685 homines.
1979 3653 2007 3679 ››

312 3713 380 3767 Et
414 3711 542 3766 aliis
572 3710 879 3781 interjectis
914 3726 927 3764 :
962 3734 982 3759 ι
1018 3711 1155 3779 Qua
1185 3713 1379 3769 omnia
1408 3716 1678 3784 superius
1728 3717 1897 3781 dicta.
1953 3725 2010 3775 et

308 3800 623 3862 nominata,
658 3799 910 3868 pradicti
941 3799 1143 3856 fratres
1191 3801 1289 3856 ﬁlii
1326 3802 1607 3871 pradicta
1638 3805 2008 3863 Jauseranna

312 3887 698 3958 promiserunt
745 3887 821 3942 ita
880 3889 1190 3954 attendere,
1247 3904 1494 3953 servare,
1544 3900 1599 3947 et
1651 3901 1850 3949 contra
1894 3894 2009 3951 ullo

310 3981 559 4043 tempore
589 3988 701 4028 non
742 3974 939 4029 venire
969 3974 1178 4030 domno
1210 3978 1531 4034 Bermundo
1571 3978 1766 4036 abbati
1818 3981 2009 4039 Sancti

308 4061 570 4129 Andrea,
599 4068 653 4117 et
702 4060 879 4130 priori
936 4062 1186 4118 ecclesia
1232 4063 1395 4120 dicta
1439 4065 1628 4121 Sancti
1687 4068 2007 4139 Laurentii;

311 4158 366 4203 et
399 4149 564 4204 tactis
610 4149 988 4203 sacrosanctis
1018 4150 1348 4222 Evangeliis
1398 4153 1768 4224 juraverunt.
1802 4156 1874 4212 Et
1919 4157 2007 4213 in-

312 4250 486 4305 super
513 4250 619 4307 ego
647 4238 1005 4291 Jauseranna
1035 4238 1306 4307 pradicta
1357 4239 1758 4310 professionem
1788 4244 2002 4311 emitto,

2107 3090 2389 3146 sutularis
2444 3092 2602 3148 varie
2658 3093 2999 3163 scriptores:
3062 3093 3304 3165 quidam
3360 3097 3708 3165 subiciaris,
3737 3115 3830 3152 xu-

2115 3178 2325 3235 talari:
2355 3180 2471 3248 alii,
2510 3182 2775 3237 nonnulli
2806 3183 3078 3238 sotularis
3104 3192 3369 3239 exarant.
3427 3185 3491 3239 In
3531 3186 3670 3241 Vita
3699 3201 3826 3242 san-

2116 3273 2219 3323 cta
2239 3267 2459 3323 Gudila
2490 3269 2638 3341 virg.
2682 3284 2804 3339 cap.
2839 3276 2872 3323 2
2908 3285 2921 3325 :
2962 3293 2982 3320 ι
3018 3270 3278 3327 Dimidiis
3312 3273 3587 3329 utebatur
3616 3275 3819 3330 subta-

2116 3354 2356 3423 laribus,
2391 3365 2455 3411 ut
2482 3357 2742 3426 superior
2786 3371 2918 3427 pars
2952 3359 3160 3428 pedum
3188 3359 3515 3429 lvideretur.
3544 3383 3564 3409 ι
3606 3363 3818 3418 Auctor

2118 3443 2254 3499 Vita
2276 3443 2328 3500 S.
2371 3445 2584 3516 Eguini
2624 3447 2798 3516 episc.
2832 3446 3199 3517 Vigornensis
3221 3462 3344 3518 cap.
3377 3450 3410 3502 4
3442 3464 3455 3503 ;
3497 3450 3815 3506 Sotulares.

2115 3531 2360 3588 Joannes
2419 3532 2474 3589 S.
2542 3533 2756 3590 Odonis
2810 3534 3167 3605 biographus
3223 3536 3259 3591 l.
3314 3553 3351 3592 ιι
3400 3546 3544 3608 post.
3600 3540 3752 3594 med.
3802 3555 3817 3591 ε

2112 3619 2457 3677 sublatura.
2489 3621 2798 3679 Ordericus
2844 3623 3016 3678 Vital.
3051 3624 3193 3680 Hist.
3247 3625 3344 3681 lib.
3380 3641 3436 3693 v,
3494 3640 3630 3698 pag.
3695 3631 3818 3695 59l,

2115 3708 2467 3775 mbfolares;
2498 3724 2630 3782 pag.
2656 3711 2781 3779 596,
2806 3711 3111 3766 solulares.
3144 3710 3367 3778 Quibus
3383 3714 3674 3799 salutare:
3704 3717 3823 3771 sive

2114 3798 2405 3851 .mtulare:
2432 3811 2533 3867 pro
2565 3798 2767 3853 calceis
2798 3798 2885 3854 vel
2908 3806 3239 3869 tegumento
3272 3801 3495 3870 pedum
3542 3805 3825 3873 usurpari

2118 3886 2339 3942 clarum
2357 3893 2461 3942 est.

2189 3974 2279 4046 (⁸⁸³)
2311 3976 2451 4031 CAP.
2480 3975 2597 4032 XV.
2630 4005 2698 4014 —
2731 3975 3003 4030 Prosulas
3020 3975 3438 4048 venientesque
3457 3994 3821 4051 componere.

2119 4064 2386 4133 Superest
2461 4063 2817 4120 solummodo
2881 4078 3071 4139 prosa,
3132 4079 3235 4120 seu
3314 4074 3400 4135 (ut
3460 4070 3692 4135 vocant)
3737 4069 3826 4125 Se-

2119 4150 2356 4218 quentia
2379 4149 2448 4205 de
2476 4148 2681 4205 Sancto
2707 4149 3012 4205 Geremaro
3040 4150 3196 4220 (qua
3232 4152 3549 4206 etiamnum
3588 4151 3651 4207 in
3696 4154 3826 4222 ejus

2118 4236 2209 4291 die
2237 4236 2374 4293 festo
2396 4235 2759 4304 decantatur)
2796 4251 2930 4293 cum
2971 4237 3079 4293 hac
3101 4238 3413 4308 epigraphe
3445 4253 3457 4292 :
3496 4257 3523 4289 ι
3570 4238 3829 4309 Sequen-

310 4328 367 4379 et
396 4337 485 4379 me
514 4323 753 4393 imperio
781 4330 835 4379 et
867 4324 1136 4380 mandato
1170 4324 1363 4380 domui
1396 4326 1705 4384 Bermundi
1762 4330 2003 4401 abbatis,
2047 4310 2089 4364 ο
2122 4323 2197 4379 tia
2228 4324 2287 4380 in
2318 4325 2457 4381 festo
2505 4326 2688 4381 sancti
2718 4325 3031 4392 Geremari.
3064 4340 3243 4397 Quam
3270 4327 3520 4382 domnus
3575 4327 3828 4385 Guiber-

312 4420 367 4467 et
397 4412 524 4482 ejus
579 4412 1003 4468 successoribus
1036 4412 1300 4481 subjicio,
1329 4420 1384 4468 et
1419 4414 1475 4468 in
1510 4428 1690 4472 manu
1741 4417 2006 4490 Calverii,

312 4500 381 4555 de
411 4498 682 4555 mandato
731 4498 914 4568 ipsius
969 4499 1163 4555 domui
1197 4500 1440 4566 abbatis,
1476 4516 1565 4557 me
1598 4503 1818 4576 absque
1870 4522 2008 4578 pro-

317 4589 439 4658 prio
469 4588 659 4644 vivere
688 4588 983 4657 promitto;
1013 4588 1348 4657 promittens
1380 4589 1550 4646 etiam
1585 4606 1674 4648 me
1733 4595 2009 4652 obedien-

313 4676 450 4732 tiam
504 4683 559 4732 et
609 4674 1016 4731 continentiam
1077 4682 1364 4744 quantum
1440 4679 1759 4745 permiserit
1812 4682 2012 4739 divina

313 4764 518 4835 gratia,
551 4771 911 4819 servaturam
946 4777 959 4815 :
991 4769 1046 4817 et
1084 4761 1345 4818 habitum
1391 4766 1787 4824 monachalem
1826 4771 2012 4826 susci-

316 4853 425 4922 pio,
458 4860 513 4908 et
570 4852 834 4922 quandiu
892 4850 1113 4916 vixero,
1166 4852 1482 4908 secundum
1551 4857 1812 4927 regulam
1860 4859 2009 4916 beati

315 4940 598 4996 Benedicti
668 4938 862 4994 vivere
907 4938 1196 5007 promitto,
1244 4945 1299 4995 et
1348 4942 1586 5011 tempori
1659 4945 2012 5014 probationis

310 5029 600 5085 renuntio.

387 5140 407 5166 ι
443 5118 515 5174 Ει
548 5130 654 5188 ego
702 5113 1064 5171 Bermundus
1117 5116 1297 5172 abbas
1353 5118 1659 5187 pradictus
1707 5121 2009 5189 professio-

312 5222 441 5263 nem
473 5214 610 5273 ate,
652 5205 1030 5269 Jauseranna,
1063 5204 1327 5261 emissam
1374 5206 1602 5276 recipio,
1660 5214 1716 5264 et
1743 5208 1845 5265 tibi
1890 5224 2009 5266 mo-

310 5294 610 5351 nachalem
641 5293 903 5349 habitum
927 5293 1190 5349 concedo.

384 5403 412 5430 ‹‹
453 5384 523 5438 Et
572 5397 678 5451 ego
728 5381 1143 5452 Raymbaudus
1175 5382 1243 5437 de
1288 5381 1493 5438 Kalma
1524 5382 1707 5454 major
1738 5384 2008 5442 dominus

310 5470 481 5525 castri
509 5469 579 5525 de
617 5470 846 5524 Barreto
895 5469 1170 5537 inferiori,
1212 5469 1573 5526 donationem
1624 5486 1724 5528 seu
1773 5473 2009 5530 oblatio-

312 5572 442 5613 nem
473 5557 860 5627 supradictam
889 5571 1171 5615 consensu
1201 5572 1324 5614 meo
1352 5567 1407 5615 et
1453 5559 1750 5617 voluntate
1796 5560 2006 5619 factam

2120 4420 2212 4468 tus
2242 4412 2418 4484 hujus
2457 4412 2706 4469 ecclesia
2753 4414 3071 4471 monachus
3117 4414 3354 4471 dictavit
3402 4415 3641 4486 ingenio
3696 4432 3823 4473 suo.

2117 4501 2208 4557 Sic
2238 4501 2436 4572 incipit
2468 4516 2480 4556 :

2542 4632 2721 4689 Adest
2744 4632 3067 4705 pracipua,

2540 4723 2799 4789 Fratres,
2828 4724 3090 4789 materia,

2546 4808 2678 4864 Diei
2703 4825 2949 4866 camena

2542 4901 2684 4954 Date
2714 4896 3025 4971 praeconia,
3049 4919 3077 4948 ›ι
3102 4907 3208 4955 etc.

2116 5031 2263 5100 Quid
2292 5031 2482 5099 Prosa,
2511 5032 2651 5103 quid
2676 5031 3038 5102 Antiphona.
3070 5031 3234 5089 docet
3262 5032 3318 5089 S.
3357 5033 3621 5091 Isidorus
3661 5036 3764 5092 lib.
3790 5053 3825 5092 ι.

2116 5120 2292 5192 Orig.,
2322 5133 2446 5190 cap.
2476 5120 2564 5187 37,
2598 5127 2653 5176 et
2682 5119 2781 5176 lib.
2812 5135 2891 5187 v1,
2920 5135 3046 5190 cap.
3084 5122 3169 5176 l9.

2188 5207 2279 5278 (⁸9)
2304 5209 2438 5266 CAP.
2471 5208 2623 5266 XVI.
2655 5238 2724 5249 ——
2744 5208 2969 5264 Multa:
2986 5208 3139 5263 enim
3166 5206 3537 5272 invidentias,
3568 5219 3708 5281 etc.,
3730 5231 3829 5285 pa-

2115 5295 2320 5352 tiebar.
2377 5296 2538 5353 Unde
2589 5296 2696 5352 sibi
2750 5305 3065 5367 temperare
3098 5298 3323 5368 nequit,
3372 5297 3700 5367 quominus
3732 5315 3829 5357 sa-

2116 5385 2373 5457 piuscule
2417 5384 2538 5441 suis
2572 5385 2627 5440 in
2662 5386 2889 5455 scriptis
2928 5385 3188 5441 facessita
3235 5384 3340 5441 sibi
3394 5396 3621 5456 repetat
3663 5405 3828 5461 nego.

2115 5474 2221 5530 tia:
2250 5474 2604 5543 potissimum
2644 5488 2778 5529 vero
2834 5473 2887 5528 id
2944 5473 3102 5529 initio
3143 5473 3433 5543 cujusque
3482 5474 3620 5531 libri
3668 5478 3827 5534 Com-

2112 5563 2526 5619 mentariorum
2553 5562 2612 5617 in
2629 5561 2911 5629 Genesim,
2940 5577 3045 5619 nec
3064 5576 3179 5618 non
3198 5561 3437 5631 epistola
3455 5563 3533 5619 ad
3566 5564 3823 5623 Odonem
