3924 6090
145 302 288 356 1109

1426 299 1640 356 ΒΟΜΝΙ
1681 300 1742 354 L.
1785 299 2128 355 D’ACHERY
2166 299 2394 357 ΝΟΤᾸΕ.

3521 307 3656 360 1110

138 435 740 506 Sansymphorianum
813 434 1077 490 abbatem
1154 434 1299 490 libro
1363 436 1440 490 De
1507 435 1843 506 pignoribus
1877 439 1924 490 Α
1950 437 2208 505 proxime
2237 438 2406 492 citato
2440 451 2452 492 :
2495 458 2522 485 ‹‹
2559 437 2733 507 Egro
2776 435 2833 491 in
2873 437 3082 507 agonia
3111 438 3312 507 posito,
3350 439 3524 496 frater
3550 440 3652 510 qui

139 532 476 580 sanctorum
506 523 772 593 praefixa.

220 612 315 684 (⁸6)
352 614 484 668 Imb.
519 642 585 652 —
616 612 788 680 Cujus
821 627 1025 668 nomen
1076 615 1132 665 et
1176 611 1436 683 pignera.
1486 612 1843 668 Subuculam

137 717 246 758 seu
277 702 569 757 camisiam
601 701 855 771 ejusdem
889 701 1146 767 gloriosa)
1169 700 1416 771 Virginis
1443 700 1636 770 (cujus
1661 701 1846 771 gratia

137 789 583 846 celeberrimum
614 796 696 844 est
725 788 1071 844 Carnotense
1096 789 1428 857 delubrum)
1467 789 1619 844 hisce
1657 789 1846 845 verbis

141 877 381 948 intelligi
407 878 688 933 existimo.

213 963 303 1035 (⁵⁷)
351 965 482 1020 CAP.
530 965 702 1020 XVII.
751 993 818 1005 —
847 965 1036 1022 Nullis
1074 964 1359 1036 impressa
1408 964 1638 1019 tabulis.
1693 966 1845 1020 Con-

133 1062 329 1122 ceptos
373 1053 549 1108 animi
613 1053 760 1108 fetus
811 1054 946 1109 olim
1005 1054 1253 1109 solemne
1299 1054 1676 1123 scriptoribus
1723 1062 1845 1110 erat

136 1143 195 1196 in
248 1141 458 1197 tabulis
505 1142 684 1196 cereis
730 1141 850 1196 sive
919 1142 1302 1211 pugillaribus
1351 1143 1495 1211 stylo
1561 1156 1840 1211 exarare;

137 1245 208 1285 ac
248 1229 606 1298 postmodum
652 1229 749 1286 ubi
793 1229 862 1284 ad
911 1230 1105 1284 limam
1145 1243 1197 1286 et
1244 1231 1506 1286 incudem
1547 1245 1641 1285 eos
1674 1245 1844 1286 revo-

139 1326 365 1385 carant,
415 1318 820 1374 exscribebant
867 1319 924 1372 in
973 1320 1364 1374 membranis:
1409 1326 1597 1374 exstat
1641 1332 1843 1374 exem-

143 1407 306 1476 plum
352 1408 408 1461 in
455 1407 564 1462 fine
625 1408 755 1462 vitae
797 1407 975 1463 sancti
1025 1407 1294 1463 Bonifacii
1367 1408 1683 1478 Moguntini
1730 1422 1843 1464 au-

139 1502 296 1549 ctore
328 1502 524 1549 saneto
555 1493 853 1561 Vilibaldo,
887 1495 959 1549 ab
1006 1494 1261 1550 Serrario
1286 1494 1582 1565 levulgatze
1615 1510 1626 1549 :
1670 1518 1690 1543 α
1721 1497 1842 1566 Ego

141 1582 489 1638 Wilibaldus
517 1582 837 1652 episcopus,
881 1593 1010 1649 etc.,
1061 1583 1246 1639 Vitam
1288 1591 1342 1638 et
1383 1586 1700 1652 passionem
1735 1586 1841 1639 Bo-

140 1670 337 1724 nifacii
373 1669 701 1738 conscripsi,
752 1671 1000 1740 primum
1044 1671 1098 1726 in
1143 1671 1318 1726 cereis
1363 1671 1574 1726 tabulis
1602 1673 1672 1726 ad
1705 1686 1842 1740 pro-

141 1758 428 1814 bationem
468 1757 615 1813 Lulli
653 1766 708 1814 et
754 1759 1150 1828 Megengaudi.
1203 1760 1331 1814 Post
1367 1773 1565 1814 eorum
1599 1773 1842 1815 examen

139 1846 200 1901 in
234 1846 594 1916 pergamenis
625 1847 912 1916 rescripsi,
950 1869 971 1894 ι
1006 1855 1112 1903 etc.

213 1939 363 1987 om
438 1934 646 1989 Locum
699 1948 850 2000 vero,
897 1935 992 1989 ubi
1041 1935 1177 1989 olim
1227 1935 1490 1990 monachi
1548 1935 1842 2004 scriptioni

137 2035 371 2091 operam
403 2021 637 2090 dabant,
672 2021 1034 2090 scriptorium
1067 2022 1244 2076 solere
1264 2023 1610 2091 nuncupari,
1639 2031 1844 2092 praeter

140 2109 449 2165 innumera
488 2110 861 2180 antiquorum
909 2111 1246 2175 testimonia,
1283 2111 1541 2178 perhibet
1572 2111 1842 2166 vetustis-

137 2198 323 2253 simus
397 2197 563 2253 Liber
648 2198 1148 2253 Sacramentorum
1240 2197 1418 2253 nostri
1491 2199 1842 2254 Corbeiensis

139 2286 489 2352 monasterii,
540 2287 620 2342 tit.
673 2286 872 2341 Oratio
900 2285 962 2339 in
1001 2285 1324 2357 scriptorio,
1369 2301 1498 2356 qua
1545 2287 1626 2342 sic
1654 2287 1844 2358 expri-

140 2374 335 2430 mitur.
385 2397 412 2425 «
459 2375 794 2431 Benedicere
828 2376 1100 2445 digneris,
1150 2375 1403 2440 Domine,
1449 2376 1553 2430 hoc
1594 2377 1842 2446 scripto-

144 2462 298 2518 rium
346 2463 693 2519 famulorum
754 2472 1009 2527 tuorum,
1059 2471 1113 2518 et
1162 2478 1358 2518 omnes
1411 2464 1732 2520 habitantes
1785 2465 1840 2519 in

146 2564 213 2605 eo
264 2567 276 2604 :
327 2560 389 2606 ut
439 2552 722 2622 quidquid
770 2553 1103 2607 divinarum
1158 2552 1585 2620 Scripturarum
1638 2554 1710 2607 ab
1763 2554 1844 2609 eis

146 2638 356 2694 lectum
421 2639 509 2695 vel
553 2641 828 2709 scriptum
897 2640 1066 2695 fuerit
1131 2655 1305 2696 sensu
1372 2641 1624 2711 capiant,
1675 2656 1843 2712 opere

147 2726 478 2796 percipiant.
513 2727 620 2784 Per
651 2728 977 2794 Dominum,
1011 2749 1037 2775 ››
1070 2735 1174 2783 etc.

217 2813 308 2884 (⁵⁸)
341 2815 473 2871 CAP.
508 2817 663 2872 XXI.
698 2848 765 2856 —
792 2817 974 2888 Signo
1011 2816 1350 2888 crepitante.
1403 2818 1669 2887 Apertius
1700 2819 1840 2888 quid

142 2917 210 2958 eo
253 2903 358 2959 loci
399 2905 641 2960 innuere
680 2905 815 2960 velit
861 2914 1081 2971 auctor,
1133 2906 1379 2974 explicat
1433 2907 1548 2974 ipse
1596 2921 1720 2976 cap.
1771 2911 1839 2963 23

1957 524 2028 578 ad
2068 525 2175 579 hoc
2225 525 2534 594 deputatus
2581 533 2682 592 est,
2733 524 2982 580 cilicium
3023 526 3334 596 expandat,
3385 535 3440 584 et
3476 541 3654 596 supra

1956 610 2094 668 illud
2146 627 2473 669 mensuram
2517 612 2912 683 longitudinis,
2959 628 3136 684 quam
3179 614 3366 684 ipsum
3403 616 3652 671 cilicium

1955 699 2145 761 habet,
2199 701 2431 771 signum
2476 702 2664 757 crucis
2713 701 2782 756 de
2828 702 3120 758 cineribus
3171 702 3361 769 faciat,
3407 703 3652 759 morien-

1955 795 2186 858 temque
2217 789 2449 845 fratrem
2481 791 2727 859 desuper
2757 797 2946 858 ponat,
2991 812 3010 837 ι
3046 799 3152 846 etc.

2022 876 2167 943 Quid
2218 891 2352 932 vero
2396 878 2568 933 moris
2612 879 2784 933 fuerit
2827 878 2884 932 in
2931 879 3376 950 congregatione
3418 878 3651 935 Clunia-

1952 963 2107 1019 censi
2155 971 2406 1034 tempore
2448 967 2507 1019 Β.
2563 964 2842 1034 Hugonis.
2903 973 3075 1033 caput
3138 967 3204 1018 26
3260 972 3483 1030 statut.,
3550 980 3649 1020 ex-

1953 1051 2178 1121 primit;
2235 1052 2387 1121 quod
2459 1052 2741 1122 subjicere
2785 1052 2909 1121 (etsi
2977 1053 3276 1123 prolixius)
3330 1053 3482 1108 haud
3545 1053 3653 1108 erit

1954 1136 2268 1206 ingratum,
2305 1147 2499 1208 utpote
2543 1139 2794 1208 plurima
2832 1140 3131 1195 continens
3178 1149 3378 1196 notatu
3427 1142 3651 1212 dignis-

1953 1225 2099 1280 sima
2137 1243 2150 1280 :

2336 1316 2419 1367 De
2445 1314 2606 1369 obitu
2616 1313 2841 1384 fratris
2868 1319 2924 1369 et
2949 1316 3264 1387 sepultura.

2024 1422 2052 1451 «
2087 1403 2284 1458 Frater
2313 1403 2412 1472 qui
2449 1418 2527 1469 se,
2559 1403 2885 1459 infirmitate
2919 1404 3368 1474 ingravescente,
3412 1407 3651 1461 senserit

1951 1489 2010 1544 in
2057 1492 2320 1560 proximo
2364 1492 2436 1546 ab
2491 1492 2594 1547 hoc
2642 1492 2850 1548 szeculo
2907 1493 3318 1562 migraturum,
3369 1494 3436 1548 de
3494 1493 3648 1549 omni

1950 1579 2295 1635 conscientia
2325 1593 2430 1634 sua
2459 1579 2666 1635 domno
2695 1581 2885 1636 abbati
2929 1581 3018 1636 vel
3062 1581 3236 1650 priori
3275 1582 3646 1652 confiteatur;

1949 1674 2003 1722 et
2041 1669 2086 1722 si
2119 1667 2178 1722 in
2209 1667 2530 1736 capitulum
2561 1667 2686 1724 vult
2714 1668 2814 1735 ire,
2849 1669 3095 1725 ostendit
3124 1669 3300 1738 priori
3321 1669 3410 1726 vel
3441 1683 3542 1739 per
3569 1684 3646 1735 se,

1951 1755 2042 1810 vel
2082 1768 2183 1824 per
2221 1755 2638 1825 infirmarium;
2681 1763 2736 1811 et
2781 1763 2973 1826 postea
3019 1756 3318 1812 adducunt
3367 1771 3502 1813 eum
3535 1757 3650 1812 duo

1951 1841 2156 1899 fratres
2188 1841 2337 1898 inter
2384 1856 2612 1909 manus,
2664 1843 2711 1899 si
2755 1851 2838 1899 est
2884 1844 3021 1900 adeo
3068 1845 3357 1912 infirmus,
3396 1852 3452 1900 et
3511 1844 3650 1915 petit

1951 1931 2201 1996 veniam,
2249 1944 2532 2002 reumque
2580 1945 2640 1987 se
2677 1931 2747 1986 de
2800 1931 2997 1988 multis
3039 1932 3403 2003 negligentiis
3449 1941 3650 1990 contra

1948 2019 2150 2084 Deum,
2183 2025 2237 2074 et
2265 2025 2463 2073 contra
2493 2017 2620 2074 illos
2648 2018 2971 2075 confitetur.
3005 2019 3259 2076 Absolvit
3302 2035 3435 2076 eum
3470 2021 3648 2090 prior,

1949 2113 2006 2161 et
2061 2104 2282 2161 cunctis
2331 2105 2830 2174 respondentibus.
2884 2111 3089 2171 Amen,
3157 2106 3278 2177 ipse
3321 2115 3558 2162 cunctos
3605 2107 3653 2163 si

1951 2193 2092 2263 quid
2141 2207 2343 2248 contra
2390 2207 2523 2248 eum
2574 2193 2957 2264 deliquerint,
3010 2195 3283 2263 absolvit;
3336 2209 3652 2266 omnesque

1949 2281 2019 2337 de
2057 2281 2178 2337 suis
2221 2281 2454 2338 sedibus
2502 2281 2674 2338 altius
2722 2281 3022 2338 inclinant.
3076 2283 3274 2338 Postea
3315 2283 3649 2354 reducitur;

1950 2371 2223 2426 reductus
2255 2378 2421 2441 rogat
2459 2378 2523 2425 ut
2551 2369 2672 2425 oleo
2716 2369 3080 2426 infirmorum
3117 2378 3392 2442 ungatur,
3426 2379 3481 2426 et
3511 2379 3651 2427 tunc

1951 2459 2262 2514 collocatur
2306 2459 2362 2513 in
2411 2459 2553 2514 lecto
2593 2457 2710 2525 tali,
2764 2459 2816 2513 id
2865 2466 2946 2514 est
2984 2466 3193 2513 terram
3233 2459 3494 2526 demisso,
3547 2460 3647 2515 ubi

1952 2547 2156 2603 fratres
2197 2546 2412 2616 possint
2443 2547 2700 2617 undique
2725 2548 3112 2603 circumstare.
3146 2548 3310 2603 Tunc
3357 2547 3512 2618 prior
3545 2550 3647 2619 qui

1951 2638 2103 2691 tenet
2135 2634 2413 2700 ordinem,
2449 2635 2746 2690 innotescit
2775 2638 3046 2703 armario,
3092 2643 3146 2691 et
3176 2636 3464 2692 armarius
3496 2651 3647 2706 prae-

1951 2724 2104 2778 videt
2128 2723 2322 2778 omnia
2364 2723 2434 2778 ad
2473 2724 2578 2779 hoc
2621 2724 2976 2793 necessaria;
3019 2723 3231 2780 scilicet
3267 2725 3642 2792 sacerdotem,

1951 2825 2122 2881 quem
2173 2811 2333 2866 indui
2389 2811 2522 2866 facit
2575 2811 2707 2867 alba
2749 2819 2804 2867 et
2845 2811 3008 2879 stola,
3054 2819 3110 2867 et
3166 2827 3485 2880 conversos,
3543 2813 3646 2883 qui

1951 2901 2207 2957 deferant
2237 2915 2449 2970 aquam
2492 2900 2866 2967 benedictam,
2898 2914 3150 2966 crucem,
3196 2908 3251 2955 et
3277 2900 3643 2968 candelabra,

141 2991 263 3047 sive
306 2992 394 3058 24,
439 3007 568 3062 pag.
620 2995 742 3047 486.
795 2994 854 3047 C.
913 3015 932 3040 ε
982 2993 1063 3046 Ad
1115 2993 1550 3049 convocandum
1593 2994 1838 3052 aliorum
1879 2995 1918 3049 C
1946 2997 2002 3045 et
2030 2989 2149 3060 ipse
2179 2997 2366 3059 portat
2395 2989 2604 3044 oleum.
2639 2989 2802 3044 Tunc
2832 2988 3046 3058 paratis
3078 2988 3348 3044 omnibus
3377 2989 3644 3058 praecedit

140 3087 487 3135 conventum
541 3080 795 3136 tabulam
843 3095 914 3136 ex
983 3095 1139 3137 more
1200 3083 1548 3151 percutiunt.
1607 3084 1718 3138 Ista
1761 3085 1837 3139 si-

141 3167 374 3237 quidem
407 3167 704 3237 disciplina
747 3169 1023 3224 continuo
1057 3170 1126 3224 ad
1167 3177 1361 3224 nostra
1399 3177 1665 3239 tempora,
1699 3185 1836 3242 pras-

139 3262 227 3310 ter
257 3255 415 3310 nolas
438 3263 492 3310 et
521 3270 828 3326 campanas
858 3257 915 3312 in
959 3271 1071 3312 usu
1103 3257 1462 3313 monasteriis
1504 3257 1630 3324 fuit,
1667 3259 1834 3315 tabu-

138 3340 210 3396 lis
238 3356 338 3398 seu
368 3343 585 3398 malleis
617 3343 838 3413 ligneis,
871 3344 1183 3400 caanobitas
1207 3345 1277 3398 ad
1310 3343 1534 3412 privata
1565 3347 1833 3414 quaedam

135 3429 412 3485 exercitia
444 3431 768 3494 convocari,
811 3431 898 3486 vel
939 3431 1176 3486 excitari
1217 3445 1251 3484 a
1289 3445 1508 3488 somno.
1551 3433 1693 3488 Vitae
1736 3434 1834 3488 Pa-

136 3524 293 3573 trum
335 3517 433 3573 lib.
479 3535 532 3582 v,
576 3518 727 3574 libel.
775 3522 860 3585 17,
901 3534 960 3574 n.
994 3522 1108 3573 20:
1155 3542 1176 3568 ι
1227 3519 1465 3576 Percute
1501 3520 1733 3589 signum
1774 3521 1830 3576 in

131 3605 276 3660 cella
313 3606 580 3670 fratrum,
635 3613 696 3662 ut
735 3614 1086 3678 congregent
1131 3621 1190 3662 se
1239 3607 1332 3663 hic
1375 3621 1588 3662 omnes.
1631 3628 1653 3654 ι
1697 3608 1830 3664 Cas-

132 3692 281 3746 sian.
317 3692 414 3749 lib.
450 3709 506 3749 IV
543 3695 612 3749 de
656 3694 794 3750 Inst.
850 3701 1080 3760 renunt,
1122 3708 1249 3764 cap.
1297 3698 1359 3748 t2
1392 3735 1404 3748 .
1439 3715 1468 3743 ‹‹
1514 3695 1655 3752 Cum
1685 3697 1831 3751 soni-

132 3785 256 3834 tum
291 3781 575 3849 pulsantis
603 3781 835 3848 ostium,
859 3797 926 3838 ac
955 3782 1312 3838 diversorum
1357 3782 1594 3838 cellulas
1626 3798 1828 3853 percu-

127 3868 321 3923 tientis
351 3870 656 3934 audierint,
693 3871 764 3925 ad
807 3870 1120 3926 orationem
1161 3870 1394 3936 scilicet,
1443 3885 1544 3927 seu
1575 3873 1646 3927 ad
1685 3887 1830 3943 opus

133 3955 369 4026 aliquod
418 3957 736 4025 invitantis,
781 3959 1038 4014 certatim
1076 3972 1107 4013 e
1147 3957 1430 4014 cubiculis
1475 3959 1597 4014 suis
1643 3974 1828 4014 unus-

134 4045 382 4115 quisque
403 4047 741 4117 prorumpit.
773 4068 792 4094 ι
817 4046 1053 4102 Adolius
1073 4046 1334 4101 Tarsens.
1360 4045 1418 4101 in
1441 4046 1571 4104 Vita
1595 4048 1828 4102 Patrum

133 4147 262 4202 cap.
321 4135 383 4187 14
436 4150 448 4188 ;
504 4153 532 4185 ‹‹
582 4135 860 4204 Tempore
919 4142 1193 4190 consueto
1241 4134 1574 4190 excitatorio
1625 4135 1829 4191 malleo

131 4221 400 4290 pulsabat
448 4222 620 4277 cellas
679 4221 960 4283 omnium,
1013 4242 1042 4270 »
1101 4229 1206 4277 etc.
1278 4221 1578 4277 Lanfranc.
1628 4224 1828 4279 Decret

1949 3078 2248 3147 processio,
2311 3085 2366 3132 et
2429 3077 2806 3147 subsequitur
2879 3077 3162 3140 sacerdos.
3221 3084 3276 3132 et
3342 3091 3444 3146 per
3490 3079 3645 3133 anti-

1945 3180 2122 3237 quam
2187 3166 2670 3221 consuetudinem
2752 3169 2903 3221 totus
2967 3172 3304 3231 conventus,
3381 3165 3642 3235 imposito

1944 3254 2427 3325 quinquagesimo
2490 3254 2731 3321 Psalmo,
2783 3262 2838 3309 et
2884 3261 3096 3322 postea,
3152 3253 3200 3308 si
3252 3267 3398 3323 opus
3445 3252 3640 3322 fuerit,

1943 3345 2011 3399 ad
2014 3344 2370 3414 junguntur,
2399 3351 2505 3399 etc.
2543 3364 2564 3390 ι

2011 3432 2320 3501 Aliquanto
2347 3439 2469 3500 post
2497 3430 2766 3500 sequitur
2800 3444 2812 3482 :

2011 3519 2305 3574 «Interim
2352 3519 2615 3574 sacerdos
2665 3517 2777 3571 hoc
2845 3516 3013 3572 modo
3078 3516 3214 3572 facit
3283 3517 3634 3572 unctionem.

1938 3605 2204 3662 Pollicem
2253 3607 2374 3662 oleo
2415 3605 2602 3670 illinit,
2643 3612 2698 3660 et
2743 3619 2878 3660 cum
2917 3605 3116 3673 pollice
3167 3604 3396 3674 signum
3451 3605 3638 3661 crucis

1938 3693 2213 3764 imprimit
2240 3707 2414 3762 super
2460 3701 2776 3763 utrumque
2817 3691 3048 3748 oculum
3091 3693 3168 3748 ita
3204 3693 3444 3748 dicendo
3478 3710 3491 3747 :
3528 3694 3639 3747 Per

1936 3782 2112 3837 istam
2148 3781 2473 3837 unctionem
2512 3786 2565 3836 et
2599 3797 2767 3835 suam
2809 3779 3138 3852 piissimam
3178 3781 3636 3837 misericordiam

1932 3870 2230 3942 indulgeat
2259 3869 2362 3925 tibi
2397 3868 2672 3924 Dominus
2702 3867 2980 3941 quidquid
3019 3869 3272 3940 peccasti
3295 3887 3404 3940 per
3428 3870 3630 3925 visum.

1936 3959 2114 4029 Super
2144 3968 2450 4028 utramque
2471 3972 2699 4027 aurem;
2721 3973 2830 4029 per
2856 3957 3140 4015 auditum.
3176 3959 3358 4029 Super
3384 3967 3634 4030 utraque

1936 4047 2118 4117 labia;
2144 4065 2250 4120 per
2274 4050 2522 4118 gustum.
2559 4047 2742 4116 Super
2771 4061 2996 4114 nasum,
3024 4063 3127 4118 per
3163 4047 3482 4102 odoratum.
3519 4048 3631 4104 Su-

1937 4151 2038 4206 per
2087 4151 2331 4204 manus;
2372 4152 2476 4207 per
2513 4138 2746 4189 tactum.
2801 4135 2895 4204 (Et
2944 4135 3152 4191 fratrer
3191 4150 3510 4192 conversus
3549 4145 3633 4193 est

1938 4224 2200 4292 interius,
2237 4224 2284 4280 si
2317 4224 2580 4280 sacerdos
2622 4224 2902 4292 exterius)
2941 4237 3117 4293 super
3161 4224 3365 4294 pedes;
3403 4241 3510 4296 per
3537 4225 3633 4279 in-

130 4288 234 4378 pro
263 4309 384 4363 ord.
423 4309 476 4364 S.
509 4309 798 4375 Benedict,
839 4323 964 4378 cap.
997 4311 1028 4363 9
1066 4324 1078 4364 :
1112 4329 1139 4360 α
1172 4310 1326 4365 Cura
1364 4310 1726 4380 (infirmario)
1758 4311 1826 4367 de
1865 4288 1908 4341 Β
1937 4288 2398 4383 οεδειιηιίὸυρθι·
2429 4312 2711 4384 inguina;
2749 4327 2854 4383 per
2886 4288 3177 4367 ardorem-
3202 4288 3477 4367 libidinis.
3511 4313 3632 4380 Quo

126 4396 587 4453 administranda
610 4397 829 4465 tabula,
853 4411 1030 4467 quam
1056 4411 1128 4453 ex
1153 4412 1306 4454 more
1329 4398 1485 4468 prior
1506 4401 1770 4468 percutit,
1796 4419 1824 4451 ι)

126 4491 242 4540 etc.
301 4485 366 4539 Et
405 4498 529 4555 cap.
582 4487 672 4548 23,
718 4485 787 4540 de
832 4485 1248 4555 aegrotantibus
1296 4486 1459 4542 morti
1508 4487 1828 4555 proximis:

125 4591 154 4622 ε
193 4571 454 4642 Cumque
518 4587 652 4628 eum
708 4572 826 4642 jam
868 4572 927 4628 in
969 4573 1234 4628 exeundo
1294 4573 1499 4630 viderit
1543 4574 1824 4644 laborare,

128 4667 360 4732 gestans
407 4675 585 4717 manu
632 4661 910 4727 tabulam,
957 4661 1028 4715 ad
1070 4661 1281 4716 ostium
1320 4661 1554 4718 claustri
1607 4672 1824 4729 currat,

127 4750 365 4818 ictuque
395 4749 736 4805 creberrimo
780 4749 986 4804 acriter
1025 4763 1151 4804 eam
1184 4751 1481 4818 percutiat,
1524 4765 1830 4822 quousque

128 4838 192 4894 in
222 4846 508 4894 conventu
537 4838 801 4894 auditum
845 4851 962 4893 esse
1001 4844 1322 4908 cognoscat.
1357 4859 1377 4885 ι
1416 4838 1830 4895 Declarationes

129 4926 369 4981 Patrum
413 4939 580 4995 cong.
625 4925 812 4980 Sancti
863 4925 1050 4980 Mauri
1103 4925 1160 4979 in
1209 4925 1468 4995 regulam
1515 4925 1569 4981 S.
1617 4927 1822 4983 Bened.

127 5025 253 5081 cap.
299 5015 376 5067 8:
413 5036 432 5062 ι
479 5013 705 5068 Fratres
757 5027 952 5069 omnes
999 5012 1243 5068 malleoli
1286 5015 1526 5084 strepitu
1576 5015 1824 5070 ostiatim

129 5102 556 5158 excitabantur.
595 5122 616 5149 ι

202 5188 296 5260 (⁵⁸)
327 5191 461 5244 IBID.
497 5220 563 5230 —
605 5191 681 5243 Ut
708 5189 1019 5244 monastici
1043 5189 1223 5244 moris
1249 5193 1353 5257 est,
1393 5189 1582 5245 cilicio
1607 5206 1824 5263 suppo-

126 5277 319 5332 situm.
370 5280 428 5333 In
479 5277 754 5334 extremis
803 5278 1013 5348 positos
1057 5279 1192 5334 vitae
1238 5278 1492 5334 asceticae
1525 5279 1823 5349 professos,

127 5367 312 5421 cilicio
339 5367 637 5435 cinerique
669 5367 882 5435 imponi
927 5367 1002 5420 nil
1038 5366 1305 5421 usitatius
1334 5367 1505 5434 olim;
1538 5383 1653 5436 quo
1699 5369 1821 5424 Filii

133 5457 228 5510 Dei
259 5470 289 5509 e
337 5470 508 5510 cruce
550 5455 618 5508 ad
670 5453 908 5524 gloriam
963 5453 1312 5510 transeuntis
1359 5455 1593 5523 propius
1629 5455 1823 5511 imita-

129 5552 333 5600 rentur
403 5543 752 5611 eXemplum.
827 5566 853 5590 η
920 5543 1137 5598 Decret.
1202 5543 1264 5597 Β.
1331 5543 1635 5599 Lanfrandi
1703 5545 1822 5600 loco

1933 4401 2083 4458 facto
2135 4401 2287 4457 lavat
2343 4415 2568 4467 manus,
2623 4407 2678 4456 et
2733 4401 2894 4470 prius
2949 4400 3008 4455 in
3057 4400 3245 4456 cinere
3292 4400 3568 4456 confricat
3617 4415 3629 4454 :

1935 4490 2070 4546 olim
2117 4489 2267 4546 istud
2301 4489 2468 4545 fiebat
2519 4489 2579 4544 in
2617 4489 2826 4545 crustis
2865 4488 3112 4560 siliginei
3161 4489 3358 4557 panis;
3415 4495 3469 4544 et
3510 4488 3631 4544 hac

1936 4577 2144 4633 levatio
2172 4593 2286 4632 non
2319 4577 2428 4633 nisi
2459 4577 2515 4633 in
2548 4578 2701 4649 igne,
2735 4577 2822 4632 vel
2856 4577 2915 4632 in
2947 4577 3067 4632 loco
3101 4577 3321 4631 mundo
3345 4583 3399 4631 et
3441 4577 3632 4634 abdito

1936 4666 2075 4721 solet
2103 4665 2342 4720 eﬂ‘undi.
2372 4666 2554 4732 Tunc,
2596 4665 2641 4720 si
2686 4665 2952 4721 infirmus
2994 4679 3109 4718 non
3149 4664 3628 4730 communicatur,

1935 4753 2008 4808 ab
2036 4751 2153 4822 ipso
2185 4753 2478 4808 sacerdote
2507 4753 2786 4808 dicuntur
2825 4765 3022 4806 omnes
3057 4750 3145 4804 hac
3179 4749 3444 4814 collecta),
3482 4764 3629 4819 pree-

1935 4840 2123 4896 missis
2152 4840 2240 4895 his
2268 4840 2534 4910 capitulis
2568 4855 2580 4894 :
2624 4841 2857 4896 Salvum
2883 4839 2997 4908 fac
3020 4854 3246 4892 servum
3293 4841 3476 4905 tuum,
3519 4847 3628 4894 etc.

2009 4951 2037 4978 «
2061 4929 2370 4999 Postquam
2402 4929 2460 4983 in
2501 4927 2794 4984 ecclesiam
2825 4927 3106 4993 venerint,
3151 4940 3333 4982 unum
3373 4927 3442 4982 de
3480 4942 3631 4998 quo-

1936 5014 2168 5070 tidianis
2207 5016 2484 5072 calicibus
2521 5016 2579 5070 in
2610 5015 2860 5071 armario
2900 5015 3104 5084 accipit
3147 5015 3237 5070 vel
3280 5015 3401 5084 ipse
3437 5029 3630 5070 sacer-

1934 5103 2036 5159 dos
2079 5103 2167 5158 vel
2214 5105 2504 5160 armarius
2557 5103 2742 5172 (prius
2790 5110 2981 5158 tamen
3028 5103 3156 5158 lotis
3199 5103 3507 5172 manibus),
3576 5110 3629 5158 et

1935 5193 2139 5247 vinum
2165 5199 2220 5247 et
2250 5205 2465 5262 aquam
2503 5205 2570 5246 ac
2595 5191 2641 5247 si
2675 5191 2848 5246 missa
2891 5191 3108 5246 cantari
3154 5191 3400 5255 deberet,
3435 5190 3628 5246 infun-

1933 5280 2034 5335 dit.
2085 5278 2248 5334 Tunc
2299 5279 2564 5335 sacerdos
2614 5279 2684 5333 ad
2754 5279 2945 5349 majus
2984 5279 3184 5343 altare,
3247 5292 3418 5347 super
3475 5280 3629 5348 quod

1936 5370 2157 5426 Domini
2189 5381 2397 5437 corpus
2427 5374 2711 5432 servatur,
2757 5355 2996 5433 accedit,
3037 5374 3091 5422 et
3129 5366 3289 5436 prias
3339 5381 3516 5437 quam
3545 5382 3631 5422 ae-

1932 5459 2124 5527 cipiat,
2167 5457 2462 5521 incensat;
2517 5453 2873 5522 postmodum
2915 5454 3219 5522 accipiens,
3271 5454 3486 5524 frangit
3525 5470 3629 5510 su-

1936 5559 2036 5614 per
2085 5545 2269 5615 ipsum
2319 5543 2582 5608 calicem;
2636 5550 2692 5598 et
2737 5541 2893 5599 illam
2945 5549 3190 5614 partem,
3239 5547 3390 5598 sua
3452 5557 3631 5613 quam
