3924 6090
261 259 390 314 Hii

1290 260 1384 313 AD
1424 214 1576 313 ore.
1622 258 1779 313 vnn.
1821 252 2144 310 GUIBERTI
2181 250 2273 306 ne
2310 248 2712 307 NOVIGENTO

3636 250 3793 306 L112

257 389 543 446 allaturus
586 396 690 457 est,
743 355 915 458 super
942 388 1176 444 calicem
1218 396 1388 458 tenet,
1427 382 1601 446 aliam
1646 388 1706 444 in
1749 387 1943 459 pixide
1979 391 2025 441 A
2056 383 2515 441 Christianorum
2548 396 2734 439 mores
2761 380 2990 438 allicere
3019 357 3383 439 conabantur
3413 381 3594 453 (quod
3635 382 3790 438 scite

260 478 515 548 reponit;
546 484 601 533 et
633 486 771 533 tunc
802 477 875 533 ab
914 477 1166 532 armario
1209 484 1327 533 tam
1371 492 1581 533 manus
1627 476 1955 542 sacerdotis,

261 580 438 635 quam
486 564 607 635 ipse
649 564 801 619 calix
845 563 1070 619 linteolo
1106 564 1484 621 mundissimo
1526 564 1955 635 cooperiuntur.

261 653 316 709 Si
351 662 487 709 tunc
515 660 834 708 conventus
880 652 936 707 in
985 652 1161 708 choro
1199 658 1303 719 est,
1346 654 1580 723 quando
1622 652 1858 708 discedit
1886 653 1958 707 ab

260 742 451 809 altari,
484 749 637 797 tctus
674 741 902 797 veniam
947 755 1048 810 pro
1083 742 1402 797 reverentia
1444 742 1717 797 Dominici
1751 756 1959 812 corpo-

258 830 338 886 ris
379 830 531 900 petit.
585 829 856 886 Similiter
905 829 1236 900 ubicunque
1283 831 1531 886 viderint
1569 846 1702 887 eum
1756 831 1959 887 fratres

258 924 650 974 transeuntem
694 917 930 972 faciunt.
967 918 1188 973 Interea
1216 926 1454 975 curatur
1487 927 1547 975 ut
1577 919 1791 974 inﬁrmi
1817 919 1957 975 buc-

260 1019 327 1061 ca
355 1006 585 1062 lavetur
610 1004 893 1074 recepturi
922 1004 1106 1074 ipsum
1130 1006 1490 1062 Dominicum
1530 1022 1758 1077 corpus.
1792 1008 1960 1064 Prius

260 1102 454 1150 autem
492 1107 667 1164 quam
717 1093 973 1163 recipiat,
1018 1095 1307 1161 Conﬁteor
1337 1095 1569 1165 dicitur,
1599 1104 1653 1151 et
1684 1096 1958 1153 fratribus

260 1185 322 1237 in
352 1196 655 1239 commune
686 1183 1029 1236 Miser-eatur
1056 1181 1231 1237 vestri
1261 1184 1777 1254 respondentibus;
1801 1184 1957 1240 solus

260 1271 526 1327 sacerdos
556 1269 926 1340 prosequitur
954 1285 965 1324 :
998 1271 1429 1341 Indulgentiam
1467 1275 1519 1327 et
1558 1271 1957 1328 remissionem

258 1359 516 1415 omnium
540 1362 907 1430 peccatorum
943 1361 1193 1425 tuorum,
1232 1368 1338 1415 etc.
1388 1362 1585 1430 Ipsum
1624 1370 1815 1417 autem
1846 1363 1954 1417 Do-

262 1447 404 1503 mini
434 1462 643 1517 corpus
675 1447 733 1502 in
763 1448 896 1502 vino
925 1461 1091 1517 aqua)
1126 1448 1393 1517 permisto
1430 1448 1799 1519 intinguitur.
1834 1449 1956 1516 Quo

260 1544 487 1605 epotato
513 1535 693 1591 ebibit
722 1550 956 1605 quoque
983 1535 1332 1591 ablutionem
1364 1536 1575 1604 calicis,
1612 1545 1664 1593 et
1697 1538 1743 1592 si
1778 1545 1957 1607 potest

260 1623 617 1680 ablutionem
648 1623 958 1694 digitorum
994 1623 1322 1693 sacerdotis,
1366 1632 1421 1680 et
1449 1626 1639 1681 adhuc
1665 1626 1874 1692 calicis,
1910 1627 1952 1681 si

260 1726 374 1766 non
408 1719 607 1782 potest,
640 1712 789 1766 alius
810 1712 1005 1767 ebibit.
1047 1712 1372 1769 Adhibetur
1412 1728 1644 1784 quoque
1685 1714 1763 1769 illi
1804 1729 1951 1770 crux

257 1809 291 1850 a
320 1796 627 1862 sacerdote,
676 1803 740 1851 ιιι
776 1810 903 1851 eam
951 1797 1147 1851 adoret
1182 1804 1240 1851 et
1281 1798 1593 1853 osculetur.
1647 1797 1954 1854 Osculatur

257 1883 427 1939 etiam
462 1882 629 1953 quasi
663 1883 933 1939 ultimum
973 1884 1098 1939 vale
1137 1884 1434 1954 facturus;
1469 1887 1650 1955 primo
1684 1888 1952 1942 sacerdo-

257 1978 389 2037 tem,
421 1971 623 2027 deinde
653 1986 848 2027 omnes
878 1971 1103 2038 fratres,
1134 1979 1188 2028 et
1220 1986 1321 2041 per
1359 1973 1661 2043 antiquam
1704 1989 1952 2031 consue-

258 2056 536 2117 tudinem.
570 2056 721 2125 ipsos
751 2071 984 2127 quoque
1018 2070 1246 2126 pueros.
1280 2057 1441 2115 Redit
1471 2067 1807 2115 conventus.

339 2166 358 2192 ι
395 2144 705 2214 Postquam
761 2152 952 2200 autem
994 2144 1171 2200 frater
1213 2146 1285 2201 ad
1342 2146 1675 2217 hujusmodi
1735 2147 1954 2204 venerit

262 2231 675 2299 inﬁrmitatem,
731 2233 1038 2289 adhibetur
1078 2233 1128 2289 ei
1176 2248 1332 2290 unus
1367 2235 1640 2304 famulus,
1691 2235 1791 2306 qui
1837 2250 1952 2293 non

265 2320 436 2376 habet
464 2320 621 2376 aliud
655 2320 858 2386 facere,
909 2320 1018 2376 nisi
1063 2328 1125 2377 ut
1164 2321 1519 2392 obsequatur
1554 2321 1811 2393 inﬁrmo;
1856 2323 1953 2379 sed

262 2417 317 2464 et
345 2409 402 2464 in
435 2416 598 2465 nocte
642 2408 842 2464 famuli
891 2423 1089 2463 omnes
1120 2408 1223 2479 qui
1252 2418 1390 2465 sunt
1428 2410 1484 2464 in
1518 2410 1838 2465 inﬁrmaria
1865 2410 1953 2466 di-

261 2496 505 2568 ligenter
530 2497 841 2564 excubant,
874 2512 943 2553 ne
968 2498 1159 2553 obitus
1185 2498 1311 2569 ejus
1333 2498 1677 2568 improvisus
1704 2499 1950 2556 eveniat.

262 2586 422 2642 Crux
462 2593 545 2641 est
574 2593 773 2641 contra
818 2586 1018 2641 faciem
1059 2587 1186 2656 ejus
1216 2587 1411 2653 afﬁxa,
1461 2595 1517 2643 et
1570 2588 1763 2644 lumen
1807 2587 1953 2644 cerei

262 2690 448 2745 usque
478 2675 549 2730 ad
581 2675 796 2731 claram
841 2675 991 2730 diem
1022 2689 1137 2730 non
1172 2675 1378 2732 deﬁcit.
1417 2677 1469 2732 Si
1503 2677 1634 2747 quis
1672 2677 1846 2733 frater
1874 2686 1956 2734 est

262 2764 343 2818 ita
372 2763 695 2833 religiosus,
728 2763 819 2818 cui
862 2762 969 2817 hoc
1004 2777 1104 2832 pro
1135 2763 1415 2834 singulari
1465 2765 1695 2821 libuerit
1723 2766 1952 2834 affectu,

260 2858 326 2906 ut
357 2850 475 2921 ipse
507 2863 741 2921 quoque
770 2838 1061 2906 remaneat
1095 2865 1227 2906 cum
1263 2851 1492 2907 inﬁrmo
1529 2853 1844 2921 excubans,
1886 2853 1952 2908 li-

263 2938 466 2994 benter
488 2937 541 2993 ei
574 2938 730 3008 prior
759 2938 1090 3009 acquiescit.
1117 2938 1338 2995 Famuli
1371 2941 1468 3010 qui
1492 2949 1629 2997 sunt
1660 2942 1715 2996 in
1748 2942 1957 2999 talibus
1990 2971 2031 3026 ρ

264 3026 514 3083 multum
552 3026 868 3094 exercitati,
922 3027 1168 3082 multum
1219 3029 1482 3098 opperiti,
1528 3043 1659 3085 cum
1709 3030 1957 3086 viderint

258 3113 378 3184 jam
412 3115 540 3184 ejus
569 3114 760 3170 exitus
789 3114 987 3170 horam
1023 3114 1340 3183 imminere,
1372 3116 1620 3173 cilicium
1652 3119 1723 3173 ad
1748 3126 1955 3175 terram

261 3201 623 3270 expandunt,
675 3208 730 3256 et
764 3201 1013 3257 cinerem
1049 3202 1107 3257 in
1147 3202 1335 3258 crucis
1374 3204 1607 3260 modum
1652 3213 1955 3276 spargunt,

261 3288 556 3344 inﬁrmum
588 3288 657 3344 de
684 3291 825 3345 lecto
857 3288 1106 3345 levatum
1142 3290 1199 3345 in
1224 3290 1474 3346 cilicium
1507 3301 1747 3361 ponunt.
1785 3294 1954 3350 Dein-

262 3376 332 3432 de
364 3376 724 3434 inﬁrmarius
764 3378 930 3434 debet
973 3378 1145 3447 priori
1189 3379 1483 3435 notilicare
1515 3380 1670 3449 quod
1715 3380 1808 3437 ille
1848 3380 1960 3438 fra-

263 3473 346 3522 ter
369 3466 451 3521 sic
477 3472 561 3521 est
607 3480 782 3535 prope
825 3481 998 3521 suum
1044 3467 1236 3522 ﬁnem.
1297 3467 1459 3522 Prior
1504 3482 1656 3536 vero,
1712 3470 1760 3525 si
1807 3486 1960 3542 aeger

257 3553 524 3609 habuerit
578 3554 935 3620 memoriam,
998 3554 1287 3625 praecipiet
1355 3555 1527 3612 alicui
1575 3556 1842 3625 fratrum,
1896 3566 1961 3615 ut

256 3639 410 3710 legat
434 3654 628 3696 coram
679 3656 746 3696 eo
795 3642 1088 3711 passiones
1126 3657 1139 3696 :
1173 3642 1219 3697 si
1268 3649 1461 3697 autem
1502 3656 1616 3698 non
1669 3644 1957 3713 habuerit,

260 3728 546 3797 praecipiet
583 3728 829 3795 duobus,
879 3729 968 3785 vel
1010 3736 1283 3800 quatuor,
1337 3738 1401 3786 ut
1454 3730 1844 3788 indesinenter
1880 3733 1956 3789 ibi

258 3821 488 3870 cantent
518 3815 785 3885 psalmos,
816 3816 995 3871 donec
1023 3823 1224 3872 notum
1269 3816 1343 3873 sit
1385 3824 1440 3873 et
1469 3825 1659 3887 pateat
1705 3820 1959 3876 animam

260 3899 329 3954 de
357 3913 592 3968 corpore
617 3899 738 3969 jam
785 3913 1149 3971 egressuram
1180 3901 1302 3955 sine
1344 3900 1519 3972 longa
1566 3916 1745 3958 mora.
1791 3903 1955 3967 Quod

262 3999 393 4040 cum
429 3986 633 4043 viderit
666 3987 937 4054 famulus,
979 3988 1079 4058 qui
1123 3988 1267 4044 bene
1306 3989 1507 4045 doctus
1534 3999 1587 4045 et
1622 3990 1871 4048 usitatus
1901 3992 1959 4047 in

262 4073 361 4128 tali
390 4074 575 4129 officio
600 4083 703 4143 est,
734 4083 857 4131 tum
900 4076 1132 4132 demum
1172 4085 1459 4147 arreptam
1504 4079 1757 4135 tabulam
1796 4080 1961 4136 debet

266 4160 505 4227 fortiter,
553 4170 606 4217 et
667 4178 799 4218 cum
864 4163 1192 4220 festinantia
1263 4165 1462 4233 multa,
1538 4175 1833 4235 percutere
1900 4170 1959 4223 in

2065 472 2391 528 observavit
2431 471 2632 527 doctus
2678 470 2989 526 admodum
3039 472 3202 525 Joan.
3235 471 3306 526 de
3346 471 3612 541 Launoy)
3648 490 3682 520 ι
3721 479 3789 525 ιιι

2066 558 2384 614 conformes
2415 558 2615 613 ﬁerent
2645 557 2914 629 imaginis
2946 558 3072 613 Filii
3094 557 3193 613 Dei
3221 559 3410 627 (Rom.
3446 572 3567 624 vui,
3603 558 3725 627 29),
3760 580 3789 604 υ

2065 655 2172 703 etc.
2205 646 2510 717 Apostolus
2543 661 2556 700 :
2590 645 2882 715 Siquidem
2924 666 2951 697 α
2979 646 3128 702 dura
3154 654 3211 702 et
3244 660 3468 716 aspera,
3506 661 3612 717 per
3641 661 3790 716 quin

2068 734 2184 791 itur
2229 735 2301 790 ad
2346 735 2547 802 Deum,
2600 744 2831 804 propter
2880 735 3334 790 emendationem
3375 735 3687 799 vitiorum,
3732 743 3793 789 et

2066 824 2557 879 conservationem
2601 822 2916 889 charitaiis,
2953 843 2981 872 »
3032 823 3201 893 plane
3249 836 3344 878 eos
3390 823 3495 893 qui
3542 822 3792 879 Christo

2064 912 2265 968 dedere
2312 925 2522 967 nomen
2570 911 2856 979 condecet,
2899 911 2979 966 ait
3027 924 3151 980 cap.
3207 914 3274 966 58
3313 920 3366 966 et
3421 913 3477 965 in
3534 910 3793 981 prologo

2064 1001 2280 1071 regulae
2324 1008 2560 1056 sanctus
2600 999 2958 1065 Benedictus,
3004 1021 3025 1048 ι
3069 999 3415 1055 ΑΓϐῐίεὸίῐΠὲθ
3461 1001 3604 1055 Vitae
3646 1013 3788 1054 ma-

2064 1089 2239 1160 gister
2257 1089 2528 1159 optimus,
2564 1108 2591 1137 »
2624 1101 2659 1143 a
2688 1087 2896 1159 Magno
2924 1087 3200 1159 Gregorio
3233 1088 3439 1154 dictus,
3484 1087 3586 1143 lib.
3625 1102 3688 1143 iv
3726 1088 3789 1142 in

2062 1175 2207 1232 libro
2240 1177 2373 1246 Reg.
2408 1189 2531 1244 cap.
2564 1178 2615 1229 9.

2139 1264 2284 1319 Hinc
2314 1264 2372 1319 in
2398 1263 2608 1319 scholis
2636 1263 3051 1318 monachorum
3083 1263 3185 1334 qui
3211 1278 3341 1319 cum
3376 1264 3609 1333 pietate,
3647 1272 3789 1318 tum

2065 1354 2268 1411 litteris
2297 1354 2731 1419 imbuebantur,
2764 1354 2877 1409 alte
2916 1353 3058 1409 adeo
3104 1355 3159 1408 in
3215 1362 3402 1409 mente
3442 1353 3792 1409 retinebant

2064 1457 2195 1513 quae
2228 1442 2356 1497 visu
2384 1456 2452 1496 ac
2479 1457 2589 1498 usu
2618 1442 2957 1509 didicerant,
2991 1441 3070 1497 uti
3105 1451 3298 1512 postea
3321 1449 3432 1497 toto
3465 1442 3606 1497 vita:
3639 1457 3786 1497 cur-

2065 1528 2247 1584 riculo
2282 1543 2350 1584 ea
2397 1530 2518 1584 suis
2566 1529 2827 1585 moribus
2868 1528 3278 1599 exprimerent.
3322 1528 3602 1583 Omnium
3650 1531 3787 1583 vice

2068 1617 2240 1673 fuerit
2281 1618 2604 1673 Ludovicus
2644 1617 2889 1673 Grossus
2931 1618 3289 1673 Francorum
3336 1630 3460 1682 rex,
3516 1631 3703 1685 quem
3749 1630 3785 1670 a

2070 1719 2246 1775 puero
2279 1713 2439 1775 pater
2481 1704 2782 1775 Philippus
2816 1704 3406 1775 Sandionysianorum
3451 1704 3781 1759 monacho-

2064 1807 2197 1848 rum
2217 1792 2521 1863 disciplina
2539 1794 2909 1849 educandum
2929 1793 3245 1861 obtulerat;
3264 1808 3381 1862 quo
3402 1792 3784 1848 Christianis-

2059 1880 2240 1937 simus
2262 1883 2435 1952 juxta
2462 1891 2517 1938 et
2534 1882 3037 1952 prudentissimus,
3068 1881 3535 1951 sapientissimus
3562 1882 3776 1949 evasit,

2061 1977 2197 2025 teste
2225 1970 2450 2026 oculato
2478 1971 2717 2042 Sugerio
2749 1972 2807 2025 in
2837 1971 2963 2041 ejus
2997 1970 3133 2026 vita.
3176 1968 3337 2035 Quod
3367 1969 3607 2025 demum
3643 1969 3777 2039 pius

2059 2056 2152 2113 ille
2178 2071 2281 2114 rex
2302 2059 2471 2115 morti
2494 2059 2795 2128 proximus
2814 2057 3107 2129 religionis
3126 2058 3417 2127 specimen
3440 2057 3773 2127 reliquerit,

2060 2144 2326 2216 indigitat
2352 2146 2501 2201 idem
2531 2153 2731 2201 auctor
2758 2160 2826 2201 eo
2860 2145 2963 2200 loci
3006 2160 3018 2198 ;
3055 2164 3083 2196 (ι
3112 2144 3218 2211 Qui
3262 2153 3327 2200 ut
3363 2153 3491 2199 erat
3530 2148 3593 2199 In
3632 2158 3773 2200 con-

2059 2231 2201 2287 siliis
2240 2232 2534 2301 providus,
2570 2231 2678 2287 sibi
2731 2231 2839 2301 ipsi
2884 2230 3209 2298 consulens,
3258 2237 3365 2287 etc.
3413 2232 3535 2287 Hoc
3580 2245 3774 2287 unum

2060 2327 2244 2376 totum
2275 2320 2453 2376 animi
2484 2319 2695 2376 affectu
2734 2327 3080 2390 praeoptans,
3129 2319 3280 2388 apud
3327 2324 3564 2374 sanctos
3616 2333 3772 2374 mar-

2063 2415 2215 2477 tyres
2255 2414 2600 2477 protectores
2650 2422 2786 2464 suos
2827 2406 3167 2477 Dionysium
3199 2406 3500 2476 sociosque
3531 2406 3685 2477 ejus,
3716 2423 3775 2462 se

2062 2497 2584 2566 quomodocunque
2616 2495 2845 2560 deferri,
2877 2503 2932 2552 et
2973 2503 3106 2551 ante
3149 2495 3536 2551 sacratissima
3567 2509 3774 2552 eorum

2062 2598 2320 2653 corpora,
2364 2583 2526 2655 regni
2565 2591 2621 2640 et
2661 2598 2885 2640 coronae
2928 2583 3299 2653 depositione,
3344 2596 3622 2638 coronam
3671 2598 3778 2653 pro

2064 2686 2295 2739 corona,
2350 2685 2451 2741 pro
2503 2672 2798 2743 regalibus
2862 2679 2918 2727 et
2970 2671 3367 2741 imperialibus
3412 2675 3780 2728 ornamentis

2064 2758 2223 2814 humi
2256 2758 2406 2815 beati
2449 2758 2736 2815 Benedicti
2767 2758 3147 2814 monasticum
3179 2757 3435 2813 ordinem
3488 2760 3773 2828 proﬁteri.

2064 2848 2321 2911 Videant,
2374 2848 2476 2917 qui
2526 2845 2843 2917 paupertati
2897 2848 3226 2902 monasticae
3275 2846 3577 2917 derogant,
3629 2863 3779 2919 quo-

2066 2936 2230 2991 modo
2282 2949 2399 2991 non
2449 2935 2635 2992 solum
2687 2934 3120 3005 archiepiscOpi,
3174 2935 3271 2990 sed
3321 2943 3377 2990 et
3445 2935 3553 3005 ipsi
3610 2950 3781 3008 reges

2064 3024 2408 3080 transitoria;
2438 3024 2615 3080 vitam
2659 3031 2935 3081 aeternam
2969 3023 3354 3093 praeferentes,
3397 3024 3468 3079 ad
3499 3024 3777 3096 singula-

2064 3125 2184 3168 rem
2233 3112 2530 3168 monastici
2581 3110 2799 3167 ordinis
2846 3111 3082 3167 tutelam
3129 3111 3493 3167 securissime
3563 3113 3781 3169 confu-

2065 3201 2253 3271 giunt.
2290 3221 2312 3249 ι
2348 3201 2419 3256 Ει
2450 3199 2598 3256 infra
2628 3200 2740 3257 sub
2789 3200 2980 3255 ﬁnem.
3015 3217 3041 3252 ε
3076 3199 3477 3269 Praecipientes
3502 3213 3651 3270 ergo
3684 3210 3776 3257 ta—

2066 3296 2262 3358 petum
2315 3296 2499 3357 terrw,
2557 3295 2612 3345 et
2654 3288 2874 3344 cineres
2917 3296 3103 3358 tapeto
3151 3289 3209 3343 in
3276 3288 3532 3343 medium
3580 3291 3773 3345 crucis

2065 3377 2293 3447 deponi,
2345 3376 2555 3434 ibidem
2609 3376 2880 3434 manibus
2946 3390 3184 3433 suorum
3235 3376 3550 3446 depositus,
3603 3379 3772 3450 signo

2064 3474 2276 3523 sanctae
2304 3467 2492 3523 crucis
2521 3465 2886 3536 praesentiam
2916 3478 3081 3521 suam
3113 3465 3399 3527 muniens,
3432 3473 3568 3534 etc.,
3597 3467 3771 3535 spiri-

2069 3561 2191 3610 tum
2219 3554 2426 3611 emisit.
2472 3574 2500 3604 »
2543 3555 2627 3610 Ita
2668 3561 2819 3611 tomo
2872 3553 2947 3612 1V
2998 3553 3141 3609 Hist.
3192 3554 3394 3608 Franc.
3445 3554 3597 3609 And.
3647 3557 3772 3612 Du—

2064 3641 2293 3699 chesne.

2137 3728 2229 3800 (5°)
2276 3729 2409 3787 CAP.
2480 3729 2680 3786 XXIII.
2724 3760 2794 3768 —
2857 3748 2885 3780 α
2927 3729 3013 3785 Ad
3078 3729 3340 3785 abbatem
3413 3731 3772 3800 monasterii,

2065 3817 2223 3888 quod
2273 3817 2588 3874 vocabatur
2626 3817 2697 3872 de
2735 3816 2908 3872 Bello.
2957 3838 2979 3865 ι
3018 3815 3110 3872 Sic
3142 3825 3337 3873 autem
3374 3818 3692 3874 vocitatum
3741 3834 3777 3875 a

2066 3905 2211 3961 bello
2235 3904 2294 3961 in
2325 3919 2443 3976 quo
2473 3905 2608 3960 vicit
2650 3904 2965 3960 Haraldum
3004 3904 3346 3960 Guillclmus
3382 3905 3774 3977 Conquestor,

2065 3995 2137 4049 ad
2184 3993 2343 4050 littus
2378 3992 2815 4050 Sussexianum.
2858 3992 3047 4050 Refert
3095 3993 3477 4049 Fundationis
3516 3996 3778 4065 diploma

2066 4080 2343 4136 Seldenus
2374 4079 2533 4136 Notis
2569 4079 2643 4134 ad
2681 4079 2949 4135 Eadmeri
2992 4078 3136 4135 Hist.
3189 4094 3493 4145 novorum,
3538 4095 3596 4151 p.
3648 4086 3771 4138 165.

2072 4189 2099 4217 ‹‹
2122 4168 2347 4225 Guillel.
2382 4168 2483 4223 Dei
2510 4168 2697 4239 gratia
2726 4182 2829 4224 rex
2871 4167 3068 4238 Angl.,
3109 4175 3215 4225 etc.
3248 4168 3460 4224 Notum
3495 4170 3570 4223 sit
3611 4171 3776 4227 vobis

265 4248 515 4304 claustro
540 4257 672 4306 ante
701 4251 947 4321 gradum
979 4251 1295 4308 dormitorii
1329 4267 1341 4306 :
1380 4252 1559 4322 prius,
1608 4255 1654 4309 si
1706 4270 1821 4311 nox
1851 4265 1955 4323 est,
1997 4264 2040 4317 Ι)
2068 4272 2159 4313 me
2203 4257 2545 4314 concessisse
2594 4269 2662 4313 ac
2705 4255 3093 4323 conﬁrmasse,
3163 4269 3404 4312 assensu
3458 4257 3774 4314 Lanfranci

264 4337 517 4393 accensis
563 4338 813 4395 lucernis
846 4340 901 4394 in
933 4340 1184 4396 claustro
1222 4340 1574 4407 inﬁrmariaa,
1618 4352 1672 4399 et
1704 4358 1804 4413 per
1833 4346 1963 4400 adi-

264 4433 387 4481 tum
421 4440 521 4496 per
559 4441 728 4496 quem
777 4428 893 4484 itur
940 4428 999 4484 in
1033 4428 1434 4496 inﬁrmariam,
1472 4451 1499 4479 ι
1531 4438 1637 4486 etc.
1674 4432 1965 4490 Hactenus

262 4511 407 4569 liber
441 4528 545 4568 ms.

332 4603 545 4657 Locum
593 4602 652 4657 in
697 4617 813 4673 quo
858 4602 1187 4659 moribundi
1235 4618 1446 4674 corpus
1494 4606 1695 4676 deponi
1738 4607 1959 4676 soleret,

262 4689 532 4746 describit
590 4691 793 4748 Petrus
856 4691 1140 4748 Venerab.
1202 4693 1278 4748 De
1352 4693 1636 4751 Miraculis
1679 4710 1805 4767 cap.
1874 4699 1956 4754 l9.

264 4795 291 4826 «ι
326 4776 584 4833 Habetur
630 4786 823 4834 autem
874 4777 1179 4849 (Cluniaci)
1234 4780 1291 4834 in
1342 4781 1509 4838 domo
1556 4784 1745 4839 media
1788 4785 1963 4849 (inﬁr-

262 4863 511 4933 morum)
554 4863 712 4920 locus
761 4865 935 4919 unius
973 4865 1226 4935 corporis
1273 4880 1479 4938 capax,
1530 4870 1601 4926 ad
1654 4871 1759 4926 hoc
1798 4878 1960 4941 apta-

260 4957 374 5017 tus,
409 4959 472 5007 ut
501 4952 707 5008 fratres
741 4952 953 5008 ibidem
991 4952 1049 5008 in
1090 4954 1281 5011 cinere
1317 4965 1373 5013 et
1411 4957 1596 5015 cilicio
1641 4960 1956 5029 compositi,

242 5047 583 5097 .extremum
618 5041 728 5097 Deo
754 5040 1018 5110 spiritum
1051 5043 1312 5111 reddant,
1349 5065 1375 5096 ιο
1407 5054 1513 5101 etc.
1731 5034 1737 5040 ’

330 5128 503 5184 Addit
539 5137 595 5185 et
624 5128 720 5184 ille
744 5129 940 5185 eodem
977 5129 1102 5197 lib.,
1133 5145 1257 5201 cap.
1291 5136 1344 5200 4,
1380 5147 1595 5191 morem
1642 5134 1800 5191 hunc
1827 5150 1957 5192 esse

260 5214 720 5274 Christianorum
744 5224 798 5274 et
842 5240 863 5267 ι
900 5219 1152 5276 maxime
1195 5222 1609 5279 monachorum
1641 5244 1669 5273 »
1708 5224 1809 5294 qui
1837 5224 1957 5281 uti-

260 5316 375 5371 que
417 5305 646 5375 scriptis
692 5307 998 5377 verbisque
1056 5323 1172 5364 non
1215 5309 1401 5375 modo,
1460 5311 1557 5366 sed
1600 5312 1954 5381 potissimum

259 5388 358 5444 ubi
384 5391 456 5445 ad
484 5392 686 5448 altiora
728 5395 902 5450 evecti
950 5395 1216 5451 Ecclesiis
1257 5398 1646 5466 praasiderent,
1694 5407 1953 5457 actutum

257 5476 516 5534 homines
561 5480 634 5535 ad
706 5482 1020 5539 severiores
1080 5484 1495 5557 rigidioresque
1570 5487 1947 5559 antiquorum

2072 4345 2323 4415 archiep.
2369 4344 2820 4409 Cantuariensis,
2860 4352 2966 4400 etc.
3017 4352 3101 4412 ut,
3144 4344 3381 4401 ecclesia
3426 4345 3480 4400 S.
3536 4346 3770 4402 Martini

2073 4432 2141 4489 de
2172 4433 2344 4501 Bello,
2376 4438 2528 4488 clo
2569 4446 2748 4502 quam
2791 4430 3036 4487 fundavi
3072 4445 3148 4487 ex
3186 4440 3318 4488 voto
3358 4432 3431 4488 ob
3466 4433 3769 4491 victoriam

2072 4535 2248 4591 quam
2288 4521 2428 4577 mihi
2460 4522 2611 4577 Deus
2658 4521 2719 4576 in
2749 4521 2944 4576 eodem
2989 4520 3113 4576 loco
3151 4521 3413 4584 contulit,
3464 4522 3649 4578 libera
3697 4526 3772 4579 sit

2070 4618 2125 4665 et
2150 4610 2344 4680 quieta
2381 4610 2455 4666 ab
2500 4610 2657 4665 omni
2696 4609 2989 4675 servitute,
3025 4632 3051 4655 »ι
3086 4616 3194 4664 etc.
3227 4609 3371 4665 Eam
3417 4610 3600 4665 eximi
3644 4613 3772 4668 vult

2071 4694 2148 4751 ab
2178 4697 2335 4752 omni
2372 4710 2608 4766 prorsus
2648 4703 2762 4752 tam
2799 4696 3002 4758 laicali,
3036 4710 3212 4766 quam
3247 4697 3552 4767 episcopali
3593 4698 3772 4769 juris-

2070 4785 2335 4842 dictione.

2140 4872 2233 4946 (σι)
2271 4877 2412 4930 lBlD.
2457 4904 2527 4914 —
2564 4875 2752 4928 Missa
2777 4872 2855 4927 ad
2889 4872 3118 4928 beatam
3147 4871 3401 4928 Mariam
3441 4876 3501 4928 et
3526 4873 3600 4929 de
3640 4876 3773 4948 ipsa

2066 4960 2424 5032 quotidiana.
2461 4959 2877 5017 Laudatissima
2905 4974 3043 5016 sane
3072 4962 3431 5018 consuetudo
3465 4962 3525 5018 in
3574 4978 3772 5020 mona-

2066 5050 2253 5106 steriis
2282 5049 2630 5106 Benedictini
2666 5049 2791 5105 ord.
2837 5050 2908 5104 ab
2948 5050 3189 5120 antiquo
3240 5059 3485 5121 recepta,
3530 5052 3767 5109 missam

2065 5138 2339 5194 nimirum
2385 5138 2641 5209 quotidie
2688 5139 2828 5195 hora
2876 5146 3040 5195 sexta
3076 5139 3364 5196 matutina
3406 5139 3481 5196 ad
3513 5140 3768 5213 Virginis

2065 5226 2324 5297 Deiparae
2396 5227 2669 5283 honorem
2745 5228 3068 5284 decantare.
3154 5227 3418 5285 Chronic.
3494 5231 3771 5287 Beccense

2064 5328 2208 5386 page
2241 5319 2324 5369 l7.

2136 5403 2226 5472 (⁸³)
2259 5403 2391 5460 CAP.
2426 5403 2634 5461 XXIV.
2661 5435 2728 5443 —
2766 5402 3081 5460 Cucullum.
3127 5404 3257 5460 Sive
3294 5403 3529 5460 cuculla
3572 5412 3633 5462 et
3659 5421 3764 5463 cu-

2062 5489 2256 5546 cullio.
2288 5490 2390 5547 Est
2417 5490 2710 5561 quoddam
2737 5490 2940 5561 capitis
2969 5489 3414 5561 operimentum,
3459 5488 3537 5545 ab
3566 5498 3764 5547 aucto-
