3924 6090
161 293 291 347 1113

1433 294 1651 351 ΒΟΜΝΙ
1690 295 1748 350 L.
1792 294 2134 351 D’ACHERY
2173 296 2392 350 NOTAS.

3523 304 3658 360 1114

152 441 214 484 re
245 428 418 484 verbo
460 433 732 497 corrupto
777 444 987 498 capero
1041 429 1416 499 appellatum,
1467 431 1677 486 Gallice
1706 431 1842 484 cha-
1881 432 2296 500 Aeompositae,
2346 431 2562 501 quibus
2607 446 2712 503 ego
2762 433 2923 489 nulla
2965 435 3255 492 adniterer
3294 438 3653 504 auctoritate,

146 533 342 587 peron.
372 517 450 572 De
491 531 605 585 quo
635 523 828 570 noster
859 517 1168 573 Menardus
1211 519 1282 574 ad
1310 533 1435 588 cap.
1469 522 1536 573 62
1565 519 1841 576 Concord.

149 603 504 674 regularum.
547 602 734 669 Quare
777 603 955 658 isthoc
1003 604 1324 660 vestimenti
1363 620 1567 675 genere
1609 613 1847 662 utantur

148 692 444 746 coenobitze
479 691 597 761 lege
630 691 839 746 ibidem
887 705 1028 762 page
1073 695 1194 746 887.
1231 695 1306 748 De
1338 693 1564 749 cuculla
1595 694 1746 761 item,
1780 709 1846 749 ac

147 780 374 835 diversa
419 780 792 849 usurpatione
834 780 1105 836 latissime
1135 796 1239 836 nec
1287 782 1564 838 inerudite
1600 783 1844 837 Benedi-

145 877 271 924 ctus
323 868 574 924 llaeften.
630 869 926 938 Disquisit.
980 870 1277 924 monastic.
1328 877 1489 926 tract.
1539 874 1590 938 3,
1623 871 1840 942 disqui-

147 957 238 1012 sit.
282 961 329 1011 l.

216 1045 313 1114 (⁵³)
338 1045 470 1102 CAP.
506 1045 714 1100 XXVI.
749 1076 816 1083 —
850 1044 944 1098 Ad
974 1044 1298 1099 Lisiardum
1326 1047 1722 1103 Belvacensem
1751 1065 1844 1102 ar-

140 1132 557 1197 chidiaconum,
608 1133 954 1188 avunculum
999 1150 1209 1188 meum.
1278 1135 1380 1191 Cui
1433 1137 1726 1205 epistolam
1774 1139 1840 1190 92

143 1222 428 1290 inscripsit
481 1224 576 1276 lvo
629 1222 861 1277 Carnot.
911 1222 1061 1276 Num
1109 1237 1244 1278 vero
1291 1223 1336 1278 is
1387 1225 1502 1294 ipse
1553 1225 1841 1281 Lisiardus

141 1319 335 1379 postea
365 1309 695 1379 episcopatu
727 1310 1116 1365 Suessionensi
1155 1311 1403 1366 donatus
1448 1311 1637 1380 fuerit,
1670 1328 1839 1368 scru-

142 1398 314 1466 pulus
346 1407 532 1454 movet
574 1399 866 1468 animum;
916 1399 1026 1452 imo
1066 1400 1209 1454 duos
1258 1401 1364 1455 hac
1393 1403 1590 1458 eadem
1621 1410 1838 1472 tempe—

140 1493 286 1540 state
329 1487 659 1554 synonimos
712 1487 1014 1553 exstitisse,
1079 1487 1322 1543 alterum
1384 1489 1837 1545 Bellovacensem

139 1573 653 1642 archidiaconumh
685 1575 753 1629 de
783 1590 898 1644 quo
949 1575 1039 1629 hic
1088 1576 1148 1629 lit
1197 1577 1426 1643 mentio,
1473 1577 1717 1634 alterum
1764 1593 1836 1633 ex

141 1662 444 1730 praeposito
482 1661 873 1717 Suessionensi
913 1662 983 1717 ad
1014 1663 1269 1733 ejusdem
1307 1664 1516 1720 infulas
1551 1673 1834 1721 evectum.

137 1749 512 1804 statuendum
559 1750 807 1816 videtur,
860 1751 1093 1819 quando
1141 1751 1372 1820 quidem
1414 1760 1616 1809 auctor
1646 1762 1837 1810 noster

137 1851 206 1891 eo
257 1837 398 1904 loco,
448 1846 502 1893 et
548 1837 698 1893 infra
746 1837 782 1892 l.
833 1853 910 1905 ιιι,
953 1853 1002 1893 c.
1057 1842 1140 1906 ll,
1188 1847 1362 1910 atque
1411 1841 1467 1896 in
1510 1841 1838 1911 praefatione

137 1925 285 1980 Hist.
320 1925 470 1981 Gest.
522 1927 618 1982 Dei
665 1940 765 1995 per
796 1927 1062 1994 Francos,
1114 1942 1184 1982 ne
1216 1929 1454 1984 verbulo
1485 1931 1716 2000 quidem
1746 1931 1836 1986 Li-

136 2013 400 2069 siardum
430 2014 788 2070 Suessionem
833 2014 941 2070 sibi
984 2015 1406 2085 propinquitate
1438 2020 1833 2089 conjunctum,

137 2103 236 2158 sed
287 2104 474 2173 potius
515 2119 629 2160 non
672 2103 748 2158 ita
780 2111 980 2160 notum
1012 2113 1112 2160 aut
1144 2105 1481 2162 familiarem
1514 2109 1833 2166 innotescit.

567 2245 658 2298 AD
700 2245 972 2302 LIBRUM
1001 2244 1404 2303 SECUNDUM.

211 2368 295 2438 (⁸⁸)
327 2367 459 2422 CAP.
494 2368 536 2422 Ι.
585 2398 655 2408 —
694 2369 946 2422 Vocatur
970 2367 1252 2440 siquidem
1295 2369 1699 2442 Novigentum.
1742 2373 1836 2428 Nae

133 2469 243 2524 ego
284 2455 490 2524 ecquid
537 2455 606 2510 de
671 2455 919 2524 lugendo
978 2455 1070 2510 illo
1117 2457 1461 2512 monasterio
1504 2458 1836 2526 proferam?

135 2543 354 2612 quippe
388 2557 500 2598 non
533 2545 703 2599 semel
750 2542 1000 2613 idipsum
1054 2544 1240 2600 rabies
1283 2545 1646 2601 Calvinistica
1677 2547 1835 2603 labe-

134 2631 390 2698 factavit,
442 2632 700 2702 diripuit,
752 2633 1034 2688 vastavit:
1083 2634 1228 2703 quin
1258 2635 1428 2689 etiam
1461 2635 1695 2691 abbates
1731 2636 1833 2705 ipsi

134 2721 607 2775 commendatarii
654 2721 900 2776 nefanda
947 2721 1146 2777 haeresi
1198 2722 1302 2777 hac
1345 2722 1554 2789 infecti,
1589 2725 1834 2780 saecula-

134 2821 227 2863 res
275 2809 383 2864 viri
433 2809 702 2880 conjugio
743 2809 1016 2879 copulati,
1059 2825 1191 2880 qua:
1235 2810 1573 2866 facultatum
1615 2813 1831 2868 restite-

133 2904 268 2952 rant
328 2896 736 2966 dilapidavere,
811 2905 996 2952 cartas
1053 2898 1338 2954 tradidere
1395 2899 1484 2954 vel
1542 2900 1681 2971 igni,
1743 2902 1830 2956 vel

1959 517 2066 573 nisi
2102 519 2366 588 qumdam
2399 535 2528 590 quae
2561 520 2876 589 plurimum
2903 523 3174 579 roborant
3205 524 3372 580 ﬁdem
3403 525 3654 582 viderem

1958 605 2242 676 hodieque
2287 617 2566 664 constare.
2610 610 2746 676 Quae
2794 610 3026 666 historia
3072 612 3153 666 sic
3199 626 3258 668 se
3306 613 3514 669 habere
3562 629 3653 670 se-

1955 696 2213 752 cundum
2255 697 2553 766 scripturze
2593 700 2792 755 seriem
2846 701 3112 768 traditur,
3161 721 3189 752 ιο
3224 709 3329 757 etc.
3381 703 3555 758 Viden
3596 703 3656 759 il-

1955 781 2073 837 lum
2109 792 2276 852 prout
2328 785 2447 840 istis
2480 786 2739 842 versibus
2774 788 3000 854 tradita,
3055 789 3208 844 haud
3262 789 3437 845 veluti
3486 792 3655 846 certis

1954 871 2199 927 certiora
2249 874 2474 942 scriptis
2503 875 2827 930 mandare?
2856 878 2922 930 In
2968 877 3079 932 line
3121 878 3324 947 capitis
3361 879 3515 944 item,
3552 879 3650 934 ubi

1953 960 2022 1015 de
2051 961 2230 1016 sacris
2261 962 2518 1032 reliquiis
2551 977 2583 1017 a
2609 964 2794 1030 Quilio
2827 979 2958 1034 rege
2988 965 3372 1036 Novigentum
3398 965 3654 1021 advectis

1950 1049 2085 1118 egit,
2120 1049 2242 1104 haec
2269 1048 2554 1105 subinfert
2598 1067 2610 1104 :
2647 1075 2667 1099 ε
2718 1053 2852 1107 Inde
2885 1054 2994 1108 Deo
3040 1062 3161 1122 post
3221 1061 3446 1122 tempus
3478 1053 3652 1122 pluri-

1952 1151 2108 1192 mum
2146 1146 2488 1206 procurante
2508 1149 2773 1208 exempta
2793 1141 3048 1210 capsula,
3081 1148 3134 1196 et
3156 1155 3189 1194 a
3219 1141 3433 1210 quibus
3464 1141 3649 1196 nescio

1952 1225 2234 1292 fidelibus,
2279 1234 2505 1281 vetusto
2555 1228 2776 1296 opificio
2824 1230 2951 1284 auri
3005 1229 3232 1298 pretiosi
3278 1229 3519 1284 bracteis
3549 1230 3647 1284 ad-

1950 1322 2147 1382 operta
2179 1314 2249 1368 ad
2298 1315 2472 1368 nostri
2509 1315 2779 1384 temporis
2828 1317 3051 1371 devenit
3099 1317 3359 1384 intuitus,
3410 1325 3466 1372 et
3495 1317 3647 1372 anti-

1950 1401 2081 1469 quis
2140 1401 2444 1471 hucusque
2504 1403 2714 1471 przcbet
2769 1404 3092 1459 testimonia
3148 1421 3300 1460 nova
3349 1407 3644 1461 relatibus.

1948 1490 2150 1559 Itaque
2197 1489 2303 1545 loci
2337 1489 2490 1559 illius
2538 1491 2618 1545 sic
2652 1491 3025 1560 perhibentur
3071 1508 3189 1549 sese
3237 1495 3506 1550 habuisse
3539 1495 3646 1549 ini-

1950 1579 2048 1632 tia.
2084 1597 2112 1627 ι)

2017 1664 2113 1720 Sat
2159 1679 2294 1734 ergo
2344 1673 2446 1732 est,
2501 1680 2534 1720 a
2584 1666 2856 1723 Guiberto
2910 1668 3102 1724 relatis
3158 1669 3324 1724 fidem
3375 1670 3648 1727 adhibere

1949 1760 2188 1818 tantam,
2223 1763 2500 1824 quantam
2541 1761 2597 1810 et
2647 1763 2850 1810 caetera
2903 1765 3197 1812 merentur
3229 1758 3298 1812 ab
3325 1757 3452 1813 aliis
3483 1758 3647 1815 bona:

1949 1849 2096 1896 notae
2139 1841 2516 1911 scriptoribus
2553 1843 2624 1897 ad
2677 1852 2922 1912 posteros
2966 1844 3248 1900 traducta.
3293 1845 3491 1902 Nonne
3520 1861 3644 1916 per-

1948 1929 2134 1996 multi,
2192 1929 2411 2000 ipsique
2472 1931 2800 2001 gravissimi
2862 1940 3124 1988 auctores
3181 1934 3409 2003 scriptis
3466 1935 3646 1990 inter-

1946 2031 2112 2073 suere
2155 2018 2423 2073 historias
2460 2019 2617 2074 velut
2647 2019 2720 2074 ab
2766 2019 2895 2075 aliis
2946 2029 3303 2089 acceperant,
3337 2037 3438 2077 seu
3469 2022 3643 2078 inter-

1945 2104 2186 2176 legendo
2249 2106 2601 2162 didicerant?
2647 2108 2840 2163 Testes
2895 2107 2986 2164 SS.
3039 2108 3351 2178 Gregorius
3393 2110 3642 2180 Magnus

1945 2193 2108 2249 libris
2134 2194 2381 2263 Dialog.;
2434 2195 2745 2266 Gregorius
2773 2197 2987 2252 Turon.
3043 2197 3120 2252 De
3150 2197 3333 2268 gloria
3361 2198 3643 2254 confesso-

1943 2295 2075 2337 rum
2123 2289 2177 2337 et
2221 2282 2378 2348 alibi,
2429 2290 2602 2352 atque
2640 2298 2762 2340 aevo
2810 2283 3069 2340 Guiberti
3118 2286 3392 2342 Venerab.
3447 2287 3646 2342 Petrus

1947 2370 2204 2425 Cluniae.
2243 2370 2444 2437 abbas,
2478 2371 2623 2427 libro
2655 2373 2732 2426 De
2765 2372 3078 2428 miraculis.

2020 2458 2298 2513 Praeterea
2337 2458 2394 2513 in
2431 2458 2737 2515 Britanniae
2766 2461 3098 2528 regionibus
3123 2468 3202 2516 tot
3232 2461 3643 2531 prOpemodum

1945 2546 2228 2601 exstitisse
2277 2547 2530 2616 regulos,
2585 2555 2728 2616 quot
2777 2556 2940 2602 erant
2997 2549 3168 2604 urbes
3221 2549 3640 2616 munitissimae,

1947 2649 2112 2689 nemo
2143 2635 2349 2702 nescit;
2383 2649 2498 2689 non
2550 2636 2759 2690 mirum
2796 2636 2974 2706 igitur
3017 2637 3062 2691 si
3095 2636 3314 2692 nullam
3359 2637 3428 2692 de
3455 2637 3642 2701 Quilio

1942 2722 2192 2778 habeant
2221 2723 2564 2778 mentionem
2599 2723 2909 2778 Britanniae
2940 2723 3264 2792 scriptores.

2014 2811 2112 2866 His
2161 2812 2355 2880 itaque
2413 2811 2816 2881 przemonitum
2870 2819 2920 2866 te
2967 2812 3122 2880 volo,
3170 2811 3345 2868 lector
3394 2811 3639 2880 erudite,

1941 2913 2012 2954 ne
2048 2899 2188 2954 tanti
2230 2899 2336 2954 viri
2375 2897 2702 2954 auctoritati
2737 2899 3026 2966 detrahas,
3076 2899 3309 2969 quando
3355 2893 3638 2965 nonnihil,

131 2983 352 3051 amicis,
385 2985 812 3054 parentibusve,
849 3001 964 3056 quo
995 2986 1250 3042 redditus
1295 2989 1406 3043 Deo
1435 2989 1578 3044 sacri
1612 2989 1833 3046 facilius
1871 3022 1913 3077 ρ
1942 2988 2095 3056 quod
2144 2988 2333 3042 animo
2381 2987 2600 3042 fortean
2652 2987 2905 3043 haerendi
2964 2987 3213 3057 prmbeat
3259 2988 3636 3054 occasionem,

131 3074 257 3128 suis
289 3074 736 3143 possessionibus
779 3089 897 3144 qua
940 3075 1024 3130 fas
1052 3089 1171 3145 qua
1229 3075 1391 3131 nefas
1422 3077 1822 3147 adjungerent.

131 3161 366 3216 Caetera:
414 3176 545 3216 vero
588 3161 809 3217 sehedze
857 3170 1031 3232 atque
1087 3163 1488 3229 instrumenta,
1537 3168 1676 3221 adeo
1723 3181 1826 3222 su-

131 3249 269 3319 pina
313 3250 614 3305 oscitantia
663 3251 897 3306 fuerunt
930 3251 988 3306 in
1039 3253 1385 3308 monasterio
1425 3254 1713 3321 derelicta,
1764 3263 1827 3312 ut

130 3337 246 3393 sub
278 3337 554 3407 impluvio
585 3347 872 3407 corrupta,
906 3353 1206 3395 eorrosave
1246 3354 1279 3394 a
1330 3341 1521 3396 blattis
1563 3356 1631 3397 ac
1662 3343 1829 3400 tineis

130 3432 360 3480 exstent
393 3425 591 3480 modo:
625 3439 766 3481 cura
796 3426 1171 3482 nihilominus
1203 3429 1578 3496 permaxima,
1612 3431 1826 3500 ingenti

130 3513 330 3568 labore
376 3527 442 3568 ac
471 3513 660 3569 studio
708 3515 772 3569 Ρ..
807 3515 866 3568 Ρ.
902 3515 1157 3570 Domnus
1187 3514 1410 3572 Simeon
1447 3517 1829 3573 Maubaillard

130 3608 344 3656 nostrae
375 3615 642 3672 congreg.
698 3601 792 3657 illo
825 3603 882 3656 in
925 3602 1180 3658 coenobio
1212 3603 1384 3672 prior,
1427 3604 1516 3659 vir
1559 3619 1673 3659 non
1704 3620 1826 3660 me-

128 3689 404 3744 diocriter
426 3689 704 3757 eruditus,
737 3691 1074 3746 chartarum
1117 3691 1410 3760 reliquias,
1444 3707 1575 3762 quae
1619 3695 1690 3748 ab
1728 3708 1828 3748 ex-

129 3777 280 3832 cidio
310 3785 467 3832 tanto
502 3786 824 3844 evaserant,
869 3780 1100 3848 eripuit.
1134 3780 1350 3835 Earum
1383 3781 1692 3836 nonnullas
1722 3796 1829 3837 no-

127 3866 266 3920 stris
295 3867 793 3922 observationibus
824 3868 1142 3923 inseremus
1173 3867 1342 3922 infra.

204 3955 380 4009 Porro
416 3955 584 4024 plura
613 3955 933 4026 Novigenta
971 3957 1121 4012 notis
1149 3956 1219 4010 ad
1254 3956 1427 4011 vitam
1458 3957 1517 4011 B.
1554 3957 1830 4012 Bernardi

128 4045 343 4114 Tyron.
379 4047 664 4101 recensuit
699 4059 842 4116 page
871 4048 974 4099 246
1010 4046 1211 4101 doctus
1241 4045 1578 4102 Souchetus.

201 4131 294 4200 (⁸⁵)
317 4130 449 4185 [Βιῡ.
473 4159 543 4169 ——
563 4131 737 4200 Apud
757 4131 978 4199 Anglos
995 4135 1131 4185 ante
1158 4131 1459 4186 lncarnati
1498 4132 1687 4198 Verbi,
1719 4137 1826 4189 etc.

131 4218 186 4273 Si
236 4218 381 4272 mira
429 4217 528 4274 tibi
573 4233 704 4287 qua
749 4219 920 4274 hocce
965 4225 1078 4274 toto
1127 4220 1309 4288 capite
1358 4220 1559 4276 attexit
1607 4229 1827 4288 auctor,

129 4306 464 4371 videantur,
487 4320 690 4361 caveas
711 4315 902 4361 tamen
925 4305 1026 4376 ipsi
1051 4307 1217 4363 velim
1244 4316 1434 4364 notam
1459 4309 1543 4365 vel
1571 4310 1827 4377 inscitiae,

130 4392 227 4448 vel
250 4392 488 4461 fraudis,
504 4400 604 4448 aut
624 4393 928 4448 calumniae
953 4394 1198 4450 inurere.
1220 4394 1481 4465 Namque
1501 4395 1628 4451 licet
1649 4397 1829 4452 altum

133 4481 294 4551 apud
344 4483 647 4551 scriptores
711 4496 842 4537 eum
896 4496 1108 4547 sacros,
1178 4483 1390 4538 Lucam
1456 4485 1827 4552 apostolicum

135 4570 446 4639 praecipue,
510 4578 632 4624 tum
691 4569 1014 4635 saeculares,
1067 4584 1134 4625 ac
1187 4584 1304 4639 prze
1349 4573 1569 4627 cazteris
1612 4572 1713 4641 qui
1763 4573 1831 4628 de

135 4657 484 4712 Britannicis
525 4658 800 4726 scripsere
839 4658 1028 4718 rebus.
1066 4657 1239 4712 fuerit
1271 4659 1596 4729 silentium;
1627 4667 1682 4714 et
1714 4661 1834 4714 ani-

133 4761 270 4802 mus
322 4745 600 4801 nonnulla
634 4746 863 4801 credere
904 4745 1148 4816 hujusce
1178 4747 1523 4802 narrationis
1553 4748 1832 4817 quodam-

133 4831 304 4887 modo
335 4829 600 4901 refugiat,
645 4846 775 4901 qua:
823 4831 1024 4886 litteris
1070 4830 1160 4885 ille
1203 4844 1237 4885 a
1287 4832 1603 4901 majoribus
1652 4835 1833 4888 consi-

132 4927 312 4990 gnata
344 4921 549 4988 reperit
579 4933 709 4974 cum
743 4919 961 4988 aperiat
991 4919 1164 4985 nude,
1200 4919 1362 4988 quid,
1390 4921 1616 4987 amabo,
1645 4921 1834 4976 crimi-

131 5008 248 5074 nis,
276 5008 457 5076 eulpze
503 5007 641 5076 quid
691 5007 1024 5063 commisit?
1065 5006 1234 5075 plane
1281 5007 1446 5062 nihil.
1496 5009 1717 5063 Etenim
1763 5023 1830 5064 ea

130 5095 370 5151 minime
403 5104 676 5164 tanquam
709 5094 1044 5150 indubitata
1075 5094 1203 5150 ﬁdei
1233 5095 1517 5150 credenda
1548 5098 1827 5165 proponit.

129 5188 410 5242 Historica
438 5195 604 5256 sunt;
641 5186 874 5241 absurdi
906 5185 1074 5251 nihil,
1104 5199 1292 5255 neque
1325 5194 1516 5254 aperte
1557 5187 1680 5241 falsi
1717 5202 1830 5256 pra:

126 5290 189 5332 se
222 5274 432 5343 ferunt,
477 5275 709 5331 sufficit.
761 5275 882 5329 Imo
917 5276 1070 5329 testis
1111 5274 1374 5329 oculatus
1404 5282 1614 5330 cuncta
1638 5276 1829 5344 sepul-

126 5379 251 5431 cro,
282 5363 523 5434 aliisque
570 5362 983 5418 vetustioribus
1026 5375 1156 5430 qua:
1189 5371 1583 5417 remanserant
1617 5378 1829 5420 monu-

128 5453 338 5508 mentis
387 5453 678 5522 quadrare
727 5458 1032 5506 attestatur
1078 5449 1426 5504 Guibertus:
1477 5472 1505 5498 ‹‹
1557 5449 1825 5516 Qumdam

126 5550 323 5598 autem
351 5549 506 5608 sunt,
540 5541 620 5596 ait
651 5541 783 5610 ipse,
816 5539 872 5594 in
910 5537 1110 5595 eadem
1141 5537 1390 5593 Ecclesia
1420 5528 1621 5594 littera:
1650 5549 1829 5597 metro

1939 3074 2262 3143 offenderis,
2294 3083 2347 3131 et
2381 3075 2509 3130 inde
2544 3075 2706 3144 parvi
2740 3075 2914 3130 facias
2945 3075 3053 3130 fide
3084 3074 3446 3145 dignissima;
3477 3075 3642 3144 quin-

1939 3166 2052 3219 imo
2098 3179 2230 3234 qua;
2291 3171 2440 3220 retro
2505 3163 2732 3218 saeculis
2787 3172 3080 3219 auctorem
3134 3177 3488 3232 praeeessere,
3537 3177 3640 3220 seu

1938 3267 2070 3322 qua
2099 3253 2201 3321 ipsi
2245 3250 2404 3307 fuere
2453 3256 2600 3304 om
2637 3265 2754 3320 prae
2786 3251 2987 3316 oculis,
3020 3258 3075 3306 et
3121 3265 3252 3320 quae
3296 3264 3403 3305 sua
3430 3264 3637 3307 evene-

1938 3355 1998 3396 re
2031 3348 2382 3409 tempestate,
2426 3339 2621 3393 valeas
2652 3339 2861 3395 habere
2890 3339 3126 3394 delecta.

2011 3430 2102 3498 (⁸⁸)
2135 3429 2268 3481 ΙΒιι).
2320 3457 2377 3467 -
2425 3427 2674 3482 Castelli
2721 3443 2854 3498 ergo
2902 3426 3069 3480 nulla
3100 3424 3442 3498 antiquitas.
3495 3427 3636 3482 Gra-

1938 3516 2103 3584 phice
2177 3514 2540 3570 Codieiacum
2605 3514 2676 3568 ad
2741 3521 2984 3569 mentem
3049 3516 3302 3569 auctoris
3369 3515 3638 3570 describit

1939 3602 2206 3671 Papirius
2260 3603 2462 3666 Masso,
2528 3603 2583 3656 in
2634 3603 2905 3671 Descript.
2955 3604 3157 3657 Franc.
3215 3616 3314 3672 per
3357 3603 3633 3657 flumina:

1941 3710 1968 3738 α
2015 3687 2348 3744 Codiciacus
2394 3697 2478 3744 est
2528 3689 2684 3744 locus
2725 3688 2840 3744 situ
2882 3689 2996 3745 alto
3039 3697 3215 3759 atque
3257 3688 3552 3756 eminenti,
3584 3699 3641 3746 et

1941 3778 2286 3833 naturaliter
2324 3778 2546 3831 munito
2575 3790 2642 3832 ac
2671 3777 3002 3846 despicienti
3037 3778 3296 3847 undique
3324 3778 3638 3848 subjectam

1942 3865 2236 3934 planitiem
2295 3865 2607 3920 admodum
2674 3865 2938 3930 fertilem,
3005 3880 3136 3935 quae
3195 3880 3400 3921 sumen
3473 3874 3639 3922 terrae

1941 3954 2050 4008 dici
2104 3961 2304 4023 potest.
2360 3953 2720 4008 Codieiaeum
2786 3968 2954 4008 nemo
3007 3953 3161 4023 quod
3211 3955 3388 4009 sciam
3451 3955 3642 4024 appel-

1942 4041 2100 4108 lavit,
2132 4041 2231 4110 qui
2269 4049 2402 4096 ante
2434 4041 2816 4096 Flodoardum
2850 4041 3079 4097 vixerit.
3110 4042 3174 4096 In
3207 4042 3418 4098 ﬁnibus
3447 4051 3640 4098 autem

1942 4130 2342 4186 Lauduuensis
2390 4130 2552 4185 urbis
2597 4139 2650 4184 et
2697 4131 3057 4198 episcopatus
3096 4131 3406 4187 collocatus
3447 4139 3551 4197 est,
3586 4139 3641 4187 et

1941 4219 2154 4273 finibus
2186 4218 2702 4273 Viromanduorum
2732 4218 3078 4273 continetur.
3110 4239 3138 4266 ››

1870 4301 1914 4355 D
2012 4304 2109 4376 (⁵⁷)
2157 4309 2286 4362 lem.
2328 4336 2396 4346 —
2442 4305 2662 4371 Ftuvio,
2711 4322 2878 4375 quem
2923 4323 3104 4378 supra
3147 4305 3399 4362 diximus
3455 4305 3640 4378 Aqui-

1939 4394 2020 4461 la,
2067 4401 2173 4450 etc.
2221 4393 2438 4464 Vulgus
2480 4408 2635 4448 nunc
2678 4393 2886 4461 Etette,
2936 4402 2991 4450 et
3040 4394 3280 4460 Ailette,
3321 4394 3642 4463 antiquitas

1940 4497 2074 4538 vero
2100 4480 2349 4552 Aiglette
2373 4482 2640 4550 appellat.

2011 4569 2100 4639 (⁸⁸)
2145 4571 2278 4625 Imp.
2328 4600 2396 4608 —
2437 4568 2500 4622 Si
2540 4568 2770 4633 femina:
2812 4568 3068 4623 nondum
3109 4571 3258 4623 nata
3295 4583 3417 4638 qua
3465 4573 3641 4622 Deum

1938 4662 1993 4712 et
2037 4657 2321 4711 hominem
2381 4660 2527 4711 esset
2562 4658 2855 4728 genitura.
2911 4656 3122 4711 Similis
3171 4657 3239 4711 de
3287 4656 3497 4726 insigni
3544 4657 3639 4712 illo

1941 4746 2270 4801 Carnotensi
2314 4745 2523 4814 templo
2574 4745 2800 4800 traditio
2837 4752 2938 4808 est,
2972 4744 3124 4813 quod
3159 4758 3360 4812 nempe
3389 4757 3423 4798 a
3470 4744 3642 4800 Drui-

1940 4835 2028 4889 dis
2058 4841 2189 4888 ante
2214 4833 2385 4888 Verbi
2419 4833 2707 4888 lncarnati
2753 4833 3065 4887 adventum
3108 4831 3338 4902 Virgini
3363 4831 3641 4902 pariturae

1940 4923 2112 4979 fuerit
2169 4921 2517 4977 dedicatum.
2587 4920 2710 4986 Qua
2768 4921 2836 4974 de
2899 4934 2958 4974 re
3024 4920 3394 4975 statuendum
3456 4920 3638 4975 habeo

1940 5010 2104 5065 nihil.

2011 5096 2101 5169 (‘9)
2156 5097 2288 5153 CAP.
2354 5097 2418 5149 ll.
2491 5126 2557 5135 —
2607 5094 2852 5148 Castelli
2899 5099 3092 5150 autem
3139 5093 3324 5166 ipsius
3375 5095 3479 5148 sub
3504 5095 3636 5164 fio-

1937 5184 2280 5240 renlissimis
2323 5182 2704 5256 principibus,
2760 5192 2865 5238 etc.
2916 5184 3404 5239 Codiciacensium
3450 5183 3633 5238 domi-

1940 5289 2145 5330 norum
2175 5274 2466 5329 historiam
2501 5272 2686 5328 texuit
2708 5272 2980 5327 Andrznas
3011 5272 3309 5326 Duchesne
3335 5285 3347 5325 :
3382 5285 3634 5341 quorum

1938 5364 1984 5419 si
2015 5364 2155 5434 quid
2186 5364 2327 5418 scire
2361 5364 2641 5431 peroptas,
2678 5361 2834 5415 hunc
2862 5361 2976 5424 adi,
3011 5359 3174 5415 faciet
3202 5360 3356 5414 satis.

2011 5449 2100 5520 (⁷ο)
2161 5441 2304 5505 Ιιςιυῖ
2358 5479 2423 5487 —
2483 5447 2911 5501 Humiliarensi
2965 5446 3310 5502 monasterio
3364 5452 3632 5519 praeerat.

1943 5539 2247 5596 Historiam
2298 5539 2416 5594 sive
2478 5537 2682 5593 seriem
2741 5535 3018 5594 abbatum
3079 5538 3408 5594 monasterii
3458 5535 3637 5606 hujus
