3924 6090
292 326 424 379 1115

1300 323 1393 378 AD
1433 324 1584 405 OPP.
1628 323 1787 379 VEN.
1829 321 2155 380 GUIBERTI
2199 322 2289 381 DE
2330 323 2725 380 NOVIGENTO

3656 325 3794 381 1116

283 459 780 515 observationibus
830 456 1037 513 nostris
1078 456 1331 512 intexere
1373 465 1564 512 actum
1615 472 1785 528 agere
1822 457 1978 513 vide-
2017 458 2063 510 A
2089 457 2331 514 Parisios
2352 466 2616 528 precatus
2635 466 2717 515 est
2743 458 3081 529 praedictum
3108 460 3334 515 Patrem
3365 459 3788 529 (Guillelmum)

284 560 406 616 rer;
438 546 720 616 siquidem
753 546 808 600 in
841 546 948 600 hoc
975 553 1316 616 argumento
1347 546 1534 615 ample
1562 560 1629 600 ac
1659 546 1979 615 pererudite

285 634 567 690 laboravit
617 640 840 688 nostras
887 633 1163 689 Claudius
1214 635 1543 690 Hemeraeus
1590 635 1804 701 doctor,
1838 635 1976 690 dum

285 722 594 787 adviveret,
651 721 973 778 Sorbonicae
1038 721 1337 788 societatis,
1392 723 1662 789 Historia,
1715 723 1804 777 cui
1850 723 1980 777 titu-

285 809 392 875 lus,
419 811 682 880 Augusla
721 809 1240 864 Viromanduorum
1279 809 1597 877 illustrata,
1650 824 1778 882 pag.
1808 813 1896 875 65,
1924 817 1979 866 et

284 911 317 951 a
351 911 482 967 pag.
518 899 586 950 94
616 897 686 952 ad
719 899 807 950 99.
1378 895 1390 907 '

355 986 568 1042 Verum
601 1000 671 1040 ne
719 985 944 1055 penitus
988 985 1256 1056 jejunum
1308 986 1547 1057 legentis
1593 987 1849 1043 animum
1884 1001 1977 1043 re-

285 1073 567 1144 linquam,
632 1074 980 1143 paucissima
1027 1088 1099 1129 ex
1147 1088 1274 1145 pag.
1340 1077 1404 1127 65
1454 1089 1740 1144 apponere
1788 1075 1976 1131 visum

282 1168 408 1216 est:
444 1180 471 1212 (ι
519 1161 598 1216 Ad
651 1162 798 1230 ipsos
845 1176 986 1230 pene
1036 1175 1232 1216 muros
1277 1162 1554 1232 Augusta:
1589 1163 1660 1231 (S.
1695 1163 1975 1229 Quintini)

283 1249 691 1304 monasterium
746 1249 1198 1316 Humolariense,
1267 1251 1445 1320 Eligio
1513 1260 1742 1322 regente
1797 1253 1980 1308 cathe-

282 1337 443 1391 dram
519 1338 970 1404 Noviomensem,
1051 1338 1199 1394 mira
1278 1353 1601 1394 nonnarum
1679 1340 1978 1396 sanctitate

282 1423 571 1492 inclaruit,
626 1433 749 1480 tum
815 1441 950 1481 vero
1007 1426 1277 1493 maxime,
1329 1442 1458 1482 cum
1507 1434 1588 1483 est
1637 1429 1978 1497 praefectura

280 1513 406 1583 ejus
471 1513 823 1583 Hunegundi
892 1514 1100 1584 virgini
1171 1516 1586 1571 commendata.
1650 1516 1777 1571 Haec
1851 1525 1977 1572 orta

281 1600 606 1656 Lambaidis
666 1601 1001 1669 domicellis,
1075 1601 1225 1657 binis
1306 1602 1647 1658 milliaribus
1715 1604 1786 1659 ab
1861 1609 1974 1661 Au-

280 1693 468 1756 gusta,
504 1693 608 1741 etc.
663 1686 895 1756 Scripsit
939 1688 1066 1758 ejus
1114 1688 1290 1742 vitam
1339 1689 1626 1745 Bernerus
1670 1689 1872 1759 abbas,
1921 1698 1974 1746 et

278 1773 715 1846 chorographus
770 1776 1188 1832 reformationis
1238 1777 1364 1848 ejus
1408 1778 1536 1847 loci,
1585 1779 1693 1834 sub
1742 1780 1974 1836 Alberto

219 1879 232 1886 ‘
279 1861 378 1917 Pio
417 1861 621 1918 comite
654 1862 1204 1930 Viromanduorum,
1241 1877 1334 1918 an.
1369 1866 1472 1919 948
1518 1866 1712 1936 ejectis
1745 1868 1972 1932 nonnis,

278 1965 409 2020 quze
443 1964 476 2004 a
523 1951 721 2020 regula
764 1951 1119 2006 defecissent.
1160 1970 1187 2002 ι)
1236 1954 1292 2008 8.
1351 1954 1733 2024 Hunegundis
1782 1955 1972 2012 Vitam

279 2037 426 2094 inter
489 2038 766 2093 Surianas
813 2046 1145 2095 sanctorum
1197 2039 1369 2106 Vitas,
1431 2041 1520 2096 die
1569 2045 1634 2096 25
1686 2043 1969 2114 Augusti:

277 2125 628 2195 Przeceptum
663 2139 798 2181 vero
849 2125 1120 2181 Ludovici
1162 2127 1555 2196 Ultramarini,
1609 2130 1677 2185 de
1709 2131 1973 2186 inducen-

276 2213 362 2268 dis
420 2213 716 2269 monachis
775 2213 830 2268 in
889 2214 1211 2270 ctenobium
1263 2217 1709 2284 Humolariense,
1761 2219 1970 2274 sancti-

277 2300 627 2356 monialibus
679 2301 956 2372 expulsis,
1007 2317 1110 2358 nec
1154 2319 1266 2358 non
1310 2305 1568 2360 diversas
1617 2321 1747 2376 quae
1796 2307 1866 2361 ad
1916 2307 1971 2362 id

276 2395 531 2456 spectant
580 2388 910 2444 monasterii
958 2389 1188 2446 chartas
1237 2394 1482 2461 reperies
1528 2394 1586 2448 in
1640 2402 1860 2465 regesto
1898 2396 1970 2450 ad

275 2475 486 2530 calcem
520 2476 768 2545 praefatae
801 2477 955 2545 hist.,
986 2492 1116 2548 pag.
1144 2481 1214 2532 29
1242 2487 1296 2534 et
1325 2495 1441 2547 seq.
1701 2470 1704 2472 ’

346 2560 432 2632 (⁷⁸)
481 2563 614 2617 Intn.
663 2594 733 2604 —
769 2563 1096 2620 Henricum
1154 2567 1464 2622 casnobiolo
1523 2568 1703 2624 etiam
1750 2572 1971 2640 pra/foe

274 2655 416 2704 rent.
475 2650 637 2717 Quod
703 2652 1015 2708 Henricum
1071 2654 1255 2710 tribus
1308 2657 1595 2712 asceteriis
1638 2659 1967 2727 prafectum

275 2738 496 2802 audias,
542 2739 774 2794 minime
807 2740 908 2795 tibi
939 2741 1299 2797 suadendum
1343 2751 1446 2811 est,
1479 2758 1676 2800 eorum
1717 2744 1970 2802 redditus

275 2837 342 2879 ac
401 2825 754 2882 substantias
799 2828 855 2882 in
911 2829 1195 2897 privatam
1258 2830 1560 2887 utilitatem
1632 2847 1963 2904 usurpasse,

274 2913 442 2982 quasi
487 2915 766 2986 sacrilegii
814 2917 941 2972 labe
1004 2931 1072 2972 ac
1129 2927 1300 2987 peste,
1351 2928 1525 2990 atque
1572 2921 1858 2978 obstinata
1900 2937 1968 2978 ea

274 3000 629 3072 malignitate
691 3003 1021 3071 laborasset,
1092 3019 1222 3074 quae
1283 3013 1337 3061 et
1400 3010 1709 3064 subsecuta
1756 3010 1968 3066 saecula

275 3087 414 3142 adeo
460 3087 674 3156 infecit,
726 3099 789 3146 ut
845 3105 1258 3162 quamcunque
1307 3095 1647 3151 medicinam
1695 3097 1968 3154 hactenus

275 3177 579 3245 respuisse,
618 3178 938 3249 vicisseque
982 3179 1270 3251 videatur;
1318 3197 1522 3252 nempe
1565 3185 1814 3241 nefanda
1847 3186 1962 3254 illa,

274 3275 476 3331 regum
512 3265 911 3336 principumve
955 3270 1331 3336 concessione,
1380 3271 1745 3328 abbatiarum
1789 3274 1966 3330 eccle-

275 3346 609 3418 siarumque
656 3351 984 3409 reddituum
1035 3355 1090 3408 in
1121 3354 1268 3410 laica
1312 3356 1432 3412 sive
1475 3358 1776 3414 saecularia
1805 3359 1968 3416 bene-

275 3433 402 3488 ficia
463 3435 744 3508 divulsio;
813 3447 1013 3495 contra
1080 3455 1214 3497 vero
1276 3442 1398 3498 haec
1453 3457 1628 3498 onera
1675 3445 1783 3502 sibi
1833 3448 1967 3516 poni

273 3523 616 3592 patiebatur,
667 3540 852 3599 eaque
903 3528 1108 3584 lubens
1158 3530 1409 3598 subibat,
1469 3533 1732 3602 exempla
1775 3536 1968 3592 subse-

272 3619 442 3668 cutus
493 3615 900 3683 praeclarorum
967 3618 1237 3690 religione
1298 3627 1352 3674 et
1421 3621 1720 3678 sanctitate
1778 3624 1967 3680 archi-

271 3701 718 3770 mandritarum,
781 3705 1066 3762 Benedicti
1137 3706 1500 3774 Anianensis,
1564 3723 1631 3763 ac
1677 3710 1966 3767 Guillelmi

274 3787 634 3846 Divionensis
677 3793 797 3847 sive
843 3793 1220 3860 Fiscanensis,
1258 3794 1361 3863 qui
1399 3809 1651 3852 canones
1701 3801 1966 3856 monasti-

272 3889 384 3941 cos,
429 3877 612 3932 aetatis
657 3879 796 3936 vitio
843 3880 1204 3948 deformatos,
1245 3883 1316 3938 ad
1368 3884 1677 3955 antiquum
1723 3886 1962 3943 nitorem

271 3975 640 4022 revocarunt.

344 4053 421 4108 De
480 4055 678 4123 priori,
751 4057 1020 4113 Ludovici
1092 4059 1172 4114 Pii
1241 4059 1371 4130 imp.
1438 4061 1689 4132 diploma
1732 4072 1863 4119 tom.
1915 4066 1964 4120 II

271 4138 479 4196 Concil.
529 4142 675 4212 Gal.,
725 4153 780 4200 et
821 4146 1056 4214 epistola
1103 4149 1332 4203 Patrum
1383 4148 1586 4204 Indani
1633 4152 1962 4208 monasterii

270 4228 342 4283 ad
375 4231 684 4286 monachos
721 4232 1076 4290 Anianenses
1125 4236 1182 4289 in
1233 4234 1385 4292 calce
1411 4237 1570 4300 Viue,
1621 4252 1752 4307 quae
1790 4254 1964 4309 opera

268 4315 522 4386 ejusdem
549 4317 600 4372 S.
635 4319 914 4375 Benedicti
950 4323 1234 4390 praecedit.

340 4405 418 4461 De
483 4415 676 4463 sancto
739 4407 1038 4465 Guillelmo
1098 4411 1418 4467 cbronicon
1486 4427 1590 4467 ms.
1660 4415 1960 4472 Besuensis

268 4494 595 4548 monasterii
629 4495 798 4566 cujus
827 4504 882 4553 et
920 4497 1098 4554 abbas
1126 4499 1233 4554 fuit
1267 4515 1280 4553 :
1309 4521 1336 4548 ‹‹
1370 4500 1583 4556 Verum
1618 4503 1758 4572 quia
1788 4517 1962 4574 super

269 4593 499 4651 gregem
527 4583 634 4638 sibi
670 4585 1036 4641 commissum
1069 4586 1257 4642 solerti
1287 4587 1547 4658 vigilavit
1576 4603 1735 4654 cura,
1765 4592 1962 4648 divina

269 4670 585 4737 promeruit
626 4674 810 4742 gratia
839 4674 908 4729 de
955 4675 1144 4730 fructu
1179 4689 1418 4744 operum
1466 4691 1707 4734 suorum
1759 4680 1813 4735 in
1854 4681 1961 4737 hac

267 4757 519 4826 gaudere
549 4759 698 4815 vita:
732 4775 868 4816 nam
908 4762 1229 4831 regularem
1268 4763 1649 4834 disciplinam,
1683 4782 1813 4837 qua;
1838 4769 1959 4838 jam

265 4844 550 4902 deciderat
589 4863 691 4918 per
730 4857 990 4904 veterum
1039 4851 1465 4921 negligentiam,
1511 4864 1680 4924 prout
1726 4864 1961 4912 sanctus

268 4933 605 4992 Benedictus
677 4951 804 4992 eam
869 4939 1188 5008 composuit
1252 4939 1308 4995 in
1372 4942 1679 5010 pristinum
1745 4952 1955 5000 statum

266 5021 600 5092 corrigendo
629 5025 995 5092 restauravit,
1032 5040 1098 5080 ac
1146 5040 1245 5095 per
1289 5028 1546 5085 diversas
1586 5031 1788 5087 mundi
1820 5046 1960 5101 par-

267 5116 367 5175 tes,
401 5123 500 5178 per
547 5110 717 5179 plura
759 5114 1103 5169 monasteria
1151 5128 1183 5170 a
1213 5117 1462 5186 regulari
1513 5117 1737 5174 tramite
1768 5118 1954 5184 devia,

268 5203 382 5252 tam
410 5211 513 5267 per
552 5213 612 5253 se
661 5213 836 5269 quam
871 5215 970 5270 per
1016 5217 1168 5270 suos,
1220 5219 1367 5274 quos
1399 5205 1634 5261 abbates
1661 5206 1961 5261 ordinave-

265 5292 372 5350 rat,
405 5286 718 5343 monastico
765 5289 950 5344 ordini
984 5291 1256 5347 subdidit.
1297 5313 1320 5340 ι
1370 5293 1440 5348 Et
1475 5292 1626 5348 infra
1657 5293 1826 5349 refert
1857 5295 1957 5364 qui

266 5381 472 5442 rogatu
537 5376 804 5432 Richardi
872 5379 1405 5435 Northmannorum
1471 5382 1633 5437 ducis
1703 5383 1957 5453 regimen

263 5465 572 5529 susceperit
602 5465 844 5520 abbatize
879 5467 1252 5522 Fiscanensis.
1295 5470 1426 5523 Item
1461 5469 1588 5525 aliis
1619 5470 1952 5541 iuterjectis:

267 5568 293 5598 (ι
343 5549 625 5606 Robertus
669 5555 839 5609 etiam
889 5570 991 5610 rex
1035 5557 1325 5613 abbatiam
1377 5557 1432 5617 S.
1483 5558 1754 5615 Germani
1802 5562 1956 5630 apud

2088 551 2151 599 ut
2193 545 2520 614 susciperet,
2555 554 2610 601 et
2653 546 2971 601 secundum
3005 546 3329 617 regularem
3365 546 3788 603 institutionem

2086 632 2399 699 ordinaret,
2432 634 2584 702 quod
2615 641 2668 688 et
2699 633 2845 688 fecit.
2891 634 3002 688 Nec
3049 649 3164 688 non
3197 641 3250 689 et
3295 634 3414 689 Odo
3445 649 3635 690 comes
3664 633 3791 704 pari

2087 720 2388 778 devotione
2445 723 2632 778 locum
2683 722 2733 778 S.
2793 723 3032 777 Faronis
3103 723 3160 776 in
3227 723 3370 778 urbe
3440 723 3789 787 Meldarum,

2086 808 2268 864 eidem
2305 811 2587 866 commisit
2618 810 2934 866 venerabili
2981 811 3165 880 Patri;
3205 811 3298 866 sed
3333 820 3387 865 et
3435 811 3796 866 honorabilis

2091 898 2297 967 prmsul
2356 899 2619 955 Metensis
2676 899 2942 954 Ecclesiae
2990 898 3380 954 Theodericus
3425 899 3795 954 Gorsiensem

2087 983 2377 1039 abbatiam
2409 985 2604 1040 eodem
2662 985 2778 1040 zelo
2825 985 2919 1039 Dei
2972 984 3396 1039 commendavit
3449 985 3546 1047 illi,
3607 1007 3628 1032 ι
3679 993 3795 1040 etc.

2087 1072 2343 1141 Denique
2378 1071 2426 1127 S.
2475 1072 2713 1143 Benigni
2758 1072 3075 1127 Chronicon
3108 1072 3326 1126 calamo
3353 1080 3682 1139 exaratum,
3737 1073 3796 1127 in

2089 1161 2357 1216 Brunone
2397 1161 2644 1230 episcop.
2694 1161 2931 1232 Lingon.
2983 1180 3009 1211 α
3061 1161 3316 1216 Domnus
3364 1168 3554 1216 autem
3591 1161 3799 1216 Bruno

2086 1249 2456 1305 considerans
2503 1251 2729 1306 Patrem
2797 1249 3148 1304 Willelmum
3223 1250 3299 1304 ita
3364 1248 3683 1304 ferventem
3734 1249 3795 1304 in

2085 1336 2360 1407 religione
2407 1351 2473 1391 ac
2521 1337 2836 1393 monastica
2874 1337 3250 1403 institutione,
3295 1345 3349 1392 et
3384 1337 3503 1391 loca
3532 1338 3581 1392 ei
3633 1343 3794 1392 eis

2086 1425 2389 1480 commissa
2427 1426 2496 1481 de
2526 1426 2614 1480 die
2648 1425 2703 1479 in
2737 1426 2884 1480 diem
2921 1424 2977 1479 in
3024 1425 3230 1480 melius
3265 1425 3556 1495 proiicere,
3590 1427 3794 1481 omnia

2087 1512 2142 1566 in
2177 1527 2281 1567 suo
2327 1513 2660 1582 episcopatu
2705 1513 3046 1568 monasteria
3082 1512 3258 1582 ipsius
3289 1513 3597 1583 delegavit,
3649 1528 3792 1583 pro-

2084 1599 2370 1666 videntiae,
2411 1622 2430 1648 ι
2465 1609 2571 1656 etc.

2156 1686 2249 1757 (⁷³)
2279 1690 2410 1745 IBID.
2446 1719 2514 1728 -——
2547 1688 2626 1742 Et
2650 1690 2767 1745 San
2789 1689 3177 1756 Quintinemis
3203 1689 3274 1743 de
3300 1691 3516 1757 Monte,
3544 1696 3656 1745 etc.

2014 1750 2054 1803 Β
2085 1750 2391 1844 Ιηήίοηιθ,
2429 1776 2500 1832 ab
2532 1777 2676 1832 urbe
2723 1750 2940 1832 Perona
2981 1777 3166 1846 primo
3212 1777 3419 1846 lapide,
3465 1750 3786 1846 disparato,

2083 1861 2355 1917 collocata
2402 1869 2484 1917 est
2531 1862 2761 1918 abbatia
2813 1863 2866 1918 S.
2911 1863 3200 1932 Quintini;
3250 1871 3335 1918 est
3365 1863 3517 1918 enim
3567 1863 3685 1918 alia
3728 1863 3784 1918 S.

2081 1949 2354 2015 Quintino
2410 1965 2574 2006 sacra
2631 1951 2909 2020 Augustas
2967 1951 3519 2016 Viromanduorum,
3578 1951 3782 2021 vulgo,

2082 2035 2352 2107 I’Abbaye
2379 2036 2544 2105 d'lle,
2577 2052 2677 2092 seu
2706 2037 2774 2093 de
2821 2038 2971 2105 l’Ile,
3021 2038 3254 2094 abbatia
3304 2039 3356 2094 S.
3408 2039 3670 2104 Quintini
3726 2039 3781 2093 in

2080 2125 2294 2190 Insula,
2337 2125 2418 2180 sic
2465 2133 2823 2196 nuncupata,
2867 2126 3023 2196 quod
3068 2135 3381 2196 antequam
3412 2126 3555 2182 urbs
3579 2127 3778 2181 eadem

2081 2227 2115 2268 a
2174 2214 2430 2284 Philippo
2487 2215 2532 2269 II
2584 2214 2992 2286 Hispaniarum
3038 2230 3171 2287 rege
3236 2224 3560 2285 caperetur,
3618 2230 3781 2271 secus

2080 2300 2384 2358 Somonam
2441 2303 2685 2358 fluvium
2741 2311 2990 2359 exstaret
3044 2318 3056 2357 :
3102 2318 3258 2358 nunc
3302 2318 3437 2359 vero
3483 2303 3671 2358 media
3723 2304 3777 2358 in

2080 2390 2223 2446 urbe
2253 2394 2528 2461 Augustin
2559 2391 3097 2448 Viromanduorum.
3134 2392 3211 2448 De
3241 2405 3359 2462 qua
3397 2391 3677 2463 Sigebert.
3707 2393 3778 2447 ad

2079 2491 2173 2532 an.
2209 2478 2331 2533 964.

2150 2565 2474 2621 Monasterii
2550 2565 2740 2622 Sancti
2799 2565 3057 2633 Quintini
3121 2568 3189 2623 de
3251 2568 3455 2627 Monte.
3517 2567 3638 2624 solo
3704 2568 3778 2623 ab

2076 2653 2491 2709 Northmannis
2529 2654 2838 2724 adaequati,
2873 2654 3048 2710 nullae
3080 2656 3246 2711 nobis
3277 2656 3610 2724 superstites
3643 2665 3781 2712 sunt

2077 2741 2367 2810 prima:sz
2399 2741 2752 2797 fundationis
2798 2750 2968 2809 notze,
3006 2751 3212 2812 praeter
3239 2743 3454 2798 litteras
3483 2744 3779 2799 Adalberti

2078 2829 2604 2886 Viromanduorum
2655 2831 2921 2886 comitis:
2971 2845 3001 2887 e
3041 2831 3257 2902 quibus
3295 2831 3776 2887 instaurationem

2076 2916 2290 2985 pariter
2330 2924 2385 2972 et
2447 2917 2870 2988 aliquantulam
2932 2918 3171 2989 originis
3223 2917 3481 2988 ejusdem
3529 2919 3780 2975 cwnobii

2076 3005 2336 3061 notitiam
2370 3007 2656 3074 percipere
2685 3013 2787 3062 est.

2151 3114 2174 3142 α
2228 3095 2347 3164 Ego
2411 3093 2757 3149 Adalbertus
2819 3107 3006 3149 comes
3049 3100 3250 3149 notum
3298 3108 3420 3150 esse
3475 3095 3605 3149 volo
3659 3103 3776 3150 tam

2077 3181 2455 3252 praesentibus
2535 3195 2711 3252 quam
2776 3181 3009 3246 futuris,
3083 3184 3140 3236 in
3207 3196 3330 3238 meo
3391 3183 3776 3239 Virodunensi

2075 3269 2350 3325 comitatu
2398 3270 2470 3325 ab
2532 3269 2771 3340 antiquo
2836 3277 3088 3340 tempore
3131 3271 3416 3326 exstitisse
3473 3272 3775 3327 ecclesiam

2077 3357 2134 3412 in
2184 3358 2402 3414 honore
2462 3359 2644 3414 sancti
2697 3357 2957 3422 Quintini
3003 3358 3272 3429 martyris
3319 3359 3664 3426 dedicatam,
3718 3362 3771 3414 in

2075 3455 2266 3502 monte
2315 3449 2505 3514 sitam,
2550 3447 2723 3517 juxta
2769 3447 2962 3502 vicum
3014 3447 3312 3514 Peronam,
3364 3462 3543 3516 quam
3585 3463 3773 3518 quon-

2074 3535 2206 3590 dam
2258 3536 2562 3606 Dagoberti
2611 3535 2759 3605 regis
2823 3535 3179 3602 auctoritate,
3239 3535 3578 3591 Erchenaldi
3639 3551 3775 3606 prae-

2075 3623 2200 3678 fecti
2234 3624 2558 3691 donatione,
2608 3623 2788 3680 sancti
2837 3623 3006 3694 Eligii
3039 3624 3327 3693 pontiﬁcis
3359 3623 3774 3692 benedictione,

2075 3712 2319 3768 Ultanus
2357 3713 2592 3783 quidam
2646 3727 2853 3784 genere
2905 3712 3124 3774 Scotus,
3173 3711 3520 3780 professione
3569 3727 3779 3767 mona-

2073 3801 2236 3867 chus,
2324 3800 2722 3857 ecclesiasticis
2805 3800 3218 3865 sanctionibus,
3300 3814 3367 3855 ac
3447 3802 3782 3857 monasticis

2074 3888 2323 3944 instituit
2391 3888 2868 3956 institutionibus,
2939 3888 3165 3943 abbatis
3227 3888 3441 3944 honore
3508 3889 3777 3956 functus;

2073 3984 2195 4046 post
2239 3976 2406 4047 cujus
2454 3977 2585 4033 vitae
2628 3991 2948 4041 excessum,
3000 3977 3247 4042 incuria,
3290 3991 3357 4032 ac
3388 3978 3780 4034 barbarorum

2070 4064 2436 4120 insectatione
2495 4065 2567 4119 ad
2600 4073 2819 4121 tantam
2869 4063 3277 4120 desolationem
3337 4065 3459 4134 ipsa
3511 4069 3780 4134 pervenit

2070 4153 2306 4208 ecclesia
2336 4160 2398 4208 ut
2441 4153 2538 4208 vix
2582 4167 2716 4208 rara
2746 4154 3001 4223 antiquae
3033 4152 3401 4209 habitationis
3430 4163 3780 4223 apparerent

2073 4241 2332 4312 vestigia.

2148 4351 2174 4379 ‹‹
2213 4329 2372 4384 Hanc
2401 4328 2579 4400 igitur
2609 4343 2710 4399 pro
2738 4343 2875 4384 mea:
2914 4328 3163 4385 remedio
3205 4329 3432 4397 animae,
3468 4331 3783 4398 praedeces-

2070 4431 2263 4473 sorum
2315 4416 2433 4472 sive
2478 4417 2772 4473 haeredum
2821 4431 3082 4472 meorum
3129 4417 3331 4484 salute,
3382 4418 3582 4472 divina
3626 4433 3781 4474 com-

2071 4514 2319 4576 punctus
2350 4505 2742 4575 inspiratione,
2768 4505 2913 4576 jussi
2937 4520 2972 4562 a
2993 4505 3367 4561 fundamento
3399 4507 3776 4570 rezedificare,

2067 4603 2120 4652 et
2152 4594 2356 4650 abbate
2393 4594 2719 4659 constituto,
2761 4608 2890 4650 cum
2932 4594 3166 4650 consilio
3200 4593 3450 4649 ﬁdelium
3485 4609 3776 4662 meorum,

2067 4683 2357 4739 abbatiam
2407 4682 2606 4738 studui
2654 4683 2889 4752 dotare;
2929 4682 3130 4752 sicque
3179 4683 3236 4737 in
3293 4689 3636 4753 perpetuum
3686 4699 3780 4739 ra-

2067 4779 2212 4838 tum,
2241 4779 2297 4826 et
2335 4770 2739 4826 inconvulsum
2768 4784 3122 4840 permanere.

2145 4883 2164 4910 ι
2202 4861 2390 4931 Hujus
2430 4863 2623 4915 autem
2670 4859 2815 4915 dotis
2847 4874 2938 4915 res
2976 4859 3064 4915 ha:
3114 4866 3284 4915 sunt:
3322 4859 3387 4914 In
3421 4873 3566 4930 pago
3607 4861 3775 4917 Viro-

2067 4949 2314 5005 dunensi
2360 4947 2566 5004 villula
2613 4961 2749 5015 una,
2799 4961 2931 5017 qua
2976 4946 3190 5002 dicitur
3236 4947 3576 5016 Aisilcourt;
3619 4956 3675 5003 et
3716 4951 3776 5004 in

2067 5038 2189 5108 ipso
2247 5051 2417 5107 pago,
2468 5037 2524 5091 in
2592 5035 2729 5090 villa
2791 5035 3124 5091 Curticulus
3172 5043 3527 5104 nuncupata,
3581 5039 3774 5092 mansi

2066 5135 2298 5195 septem,
2369 5131 2424 5180 et
2488 5125 2760 5180 medietas
2820 5123 3070 5179 ecclesiae
3131 5123 3201 5178 de
3266 5124 3537 5192 Duriaco,
3613 5127 3770 5194 apud

2065 5212 2374 5269 Castellum
2405 5211 2685 5281 Nigellum
2731 5225 2905 5280 super
2953 5211 3198 5267 fluvium
3250 5211 3488 5282 l’Ingon,
3536 5221 3772 5280 pontem

2065 5312 2196 5353 cum
2252 5305 2402 5353 terra
2449 5297 2806 5366 appendente
2857 5295 2956 5352 ibi.
3007 5298 3071 5351 In
3120 5298 3318 5368 Tegeri
3357 5298 3530 5354 hamo
3582 5303 3772 5356 mansi

2066 5385 2210 5454 duo;
2262 5392 2315 5441 et
2363 5385 2420 5440 in
2470 5385 2608 5441 villa
2664 5399 2794 5455 quae
2844 5385 3056 5440 dicitur
3101 5389 3323 5441 Sanctae
3368 5386 3771 5457 Radegundis,

2068 5474 2249 5528 mansi
2279 5481 2409 5528 tres.
2444 5475 2506 5527 In
2541 5474 2665 5526 vico
2700 5473 2974 5527 medietas
2995 5472 3223 5539 capella)
3255 5472 3445 5527 Sancti
3478 5474 3772 5540 Quintini,

2065 5576 2197 5618 cum
2225 5560 2662 5631 quattuordecim
2693 5559 3032 5630 hospitibus.
3066 5562 3130 5616 In
3161 5560 3298 5616 villa
3335 5561 3562 5630 Alania,
3600 5579 3779 5634 super
