3932 6084
172 313 304 367 1H7

167 447 414 504 fluvium
468 446 643 514 Halle,

166 535 353 601 lenda,
389 542 444 590 et
474 543 636 604 prato
671 549 806 590 uno.
858 535 942 590 Ad
999 535 1298 592 ecclesiam
1353 536 1606 606 ejusdem
1656 535 1866 591 montis

166 621 398 691 respicit
427 621 586 688 villa,
617 637 748 691 qua:
785 622 1062 689 vivarius,
1105 636 1236 678 cum
1287 623 1408 678 suis
1446 623 1862 694 adjacentibus,

166 724 338 779 super
368 711 611 766 fluvium
642 710 1020 766 Grinsionem.
1057 713 1119 765 In
1175 711 1330 778 villa,
1363 727 1494 782 quae
1541 713 1728 768 Douin
1759 727 1864 766 vo-

167 805 354 866 catur,
398 798 788 854 molendinum
839 813 1042 863 unum,
1093 814 1225 855 cum
1283 801 1448 856 tertia
1500 807 1658 870 parte
1719 798 1866 868 prati

169 885 244 941 ibi
278 886 669 956 appendentis.
722 888 782 940 In
843 901 988 957 pago
1034 888 1410 957 Suessionico,
1458 888 1518 943 in
1569 888 1705 943 villa
1735 903 1866 957 qua:

166 974 458 1029 Allemans
486 982 746 1042 vocatur,
783 982 892 1029 tres
929 976 1135 1044 mansi,
1186 991 1316 1032 cum
1350 976 1512 1032 curia
1550 963 1866 1032 indominié

168 1069 315 1117 cata.

243 1172 263 1198 ι
302 1150 359 1204 In
407 1149 495 1204 his
541 1165 677 1220 ergo
735 1151 964 1207 domino
1035 1159 1229 1208 sancto
1293 1153 1565 1217 Quintino
1629 1152 1867 1223 martyri

165 1236 315 1290 datis
367 1237 558 1303 rebus,
629 1239 826 1294 nullus
903 1240 1196 1296 haeredum
1246 1241 1333 1296 vel
1410 1240 1864 1310 propinquorum

166 1337 448 1389 meorum,
481 1340 597 1380 non
626 1340 832 1394 comes,
864 1343 970 1382 nec
1006 1329 1336 1396 vicecomes,
1383 1343 1488 1384 nec
1519 1330 1645 1399 ejus
1675 1328 1867 1383 liberas

168 1410 540 1481 ingenuitatis
609 1413 797 1480 homo,
857 1415 1078 1492 aliquid
1131 1417 1336 1472 amodo
1397 1417 1638 1487 accipiat
1693 1431 1868 1472 causa

164 1500 616 1567 consuetudinis,
651 1515 752 1556 seu
801 1503 1212 1571 advocationis,
1256 1519 1369 1560 non
1411 1505 1690 1571 bannum,
1751 1521 1866 1560 non

159 1586 466 1657 justitiam,
544 1602 657 1643 non
743 1589 1171 1658 districtionem,
1223 1592 1329 1647 nisi
1409 1593 1555 1648 ﬁdeli
1634 1601 1867 1662 precatu

165 1674 348 1744 ipsius
401 1675 644 1732 abbatize
698 1678 942 1734 abbatis.
991 1679 1154 1743 Quod
1201 1681 1304 1750 qui
1354 1680 1666 1752 infringere
1715 1695 1867 1751 prm-

165 1765 494 1833 sumpserit,
561 1779 660 1834 pro
691 1780 810 1821 suae
861 1769 1196 1824 temeritatis
1246 1769 1487 1825 ausibus
1517 1769 1693 1825 ternis
1722 1770 1868 1825 sub—

160 1852 349 1922 jaceat
420 1853 936 1922 maledictionibus,
1007 1864 1061 1912 et
1115 1857 1360 1926 publicis
1428 1866 1658 1913 coactus
1721 1857 1869 1913 resi-

167 1940 382 2009 piscere
409 1949 673 1998 teneatur
718 1943 960 2014 legibus.
1021 1946 1204 2016 Cujus
1241 1947 1481 2002 actionis
1533 1953 1700 2002 testes
1729 1946 1865 2001 lau-

165 2029 392 2084 datores
419 2031 837 2087 conﬁrmarunt
881 2048 893 2086 :

241 2138 262 2163 «
301 2117 421 2187 Ego
450 2118 795 2173 Adalbertus
851 2133 1056 2188 comes,
1109 2122 1210 2190 qui
1252 2121 1398 2191 jussi
1452 2120 1591 2182 fieri,
1651 2121 1867 2176 conﬁr—

165 2218 319 2259 mavu

239 2314 259 2339 ι
291 2291 346 2345 8.
381 2290 662 2348 Heriberti
703 2308 848 2348 com.
883 2297 937 2351 S.
997 2294 1230 2350 Vidonis
1273 2309 1417 2349 com.
1470 2294 1523 2349 8.
1570 2294 1862 2349 Philberti.

163 2377 218 2433 S.
253 2379 570 2434 Luntberti.
628 2380 680 2436 S.
736 2381 1031 2437 Walchisi.
1068 2385 1122 2437 S.
1157 2382 1384 2438 Odonis.
1447 2382 1502 2436 8.
1555 2382 1765 2437 lvonis.
1808 2381 1862 2437 S.

163 2466 384 2522 Boslevi
426 2466 480 2522 8.
555 2467 878 2523 Walcelini.
926 2470 977 2524 8.
1040 2469 1332 2525 Amalrici.
1385 2470 1438 2525 8.
1493 2469 1760 2525 Walneri.
1809 2471 1861 2525 8.

161 2554 394 2610 Odonis.
427 2555 480 2611 S.
524 2556 819 2612 Macharii.

240 2660 258 2686 ι
298 2641 416 2711 Ego
469 2642 846 2712 Leudulphus
877 2645 1340 2701 Wermandensis
1370 2659 1437 2700 ac
1473 2645 1866 2701 Noviomensis

165 2727 430 2784 Ecclesiae
457 2729 756 2800 episcopus
786 2733 1120 2802 subscripsi,
1155 2734 1513 2789 conﬁrmavi.

240 2837 260 2862 ι
325 2821 529 2872 Actum
580 2817 638 2872 in
687 2819 848 2874 curia
905 2820 1094 2877 Sancti
1143 2821 1398 2888 Quintini
1448 2823 1537 2877 die
1588 2822 1866 2891 passionis

166 2904 444 2973 ejusdem.
483 2927 504 2953 ι

1413 312 1630 370 ΒΟΜΝΙ
1670 311 1729 366 L.
1771 308 2118 366 D’ACHERY
2156 311 2378 368 NOTAE.

3532 311 3669 365 1118

719 447 1017 503 duodecim
1064 447 1329 518 hospites,
1379 463 1510 504 cum
1559 455 1711 504 terra
1759 462 1858 502 co—
1895 448 1941 499 A
1973 446 2188 515 przedia
2230 445 2642 517 facultatesque
2692 445 2990 502 monachis
3038 446 3198 502 desse
3247 445 3452 515 voluit)
3511 460 3664 502 anno

1973 533 2234 588 videlicet
2272 536 2423 588 1028.

2044 621 2134 674 Ill.
2170 621 2486 676 Balduinus
2523 635 2595 676 ex
2645 621 2823 678 nobili
2877 622 3152 678 comitum
3217 621 3496 677 Flandrize
3549 621 3668 676 Na-

1975 709 2276 778 murcique
2305 710 2572 778 prosapia
2603 709 2794 765 clarus
2827 712 2982 765 1028.

2044 798 2137 851 1V.
2169 798 2538 853 Walteranus
2567 797 2706 853 obiit
2745 801 2893 852 1040.

2046 885 2111 940 V.
2173 886 2542 942 Walteranus
2598 886 2666 950 II,
2726 901 2879 942 anno
2931 887 3083 940 1040.
3145 885 3345 954 Hujus
3398 883 3674 940 Ecclesiae

1976 973 2103 1044 (fert
2145 973 2568 1046 Necrologium)
2639 973 3105 1046 sapientissimus
3169 973 3482 1038 ordinator,
3539 975 3595 1026 et
3635 988 3684 1026 a.

1970 1061 2375 1128 fundamentis
2404 1061 2733 1130 wdiﬁcator.
2771 1065 2986 1120 Verum
3048 1063 3153 1132 piae
3198 1059 3674 1132 peregrinationis

1976 1149 2162 1220 gratia
2199 1164 2331 1206 cum
2363 1151 2600 1206 Romam
2647 1153 2913 1217 venisset,
2945 1151 3098 1215 {inibi
3130 1151 3262 1206 vitae
3289 1151 3458 1204 finem
3491 1149 3672 1218 impo-

1976 1239 2110 1306 suit,
2145 1246 2197 1293 et
2227 1253 2438 1308 corpus
2467 1239 2860 1309 sepeliendum
2893 1238 3144 1309 reliquit.

2045 1326 2566 1393 Vl.Gaudefridus,
2628 1331 2780 1382 1058.
2833 1328 2981 1382 Eum
3036 1325 3395 1381 commendat
3424 1324 3482 1378 in
3516 1324 3675 1379 hunc

1975 1415 2212 1470 modum
2263 1415 2531 1471 Nicolaus
2575 1416 2892 1471 monachus
2935 1416 3074 1470 Vita
3120 1414 3300 1469 sancti
3342 1411 3672 1468 Gaudefridi

1972 1501 2098 1572 (qui
2131 1503 2392 1558 abbatem
2453 1503 2611 1558 illum
2660 1503 3021 1558 educatorem
3081 1501 3304 1571 habuit)
3343 1501 3439 1556 lib.
3475 1516 3510 1566 ι,
3545 1512 3670 1568 cap.

1972 1593 2051 1644 2:
2095 1613 2115 1638 ι
2170 1593 2267 1646 Est
2316 1590 2534 1646 celebre
2581 1591 2990 1646 monasterium
3039 1590 3099 1644 in
3146 1589 3672 1644 Viromanduorum

1977 1679 2118 1743 Solo,
2160 1679 2217 1733 in
2271 1679 2332 1733 Β.
2387 1678 2642 1745 Quintini
2705 1680 2976 1749 martyris
3032 1679 3305 1733 honorem
3355 1677 3670 1741 conditum,

1977 1769 2208 1822 Peronze
2238 1767 2446 1837 oppido
2473 1767 2885 1837 propinquum.
2923 1768 2992 1823 Et
3027 1780 3127 1836 per
3158 1766 3212 1821 id
3261 1773 3485 1834 tempus
3521 1777 3674 1832 prae-

1976 1860 2098 1907 erat
2145 1851 2236 1907 vir
2293 1853 2424 1921 pius
2476 1853 2815 1908 Godefridus
2842 1861 2897 1908 et
2944 1866 3169 1907 morum
3224 1849 3568 1920 integritate,
3618 1855 3674 1904 et

1976 1940 2202 2010 generis
2244 1940 2539 1996 nobilitate
2603 1940 2814 1996 clarus.
2871 1940 3001 1996 Fuit
3064 1939 3216 1994 enim
3268 1945 3510 2007 patruus
3562 1936 3674 1991 Idae

1979 2028 2105 2082 ﬁlia:
2148 2028 2361 2084 Alberti
2418 2028 2754 2085 nobilissimi
2826 2028 3047 2083 comitis
3092 2024 3485 2091 Namurensis,
3541 2038 3674 2093 quae

1969 2115 2172 2186 juncta
2228 2116 2593 2172 matrimonio
2621 2116 2852 2187 egregio
2899 2115 3118 2171 consuli
3153 2113 3506 2169 Boloniensis
3537 2125 3674 2181 pro-

1975 2205 2179 2260 vinciae
2252 2205 2582 2270 Eustachio,
2637 2213 2740 2260 etc.
2795 2204 2932 2270 Quae
2982 2203 3215 2274 quidem
3270 2201 3482 2256 idcirco
3531 2199 3671 2255 mihi

1975 2301 2419 2349 commemorata
2464 2301 2600 2349 sunt
2632 2301 2692 2348 ut
2725 2292 2898 2362 possit
2927 2290 3164 2361 intelligi
3220 2303 3404 2361 genus
3455 2288 3674 2344 illustre

1978 2383 2117 2438 tanti
2152 2383 2352 2451 Patris,
2400 2397 2570 2453 quem
2625 2390 2846 2438 constat
2882 2381 3054 2437 etiam
3101 2379 3261 2450 gregi
3309 2393 3413 2434 suo
3461 2391 3675 2449 magna

1975 2487 2116 2527 cura
2144 2473 2490 2543 invigilasse,
2520 2472 2792 2542 religione
2843 2470 3300 2532 celeberrimum,
3352 2467 3672 2522 litterarum

1975 2561 2231 2622 scientia.
2271 2571 2324 2617 et
2379 2576 2568 2616 rerum
2622 2574 2857 2630 quoque
2905 2567 3275 2614 externarum
3328 2563 3383 2610 et
3413 2555 3676 2625 politica-

1975 2662 2105 2703 rum
2162 2648 2364 2718 peritia
2429 2648 2767 2718 cumprimis
2805 2649 3150 2703 instructum
3208 2645 3398 2700 fuisse.
3430 2646 3476 2711 1»
3534 2644 3671 2697 Item

1975 2738 2159 2793 multa
2185 2751 2306 2807 cap.
2335 2741 2388 2804 3,
2420 2739 2453 2791 4
2481 2744 2535 2792 et
2594 2751 2714 2808 seq.
2767 2736 3023 2807 ejusdem
3057 2735 3186 2789 libri
3232 2733 3302 2788 de
3349 2730 3670 2813 Godefrido.

2043 2826 2250 2880 Anima
2283 2827 2546 2881 exhalata
2579 2825 2858 2880 caelestem
2900 2824 3140 2892 patriam
3175 2821 3313 2876 adiit
3347 2821 3500 2874 1098.

2044 2915 2162 2970 VII.
2197 2915 2492 2980 Henricus,
2532 2916 2686 2980 1098,
2746 2925 2986 2969 summae
3039 2910 3262 2980 pietatis
3310 2909 3400 2965 vir
3455 2922 3524 2962 ac
3561 2907 3668 2962 do-

237 2991 602 3064 Subjicienda
633 3003 906 3064 praeterea
948 3003 1030 3052 est
1061 2998 1335 3054 abbatum
1369 2999 1560 3054 brevis
1615 2999 1866 3054 chrono—
1904 3014 1944 3068 ο
1974 3002 2173 3058 ctrina;
2203 3003 2439 3057 decessit
2471 3005 2625 3056 1133.

167 3079 316 3151 logia
345 3096 375 3136 e
405 3084 640 3138 vetustis
669 3084 920 3155 ejusdem
973 3087 1214 3143 cosnobii
1260 3088 1475 3142 chartis
1528 3101 1595 3143 ac
1642 3086 1864 3142 ruderi-

169 3168 277 3222 bus
307 3169 378 3224 ab
409 3171 632 3226 erudito
679 3186 844 3242 aeque
872 3187 939 3228 ac
994 3174 1242 3230 facundo
1291 3176 1356 3230 R.
1400 3175 1455 3230 Ρ.
1507 3176 1716 3231 domno
1745 3174 1864 3230 Ste-

168 3256 359 3325 phano
420 3258 469 3314 le
497 3259 662 3328 iGris,
709 3275 868 3316 nunc
907 3269 1116 3318 nostrae
1163 3264 1620 3334 congregationis
1680 3263 1866 3332 priore

168 3346 548 3415 meritissimo,
583 3347 953 3419 deprompta;
999 3360 1070 3418 et,
1107 3367 1178 3407 ne
1229 3351 1554 3407 institutum
1604 3359 1863 3406 nostrum

169 3437 728 3504 praetergrediamur,
770 3437 1018 3494 breviori
1066 3454 1182 3510 quo
1222 3441 1536 3509 poterimus
1564 3439 1708 3509 stylo
1737 3453 1860 3494 eam

166 3523 595 3581 contrahemus.

165 3665 641 3739 Chronologicum
655 3669 927 3724 abbatum
942 3670 1281 3726 monasterii
1301 3671 1501 3728 Sancti
1522 3670 1777 3743 Quintim
1795 3671 1864 3725 de

686 3759 886 3814 Monte
915 3759 1319 3814 summarium.

237 3878 591 3936 Protoabbas
654 3890 890 3938 sanctus
957 3884 1217 3954 Ultanus,
1281 3885 1339 3940 in
1390 3885 1658 3942 Hibernia
1709 3886 1864 3956 regio

166 3969 449 4038 sanguine
505 3978 855 4038 procreatus,
916 3974 1129 4028 eximia
1184 3983 1304 4030 tum
1373 3974 1690 4039 sanctitate,
1741 3982 1862 4030 tum

166 4056 338 4114 etiam
380 4058 704 4113 monasticae
773 4059 1088 4130 disciplinae
1154 4063 1358 4131 peritia
1405 4063 1661 4128 illustris,
1712 4077 1865 4117 anno

167 4153 447 4213 reparata:
486 4146 687 4202 salutis
735 4149 836 4201 643
883 4149 1128 4205 abbatiaa
1168 4150 1358 4205 Sancti
1413 4151 1665 4217 Quintini
1707 4151 1865 4204 Mon—

167 4233 342 4287 tensis
368 4235 440 4288 ab
487 4235 845 4291 Erchenaldo
901 4238 1424 4294 Viromanduorum
1480 4239 1682 4293 comite
1717 4253 1863 4307 prie-

2041 3091 2191 3146 Vlll.
2228 3091 2411 3160 Hugo,
2449 3093 2608 3145 1133.
2643 3089 2816 3145 Desiit
2866 3103 3019 3144 anno
3081 3088 3234 3140 1148.
3266 3086 3408 3140 Jura
3449 3097 3672 3153 posses-

1974 3179 2277 3249 sionesque
2325 3179 2603 3248 approbat
2653 3179 2948 3248 Eugenius
2981 3189 3129 3246 papa
3178 3175 3254 3228 IIl
3315 3173 3404 3228 his
3432 3172 3669 3227 verbis:

2043 3268 2337 3338 Eugenius
2363 3269 2684 3337 episcopus,
2717 3280 2918 3322 servus
2947 3276 3246 3318 servorum
3277 3259 3395 3325 Dei,
3440 3257 3672 3328 Hugoni

1973 3357 2167 3412 abbati
2214 3357 2542 3411 monasterii
2602 3354 2790 3410 Sancti
2836 3351 3092 3416 Quintini
3145 3350 3215 3404 de
3263 3349 3463 3408 Monte.
3517 3345 3671 3416 quod

1975 3445 2032 3498 in
2081 3457 2226 3515 pago
2287 3443 2690 3499 Vermandensi
2741 3443 2912 3497 situm
2961 3448 3064 3503 est,
3112 3439 3355 3508 ejusque
3397 3433 3672 3490 fratribus

1972 3540 2087 3588 tam
2119 3533 2497 3602 praesentibus
2555 3545 2732 3600 quam
2789 3528 3018 3594 futuris,
3079 3535 3186 3581 etc.
3216 3522 3523 3593 Apostolici
3555 3535 3671 3576 mo-

1973 3621 2282 3676 deraminis
2312 3619 2624 3674 clementize
2653 3619 2920 3674 convenit
2951 3614 3244 3685 religiosos
3269 3612 3522 3682 diligere,
3555 3617 3664 3666 etc.

1983 3708 2128 3762 Vide
2154 3707 2215 3761 in
2244 3709 2501 3778 Eugenio
2521 3707 2719 3762 IlIad
2746 3723 2842 3760 an.
2879 3707 3031 3759 1153.

2042 3802 2194 3851 ατο
2257 3797 2348 3850 ΙΧ.
2417 3796 2694 3865 Regerius
2766 3809 2838 3850 ex
2895 3789 3321 3862 Aquicinctensi
3386 3787 3666 3843 monacho

1973 3886 2152 3941 abbas
2191 3885 2396 3940 Montis
2422 3884 2475 3939 S.
2531 3883 2791 3947 Quintini
2833 3889 3062 3938 creatur
3097 3882 3250 3934 1148.
3287 3879 3514 3946 De-quo
3544 3876 3668 3932 Bio-

1975 3973 2232 4044 graphus
2262 3973 2322 4027 B.
2356 3972 2587 4028 Gosvini
2646 3971 2738 4026 lib.
2773 3986 2830 4039 ιι,
2889 3983 3012 4038 cap.
3058 3970 3137 4034 l2,
3196 3965 3297 4021 ubi
3350 3963 3666 4033 discipulo-

1975 4075 2104 4116 rum
2168 4060 2510 4115 venerabilis
2565 4061 2820 4130 ejusdem
2865 4058 2970 4112 viri
3022 4054 3362 4111 mentionem
3405 4051 3664 4108 faciens:

1981 4173 2000 4199 ι
2046 4150 2340 4219 Bogerius,
2379 4149 2586 4218 inquit,
2618 4149 2858 4202 Montem
2899 4146 2952 4200 S.
2987 4143 3239 4209 Quintini
3273 4156 3386 4197 non
3417 4139 3668 4210 segniter

1973 4237 2336 4293 observabat.
2371 4258 2390 4283 ι
2426 4237 2692 4291 Humana
2718 4235 2948 4304 reliquit
2987 4247 3080 4287 an.
3121 4233 3273 4285 1150.

170 4322 388 4391 ﬁcitur;
421 4323 907 4391 quemadmodum
941 4337 1014 4379 ex
1053 4325 1302 4394 praefatis
1344 4325 1636 4382 Adalberti
1668 4326 1866 4381 litteris
1905 4309 1946 4362 Ῑ)
2047 4327 2119 4381 Χ.
2161 4328 2322 4395 Hugo
2354 4326 2426 4388 Il,
2483 4339 2576 4379 an.
2649 4326 2801 4379 1150.
2837 4344 2861 4369 ‹‹
2899 4322 3064 4391 Hugo
3092 4320 3271 4375 abbas
3311 4313 3668 4373 Corbeiensis

168 4419 527 4479 perspectum
562 4410 824 4466 habetur.

238 4498 324 4552 Ad
356 4512 593 4567 superos
617 4499 856 4554 excessit
885 4514 1038 4555 anno
1080 4499 1291 4556 Christi
1321 4503 1442 4555 686.

239 4587 310 4641 II.
347 4586 684 4652 Evraldum,
737 4588 1053 4644 instaurate
1091 4588 1454 4653 monasterio,
1510 4589 1568 4643 in
1600 4587 1863 4643 abbatem

163 4681 544 4743 assumptum,
578 4675 790 4730 eaedem
822 4675 1053 4744 signant
1098 4676 1298 4731 litterae
1336 4689 1490 4730 anno
1530 4689 1658 4731 εει-ω
1688 4675 1861 4742 ;Chri-

162 4763 364 4818 stianm
412 4763 535 4816 943.
595 4763 812 4820 Verum
859 4763 1153 4820 enimvero
1215 4777 1396 4834 pauco
1447 4771 1572 4833 post
1613 4771 1864 4833 tempore

162 4851 267 4922 (sic
299 4851 574 4907 nimirum
611 4851 990 4906 vicissitudini
1040 4860 1216 4922 atque
1243 4852 1581 4908 detrimento
1638 4859 1864 4908 terrena

159 4940 412 4995 subsunt
443 4944 596 4992 (H9
640 4939 930 5010 universa)
975 4955 1212 4995 rursum
1257 4955 1322 4995 eo
1369 4955 1556 5010 usque
1603 4939 1864 4994 decidere

159 5044 197 5084 a
243 5027 485 5097 pristina
533 5027 949 5083 instauratione
995 5028 1254 5089 aediﬁcia,
1311 5036 1374 5083 ut
1424 5028 1579 5084 cellae
1626 5042 1862 5097 nomen,

159 5117 375 5172 nedum
463 5115 706 5170 abbatiae
769 5115 1002 5172 titulum
1075 5114 1388 5185 praeferret.
1460 5118 1531 5172 At
1580 5117 1864 5172 Robertus

159 5205 327 5262 urbis
352 5204 586 5259 Perome
639 5203 939 5273 praefectus
986 5203 1260 5274 religione
1316 5205 1626 5272 praeclarus
1653 5204 1776 5273 (qui
1809 5204 1863 5259 id

160 5292 270 5348 loci
314 5292 448 5362 jure
508 5291 761 5347 beneﬁcii
823 5290 1184 5361 possidebat),
1236 5291 1481 5348 obtentis
1537 5305 1570 5346 a
1621 5293 1864 5347 Boberto

160 5381 515 5438 Francorum
550 5394 680 5451 rege
728 5378 947 5446 litteris,
989 5379 1185 5449 inique
1219 5393 1562 5449 possessores
1618 5379 1866 5436 faculta-

164 5478 287 5525 tum
321 5468 643 5523 monasterii
703 5468 893 5523 ablata
951 5469 1247 5523 restituere
1303 5469 1472 5537 cogit,
1521 5483 1588 5522 ac
1615 5477 1864 5538 postmo-

162 5557 305 5612 dum
371 5558 492 5611 suis
551 5555 880 5627 Sumptibus
951 5556 1275 5612 coenobium
1357 5557 1594 5612 resarcit
1659 5561 1865 5629 (neque

1970 4421 2024 4468 et
2052 4413 2228 4483 hujus
2259 4412 2736 4485 congregationis.
2773 4433 2793 4458 ι
2829 4409 3212 4467 Obituarium.

2048 4503 2202 4557 Lucii
2227 4504 2296 4556 III
2348 4503 2629 4572 pontiﬁcis
2682 4499 2919 4556 maximi
2976 4497 3251 4565 scriptum
3307 4491 3556 4564 Hugoni,
3607 4489 3666 4545 in

1971 4605 2086 4658 quo
2116 4591 2358 4647 ρωποι)Ῑί
2388 4590 2815 4646 immunitatum
2865 4595 2918 4642 et
2969 4584 3362 4653 exceptionem
3410 4580 3668 4635 sancitur

1971 4679 2281 4733 auctoritas
2310 4679 2583 4734 traditum
2604 4685 2687 4733 est
2717 4679 2824 4733 hac
2854 4676 3054 4730 forma.

2045 4765 2276 4830 Lucius,
2308 4780 2512 4822 servus
2557 4779 2852 4822 servorum
2903 4764 3022 4823 Dei,
3058 4760 3274 4816 dilectis
3309 4757 3439 4812 ﬁliis
3473 4756 3665 4812 abbati

1973 4853 2178 4908 Montis
2206 4856 2261 4910 8.
2298 4853 2577 4919 Quintini,
2625 4855 2868 4924 ejusque
2921 4850 3194 4906 fratribus
3247 4855 3360 4901 tam
3412 4859 3666 4916 prasen-

1975 4943 2124 4997 tibus
2164 4956 2338 5012 quam
2387 4943 2617 5010 futuris,
2681 4949 2786 4998 etc.
2838 4941 3110 4996 EtTectum
3161 4937 3320 5008 justa
3365 4933 3667 5004 postulan-

1972 5031 2126 5085 tibus
2156 5029 2474 5100 indulgere,
2502 5037 2609 5085 etc.
2661 5029 2805 5085 Vide
2841 5031 2902 5084 in
2930 5026 3100 5084 Lucio
3131 5027 3234 5080 III
3256 5023 3333 5080 ad
3358 5038 3449 5077 an.
3508 5024 3663 5076 1185.

2041 5124 2183 5172 ou
2226 5117 2570 5187 Defungitur
2593 5119 2758 5188 Hugo
2791 5121 2947 5184 1182,
2990 5117 3109 5171 sive
3154 5117 3304 5168 1185.

2039 5207 2134 5261 XI.
2178 5205 2497 5261 Balduinus
2526 5207 2587 5258 Il.
2614 5205 2745 5275 Egit
2774 5205 3025 5259 animam
3060 5204 3212 5258 1188.

2045 5293 2170 5348 Xll.
2204 5293 2504 5348 Robertus.
2542 5293 2728 5362 Hujus
2767 5291 3148 5348 defunctionis
3188 5304 3380 5346 annus
3434 5287 3491 5342 in
3525 5287 3667 5341 Mar-

1975 5380 2250 5450 tyrologio
2288 5382 2440 5433 1192.

2046 5469 2190 5524 Xlll.
2223 5468 2532 5532 Walterus,
2569 5470 2721 5522 1192.
2752 5469 2804 5523 Is
2831 5467 3239 5527 monachorum
3293 5472 3495 5526 coactu
3530 5478 3668 5538 prac-

1973 5556 2206 5614 fecturae
2229 5557 2396 5612 cessit
2425 5571 2576 5611 anno
2601 5559 2757 5614 1198.
