3932 6084
251 261 391 316 1119

1275 253 1368 307 AD
1405 251 1556 307 OPP.
1597 248 1758 303 VEN.
1799 233 2124 304 GUIBERTI
2166 246 2258 301 DE
2295 245 2700 302 NOVIGENTO

3617 246 3768 300 H20

320 395 479 452 XIII.
516 392 821 448 Walterus.
857 390 923 443 II.
947 389 1012 444 In
1035 386 1220 444 atatis
1253 387 1408 453 ﬂore,
1443 385 1634 455 stirpis
1681 391 1736 440 et
1765 383 1943 439 animi
1981 387 2028 439 A
2132 383 2329 438 XXIV.
2364 383 2566 438 Petrus
2599 381 2669 435 de
2700 378 2963 434 Barm'lte
3006 392 3099 434 an.
3154 382 3308 434 1379.
3345 379 3481 447 Qua
3525 394 3762 450 supere-

251 483 581 556 praclarus,
612 478 875 535 omnium
907 491 1025 533 una
1063 489 1199 530 voce
1227 474 1477 546 eligitur.
1537 471 1944 529 Monasterium

248 580 480 628 strenue
526 569 664 624 adeo
714 568 882 632 rexit,
935 573 1000 620 ut
1057 577 1209 633 spem
1264 561 1560 632 superavit
1605 569 1659 616 et
1699 567 1942 614 atatem.

250 659 568 728 Disciplina
627 655 930 726 regularis,
978 661 1435 722 caterarumque
1486 651 1770 706 virtutum
1819 656 1947 704 stu—

247 747 602 803 diosissimus
632 744 755 800 fuit.
818 742 1137 798 Facultates
1187 740 1381 806 auxit;
1434 739 1706 794 excitavit
1763 737 1949 792 sacel-

249 835 367 890 lum
400 835 583 890 Beata
611 830 879 902 Virginis.
915 831 1211 900 Ingentem
1247 828 1621 898 pecuniarum
1662 839 1948 881 summam

248 937 364 992 quo
411 934 632 976 sacram
717 918 1008 974 basilicam
1065 931 1099 971 a
1163 914 1553 971 fundamentis
1608 919 1947 979 exstrueret,

247 1009 602 1081 aggregavit,
637 1007 753 1073 sed,
789 1014 967 1061 morte
1025 1011 1457 1074 praeoccupatus
1495 1016 1647 1056 anno
1710 1002 1862 1067 1241,
1895 999 1951 1055 id

246 1097 435 1166 operis
492 1093 796 1150 successori
859 1091 1269 1162 perﬁciendum
1329 1089 1580 1159 reliquit.
1635 1088 1778 1144 Sunt
1849 1087 1950 1157 qui

247 1183 566 1239 Walterum
597 1196 669 1237 ex
701 1179 909 1236 illustri
933 1179 1150 1234 familia
1172 1179 1241 1234 de
1275 1178 1630 1234 Hardccourt
1671 1175 1952 1246 originem

248 1273 456 1329 ducere
486 1270 796 1326 afﬁrmant.

318 1359 468 1416 XIV.
520 1359 711 1414 Simon
741 1358 811 1410 de
861 1355 1216 1409 Valencourt
1265 1355 1420 1407 1241.
1466 1351 1800 1417 Ecclesiam,
1859 1364 1953 1406 ve-

247 1447 432 1517 stigiis
488 1458 885 1515 supremaque
943 1443 1226 1498 voluntati
1282 1442 1565 1496 inharens
1623 1440 1713 1496 sui
1761 1439 1949 1495 deces-

248 1535 411 1599 soris,
443 1534 588 1588 mira
641 1537 953 1597 structura,
996 1546 1128 1601 qua
1175 1544 1334 1585 nunc
1389 1529 1611 1584 dierum
1672 1528 1950 1596 cernitur,

247 1620 821 1678 exadiiicavihCum
854 1627 1032 1676 morte
1063 1619 1239 1675 vitam
1293 1617 1669 1674 commutavit
1718 1631 1752 1672 a
1783 1622 1951 1686 partu

248 1710 504 1781 Virginis
524 1710 684 1764 1257.

318 1798 442 1855 XV.
511 1797 802 1854 Gerardus
854 1795 1196 1850 Peronensis
1241 1798 1396 1850 1257.
1472 1793 1954 1862 Jurium,,atque

251 1885 687 1942 immunitatum
733 1884 1050 1940 acerrimus
1091 1891 1504 1955 propugnator,
1546 1881 1952 1938 mortalitatem

247 1974 502 2044 explevit
536 1977 689 2028 1267.

322 2063 465 2118 XVI.
500 2062 780 2118 Bobertus
832 2064 988 2116 1267.
1047 2059 1246 2115 Itidem
1309 2059 1436 2115 forti
1470 2073 1590 2115 sese
1637 2057 1848 2124 animo,
1881 2070 1954 2112 ne

250 2151 553 2221 privilegia
607 2150 939 2206 monasterii
988 2148 1462 2218 infringerentur,
1516 2146 1800 2218 opposuit.
1840 2146 1954 2200 Ex-

249 2245 434 2294 trema
461 2245 625 2294 atate
653 2239 950 2303 suadente,
1010 2237 1160 2293 ultro
1201 2250 1419 2292 munus
1448 2234 1734 2292 abdicavit
1799 2247 1953 2290 anno

252 2329 386 2380 1275
408 2333 460 2382 et
491 2327 687 2396 paucis
715 2333 840 2396 post
868 2326 1072 2382 diebus
1102 2324 1270 2382 cessit
1290 2339 1320 2380 e
1361 2325 1502 2380 vita.
1569 2369 1574 2371 .

319 2416 485 2470 XVII.
520 2415 838 2471 Balduinus
881 2415 971 2481 Ill,
1023 2414 1178 2470 haud
1214 2413 1476 2484 religiose
1535 2411 1706 2484 gessit
1760 2411 1955 2482 prafe-

250 2511 493 2559 cturam.
527 2504 763 2560 Mortem
795 2502 1032 2572 oppetiit
1074 2504 1230 2556 1280.

320 2592 512 2647 XVIII.
547 2591 870 2647 Matthaus.
904 2590 1036 2646 Fuit
1084 2589 1239 2645 mitis
1291 2596 1347 2644 et
1397 2595 1756 2655 mansuetus,
1816 2601 1953 2643 nec-

249 2693 365 2736 non
398 2687 453 2735 et
487 2679 800 2735 multorum
857 2677 1228 2734 aediﬁciorum
1277 2685 1498 2733 auctor.
1560 2676 1765 2747 Migrat
1803 2689 1954 2731 anno

253 2769 408 2821 1293.

318 2855 448 2909 XIX.
479 2854 728 2910 Joannes
755 2853 825 2907 de
853 2852 1195 2920 Villaribus,
1224 2852 1337 2908 San
1367 2852 1777 2920 Quintinianus
1797 2850 1953 2907 haud

2054 480 2186 528 rant
2209 471 2548 527 facultatum
2580 469 2919 538 absumpsit,
2951 467 3308 535 obligurivit.
3340 468 3554 525 Occidit
3599 471 3760 524 1398.

2130 565 2280 614 θη
2323 559 2490 615 XXV.
2555 558 2858 614 Matthaus
2908 556 2978 614 de
3029 557 3210 626 Dury,
3259 559 3413 611 I398.
3463 556 3764 626 Singulari

2055 648 2319 719 signatur
2340 647 2712 717 parcimonia.
2759 644 2980 700 Etenim
3013 659 3144 700 cum
3179 645 3479 712 perniciem
3534 659 3766 714 posses-

2055 736 2336 804 sionibus,
2386 736 2570 792 labem
2614 733 2887 800 adificiis,
2947 732 3202 801 antiqua
3249 733 3536 803 splendori
3585 731 3765 787 disci-

2057 825 2228 895 plina
2259 824 2598 880 obnubilum
2643 824 2862 879 illatum
2899 820 3267 890 conspiceret,
3304 821 3573 878 universa
3629 821 3767 876 diu-

2058 920 2229 969 turno
2261 913 2474 980 labore,
2499 913 2780 968 industria
2838 923 3085 972 summa,
3120 910 3427 980 reparavit,
3489 910 3770 966 restituit-

2059 1017 2190 1073 que.
2226 1003 2458 1058 Natura
2491 1002 2769 1058 concessit
2805 1002 2958 1056 1413·

2131 1091 2324 1146 XXVI.
2359 1092 2608 1146 Joannes
2636 1091 2772 1146 Vde
2805 1093 3074 1148 Hennon.
3113 1093 3266 1147 1413.
3299 1089 3447 1146 Obiit
3478 1089 3633 1143 1438.

2131 1180 2357 1234 XXVII.
2413 1179 2660 1235 Jacobus
2729 1182 3022 1236 Rausson.
3091 1181 3255 1236 Prius
3320 1192 3351 1233 a
3399 1176 3578 1232 sacris
3627 1175 3819 1230 duci'

2060 1268 2444 1338 Burgundia;
2481 1267 2685 1323 deinde
2735 1270 3087 1326 monasticen
3146 1267 3448 1338 professus,
3503 1265 3773 1334 prioratu

2060 1356 2129 1411 de
2181 1357 2415 1411 Lehuno
2447 1355 2505 1410 in
2559 1358 2843 1425 sanguine
2882 1365 3030 1413 terso
3087 1356 3295 1428 (Lihon
3342 1371 3413 1408 en
3470 1351 3770 1419 Sanlerre)

2060 1441 2336 1510 donatur;
2401 1451 2520 1498 tum
2571 1444 2626 1498 8.
2687 1444 2940 1510 Quintini
2995 1445 3305 1500 Montensis
3363 1444 3513 1508 1461,
3565 1455 3632 1494 ac
3679 1453 3774 1508 po-

2061 1538 2268 1586 stremo
2297 1531 2548 1587 Corbeia
2579 1534 2783 1588 veteris
2830 1534 3009 1589 abbas
3039 1533 3290 1605 eligitur.
3354 1530 3774 1600 Octogenarius

1992 1661 2032 1714 Β
2063 1633 2216 1675 anno
2279 1621 2414 1674 1480
2459 1620 2749 1676 occubuit.
2787 1643 2808 1670 ι
2863 1622 2992 1677 Fuit
3026 1622 3243 1690 ubique
3291 1621 3383 1674 vir
3429 1617 3775 1674 mitissimus

2063 1709 2236 1778 (quod
2265 1708 2436 1764 refert
2481 1708 2798 1764 Chronicon
2851 1709 3187 1765 Corbeiense
3234 1709 3360 1775 ms.)
3413 1714 3591 1775 atque
3645 1720 3766 1775 per-

2060 1797 2372 1862 humanus,
2398 1804 2454 1854 et
2481 1797 2717 1853 scientia
2748 1798 3162 1869 grammaticali
3196 1796 3455 1867 apprime
3476 1794 3764 1858 eruditus,

2059 1884 2310 1954 optimus
2339 1885 2618 1958 scriptor;
2654 1886 3116 1956 magniﬁcusque
3147 1900 3214 1940 ac
3244 1883 3764 1954 splendidissimus,

2060 1974 2162 2042 qui
2212 1973 2342 2029 licet
2398 1973 2600 2029 humili
2651 1974 2772 2030 loco
2818 1983 2992 2030 natus
3036 1982 3201 2040 esset,
3259 1972 3531 2028 omnibus
3571 1979 3767 2026 tamen

2062 2060 2120 2116 in
2193 2061 2366 2117 rebus
2427 2061 2898 2130 praclarissimus
2944 2061 3144 2118 evasit.
3199 2059 3301 2116 Hic
3338 2058 3651 2113 admodum
3712 2058 3768 2110 in

2060 2149 2404 2205 communiis
2449 2157 2504 2205 et
2548 2149 2726 2205 canis
2778 2150 3012 2216 facetus,
3073 2157 3128 2205 et
3178 2149 3235 2203 in
3274 2147 3418 2217 jncis
3466 2145 3771 2201 cavillator

2056 2237 2534 2308 jucundissimus.
2574 2261 2594 2285 ιι
2630 2237 2792 2304 Quod
2837 2245 3046 2293 sancta
3079 2235 3293 2307 regula
3350 2233 3767 2290 monachorum

2061 2335 2236 2397 atque
2266 2326 2662 2382 institutorum
2709 2325 3227 2382 ecclesiasticorum
3274 2322 3539 2394 gravitati
3600 2320 3768 2391 longe

2063 2422 2367 2486 repugnat.

2138 2502 2378 2556 XXVIII.
2428 2503 2674 2558 Joannes
2702 2502 2776 2559 VI
2829 2504 3212 2573 Damquenel.
3261 2500 3453 2557 Vitam
3483 2513 3619 2554 cum
3675 2499 3774 2553 ab-

2064 2589 2219 2645 batia
2249 2591 2440 2660 posuit
2473 2592 2598 2646 1481
2614 2631 2627 2646 .

2131 2678 2336 2733 XXIX.
2373 2680 2621 2735 Joannes
2651 2679 2748 2735 Vll
2781 2678 3194 2750 Karquendlan
3223 2676 3534 2734 canonicus
3588 2675 3775 2730 Picta-

2061 2766 2275 2832 vensis,
2343 2774 2397 2822 et
2462 2768 2887 2836 protonotarius
2955 2767 3313 2836 apostolicus.
3385 2765 3486 2821 Hic
3543 2763 3773 2832 primus

2062 2853 2353 2910 abbatiam
2406 2855 2696 2923 subripuit
2749 2855 2804 2908 in
2848 2854 3242 2910 commendam
3317 2854 3472 2907 1481.
3530 2852 3605 2906 At
3654 2865 3772 2905 mo-

250 2941 486 3013 ignobili
515 2955 721 3012 genere
777 2940 1082 2996 oriundus.
1147 2943 1260 2996 Hac
1293 2941 1415 3010 ipsa
1441 2948 1786 3010 tempestate,
1818 2954 1951 2995 cum
1991 2955 2032 3010 α
2063 2941 2233 2996 nachi
2299 2940 2482 2997 multa
2536 2941 2616 2996 illi
2688 2940 2975 2996 facessunt
3037 2941 3319 3010 negotia;
3360 2938 3515 2994 unde
3591 2937 3769 2993 tadio

251 3030 440 3098 prisca
498 3029 764 3098 majestas
820 3028 1070 3084 ecclesia
1133 3029 1345 3084 montis
1392 3029 1444 3084 S.
1498 3027 1754 3093 Quintini
1797 3027 1955 3083 obso-

250 3115 498 3184 levisset,
529 3124 586 3172 et
634 3115 1106 3185 possessionibus,
1138 3117 1210 3172 ob
1253 3116 1444 3172 debita
1495 3131 1530 3171 a
1586 3117 1956 3186 pradecesso-

250 3204 414 3260 ribus
445 3211 756 3271 contracta,
799 3204 871 3259 ad
908 3212 1133 3260 exteros
1165 3205 1472 3268 translatis,
1529 3204 1956 3274 oppignoratis-

251 3306 385 3362 que,
435 3292 691 3347 omnium
749 3306 944 3348 rerum
977 3301 1197 3364 egestas
1252 3292 1546 3348 canobitis
1592 3291 1949 3361 obrepsisset,

251 3380 675 3436 calamitatibus
722 3379 954 3436 tandem
1000 3395 1308 3450 oppressus
1359 3380 1635 3436 Peronam
1686 3393 1744 3435 se
1806 3393 1954 3435 rece-

252 3468 352 3537 pit,
384 3467 503 3530 ubi,
538 3468 657 3523 vita
688 3469 746 3523 in
776 3467 966 3524 cinere
996 3476 1052 3524 et
1101 3469 1286 3525 cilicio
1323 3477 1572 3539 peracta,
1623 3477 1948 3524 extremum

251 3555 518 3626 spiritum
539 3555 834 3613 exhalavit
871 3560 1024 3612 1313.

314 3644 440 3699 XX.
499 3645 744 3700 Joannes
798 3645 866 3698 II.
931 3644 1237 3714 Splendida
1292 3645 1361 3700 de
1427 3644 1678 3701 Hinchin
1736 3644 1952 3700 familia

251 3739 442 3786 natus.
486 3731 583 3786 Rei
611 3730 930 3787 domestica
986 3731 1417 3787 administrator
1475 3731 1794 3788 industrius
1847 3746 1948 3787 no-

253 3825 428 3874 tatur.
477 3818 770 3888 Siquidem
814 3819 953 3889 ipse,
997 3834 1108 3876 are
1164 3820 1347 3876 alieno
1397 3828 1704 3890 gravatum
1759 3833 1952 3876 mona-

253 3906 511 3973 sterium,
567 3907 847 3978 singulari
878 3907 1233 3976 providentia
1288 3909 1643 3964 exoneravit.
1694 3908 1949 3964 Besarcit

253 3995 556 4064 plerasque
592 3995 740 4050 ades
777 3995 963 4051 ruinis
1011 3996 1364 4066 deturpatas.
1421 3996 1530 4052 Sex
1580 3997 1828 4053 maxime
1868 3996 1948 4052 illi

254 4097 344 4138 res
409 4083 818 4151 ecclesiastica,
900 4084 1264 4155 divinunque
1328 4085 1579 4142 ofﬁcium
1655 4086 1948 4142 decentius

254 4178 428 4240 atque
450 4171 723 4227 attentius
753 4173 1212 4241 persolvendum,
1266 4174 1422 4230 cordi
1473 4174 1652 4230 fuere.
1702 4174 1944 4229 Paterna

2063 3044 2294 3100 pressus
2321 3044 2677 3100 maroreque
2726 3030 3016 3086 confectus
3046 3028 3194 3083 diem
3253 3027 3458 3082 clausit
3501 3026 3660 3079 1487.

2134 3118 2306 3174 XXX.
2349 3119 2594 3174 Joannes
2624 3119 2749 3174 VIII
2803 3115 3086 3184 d’Estrée,
3140 3130 3213 3172 ex
3268 3117 3423 3170 avita
3472 3113 3770 3169 nobilitate

2062 3207 2340 3278 originem
2408 3207 2660 3274 trahens,
2708 3220 2776 3261 ac
2847 3203 3175 3260 monasticis
3241 3203 3545 3259 obstrictus
3593 3202 3762 3256 votis.

2061 3297 2252 3363 Ipsum
2272 3295 2331 3350 in
2364 3297 2586 3351 Patrem
2615 3301 2920 3350 assumunt
2955 3293 3184 3359 fratres;
3219 3291 3320 3362 qui
3365 3299 3420 3346 et
3444 3305 3478 3345 a
3535 3304 3767 3345 summo

2063 3383 2327 3453 pontifice
2383 3397 2535 3439 anno
2589 3383 2718 3438 1487
2761 3382 3054 3449 asseritur,
3103 3389 3277 3451 atque
3328 3378 3589 3450 insigniis
3635 3392 3768 3447 pon-

2060 3472 2368 3528 tilicalibus
2423 3473 2741 3528 adornatur
2807 3475 2963 3526 1505.
3018 3471 3222 3526 Terras
3293 3466 3563 3539 migravit
3609 3480 3766 3520 anno

2063 3559 2386 3630 inSequenti
2423 3563 2576 3616 1506.

2520 3647 2776 3703 Abbates
2801 3644 3296 3702 commendatur-ii.

2130 3735 2339 3790 XXXI.
2379 3735 2702 3791 Ludovicus
2731 3735 2800 3788 de
2829 3732 3059 3791 Constin
3109 3732 3342 3788 abbatia
3377 3729 3544 3786 simul
3577 3729 3768 3785 Souil-

2059 3821 2266 3878 lacensi
2296 3822 2595 3892 (Soui'llac)
2633 3823 2800 3878 titulo
2854 3821 3206 3878 commenda
3237 3820 3449 3891 potitus
3485 3825 3570 3873 est
3597 3821 3762 3872 1506.

2126 3911 2358 3966 XXXII.
2396 3911 2679 3966 Antonius
2721 3910 2996 3983 Ragault,
3056 3908 3326 3964 Ludovici
3379 3921 3571 3976 nepos,
3631 3920 3766 3975 pos-

2054 3999 2359 4056 sessionem
2386 3999 2525 4054 adiit
2553 4002 2704 4054 1527.

2127 4088 2387 4144 XXXIII.
2418 4089 2666 4144 Joannes
2693 4089 2758 4142 IX
2781 4087 2851 4140 de
2881 4085 3234 4153 Genouillac,
3263 4087 3416 4140 1532.

2129 4177 2381 4232 XXXIV.
2418 4176 2654 4232 Verdun
2682 4176 2759 4230 du
2785 4177 2940 4241 Μω,
2993 4176 3146 4228 1544.
3207 4173 3382 4228 Desiit
3411 4185 3563 4227 anno
3595 4175 3762 4226 1563.

253 4258 484 4314 demum
528 4259 586 4314 in
638 4260 949 4316 monachos
997 4269 1052 4316 et
1109 4275 1390 4330 pauperes
1451 4261 1667 4317 viscera
1722 4263 1949 4317 demon-
1985 4247 2028 4300 Ῑ)
2129 4263 2349 4318 XXXV.
2383 4263 2628 4320 Jacobus
2669 4262 3281 4334 d'Aplincourt,1563.
3330 4262 3372 4316 Ε
3418 4259 3602 4315 medio
3666 4259 3768 4315 tol-

252 4346 474 4402 stravit.
505 4348 565 4402 In
588 4347 792 4403 calum
831 4348 1142 4404 translatus
1162 4357 1246 4404 est
1275 4352 1429 4404 1337.

319 4432 468 4489 XXI.
501 4435 750 4490 Joannes
787 4437 882 4503 III,
916 4437 988 4492 ab
1025 4437 1323 4507 equitandi
1380 4436 1583 4506 peritia
1628 4437 1824 4508 Eques
1855 4452 1952 4507 ap-

255 4521 516 4590 pellatus.
619 4523 879 4593 Deposito
952 4523 1269 4579 canonicali
1345 4524 1567 4591 habitu,
1644 4525 1948 4582 collobium

252 4608 439 4666 induit
486 4612 822 4666 monachale
873 4613 928 4666 in
997 4611 1264 4667 asceterio
1320 4613 1619 4681 Montensi,
1673 4621 1726 4670 et
1772 4615 1951 4671 abbas

251 4712 480 4759 creatur
513 4699 665 4754 1337.
699 4699 1026 4755 Demoritur
1059 4702 1212 4753 1361.
1780 4697 1796 4716 ‘

323 4787 501 4842 XXII.
534 4789 780 4843 Joannes
809 4787 905 4855 IV,
942 4787 1012 4840 de
1049 4788 1342 4844 Hercourt
1366 4787 1436 4842 de
1465 4788 1736 4856 Combles,
1790 4792 1943 4844 1361.

250 4875 724 4947 Magniﬁcentiori
765 4884 1046 4946 apparatu
1085 4891 1260 4947 quam
1293 4878 1508 4934 humile
1534 4877 1742 4934 Christi
1792 4893 1950 4934 man-

249 4964 466 5034 cipium
516 4965 738 5021 deceret
795 4965 1126 5021 incedebat:
1187 4966 1280 5022 hic
1333 4966 1707 5022 nihilominus
1783 4967 1950 5038 longe

252 5054 466 5110 charus
492 5055 614 5110 suis
659 5053 876 5110 exstitit
932 5062 987 5110 et
1017 5053 1334 5110 familiaris.
1373 5055 1758 5111 Novissimum
1798 5055 1944 5110 diem

251 5142 456 5198 clausit
480 5145 635 5198 1370.

324 5230 515 5284 XXIII.
565 5230 732 5300 Hugo
784 5231 856 5285 III
912 5232 1188 5300 Augusta
1234 5229 1775 5298 Viromanduorum,
1832 5231 1950 5287 sive

253 5315 307 5370 S.
339 5317 592 5381 Quintini
645 5317 805 5372 civis.
859 5319 1014 5373 Bona
1066 5319 1418 5384 monasterii,
1475 5324 1670 5374 utrum
1729 5319 1944 5386 volens,

254 5419 327 5458 an
358 5404 431 5458 ob
462 5404 642 5472 ipsius
673 5405 1040 5460 aconomiam
1076 5407 1268 5463 minus
1314 5407 1632 5478 providam,
1667 5407 1945 5478 dilapida-

257 5491 356 5546 vit.
387 5491 555 5546 Desiit
584 5506 736 5547 anno
776 5497 923 5547 1379.

2056 4349 2196 4405 litur
2228 4353 2380 4404 1575.

2130 4438 2364 4495 XXXVI.
2422 4439 2763 4495 Franciscus
2810 4439 3111 4494 Pascanet.
3151 4437 3289 4508 Regi
3335 4437 3406 4492 ab
3452 4436 3766 4505 eleemosy-

2059 4526 2165 4592 nis,
2215 4535 2270 4582 et
2319 4527 2578 4582 Ecclesia
2635 4527 3008 4583 Bituricensis
3054 4525 3367 4582 canonicus
3409 4539 3560 4580 anno
3599 4526 3763 4578 1575.

2057 4614 2128 4669 At
2161 4629 2292 4669 vero
2334 4614 2667 4671 Marescallo
2695 4615 2766 4670 de
2799 4615 2860 4669 la
2880 4616 3134 4682 Chastre,
3187 4629 3359 4684 quem
3408 4614 3513 4670 sibi
3550 4627 3760 4683 procu,

2056 4710 2304 4758 ratorem
2335 4703 2639 4774 delegerat,
2673 4710 2981 4768 annuente,
3017 4703 3243 4758 abdicat
3274 4703 3561 4759 abbatiam
3596 4704 3760 4757 1596.

2123 4788 2396 4848 XXXVII.
2431 4791 2797 4848 Sebastianus
2844 4790 3088 4847 Robelz’n
3134 4791 3467 4847 Parisiensis
3519 4800 3765 4846 senatus

2056 4881 2309 4949 supremi
2351 4879 2632 4949 princeps.
2691 4879 2963 4936 Nicolaus
3015 4877 3316 4934 Damerval
3379 4877 3645 4932 dominus
3693 4878 3768 4932 de

2057 4968 2381 5034 Liencourt,
2415 4976 2572 5024 actor
2603 4968 2781 5038 ipsius
2812 4968 3045 5024 exstitit.
3072 4967 3224 5022 Abiit
3246 4980 3276 5020 e
3303 4966 3423 5020 vita
3453 4968 3609 5020 1613.

2129 5057 2442 5113 XXXVIII.
2477 5056 2753 5112 Claudius
2779 5056 3154 5127 d‘Argouges,
3188 5069 3304 5123 quo
3331 5067 3555 5109 morum
3587 5052 3765 5108 vita-

2057 5159 2170 5214 que
2202 5145 2614 5200 consuetudine
2644 5158 2808 5200 nemo
2839 5144 3047 5199 clarior
3076 5144 3182 5199 hac
3224 5151 3389 5198 atate
3438 5142 3564 5197 fuit.
3612 5143 3766 5196 Inita

2057 5233 2409 5302 possessione
2453 5235 2607 5300 1613,
2679 5231 3090 5288 monasterium
3149 5230 3406 5287 adiﬁciis
3446 5231 3761 5296 caducum,

2057 5320 2172 5374 imo
2204 5334 2378 5376 ruens
2407 5320 2466 5374 in
2493 5320 2760 5376 ultimum
2803 5333 2974 5389 prope
2997 5333 3216 5384 casum,
3250 5320 3477 5375 excitat.
3534 5318 3765 5373 Instau-

2055 5416 2145 5463 rat
2174 5422 2378 5478 nempe
2419 5423 2453 5463 a
2509 5408 2895 5464 fundamentis
2936 5408 3354 5474 dormitorium,
3414 5407 3764 5472 claustrum,

2053 5497 2373 5566 capitulum
2441 5495 2821 5556 refectorium.
2883 5503 2946 5552 ut
3013 5495 3184 5551 verbo
3236 5495 3524 5552 claudam.
3612 5493 3769 5548 ades
