3924 6090
144 307 275 360 1121

1385 306 1604 362 ΒΟΜΝΙ
1643 307 1702 361 L.
1745 305 2096 362 D’ACHERY
2138 306 2359 362 NOTAE.

3498 312 3635 365 “‘22

140 436 441 493 universas
465 435 778 506 regulares,
812 440 876 490 ut
918 442 1140 500 vocant,
1177 435 1297 491 suis
1328 444 1383 492 et
1420 437 1508 492 his
1551 436 1834 506 permaxi-
1871 442 1917 493 Α
2014 438 2237 493 Addam
2284 445 2339 493 et
2385 436 2683 507 antiquam
2732 437 3021 493 electionis
3086 437 3247 496 factze
3307 439 3633 507 formulam,

142 525 247 578 mis
300 524 570 593 impensis
612 523 807 579 extrui
851 523 1096 578 curavit.
1147 524 1322 580 Novis
1361 526 1630 594 operibus
1679 525 1838 580 basi-

140 612 307 667 licam
376 611 647 678 suﬁulsnt,
724 610 1012 666 decoravit
1080 611 1291 667 diversi
1367 613 1592 683 generis
1674 625 1840 668 sacra

134 700 489 770 supellectili,
559 699 713 755 vasis
767 700 1054 770 argenteis
1112 699 1498 770 locupletavit,
1583 709 1638 757 et
1685 702 1839 772 quod

136 801 432 843 summum
486 796 588 852 est,
658 787 934 858 quodque
1001 787 1110 858 ipsi
1167 790 1588 860 amplissimum
1628 805 1837 847 nomen

133 888 266 930 cum
315 873 621 928 immortali
672 873 854 944 gloria
902 875 1137 944 peperit,
1191 876 1476 947 regularis
1523 877 1839 946 disciplinae

137 960 532 1016 lucem‘Monti
565 960 755 1016 Sancti
792 959 1049 1026 Quintini
1094 963 1303 1019 inferre
1347 974 1670 1034 peroptans,
1716 980 1836 1020 mo-

140 1047 342 1103 nachis
393 1048 853 1119 congregationis
899 1048 1090 1105 Sancti
1149 1051 1354 1119 Mauri,
1405 1053 1603 1107 eadem
1667 1053 1835 1109 disci-

138 1135 296 1205 plina
326 1138 583 1207 apprime
617 1137 926 1204 instructis,
962 1137 1105 1193 idem
1150 1140 1564 1196 monasterium
1605 1143 1839 1198 tradidit

139 1225 565 1292 possidendum.

209 1348 472 1404 XXXIX.
531 1349 871 1405 Franciscus
912 1349 1285 1423 d’Argouges,
1347 1353 1569 1410 Claudii
1635 1369 1832 1424 nepos,

134 1443 189 1491 et
239 1436 522 1493 virtutum
566 1438 824 1508 proxime
869 1438 1140 1503 imitator,
1185 1440 1478 1497 Societatis
1515 1442 1837 1500 Sorbonicaa

135 1525 353 1590 doctor,
426 1525 494 1580 de
566 1540 702 1595 quo,
773 1534 836 1581 ut
901 1541 1063 1583 sacro
1133 1530 1406 1586 vaticinio
1467 1544 1832 1602 assurgam:

141 1633 162 1659 σ
202 1613 399 1668 Lauda
440 1620 561 1683 post
611 1613 809 1680 vitam,
861 1616 1169 1686 magniﬁca
1216 1625 1340 1687 post
1385 1621 1837 1676 consummatio-

135 1715 287 1769 nem,
325 1723 345 1749 ι
381 1715 510 1757 reor
538 1701 843 1758 silendum.

204 1804 297 1876 (73)
329 1807 462 1863 CAP.
497 1807 567 1862 Il.
602 1839 671 1848 —
700 1808 892 1881 Igitur
919 1809 1097 1865 electo
1138 1810 1263 1880 illo,
1310 1820 1415 1869 etc.
1451 1813 1825 1886 Quandoqui-

129 1895 258 1951 dem
289 1897 599 1966 electionis,
645 1899 1170 1970 benedictionisque
1214 1905 1550 1972 peragendae
1593 1906 1827 1961 modum

128 1983 413 2040 subticeat
464 1993 687 2054 auctor,
740 1985 874 2044 libet
928 2003 1058 2058 quae
1108 1989 1167 2044 in
1213 2004 1420 2046 manus
1466 2005 1641 2058 meas,
1693 2006 1826 2048 cum

130 2071 253 2127 haec
305 2073 662 2142 adnotarem,
732 2075 1111 2145 devenerunt,
1165 2077 1458 2148 evulgare.
1523 2079 1594 2134 Et
1641 2080 1827 2149 primo

128 2160 362 2230 quidem
413 2162 838 2219 observandum
908 2165 1236 2221 electionem
1297 2166 1568 2222 abbatum
1648 2167 1827 2236 (velut

127 2250 302 2304 etiam
349 2250 768 2322 episcoporum)
809 2266 971 2323 reges
1018 2267 1120 2309 seu
1160 2253 1446 2324 principes
1485 2254 1619 2310 olim
1665 2257 1827 2325 prius

125 2345 399 2406 potestate
447 2339 715 2410 eligendi,
767 2348 889 2396 tum
939 2341 1157 2396 clericis
1206 2349 1328 2397 tum
1378 2343 1674 2398 monachis
1723 2343 1823 2399 tri-

127 2426 292 2494 buta,
345 2428 686 2484 conﬁrmare
739 2429 966 2499 solitos;
1018 2429 1172 2486 unde
1221 2444 1293 2486 ex
1333 2432 1633 2487 neotericis
1677 2432 1825 2487 scri-

129 2514 392 2584 ptoribus
450 2517 732 2585 nonnulli,
784 2518 1176 2574 ecclesiasticae
1223 2519 1303 2576 rei
1347 2533 1578 2589 prorsus
1615 2519 1822 2591 ignari,

125 2604 253 2658 ausi
303 2611 440 2660 sunt
492 2605 721 2671 inferre,
783 2606 839 2661 in
887 2621 1084 2662 omnes
1140 2607 1404 2663 ecclesias
1458 2616 1512 2664 et
1567 2608 1827 2664 abbatias

122 2706 414 2748 summam
457 2701 785 2762 potestatem
825 2694 1040 2766 jusque
1083 2709 1377 2751 summum
1407 2695 1630 2752 eosdem
1664 2710 1826 2768 reges

123 2782 356 2850 habere,
391 2790 564 2853 atque
597 2797 698 2853 pro
731 2783 900 2839 libitu
931 2799 998 2839 ac
1027 2784 1192 2855 genio
1223 2785 1289 2840 iis
1319 2785 1401 2841 uti
1431 2800 1608 2855 posse.

197 2890 266 2942 At
297 2887 648 2958 ejuscemodi
691 2888 1123 2958 approbationis
1162 2890 1611 2946 concessionisve
1649 2904 1824 2947 causa

119 2975 179 3029 in
236 2983 504 3045 promptu
550 2984 675 3043 est;
725 2991 926 3046 nempe
991 2977 1146 3047 quod
1205 2993 1316 3034 non
1387 2979 1552 3034 modo
1600 2979 1824 3051 amplas

122 3064 524 3133 possessiones,
597 3065 692 3120 sed
743 3064 986 3122 ditiones
1051 3081 1286 3137 quoque
1354 3067 1819 3136 opulentissimas

120 3159 174 3207 et
203 3153 341 3222 jura
379 3152 652 3209 clientelae
700 3153 858 3210 verbi
906 3155 1094 3226 gratia
1146 3155 1485 3224 toparchias,
1546 3157 1814 3224 ducatus,

117 3239 444 3309 comitatus,
475 3249 528 3296 et
573 3249 778 3299 caetera
826 3242 881 3298 id
927 3257 1110 3312 genus
1149 3244 1400 3300 ecclesia
1443 3252 1498 3299 et
1528 3253 1819 3301 monaste-

117 3329 208 3384 ria
277 3329 615 3398 potirentur,
693 3345 759 3386 ac
823 3331 1060 3401 proinde
1124 3332 1371 3402 episcopi
1441 3340 1495 3388 et
1562 3333 1815 3402 abbates,

116 3425 465 3474 cunctorum
510 3433 640 3475 cum
665 3428 856 3475 essent
894 3420 1299 3487 moderatores,
1351 3428 1526 3490 atque
1564 3421 1636 3476 ab
1669 3422 1818 3492 ipso-

115 3521 249 3562 rum
296 3507 563 3576 penderet
598 3515 747 3563 nutu
788 3508 1038 3576 plurima
1078 3508 1377 3564 hominum
1412 3515 1468 3564 et
1516 3509 1814 3577 nobilium,

111 3602 170 3650 et
203 3594 556 3664 plebeiorum
599 3594 944 3663 multitudo;
979 3595 1124 3666 quin
1155 3602 1209 3651 et
1236 3595 1570 3665 municipia,
1605 3604 1811 3661 castra,

113 3683 311 3750 urbes,
349 3683 658 3753 provincias
701 3683 900 3739 ditioni
949 3698 1149 3739 eorum
1197 3684 1644 3754 subjicerentur,
1672 3699 1816 3739 num

114 3770 242 3826 ideo
297 3784 400 3839 par
441 3778 582 3837 erat,
641 3779 705 3826 ut
758 3771 827 3826 de
865 3773 1198 3828 eorumdem
1256 3773 1354 3843 qui
1416 3772 1814 3842 praefecturam

111 3857 392 3928 gerebant
430 3858 560 3923 ﬁde,
588 3859 857 3914 certiores
883 3859 1260 3916 redderentur
1286 3874 1619 3931 regnorum,
1655 3860 1812 3930 prin-

111 3945 535 4016 cipatuumque
565 3947 774 4002 summi
808 3949 1091 4003 rectores?

180 4050 354 4106 Plane
385 4051 472 4106 his
494 4052 886 4121 astipulantur
917 4055 1175 4124 antiquas
1204 4055 1547 4111 electionum
1582 4069 1807 4111 conces-

107 4139 302 4195 siones
356 4142 930 4214 approbationesque.
1008 4148 1362 4216 Praeceptum
1430 4145 1812 4202 immunitatis

109 4241 148 4282 a
197 4228 396 4284 Carolo
446 4229 653 4300 Magno
709 4240 904 4287 sancto
958 4233 1258 4290 Benedicto
1307 4234 1546 4290 Anianm
1617 4234 1810 4290 abbati

1875 1735 1913 1788 Β

107 4330 396 4385 concesso,
432 4317 582 4374 inter
625 4319 738 4375 alia
781 4320 861 4376 sic
910 4321 1077 4377 habet
1111 4337 1122 4376 :
1160 4340 1188 4374 α
1222 4323 1293 4378 Et
1337 4323 1810 4394 quandoquidem

109 4403 316 4460 divina
362 4407 663 4464 vocatione
711 4411 1142 4480 suprascriptus
1176 4411 1524 4467 venerabilis
1568 4411 1809 4467 Benedi-

108 4499 242 4548 ctus
269 4498 418 4549 ωε
461 4495 631 4563 abba,
667 4498 755 4552 vel
788 4512 1142 4554 successores
1170 4500 1296 4569 ejus
1328 4499 1396 4555 de
1441 4500 1548 4555 hac
1586 4500 1710 4556 luce
1739 4501 1810 4555 ad

106 4581 421 4637 Dominum
471 4584 869 4655 migraverint,
913 4587 1144 4657 qualem
1198 4587 1510 4655 meliorem,
1552 4591 1608 4642 el
1652 4588 1814 4643 nobis

106 4685 215 4741 per
239 4669 433 4724 omnia
456 4671 710 4740 ﬁdelem,
745 4674 868 4744 ipsa
898 4683 1097 4730 sancta
1121 4676 1485 4746 congregatio
1507 4676 1574 4730 de
1606 4689 1810 4746 supra-

107 4756 327 4826 scripto
357 4761 724 4825 monasterio,
757 4770 856 4818 aut
887 4762 954 4817 de
1005 4761 1400 4832 qualicunque
1445 4762 1566 4817 loco
1609 4763 1811 4817 volue-

107 4845 233 4900 rint
266 4845 475 4916 eligere
520 4847 808 4917 abbatem,
843 4850 944 4920 qui
995 4850 1176 4920 ipsam
1202 4857 1459 4904 sanctam
1491 4863 1810 4921 congrega-

106 4934 325 4989 tionem
375 4935 696 4991 secundum
747 4937 1009 5008 regulam
1058 4938 1238 4993 sancti
1289 4937 1572 4993 Benedicti
1616 4951 1815 5008 regere

107 5020 322 5088 valeat,
370 5036 472 5091 per
536 5023 688 5079 hanc
756 5033 1007 5081 nostram
1068 5025 1465 5082 auctoritatem
1527 5025 1812 5081 licentiam

105 5109 388 5176 habeant,
427 5132 447 5159 ι
477 5119 583 5168 etc.
639 5113 722 5169 Ex
756 5114 1012 5185 antiquis
1055 5114 1280 5170 schedis
1307 5114 1564 5184 ejusdem
1607 5128 1813 5170 mona-

106 5196 292 5254 sterii.
339 5198 412 5254 Et
450 5214 523 5255 ex
561 5201 914 5258 chartulario
962 5203 1155 5259 Sancti
1199 5203 1391 5258 Albini
1423 5202 1813 5272 Andegaven-

105 5285 234 5340 sis:
285 5306 308 5334 ι
359 5285 648 5343 Goﬁ‘ridus
689 5301 876 5343 comes
925 5289 995 5343 ad
1041 5288 1366 5358 petitionem
1413 5287 1640 5359 Neﬁngi
1686 5288 1812 5359 epi-

104 5372 269 5442 scopi
305 5386 408 5442 pro
441 5375 690 5431 remedio
719 5375 926 5431 anima:
957 5376 1155 5432 matris
1184 5390 1304 5432 suae
1332 5376 1653 5448 Gerbergae,
1677 5383 1810 5432 etc..

103 5458 249 5515 facit
315 5461 611 5517 monachis
646 5469 979 5533 potestatem
1020 5463 1288 5534 deinceps
1333 5463 1579 5534 eligendi
1633 5464 1808 5521 abba-

108 5556 250 5616 tem,
290 5556 346 5605 et
373 5549 585 5607 exemit
614 5563 648 5606 a
674 5558 946 5621 potestate
974 5551 1258 5620 szeculari,
1286 5570 1314 5604 ιο
1346 5560 1450 5609 etc.

1948 541 2078 596 quae
2105 526 2161 580 in
2194 525 2299 580 hoc
2332 526 2450 594 ipso
2478 533 2636 580 extat
2661 525 3016 581 chartulario
3049 543 3060 580 :

2019 634 2046 661 α
2079 611 2359 667 Omnibus
2403 612 2458 666 in
2491 612 2756 681 Domino,
2791 613 3003 683 quibus
3036 618 3120 668 est
3164 613 3418 670 Christus
3457 617 3639 674 vivere

1945 703 2002 755 et
2028 701 2177 755 mori
2209 700 2431 754 lucrum
2460 699 2629 770 (Phil.
2664 717 2701 768 ι,
2734 704 2848 766 2i),
2878 709 2932 756 et
2963 702 3317 770 potissimum
3364 705 3471 759 sub
3497 705 3639 776 jugo

1947 789 2160 860 regulae
2191 791 2371 845 sancti
2403 789 2684 844 Benedicti
2724 799 2922 858 sponte
2961 791 3105 845 colla
3147 792 3636 862 submittentibus,

1947 877 2049 948 qui
2075 877 2236 947 jubet
2280 885 2343 932 ut
2376 876 2638 932 monachi
2669 877 2728 931 in
2763 878 3104 933 monasterio
3136 878 3422 949 degentes,
3457 881 3640 936 abba-

1948 972 2059 1021 tem
2091 965 2194 1019 sibi
2232 978 2470 1034 praeesse
2507 964 2828 1020 desiderent
2861 979 2872 1017 :
2906 965 3277 1021 Notissimum
3303 981 3426 1022 esse
3467 969 3640 1023 voiu-

1947 1068 2096 1120 mus,
2133 1054 2285 1123 quod
2322 1067 2417 1108 an.
2451 1053 2993 1109 9881ncarnationis
3016 1053 3343 1121 Dominicze,
3374 1056 3640 1112 recedens

1946 1154 1980 1196 a
2008 1141 2128 1197 loco
2167 1141 2357 1198 Sancti
2404 1141 2592 1197 Albini
2637 1143 2814 1197 abbas
2853 1141 3183 1206 Gunterius,
3238 1157 3409 1213 quem
3439 1158 3541 1213 pro
3573 1143 3637 1198 ﬁ-

1945 1230 2171 1286 delitate
2226 1230 2343 1297 Dei,
2395 1237 2450 1286 et
2505 1230 2755 1286 remedio
2812 1231 3019 1286 animae
3072 1245 3190 1287 suae
3249 1232 3640 1288 nobilissimus

1947 1319 2094 1374 inter
2137 1333 2269 1374 suos
2319 1318 2617 1375 Goffredus
2663 1333 2850 1374 comes
2899 1319 3078 1375 eidem
3119 1320 3238 1375 loco
3288 1321 3636 1390 praefecerat,

1944 1416 1995 1464 et
2031 1410 2290 1476 Romam,
2323 1409 2432 1476 vel,
2468 1410 2624 1478 quod
2667 1409 2854 1476 majus
2895 1416 2997 1475 est,
3053 1417 3290 1464 matrem
3335 1409 3638 1466 civitatum

1943 1494 2255 1552 Jerusalem
2314 1503 2587 1565 expetens
2645 1495 2831 1565 gratia
2890 1495 3182 1560 orationis,
3255 1511 3639 1552 successorem

1945 1585 2052 1641 sibi
2087 1599 2341 1655 praesago
2371 1583 2577 1653 spiritu
2612 1583 2956 1653 providerat,
2989 1586 3080 1638 cui
3112 1584 3436 1640 animarum
3467 1585 3640 1640 simul
3676 1586 3678 1588 ’

1943 1683 1998 1730 et
2023 1687 2324 1742 corporum
2357 1687 2555 1728 curam
2587 1671 2963 1726 committeret
3042 1711 3055 1725 .
3123 1712 3135 1725 .
3209 1711 3220 1726 .
3291 1712 3305 1726 .
3387 1674 3639 1729 .vilaaet

1946 1777 2171 1817 morum
2218 1761 2498 1832 probitate
2548 1760 2840 1827 decorum,
2904 1774 3075 1829 quem
3133 1760 3251 1829 ipse
3325 1760 3384 1815 in
3429 1761 3638 1817 Christi

1938 1851 2168 1905 nomine
2239 1849 2546 1912 nutrierat,
2605 1862 2736 1903 cum
2800 1862 3084 1903 consensu
3149 1857 3338 1904 tamen
3391 1849 3636 1906 fratrum

1939 1937 2158 2008 prmfati
2197 1936 2325 2004 loci,
2373 1943 2428 1991 et
2472 1935 2881 2005 elegantissimi
2925 1975 2938 1988 .
2992 1975 3005 1989 .
3069 1977 3082 1990 .
3129 1977 3140 1990 .
3202 1976 3214 1989 .
3270 1978 3282 1991 .
3336 1937 3434 1992 ﬁlii
3483 1952 3634 2007 prze-

1936 2026 2068 2081 dicti
2123 2024 2343 2080 comitis
2394 2023 2672 2087 Gaufridi,
2728 2023 2828 2093 qui
2882 2022 2939 2078 in
2997 2024 3116 2079 loco
3169 2025 3346 2094 patris
3399 2025 3636 2082 feliciter

1936 2112 2218 2174 successit,
2275 2111 2507 2166 nomine
2583 2110 2868 2165 Fulconis.
2939 2111 3044 2166 Cui
3113 2111 3392 2176 electioni,
3447 2113 3636 2182 provi-

1935 2198 2101 2253 dente
2135 2197 2322 2268 gratia
2350 2198 2466 2263 Dei,
2501 2200 2672 2267 prout
2715 2196 3022 2264 credimus,
3056 2198 3633 2266 prudentissimorum

1933 2285 2289 2356 pontificum,
2339 2285 2674 2342 clericorum
2728 2299 2962 2355 quoque
3002 2294 3056 2340 et
3113 2284 3389 2341 nobilium
3454 2285 3635 2342 laico-

1935 2388 2084 2442 rum,
2130 2381 2184 2429 et
2226 2387 2400 2443 super
2447 2373 2534 2428 his
2565 2373 2835 2428 omnibus
2881 2373 3080 2429 electio
3126 2373 3298 2428 simul
3342 2382 3398 2429 et
3440 2375 3632 2430 accla-

1933 2462 2107 2517 matio
2157 2461 2441 2531 praedictae
2489 2461 2952 2532 congregationis
3003 2462 3350 2518 concordare
3402 2461 3633 2518 videtur

1936 2552 1993 2606 in
2026 2550 2246 2617 melius,
2279 2565 2342 2605 eo
2374 2558 2567 2606 tenore
2597 2550 2876 2615 videlicet,
2922 2557 2984 2605 ut
3023 2551 3339 2606 secundum
3371 2551 3631 2621 regulam

1933 2636 2111 2693 sancti
2159 2637 2464 2704 Benedicti,
2511 2637 2613 2708 qui
2669 2647 2752 2693 est
2801 2638 2988 2703 Pater,
3036 2646 3090 2693 et
3135 2638 3258 2695 dux
3318 2639 3632 2694 advocatus

1934 2740 2166 2796 quoque
2206 2733 2330 2796 post
2376 2727 2580 2794 Deum,
2609 2726 2866 2781 omnium
2910 2725 3162 2781 ﬁdelium
3195 2728 3628 2795 monachorum,

1935 2821 2049 2869 tam
2084 2815 2140 2868 in
2175 2815 2280 2870 hoc
2311 2813 2520 2870 saeculo
2554 2828 2730 2883 quam
2763 2814 2820 2868 in
2856 2814 3067 2876 futuro,
3105 2815 3162 2869 in
3195 2815 3462 2871 omnibus
3491 2830 3631 2870 con-

1933 2903 2150 2957 versari
2183 2917 2284 2972 pro
2319 2916 2479 2972 posse
2504 2911 2558 2957 et
2589 2916 2753 2957 nosse
2779 2902 3024 2966 studeat,
3056 2909 3110 2960 et
3143 2904 3407 2972 prodesse
3444 2903 3631 2973 magis

1932 3003 2108 3061 quam
2152 3004 2388 3060 prmesse
2433 2998 2678 3061 satagat,
2721 2999 2775 3046 et
2815 2990 3009 3045 omnia
3043 3005 3176 3046 cum
3219 2991 3455 3047 consilio
3505 2993 3629 3048 fra-

1931 3085 2086 3134 trum
2135 3079 2457 3134 timentium
2502 3080 2704 3144 Deum,
2760 3079 2991 3148 provide
3038 3087 3092 3134 et
3139 3079 3291 3148 juste
3322 3079 3626 3150 disponat;

1927 3174 1993 3223 ut
2037 3182 2169 3223 cum
2201 3167 2418 3223 venerit
2446 3168 2644 3223 Pastor
2690 3175 2985 3236 pastorum
3015 3168 3074 3237 (ι
3112 3167 3264 3223 Pelr.
3316 3183 3370 3235 v,
3403 3168 3479 3239 4),
3532 3169 3627 3225 cui

1927 3255 2260 3312 redditurus
2283 3264 2367 3312 est
2397 3255 2674 3312 rationem
2705 3255 2772 3311 de
2804 3255 3112 3311 animabus
3143 3255 3251 3311 sibi
3281 3255 3620 3322 commissis,

1927 3345 2122 3400 addita
2163 3353 2216 3401 et
2266 3359 2386 3400 suae
2441 3344 2668 3411 animae,
2724 3344 2924 3399 audire
2969 3340 3290 3414 gaudenter
3338 3353 3629 3402 mereatur

1927 3433 2082 3502 quod
2112 3447 2315 3489 servus
2366 3434 2570 3498 bonus,
2605 3432 2705 3502 qui
2750 3433 3007 3503 erogavit
3049 3432 3327 3488 talentum
3371 3433 3481 3489 sibi
3510 3447 3628 3489 cre-

1926 3520 2110 3576 ditum
2157 3522 2448 3576 conservis
2496 3522 2618 3576 suis
2662 3521 2719 3575 in
2769 3528 3020 3589 tempore
3066 3535 3186 3583 suo,
3236 3522 3417 3592 Euge,
3466 3537 3628 3577 serve

1925 3609 2064 3663 bone
2095 3613 2149 3663 el
2188 3609 2392 3678 ﬁdelis,
2439 3608 2597 3663 intra
2633 3608 2695 3662 in
2757 3607 3034 3681 gaudium
3069 3607 3298 3663 Domini
3337 3609 3422 3664 lui
3461 3611 3619 3679 (Luc.

1922 3711 2047 3763 x1x,
2082 3698 2187 3768 l7).

1999 3807 2020 3833 ι
2056 3785 2296 3856 Signum
2319 3785 2545 3841 Widoni
2571 3784 2838 3855 episcopi.

1999 3896 2021 3922 ι
2059 3873 2299 3944 Signum
2331 3875 2596 3930 Fulconis
2629 3874 2824 3944 inclyti
2855 3874 3094 3930 comitis.
3134 3895 3155 3922 ι

1992 3963 2218 4018 Minime
2265 3970 2350 4018 est
2395 3963 2776 4018 omittendum
2826 3963 3095 4018 Ludovici
3134 3976 3267 4019 vere
3315 3961 3396 4018 Pii
3441 3963 3617 4034 impe-

1922 4050 2131 4107 ratoris
2159 4050 2458 4122 egregium
2490 4051 2828 4106 Christianze
2870 4051 3094 4120 pietatis
3123 4051 3430 4121 specimen,
3464 4052 3620 4122 quod

1923 4139 2202 4196 hactenus
2241 4140 2297 4194 in
2340 4139 2804 4209 chartophylacio
2850 4139 3092 4195 cmnobii
3141 4139 3381 4194 Anianae
3430 4139 3616 4207 latuit,

1923 4228 2180 4298 illudque
2207 4227 2358 4283 eruit
2388 4231 2578 4282 noster
2605 4227 2881 4283 Claudius
2906 4227 3242 4284 Chantelou.

1923 4315 2192 4388 Epistola
2233 4313 2499 4371 Ludovici
2543 4315 2930 4386 imperaloris,
2963 4315 3042 4370 ad
3090 4315 3468 4383 Anianensec,
3517 4332 3617 4372 seu

1993 4405 2356 4460 Gellonenses
2373 4404 2701 4468 monachos,
2732 4403 2800 4459 de
2819 4404 2998 4459 electo
3026 4405 3232 4458 abbate
3260 4403 3612 4461 Trulesindo.

1994 4493 2059 4547 In
2113 4492 2344 4548 nomine
2387 4491 2612 4547 Domini
2661 4491 2760 4546 Dei
2797 4500 2852 4547 et
2903 4491 3216 4547 Salvatoris
3265 4492 3442 4547 nostri
3482 4493 3617 4547 Iesu

1920 4579 2150 4641 Christi,
2211 4578 2554 4644 Ludovicus,
2623 4578 2823 4633 divina
2879 4578 3180 4634 ordinante
3235 4579 3614 4648 providentia,

1920 4669 2232 4737 imperator
2261 4667 2582 4737 Augustus,
2613 4666 3040 4722 venerabilibus
3067 4666 3342 4722 fratribus
3362 4665 3418 4721 in
3441 4666 3615 4722 Ania-
3695 4717 3700 4721 _

1920 4770 1994 4810 no
2049 4754 2168 4811 sive
2225 4754 2453 4810 Gellone
2517 4755 2862 4811 monasterio
2942 4755 3283 4810 constitutis.
3353 4756 3617 4812 Proxime

1920 4844 2128 4899 accidit
2159 4843 2531 4914 Agobardum
2560 4843 3079 4912 archiepiscopum,
3127 4850 3231 4898 etc.
3286 4843 3433 4897 Vide
3463 4843 3618 4898 inter

1919 4931 2214 5004 epistolas,
2243 4933 2327 5002 ξεί
2371 4930 2695 5002 diplomata
2753 4930 3024 4986 Ludovici
3090 4931 3202 4999 Pii,
3275 4931 3618 5003 Patrologiz

1922 5023 1962 5074 t.
1998 5019 2145 5075 CIV.

1990 5113 2138 5162 624
2200 5108 2398 5178 Neque
2449 5122 2575 5164 eam
2629 5107 2702 5163 ob
2754 5122 2872 5164 rem
2928 5107 3060 5177 quis
3120 5107 3328 5163 inferre
3385 5107 3615 5171 audeat,

1920 5196 2220 5253 electiones
2265 5196 2586 5252 antistitum
2642 5196 2774 5266 jure
2841 5195 2912 5250 ad
2971 5209 3132 5265 reges
3179 5202 3281 5250 aut
3333 5193 3617 5264 principes

1921 5287 2179 5341 attinere.
2224 5306 2252 5335 «
2287 5284 2655 5340 Sacerdotum
2696 5282 2910 5353 quippe
2943 5290 3026 5338 est
3075 5283 3292 5350 electio,
3331 5291 3386 5338 et
3433 5282 3617 5339 fidelis

1920 5375 2111 5444 populi
2143 5386 2453 5429 consensus
2482 5370 2842 5426 adhibendus
2877 5378 2981 5440 est,
3024 5371 3166 5441 quia
3205 5370 3496 5428 docendus
3531 5379 3616 5427 est

1922 5462 2190 5533 populus,
2237 5475 2352 5516 non
2385 5459 2736 5530 sequendus,
2769 5481 2790 5507 ι
2845 5458 2923 5515 ait
2969 5458 3295 5530 Stephanus
3343 5473 3494 5530 papa
3543 5461 3617 5516 ad

1923 5549 2416 5620 archiepiscopum
2448 5549 2766 5604 Ravennat.
2800 5547 2871 5604 Et
2900 5562 3030 5604 can.
3064 5551 3151 5614 25,
3186 5547 3318 5603 dist.
3349 5549 3439 5616 63,
3471 5547 3616 5606 Vide
