3924 6090
330 271 466 325 H23

1350 271 1443 324 Al)
1483 272 1641 325 OPP.
1685 271 1842 326 VEN.
1885 270 2223 326 GUIBERTI
2268 272 2359 326 DE
2400 274 2790 329 NOVIGENTO

3696 278 3830 332 “'25

328 402 603 458 Glossam.
639 401 844 456 Statuit
874 414 1107 469 quoque
1137 399 1390 468 synodus
1415 399 1646 454 Nicana
1674 416 1731 466 ιι,
1772 414 1900 455 can.
1934 404 1964 454 3
2002 416 2013 455 :
2054 409 2100 460 Α
2125 401 2315 472 Angl.,
2348 401 2444 457 fol.
2502 406 2621 468 121,
2676 406 2793 466 122,
2843 404 2942 459 ubi
2984 405 3054 460 de
3087 406 3143 459 Β.
3192 405 3513 460 Lanfranco
3549 424 3560 460 :
3595 425 3626 457 α
3657 405 3834 461 Aiunt

334 512 359 539 υ
391 491 587 546 Omnis
617 491 812 544 electio
841 489 1111 557 episcopi,
1148 489 1234 542 vel
1277 489 1612 557 presbyteri,
1659 490 1741 543 vel
1791 489 2017 543 diaconi

328 594 361 633 a
390 577 745 648 principibus
775 577 941 644 facta,
981 577 1142 632 irrita
1178 585 1427 632 maneat.
1457 599 1484 626 ››

397 669 477 722 De
521 665 904 734 approbandis
979 678 1079 733 per
1127 679 1316 734 regem
1383 664 1752 720 electionibus
1813 673 2014 735 agunt,

323 754 572 810 Iacobus
603 753 888 808 Bruellius
917 754 988 807 ad
1017 751 1114 806 lib.
1148 767 1226 820 ιιι,
1260 766 1384 821 cap.
1413 754 1464 816 2,
1494 754 1738 808 Aimoini
1768 755 1842 809 De
1873 765 2013 824 gest.

324 844 527 898 Franc.
554 857 570 910 ;
595 851 650 898 et
677 843 856 898 Juret.
886 849 1001 897 not.
1037 842 1105 896 ad
1141 842 1349 910 lvonis,
1380 856 1468 910 ep.
1507 843 1624 896 104.

395 929 800 1000 Subjiciendus
848 942 1005 983 nunc
1051 929 1331 998 antiquus
1379 931 1434 983 in
1475 929 1868 984 benedictione
1915 929 2015 984 ab-

323 1018 440 1074 bati
491 1016 867 1087 impertienda
905 1018 1067 1084 ritus,
1119 1031 1152 1070 a
1191 1017 1252 1071 B.
1294 1017 1584 1073 Theodoro
1618 1017 2014 1073 Cantuariensi

323 1107 577 1178 digestus
607 1113 781 1175 atque
812 1105 1168 1171 observatos,
1197 1120 1268 1160 ex
1301 1105 1690 1161 vetustissima
1727 1120 2014 1161 canonum

322 1195 653 1251 collectione
683 1193 1045 1248 Bibliotheca
1073 1192 1127 1247 S.
1161 1193 1429 1248 Germani
1462 1194 1763 1248 Pratensis.

775 1283 860 1335 De
885 1279 1223 1334 ordinandi:
1251 1279 1568 1334 abbatibm.

398 1394 417 1420 ι
451 1372 516 1426 In
559 1370 784 1426 abbatis
847 1368 1209 1424 ordinatione
1259 1369 1559 1438 episcopus
1625 1369 1786 1424 debet
1845 1382 2013 1438 agere

321 1461 573 1527 missam,
615 1468 669 1515 et
730 1474 860 1514 eum
914 1457 1245 1513 benedicere
1296 1457 1567 1512 inclinato
1626 1458 1827 1526 capite,
1878 1472 2011 1512 cum

319 1550 549 1606 duobus
582 1550 680 1604 vel-
701 1549 885 1603 tribus
918 1547 1156 1602 testibus
1199 1547 1267 1603 de
1299 1547 1574 1603 fratribus
1603 1548 1721 1604 suis
1747 1556 1803 1604 et
1841 1548 1932 1604 det
1959 1550 2009 1604 ei

319 1639 589 1694 baculum
617 1647 672 1693 et
704 1636 957 1706 pedules.

2127 491 2253 557 ejus
2296 493 2700 562 pragnosticon
2762 509 2776 546 :
2824 516 2842 540 ι
2920 494 3058 548 Date
3105 495 3520 563 eleemosynani
3581 504 3640 550 et
3708 510 3834 549 ecce

2129 579 2322 632 omnia
2366 581 2584 634 munda
2633 589 2769 635 sunt
2813 581 2976 636 vobis
3015 583 3174 646 (Luc.
3231 598 3287 648 x,
3329 583 3438 647 41).
3488 605 3516 630 ››
3565 582 3693 648 Quo
3746 585 3834 637 ille

2127 668 2200 722 ab
2246 667 2720 734 acclamantibus,
2772 669 2938 724 hilari
3008 671 3177 726 vultu
3237 672 3306 725 ad
3377 672 3690 726 Dominum
3743 673 3833 725 di-

2131 755 2278 810 rexit
2307 770 2318 809 :
2351 757 2644 812 Certemus
2670 771 2805 828 ergo
2837 765 3040 812 mutua
3073 759 3484 821 vicissitudine,
3519 768 3582 814 tu
3615 760 3831 822 dando.

2125 857 2230 913 ego
2278 843 2681 914 dispertiendo,
2724 853 2831 900 etc.
2881 845 2995 902 Nec
3041 855 3164 902 erat
3219 848 3413 917 segnis
3462 847 3520 902 in
3567 862 3833 918 erogan-

2125 932 2218 999 do,
2256 956 2276 980 -
2311 941 2417 988 etc.

2196 1018 2284 1091 (⁷⁸)
2333 1023 2468 1077 fuit).
2522 1052 2583 1062 —
2636 1021 2728 1077 Ad
2765 1023 3014 1077 salutem
3051 1039 3328 1092 meorum,
3377 1039 3518 1094 quos
3572 1028 3638 1078 tu
3687 1024 3834 1077 mihi

2121 1109 2432 1175 subiecisli,
2474 1110 2704 1165 animus
2736 1110 3016 1166 intendat.
3069 1112 3251 1178 Quam
3296 1121 3546 1182 spectata
3596 1127 3828 1168 morum

2123 1199 2400 1267 probitate
2429 1212 2496 1255 ac
2526 1199 2799 1270 religione
2829 1201 3009 1256 abbas
3051 1208 3261 1264 noster,
3303 1201 3512 1271 suique
3551 1202 3826 1256 monachi

2123 1290 2456 1356 clarueriut,
2510 1289 2781 1359 pradicat
2819 1291 3108 1346 Manasses
3146 1291 3648 1346 Suessionensium
3701 1291 3827 1359 epi-

2122 1390 2327 1445 scopus
2367 1377 2668 1432 donatione
2715 1378 3016 1448 cujusdam
3064 1377 3335 1444 ecclesia,
3383 1392 3560 1448 quam
3604 1379 3826 1449 integre

2121 1465 2462 1530 describere,
2529 1479 2600 1521 ne
2664 1481 2794 1522 cum
2859 1467 2986 1522 aliis
3051 1475 3260 1536 pereat,
3331 1467 3578 1535 pretium
3636 1481 3825 1536 opera

2120 1561 2224 1607 θεῖ.

2199 1663 2218 1688 α
2252 1642 2316 1696 In
2367 1641 2596 1697 nomine
2643 1642 2846 1712 Patris,
2886 1650 2941 1698 et
2993 1641 3137 1710 Filii,
3199 1649 3255 1697 et
3322 1641 3569 1711 Spiritus
3617 1643 3819 1697 sancti.

389 1746 416 1777 tl
451 1726 644 1782 Abbas
690 1703 869 1794 potest
929 1738 1028 1794 pro
1071 1725 1411 1791 humilitate,
1466 1739 1596 1780 cum
1645 1725 2013 1794 permissione
2052 1703 2091 1754 Β
2122 1732 2322 1785 Amen.

314 1812 585 1882 episcopi,
637 1811 823 1866 locum
873 1825 1046 1867 suum
1111 1811 1525 1881 derelinquere,
1580 1820 1767 1868 tamen
1811 1813 2014 1867 fratres

315 1901 530 1971 eligant
562 1899 669 1955 sibi
718 1899 983 1954 abbatem
1029 1900 1097 1954 de
1139 1899 1297 1968 ipsis,
1337 1900 1382 1954 si
1432 1900 1661 1967 habent,
1702 1902 1789 1956 sin
1821 1910 2010 1956 autem

314 1990 383 2045 de
423 1988 735 2052 extraneis,
787 2001 889 2043 nec
935 1987 1231 2057 episcopus
1277 1989 1440 2044 debet
1481 1989 1757 2044 violenter
1787 1989 1847 2044 in
1891 1990 2010 2044 loco

313 2092 438 2134 SUO.

381 2187 414 2218 ι(
465 2165 843 2236 Congregatio
907 2164 1072 2220 debet
1119 2165 1226 2220 sibi
1276 2165 1484 2236 eligere
1532 2167 1816 2231 abbatem,
1886 2176 2012 2236 post

312 2263 552 2310 mortem
583 2255 724 2323 ejus,
769 2261 868 2308 aut
920 2268 987 2307 eo
1018 2253 1264 2320 vivente,
1313 2253 1356 2307 si
1407 2254 1526 2324 ipse
1562 2255 1880 2310 discesserit
1921 2255 2006 2310 vel

315 2345 668 2413 peccaverit;
703 2343 821 2412 ipse
856 2357 969 2397 non
1005 2351 1182 2412 potest
1211 2343 1461 2413 aliquem
1497 2344 1763 2400 ordinare
1791 2346 1859 2400 de
1890 2348 2008 2400 suis

314 2432 674 2502 propinquis,
725 2445 913 2501 neque
961 2432 1028 2486 de
1058 2431 1280 2497 alienis,
1331 2447 1434 2487 nec
1477 2431 1590 2488 alio
1621 2433 1814 2489 abbati
1846 2434 2004 2499 dare,

311 2522 356 2576 si
383 2535 500 2576 non
533 2520 820 2576 voluerint
853 2519 1074 2575 fratres.

381 2615 531 2664 ατε
582 2629 610 2659 ς
654 2608 706 2664 Si
761 2622 894 2663 vero
944 2608 1260 2677 peccaverit
1301 2608 1500 2675 abbas,
1541 2623 1654 2664 non
1707 2609 1834 2666 licet
1881 2610 2004 2678 epi-

310 2703 480 2766 5copo
541 2696 733 2753 tollere
789 2695 1192 2765 possessionem
1258 2697 1602 2758 monasterii,
1658 2698 1752 2753 sed
1821 2698 2006 2754 mittat

309 2800 441 2841 eum
495 2785 549 2840 in
602 2784 760 2840 aliud
810 2785 1240 2849 monasterium,
1285 2784 1341 2838 in
1387 2792 1718 2854 potestatem
1767 2786 2005 2842 alterius

310 2874 550 2930 abbatis.

2195 1839 2221 1866 «
2257 1820 2376 1888 Ego
2413 1818 2703 1874 Manasses
2747 1818 2847 1873 Dei
2893 1819 3081 1888 gratia
3121 1818 3458 1874 Suessorum
3494 1817 3817 1886 episcopus.

2124 1905 2268 1960 Cum
2309 1906 2583 1960 omnibus
2624 1906 2889 1962 fidelibus
2928 1921 3027 1976 per
3069 1947 3082 1960 .
3126 1948 3139 1960 .
3187 1949 3199 1961 .
3247 1947 3260 1959 .
3305 1946 3318 1958 .
3364 1949 3375 1959 .
3422 1947 3435 1958 .
3481 1946 3494 1960 .
3540 1948 3552 1959 .
3603 1946 3617 1959 .
3658 1906 3822 1961 nobis

2119 1994 2349 2048 creditis
2393 1994 2677 2050 debitores
2721 2008 2940 2061 sumus,
3013 1997 3287 2066 majorem
3338 2004 3527 2051 tamen
3577 1994 3817 2065 diligen-

2119 2083 2253 2138 tiam
2303 2082 2390 2137 his
2421 2083 2746 2153 impendere
2775 2083 3102 2154 exigimur;
3139 2085 3352 2154 majore
3381 2083 3534 2138 circa
3572 2097 3672 2138 eos
3722 2083 3817 2137 de-

2118 2171 2343 2225 votione
2384 2214 2395 2226 .
2439 2211 2452 2224 .
2497 2214 2508 2224 .
2556 2212 2568 2224 .
2615 2210 2627 2225 .
2675 2211 2687 2223 .
2732 2211 2745 2226 .
2789 2186 2935 2242 quos
2965 2186 2998 2226 a
3028 2174 3272 2242 negotiis
3297 2171 3493 2226 saculi
3523 2186 3585 2225 se
3626 2178 3816 2239 sponte

2117 2259 2378 2314 videmus
2409 2259 2733 2327 removisse,
2756 2267 2811 2314 et
2841 2259 2912 2314 ad
2945 2261 3267 2315 vacandum
3297 2261 3428 2326 Deo,
3474 2267 3531 2315 et
3563 2260 3815 2314 insisten-

2115 2347 2253 2403 dum
2286 2348 2549 2414 orationi,
2591 2350 2839 2418 quietem
2873 2357 2925 2404 et
2957 2358 3239 2404 secretum
3278 2349 3531 2418 elegisse.
3599 2350 3813 2403 Horum

2115 2435 2294 2505 igitur
2339 2435 2596 2504 quidam,
2651 2435 2731 2490 illi
2780 2436 3043 2491 videlicet
3083 2437 3303 2504 fratres,
3350 2436 3452 2505 qui
3501 2436 3556 2490 in
3622 2449 3817 2490 mona-

2113 2525 2282 2580 sterio
2321 2524 2540 2580 Sancta
2572 2525 2764 2580 Maria
2801 2525 2955 2594 apud
2986 2525 3372 2592 Noviandum,
3417 2526 3816 2580 monachicam

2112 2621 2166 2668 et
2211 2612 2542 2684 religiosam
2591 2621 2774 2684 agunt
2820 2613 3019 2680 vitam,
3068 2616 3146 2670 ita
3185 2615 3350 2670 nobis
3389 2623 3442 2670 et
3494 2615 3818 2684 majoribus

2112 2703 2321 2758 nostris
2403 2716 2508 2757 sua
2573 2701 2890 2771 devotione,
2974 2712 3029 2760 et
3076 2703 3420 2769 sinceritate,
3489 2703 3817 2758 charissimi

2111 2791 2473 2858 exstiterunt,
2528 2799 2591 2846 ut
2635 2805 2750 2859 eos,
2802 2793 3072 2862 quamvis
3120 2793 3272 2848 intra
3306 2793 3664 2862 episcopium
3717 2807 3819 2846 no-

2115 2887 2264 2934 trum
2298 2880 2534 2934 minime
2583 2880 2916 2947 consistant,
2961 2896 3073 2936 non
3120 2883 3314 2936 minus
3359 2895 3536 2951 quam
3589 2889 3818 2936 nostros

384 2985 406 3013 α
444 2962 566 3018 Non
613 2961 744 3016 licet
783 2960 997 3025 abbati,
1034 2974 1220 3030 neque
1257 2959 1535 3031 episcopis
1577 2969 1784 3018 terram
1813 2962 1996 3019 eccle-
2039 2995 2079 3050 ο
2114 2967 2371 3036 proprios
2419 2968 2921 3035 honoraverimus,
2972 2969 3260 3024 beneficiis
3297 2983 3529 3038 quoque
3557 2979 3615 3024 et
3647 2971 3817 3023 donis

307 3053 405 3108 sia
435 3059 655 3107 vertere
700 3050 770 3104 ad
817 3049 1010 3116 aliam,
1068 3049 1337 3120 quamvis
1384 3051 1568 3106 amba
1618 3052 1675 3107 in
1728 3061 1998 3122 potestate

305 3141 430 3211 ejus
461 3140 594 3195 sint.
624 3139 679 3194 Si
713 3139 934 3194 mittere
957 3137 1080 3193 vult
1114 3145 1330 3206 testem,
1359 3138 1522 3195 facial
1554 3155 1687 3197 cum
1715 3156 1997 3198 consensu

305 3229 629 3284 amborum.

378 3335 407 3368 «
457 3317 510 3373 Si
560 3317 692 3386 quis
737 3315 862 3370 vult
920 3314 1329 3370 monasterium
1388 3329 1561 3371 suum
1606 3317 1660 3371 in
1715 3317 1824 3373 alio
1881 3319 1996 3373 loco

306 3419 533 3476 ponere,
577 3404 746 3459 faciat
788 3418 918 3458 cum
964 3417 1244 3458 consensu
1303 3403 1574 3473 episcopi.
1637 3413 1692 3460 et
1751 3405 1996 3462 fratrum

303 3509 586 3562 suorum;
617 3501 673 3548 et
713 3493 962 3548 dimittat
1003 3492 1059 3546 in
1113 3491 1287 3561 priori
1328 3491 1447 3548 loco
1492 3493 1884 3564 presbyterum
1924 3496 1997 3550 ad

302 3582 682 3639 ministerium
712 3581 976 3637 ecclesia.

379 3695 399 3719 ε
435 3671 628 3726 Abbas
676 3678 730 3725 et
775 3670 1074 3739 episcopus
1132 3669 1418 3724 hominem
1490 3671 1825 3727 sceleratum
1879 3687 1994 3728 ser-

301 3771 440 3812 vum
496 3764 736 3828 possunt
793 3757 1020 3822 habere,
1079 3755 1126 3810 si
1190 3756 1437 3826 pretium
1500 3759 1810 3814 redimendi
1881 3774 1993 3814 non

282 3843 489 3902 ‘habet.

375 3959 400 3982 «ι
432 3935 626 3990 Abbas
657 3933 704 3989 si
737 3933 1000 3988 habuerit
1045 3933 1396 3989 monachum
1425 3934 1687 4005 dignum,
1731 3935 1994 4006 episcopo

299 4023 470 4079 debet
500 4023 637 4078 dare
666 4022 713 4078 si
744 4036 970 4077 necesse
999 4029 1099 4077 est.
1133 4041 1160 4069 ››

373 4110 463 4179 (⁷⁸)
513 4109 647 4165 CAP.
692 4110 762 4164 II.
815 4139 883 4148 ——
934 4110 1009 4162 In
1054 4108 1277 4164 civitate
1329 4109 1679 4165 Tricassium
1733 4115 1995 4184 coegerat

296 4195 625 4252 concilium.
671 4197 1010 4266 Expressius
1051 4197 1136 4253 his
1187 4199 1246 4252 B.
1296 4199 1582 4255 Godefridi
1637 4200 1989 4269 electionem,

297 4287 640 4358 conciliique
683 4301 919 4343 causam
961 4288 1231 4344 denotant
1294 4288 1580 4350 Nicolaus,
1629 4289 1772 4346 Vita
1829 4290 1990 4360 ejus-

296 4375 424 4431 dem
473 4374 758 4430 Godefridi
805 4375 898 4431 lib.
949 4390 986 4444 ι,
1046 4389 1171 4445 cap.
1217 4378 1327 4446 30;
1383 4377 1478 4432 lvo
1529 4376 1758 4433 Carnot.
1821 4379 1982 4448 epist.

295 4466 399 4518 208
450 4464 522 4519 ad
590 4463 920 4520 Paschalem
993 4477 1220 4534 papam.
1287 4464 1391 4519 Sed
1458 4473 1513 4520 et
1581 4465 1869 4522 Guillelm.
1919 4467 1988 4522 de

294 4551 534 4621 Nangis,
578 4551 718 4608 Hist.
745 4566 850 4608 ms.
875 4551 946 4607 ad
976 4565 1197 4607 annum
1235 4554 1369 4605 1109
1399 4567 1412 4606 :
1442 4575 1462 4600 ι
1501 4553 1789 4610 Paschalis
1816 4569 1983 4625 papa,

294 4635 505 4706 inquit,
559 4637 716 4691 venit
760 4636 818 4690 in
874 4635 1200 4702 Franciam,
1253 4644 1358 4691 etc.
1409 4637 1517 4701 Qui
1563 4651 1711 4708 papa
1757 4653 1791 4694 a
1855 4653 1987 4710 rege

296 4724 648 4780 Francorum
682 4722 1088 4780 honorabiliter
1115 4729 1434 4792 susceptus,
1465 4723 1706 4780 diversis
1732 4727 1986 4782 Francia

293 4812 432 4869 locis
471 4813 788 4883 peragratis
835 4811 1144 4867 concilium
1189 4811 1516 4868 universale
1563 4815 1714 4884 apud
1782 4816 1987 4872 Trecas

292 4901 606 4958 honorifice
637 4901 962 4961 celebravit,
994 4907 1048 4955 et
1075 4914 1207 4956 cum
1237 4914 1434 4956 amore
1466 4903 1849 4971 Francorum,
1883 4904 1983 4974 qui

293 4990 543 5046 multum
573 4989 623 5044 ei
655 4988 973 5045 servierant
1010 4996 1065 5043 et
1114 4988 1314 5044 timore
1374 4996 1429 5044 et
1475 4990 1604 5046 odio
1672 4992 1983 5048 Theutoni-

290 5093 510 5146 corum,
548 5100 568 5128 ι
602 5085 708 5134 etc.

361 5165 453 5238 (⁷⁵)
486 5168 619 5222 CAP.
654 5167 748 5220 ΙΙΙ.
781 5196 848 5204 —
879 5166 998 5219 Pro
1023 5164 1137 5219 mei
1163 5163 1427 5236 auspicio
1456 5165 1706 5219 haberet.
1751 5167 1983 5237 Ejusce-

233 5280 240 5287 -
291 5255 444 5310 modi
485 5254 848 5325 prognostica
882 5253 1113 5324 passim,
1160 5252 1414 5309 Guiberti
1451 5253 1808 5323 potissimum
1837 5263 1981 5310 tem-

293 5351 507 5412 pestate
537 5343 722 5414 legere
747 5351 830 5398 est
864 5344 920 5397 in
967 5343 1124 5398 Actis
1161 5341 1522 5412 antistitum;
1574 5344 1728 5398 unde
1759 5344 1985 5400 futuros

293 5441 479 5483 mores
521 5428 704 5494 electi,
754 5429 875 5485 sive
920 5429 1188 5500 episcopi,
1245 5430 1364 5486 sive
1428 5431 1651 5487 abbatis
1705 5432 1983 5502 conjicere

293 5514 572 5572 solebant.
619 5516 957 5574 Guillelmus
1007 5517 1373 5574 Malmesbur.
1426 5518 1525 5574 lib.
1575 5535 1612 5588 ι,
1655 5522 1732 5577 De
1777 5521 1976 5592 pontif.

2110 3054 2466 3109 auxeriinus.
2519 3055 2679 3121 Quod
2717 3069 2853 3126 ergo
2899 3057 2982 3112 eis
3031 3064 3223 3112 nostra
3282 3057 3658 3112 beneficentia
3713 3072 3814 3126 pro

2109 3141 2205 3196 Dei
2254 3155 2446 3197 amore
2493 3142 2752 3209 contulit,
2805 3143 3090 3198 memoria
3139 3145 3352 3213 placuit
3418 3144 3622 3199 litteris
3670 3145 3810 3198 assi-

2108 3243 2305 3300 gnare,
2342 3244 2414 3284 ne
2457 3231 2766 3299 posteritati
2816 3231 3137 3302 quidquam
3191 3233 3280 3287 vel
3323 3233 3672 3302 ignorantia,
3725 3233 3805 3286 vel

2106 3318 2325 3374 malitia
2351 3317 2514 3374 liceat
2543 3319 2856 3375 demutare.

2180 3425 2207 3458 ot
2257 3408 2504 3462 Praerat
2544 3407 2826 3477 siquidem
2877 3408 2955 3462 illi
2992 3410 3336 3464 monasterio
3381 3409 3633 3463 domnus
3679 3409 3802 3462 Wi-

2109 3494 2304 3550 bertus
2334 3494 2532 3562 abbas,
2579 3496 2679 3564 qui
2727 3496 3027 3564 sapientia,
3073 3504 3126 3551 et
3178 3498 3501 3552 innocentia
3547 3512 3659 3552 sua
3711 3512 3808 3551 nos

2107 3583 2214 3638 sibi
2246 3583 2411 3638 valde
2453 3584 2896 3653 conglutinavit,
2931 3599 2964 3639 a
2997 3600 3114 3654 quo
3158 3594 3394 3655 rogatus
3423 3600 3574 3650 sum,
3626 3595 3692 3640 ut
3721 3586 3808 3639 al—

2109 3678 2227 3726 tare
2256 3671 2324 3727 de
2354 3670 2510 3738 villa,
2539 3686 2670 3741 qua
2708 3672 2921 3728 dicitur
2963 3675 3168 3740 Crecis,
3221 3675 3374 3744 quod
3424 3675 3666 3743 quidam
3705 3690 3808 3743 po-

2106 3761 2370 3826 tentium,
2421 3763 2656 3816 nomine
2701 3762 2871 3817 Wido
2923 3763 3181 3818 Widonis
3220 3764 3289 3818 de
3348 3765 3586 3819 Cociaco
3634 3764 3810 3827 filius,

2104 3857 2160 3904 et
2189 3849 2478 3918 majorum
2509 3849 2804 3916 beneficio,
2846 3864 2879 3905 a
2910 3843 3092 3918 nobis,
3127 3859 3179 3907 et
3211 3851 3283 3906 ab
3329 3852 3582 3907 Ecclesia
3610 3860 3816 3907 nostra

2106 3937 2354 4004 tenebat,
2413 3937 2596 3993 eidem
2643 3939 2983 3994 monasterio
3047 3939 3384 3995 conferrem.
3444 3941 3599 3995 Idem
3651 3942 3810 3995 enim

2105 4025 2280 4080 abbas
2315 4025 2577 4095 religioso
2603 4041 2721 4095 quo
2770 4027 3016 4096 pollebat
3056 4027 3312 4094 consilio,
3345 4043 3477 4084 cum
3516 4029 3816 4097 pradictis

2105 4114 2349 4170 Widone
2379 4122 2742 4183 tractaverat,
2779 4123 2842 4171 ut
2889 4114 3067 4171 altare
3112 4115 3252 4171 illud
3291 4117 3581 4186 possidere
3624 4117 3814 4172 laicus

2107 4201 2427 4272 periculum
2498 4203 2771 4272 crederet,
2825 4211 3136 4275 egeratque
3181 4212 3246 4261 ut
3311 4205 3543 4274 prafato
3594 4219 3812 4260 mona-

2029 4277 2071 4330 D
2103 4292 2270 4347 sterio
2301 4305 2403 4361 pro
2447 4292 2632 4348 salute
2678 4307 2784 4348 sua
2827 4293 2968 4349 illud
3016 4293 3296 4350 redderet.
3343 4294 3399 4349 Si
3443 4301 3642 4349 tamen
3671 4309 3808 4366 ego,

2097 4393 2170 4434 ex
2201 4381 2370 4449 cujus
2415 4380 2688 4436 beneficio
2719 4387 2862 4446 erat,
2907 4394 3246 4448 annuerem,
3278 4390 3331 4438 et
3358 4381 3670 4448 efficerem,
3701 4399 3810 4453 ego

2097 4483 2231 4524 vere
2284 4483 2351 4524 ac
2410 4469 2594 4525 libens
2651 4469 2707 4524 id
2751 4468 2948 4536 effeci;
3013 4486 3201 4541 neque
3249 4473 3401 4527 enim
3458 4473 3568 4528 hoc
3628 4473 3808 4528 intel-

2098 4556 2210 4612 lexi
2241 4557 2500 4612 beneficii
2548 4557 2726 4613 nostri
2773 4558 3232 4628 minorationem,
3264 4561 3360 4615 sed
3409 4561 3613 4616 utilem
3652 4576 3809 4617 com-

2097 4644 2493 4712 mutationem,
2534 4651 2588 4701 et
2653 4645 2820 4715 quasi
2860 4645 2930 4701 de
2982 4647 3125 4702 lava
3183 4648 3492 4704 transferre
3539 4649 3601 4705 in
3661 4650 3810 4706 dex-

2097 4740 2276 4789 teram
2286 4774 2298 4786 .

2171 4843 2192 4870 ι
2230 4820 2492 4876 Concessi
2537 4820 2714 4891 igitur
2762 4821 2943 4880 altare
2992 4824 3060 4879 de
3105 4822 3262 4880 Creci
3296 4827 3637 4894 pramonito
3667 4843 3807 4883 san—

2096 4916 2199 4964 cta
2228 4909 2328 4964 Dei
2361 4909 2654 4979 genitricis
2691 4911 2885 4967 Maria
2920 4913 3284 4981 monasterio,
3317 4924 3615 4971 annuente
3650 4917 3809 4972 Aus—

2095 4995 2228 5051 culfi
2285 4997 2673 5053 archidiaconi
2723 4999 2922 5068 nostri,
2973 5008 3027 5056 et
3078 5001 3415 5059 clericorum
3463 5011 3806 5061 nostrorum

2095 5083 2426 5153 voluntate;
2476 5086 2555 5141 ita
2599 5088 2883 5155 videlicet,
2939 5097 3002 5146 ut
3049 5105 3191 5146 cura
3238 5093 3364 5161 ejus
3412 5107 3514 5162 per
3554 5108 3804 5150 manum

2095 5179 2304 5227 nostra
2352 5173 2685 5245 principalis
2730 5177 2979 5233 ecclesia
3027 5179 3225 5235 decani
3293 5181 3704 5253 dispensetur;
3753 5192 3804 5240 et

2096 5260 2228 5315 inde
2280 5262 2543 5332 quinque
2585 5264 2750 5320 solidi
2801 5268 3112 5336 quotannis
3165 5269 3576 5338 persolvantur
3619 5287 3804 5329 cano—

2093 5347 2238 5403 nicis
2305 5350 2531 5418 nostris,
2595 5351 2654 5406 in
2720 5352 3022 5411 festivitate
3087 5357 3268 5412 sancti
3326 5357 3612 5426 Gervasii,
3675 5371 3803 5431 post

2094 5444 2334 5493 mortem
2367 5452 2500 5494 vero
2530 5453 2715 5496 meam
2748 5441 2807 5497 in
2855 5444 3254 5502 anniversario
3300 5461 3442 5503 meo.
3497 5449 3569 5505 Ut
3603 5459 3801 5507 autem

2093 5525 2378 5581 concessio
2425 5526 2546 5582 hac
2590 5543 2723 5585 cum
2763 5529 3236 5590 determinatione
3285 5549 3392 5591 sua
3449 5535 3801 5596 inconcussa
