3932 6084
146 285 279 337 1125

1432 282 1649 337 DOMNI
1688 284 1746 338 L.
1792 283 2132 341 D’ACHERY
2173 285 2392 342 NOTAS.

3521 294 3663 351 H25

140 420 491 482 permaneat,
568 413 951 470 anathematis
1027 413 1457 484 interpositione
1539 417 1848 471 conﬁrma-
1888 427 1933 476 A
1960 418 2230 486 ricorum,
2261 418 2410 474 hanc
2435 419 2853 476 concessionem
2903 432 3234 478 nostrorum
3292 439 3574 483 consensu
3602 434 3657 484 et

141 516 289 567 mus,
323 502 493 572 sigilli
527 501 704 556 nostri
749 502 1137 571 impressione,
1171 510 1225 558 et
1255 503 1436 574 signis
1489 505 1842 559 convenien-

141 591 294 645 tibus
313 591 773 646 corroboramus.

213 699 233 726 ι
284 677 527 748 Signum
581 678 858 734 Manassa
911 679 1178 750 episcopi.
1237 679 1290 736 8.
1346 680 1602 736 Ausculﬁ
1655 680 1840 736 archi-

136 766 381 822 diaconi.
431 766 483 822 S.
519 767 756 823 Lisiardi
815 769 1124 839 prapositi.
1182 769 1235 824 8.
1295 769 1570 825 Bernardi
1617 770 1838 826 decani.

137 853 191 909 S.
236 854 385 910 Petri
442 855 851 912 archidiaconi.
906 857 960 912 S.
1007 857 1278 913 Fulconis
1333 857 1740 913 archidiaconi.
1785 857 1839 913 8.

136 943 398 1014 Hugonis
438 945 823 1013 pracantoris.
857 944 912 1000 S.
955 945 1166 1001 Odonis
1217 945 1541 1002 sacerdotis.
1575 944 1626 1001 8.
1661 945 1842 1001 Gual-

135 1032 242 1086 teri
293 1032 621 1087 sacerdotis.
683 1031 737 1088 S.
802 1032 1032 1088 Roberti
1081 1033 1302 1089 decani.
1353 1033 1407 1089 S.
1463 1033 1676 1089 Odonis
1715 1032 1842 1088 dia-

135 1117 282 1173 coni.
319 1117 374 1174 S.
409 1119 679 1175 Fulconis
733 1121 977 1176 diaconi.
1027 1120 1078 1176 8.
1109 1121 1348 1177 Ausoldi
1390 1121 1751 1177 subdiaconi.
1783 1120 1837 1176 8.

136 1206 428 1262 Laurentii
482 1207 838 1264 subdiaconi.
919 1209 972 1265 8.
1055 1210 1284 1265 Heberti
1362 1210 1721 1266 subdiaconi.
1782 1210 1837 1265 8.

132 1294 316 1350 Adam
363 1295 722 1352 subdiaconi.
772 1295 824 1352 S.
884 1298 1145 1354 Ausculﬁ
1212 1298 1480 1368 acolythi.
1533 1298 1588 1354 S.
1642 1299 1840 1368 Auge-

134 1383 281 1437 nulﬁ
312 1383 580 1453 acolythi.
611 1389 760 1438 626
819 1385 874 1440 S.
918 1385 1190 1441 Durantis
1225 1384 1494 1456 acolytbi.
1532 1387 1588 1441 8.
1639 1385 1844 1443 Leonis

133 1471 405 1541 acolythi.

208 1579 236 1611 (ι
275 1563 483 1616 Actum
510 1561 819 1616 Dominica
842 1561 1258 1617 Incarnationis
1297 1575 1448 1617 anno
1482 1564 1635 1616 1107.
1667 1584 1696 1611 ››

203 1648 378 1704 Porro
412 1649 566 1704 haud
594 1649 978 1719 incongruum
1006 1649 1112 1704 hoc
1150 1650 1270 1705 loco
1301 1649 1502 1705 seriem
1559 1651 1833 1706 abbatum

127 1735 495 1808 Novigentini
537 1737 867 1792 monasterii
898 1737 1070 1793 fuerit
1111 1752 1426 1806 recensere,
1460 1739 1836 1809 quandoqui-
1874 1719 1914 1772 Β

128 1825 259 1881 dem
291 1833 494 1882 auctor
518 1833 746 1881 vetusta
777 1825 956 1895 ipsius
1003 1834 1378 1882 monumenta
1410 1827 1580 1883 hocce
1627 1827 1726 1882 lib.
1776 1843 1834 1895 ιι,

129 1914 437 1978 describat,
477 1921 538 1970 ut
568 1914 981 1984 quoquomodo
1004 1914 1285 1986 integram
1312 1915 1608 1970 historiam
1630 1915 1841 1971 exinde

130 2003 344 2059 curiosi
373 2003 720 2073 ejuscemodi
771 2003 975 2059 mercis
999 2004 1390 2073 exploratores
1428 2003 1657 2059 valeant
1696 2004 1838 2060 hau-

131 2106 268 2149 l‘ll‘e.

309 2180 554 2237 Abbales
574 2179 912 2236 monasterii
938 2183 998 2235 Β.
1023 2179 1228 2234 Maria
1255 2179 1324 2234 de
1354 2179 1692 2252 Novigento.

207 2271 249 2324 ι.
286 2269 566 2326 Henricus
597 2269 770 2325 simul
801 2268 980 2324 abbas
1031 2269 1081 2323 S.
1124 2268 1366 2339 Remigii
1423 2269 1736 2335 Remensis,
1772 2268 1840 2324 de

133 2374 253 2430 quo
283 2358 594 2414 Guibertus
624 2366 816 2414 noster
849 2357 946 2412 lib.
982 2373 1019 2411 ιι
1057 2357 1127 2412 de
1157 2357 1282 2413 Vita
1313 2371 1421 2412 sua
1459 2371 1581 2427 cap.
1615 2359 1666 2411 2.

204 2449 272 2501 ll.
335 2447 388 2502 8.
437 2446 774 2502 Godefridus
804 2447 951 2502 rexit
984 2447 1394 2501 manosterium
1424 2447 1497 2501 ad
1537 2461 1631 2501 an.
1679 2447 1835 2513 1104,

132 2552 250 2607 quo
281 2537 352 2591 ad
401 2536 789 2606 episcopatum
849 2535 1289 2590 Ambianensem
1348 2543 1679 2605 assumptus
1731 2541 1834 2591 est.

133 2623 285 2678 ldem
318 2622 628 2679 Guibertus
656 2623 850 2679 eodem
883 2623 1008 2691 loci,
1045 2631 1099 2678 et
1131 2622 1228 2678 lib.
1258 2638 1342 2691 ιιι,
1373 2637 1499 2693 cap.
1537 2625 1621 2676 l3.

204 2711 370 2768 Gesta
416 2712 479 2766 B.
514 2711 797 2767 Godefridi
851 2711 1191 2781 conscripsit
1243 2711 1514 2767 Nicolaus
1574 2711 1626 2766 S.
1683 2711 1833 2768 Cris-

134 2799 254 2868 pini
289 2798 518 2869 Majoris
558 2799 978 2855 Suessionensis
1010 2799 1366 2870 monachus;
1395 2813 1463 2855 ea
1492 2801 1661 2856 refert
1722 2800 1835 2856 Su-

132 2887 256 2942 rius
284 2887 429 2957 style
453 2901 558 2942 suo
587 2887 863 2957 perpolita
895 2889 968 2942 ad
994 2888 1144 2942 diem
1176 2891 1207 2942 8
1238 2889 1591 2944 Novembris.

1952 506 2251 562 voluntate
2280 508 2620 564 clericorum
2657 511 2945 579 facientes,
2981 514 3310 582 statuimus,
3353 524 3415 572 ut
3443 527 3656 575 sancta

1951 594 2375 652 Suessionensis
2441 597 2727 664 Ecclesia,
2787 601 2876 655 cui
2945 601 3222 671 indignus
3274 617 3543 673 prasum,
3596 607 3654 662 in

1952 681 2044 737 die
2065 683 2460 739 Anniversarii
2490 685 2598 740 mei
2633 701 2690 740 vn
2717 687 2943 751 solidos,
2988 702 3088 756 pro
3119 688 3313 744 iisdem
3375 691 3656 749 altaribus

1952 771 2264 842 quotannis
2303 773 2733 844 persolvantur;
2775 775 3029 830 decanus
3087 791 3220 832 vero
3252 778 3428 849 hujus
3470 781 3654 837 eccle-

1950 861 2066 926 sia,
2093 861 2424 916 eorumdem
2471 877 2710 931 persona
2754 864 3020 920 altarium
3075 879 3295 934 semper
3345 869 3571 936 existat,
3599 877 3654 927 et

1949 947 2021 1002 ad
2050 947 2238 1017 ipsum
2267 961 2408 1003 cura
2436 962 2635 1004 eorum
2668 957 2721 1003 et
2753 949 3110 1018 providentia
3142 954 3437 1022 pertineat.
3492 956 3654 1014 Hanc

1950 1033 2128 1104 igitur
2161 1035 2518 1091 traditionem
2549 1045 2803 1092 nostram
2845 1039 3115 1094 omnibus
3174 1043 3525 1111 temporibus
3557 1043 3652 1098 in-

1951 1121 2221 1177 violatam
2250 1136 2370 1178 esse
2399 1124 2713 1194 cupientes,
2757 1141 2827 1180 ne
2854 1125 2986 1196 quis
3013 1129 3139 1198 ejus
3197 1137 3504 1186 temerator
3535 1146 3652 1186 un—

1951 1225 2128 1280 quam
2219 1211 2447 1279 existat,
2531 1213 2956 1282 interpositione
3041 1217 3652 1274 excommunicationis

1950 1299 2388 1371 prohibuimus;
2411 1302 2696 1371 scriptura
2727 1316 2963 1372 quoque
2994 1303 3166 1373 sigilli
3196 1305 3375 1360 nostri
3405 1305 3652 1376 impres-

1949 1389 2109 1444 sione
2146 1389 2370 1444 munita
2417 1390 2939 1446 corroboravimus.
3000 1391 3175 1457 Signa
3231 1393 3402 1450 etiam
3461 1394 3650 1465 legiti-

1949 1490 2172 1532 morum
2207 1476 2661 1534 testimoniorum
2693 1479 2954 1534 adhiberi
2984 1479 3336 1536 censuimus.

2020 1587 2047 1614 «
2083 1564 2324 1636 Signum
2350 1567 2609 1638 Hugonis
2635 1566 2970 1624 Suessorum
3002 1569 3268 1639 episcopi.

2020 1677 2040 1702 ι
2078 1654 2319 1725 Signum
2351 1655 2587 1712 Lisiardi
2620 1657 2928 1726 praepositi.
2961 1657 3205 1726 Signum
3257 1657 3516 1728 Hugonis
3545 1660 3648 1715 de-

1944 1743 2092 1798 cani.
2118 1743 2171 1799 S.
2211 1786 2222 1797 .
2270 1785 2281 1797 .
2324 1779 2337 1793 .
2379 1785 2390 1797 .
2436 1785 2448 1797 .
2495 1786 2508 1798 .
2545 1745 2955 1801 archidiaconi.
3009 1748 3062 1800 S.
3125 1746 3398 1802 Fulconis
3446 1748 3646 1802 archi-

1946 1831 2190 1886 diaconi.
2224 1831 2277 1886 S.
2333 1832 2495 1887 Ebali
2554 1832 2962 1888 archidiaconi.
2997 1832 3047 1888 8.
3108 1834 3335 1890 Roberti
3392 1849 3648 1904 praceu-

1949 1919 2102 1974 toris.
2158 1919 2211 1974 S.
2272 1919 2554 1976 Guarneri
2615 1921 2950 1990 presbyteri.
2987 1922 3041 1977 S.
3099 1923 3362 1993 Hugonis
3408 1924 3647 1994 presby-

1949 2005 2072 2060 teri.
2121 2005 2173 2061 S.
2234 2006 2448 2062 Odonis
2489 2007 2824 2076 presbyteri.
2868 2007 2918 2063 8.
2958 2007 3127 2076 Petri,
3181 2009 3454 2074 Rotberti,
3505 2011 3647 2066 Ber-

1947 2094 2132 2160 nardi,
2215 2094 2608 2150 diaconorum.
2652 2094 2702 2150 8.
2753 2094 3064 2162 Thabaldi,
3133 2096 3343 2163 Ivonis,
3411 2097 3647 2166 Giroldi,

1943 2181 2171 2249 Odonis,
2205 2181 2626 2249 Bartholomai,
2689 2182 2900 2246 Alexis,
2937 2182 3219 2251 Rainaldi,
3270 2183 3647 2240 subdiacono-

1946 2283 2096 2325 rum.
2131 2269 2184 2325 8.
2244 2270 2498 2337 Ansoldi,
2546 2270 2860 2335 Laurentii,
2924 2272 3130 2338 Ivonis,
3191 2273 3470 2340 Herberti,
3523 2276 3636 2329 Ar-

1943 2359 2088 2414 nulﬁ
2119 2359 2374 2425 Walteri,
2410 2359 2759 2430 lngelranni,
2792 2360 3171 2429 acolytorum,

2023 2470 2042 2496 ι
2085 2448 2247 2518 Hugo
2269 2455 2480 2503 sancta
2511 2447 2933 2503 Suessionensis
2967 2448 3235 2504 Ecclesia
3265 2449 3649 2506 cancellarius

1948 2535 2081 2592 huic
2113 2536 2325 2591 charta
2355 2535 2714 2605 subscripsit,
2745 2545 2799 2591 et
2841 2535 3053 2606 relegit.

2020 2642 2041 2668 ι
2078 2622 2284 2676 Actum
2311 2619 2483 2677 Verbi
2515 2621 2805 2675 Incarnati
2837 2634 2990 2675 anno
3023 2621 3178 2674 H00.
3233 2620 3493 2691 Hugonis
3527 2621 3647 2690 epi-

1943 2708 2099 2778 scopi
2129 2723 2278 2764 anno
2311 2723 2427 2777 vm,
2476 2716 2676 2778 epacta
2704 2723 2857 2776 xvm,
2891 2717 3158 2765 currente
3213 2724 3312 2778 vu,
3345 2709 3652 2766 indictione

1947 2811 2060 2852 Vill.
2098 2819 2119 2844 ι

2013 2885 2107 2940 Ill.
2141 2886 2450 2942 Guibertus
2482 2901 2584 2940 seu
2613 2885 2908 2942 Wibertus
2964 2886 3114 2953 1104,
3165 2900 3238 2941 ex
3272 2888 3553 2943 monacho
3591 2887 3648 2942 S.

206 2976 267 3030 Β.
295 2975 597 3031 Godefrido
653 2976 723 3030 ad
769 2975 1184 3031 sublevandam
1231 2976 1561 3032 monasterii
1609 2982 1835 3046 egesta-
1875 3013 1916 3068 Ο
1943 2973 2230 3030 Geremari
2263 2974 2668 3042 Flaviacensis,
2710 2988 2937 3043 genere,
2990 2975 3287 3046 religione,
3345 2976 3502 3031 omni
3553 2976 3650 3032 lit-

135 3073 245 3120 tem
275 3064 384 3120 tria
413 3063 618 3118 altaria
646 3064 765 3119 sive
790 3064 1054 3119 ecclesias
1088 3063 1398 3135 dilargitur
1451 3065 1618 3134 Hugo
1665 3066 1836 3119 Sues-

133 3151 414 3207 sionensis
443 3152 761 3221 episcopus,
797 3152 950 3221 quod
983 3159 1256 3207 testatum
1304 3151 1539 3222 reliquit
1590 3151 1649 3206 in
1683 3152 1840 3207 hunc

134 3239 371 3295 modum
398 3254 410 3294 :

213 3352 233 3378 ι
271 3330 389 3400 Ego
421 3329 586 3398 Hugo
627 3327 814 3399 gratia
861 3326 959 3382 Dei
1011 3326 1351 3383 Suessorum
1381 3327 1702 3396 episcopus,
1742 3341 1838 3383 co-

134 3432 414 3488 gnoscens
446 3416 664 3472 ordinis
720 3423 774 3471 et
807 3415 934 3481 loci,
969 3415 1026 3470 in
1058 3430 1176 3485 quo
1206 3417 1357 3470 Deus
1413 3430 1502 3470 me
1535 3415 1837 3486 indignum

134 3506 342 3576 posuit,
371 3505 647 3560 rationem
681 3518 798 3574 qua
827 3504 1097 3558 omnibus
1141 3503 1422 3571 ﬁdelibus,
1455 3504 1837 3574 quantulum-

132 3610 366 3665 cunque
401 3594 456 3648 in
489 3608 577 3648 me
607 3601 710 3657 est,
761 3591 982 3648 debitor
1028 3606 1178 3659 sum,
1214 3599 1276 3647 ut
1308 3605 1396 3646 me
1447 3606 1560 3645 non
1612 3599 1834 3648 tantum

132 3698 238 3753 pro
277 3683 416 3738 mihi
470 3681 806 3748 commissis,
855 3695 1059 3735 verum
1118 3679 1289 3735 etiam
1326 3693 1427 3748 pro
1485 3679 1838 3749 quibuslibet

133 3773 192 3826 in
239 3772 528 3827 Christum
585 3768 971 3835 credentibus,
1027 3768 1307 3835 animum,
1363 3766 1408 3820 si
1467 3781 1694 3822 necesse
1743 3767 1833 3835 sit,

131 3874 362 3930 ponere,
412 3861 626 3915 nedum
657 3866 942 3914 terrenam
974 3865 1028 3912 et
1073 3857 1412 3911 exteriorem
1449 3856 1834 3911 substantiam

131 3948 460 4004 ministrare
505 3953 782 4016 oporteat,
816 3945 1036 4000 dilectis
1067 3944 1344 4000 fratribus
1399 3944 1713 4011 monachis,
1777 3944 1837 3999 in

134 4037 498 4102 monasterio,
553 4035 896 4104 Novigento,
945 4033 999 4088 in
1061 4047 1207 4103 pago
1261 4032 1651 4098 Laudunensi,
1703 4033 1836 4097 Deo,

131 4132 189 4180 et
218 4132 428 4180 sancta
460 4123 559 4179 Dei
613 4121 897 4193 genitrici,
951 4135 1176 4190 semper
1207 4121 1420 4191 virgini
1469 4121 1662 4177 Maria
1722 4121 1838 4178 hu-

134 4212 347 4268 militer
433 4210 842 4278 servientibus,
923 4209 1034 4265 hoc
1106 4209 1273 4265 modo
1339 4208 1669 4265 benefacere
1734 4210 1837 4265 de-

133 4301 310 4356 crevi.

211 4412 232 4437 ι
266 4390 617 4458 Frequenter
637 4387 814 4454 enim,
842 4387 936 4444 sed
975 4388 1113 4443 satis
1153 4387 1466 4453 humiliter,
1515 4393 1752 4458 rogatus
1803 4399 1836 4440 a

132 4479 344 4533 domno
373 4476 672 4532 Godefrido
704 4476 958 4546 pradicti
988 4476 1091 4531 loci
1124 4475 1348 4538 abbate,
1382 4475 1506 4530 viro
1552 4475 1832 4544 religioso,

131 4575 188 4623 et
217 4565 528 4622 clarissimo
555 4564 738 4632 nobis,
769 4573 832 4620 ut
875 4565 1003 4636 ejus
1060 4563 1384 4618 monasterii
1443 4569 1836 4633 paupertatem

130 4663 189 4710 et
228 4653 469 4709 fratrum
497 4652 608 4707 Deo
641 4651 719 4707 ibi
777 4651 1150 4708 servientium
1184 4651 1575 4705 necessitatem
1617 4649 1835 4705 miseri-

129 4743 377 4800 corditer
414 4741 784 4807 attenderem,
815 4747 869 4795 et
907 4740 1117 4795 laboris
1145 4752 1344 4795 eorum
1387 4746 1442 4793 et
1469 4738 1642 4793 studii
1685 4738 1836 4794 circa

129 4832 232 4887 Dei
258 4831 478 4886 cultum
504 4829 754 4896 adjutor,
786 4836 840 4883 et
884 4835 1233 4883 sustentator
1286 4827 1609 4892 existerem,
1666 4827 1837 4896 justis

128 4919 398 4991 precibus
453 4917 819 4988 acquiescere
853 4916 1097 4987 dignum
1132 4915 1366 4981 ducens,
1426 4913 1495 4970 ad
1540 4920 1836 4970 sustenta-

127 5011 340 5066 tionem
372 5007 523 5062 illius
573 5005 988 5061 monachorum
1039 5003 1302 5070 canobii,
1345 5002 1455 5058 tria
1497 5002 1702 5058 altaria
1735 5017 1837 5071 pro

127 5110 323 5154 amore
362 5096 458 5151 Dei
489 5103 544 5151 et
573 5102 726 5150 statu
755 5093 1006 5150 ecclesia
1057 5099 1284 5159 nostra,
1341 5098 1395 5146 et
1445 5091 1574 5146 vita
1623 5099 1836 5146 aterna

128 5187 386 5252 obtentu,
447 5186 686 5239 devotus
733 5181 1006 5249 concessi,
1068 5179 1246 5236 altare
1307 5179 1518 5235 scilicet
1554 5179 1622 5234 de
1679 5179 1833 5234 Jovi-

131 5275 317 5340 niaco,
349 5273 527 5328 altare
553 5272 622 5328 de
650 5271 994 5338 Valsalione,
1027 5270 1207 5326 altare
1254 5268 1323 5324 de
1351 5267 1490 5324 villa
1544 5283 1675 5338 qua
1728 5281 1837 5323 vo-

133 5371 301 5420 catur
330 5363 477 5418 Pons
505 5361 695 5418 Sancti
728 5358 1002 5416 Medardi.
1381 5410 1396 5426 Α

211 5475 232 5501 ι
263 5452 330 5506 Ει
359 5451 498 5521 quia
533 5463 694 5506 sacra
730 5448 988 5519 pracipit
1031 5446 1340 5504 auctoritas
1391 5452 1474 5513 ut,
1525 5459 1656 5515 qua
1711 5450 1839 5500 rata

132 5555 255 5598 esse
296 5538 598 5610 episcopus
639 5537 907 5606 voluerit,
954 5549 1194 5593 suorum
1242 5533 1476 5591 consilio
1505 5531 1675 5589 faciat
1719 5531 1838 5588 cle—

1949 3071 2202 3119 teratura
2231 3063 2443 3131 clarus,
2480 3063 2657 3118 veluti
2689 3063 2866 3133 ipsius
2913 3077 3102 3132 opera,
3155 3078 3285 3133 qua
3315 3079 3473 3120 nunc
3536 3064 3650 3135 pri-

1947 3165 2107 3206 mum
2148 3151 2205 3206 in
2243 3151 2428 3207 lucem
2468 3151 2802 3217 emittimus,
2855 3158 3215 3206 attestantur.
3279 3152 3501 3207 Addam
3561 3153 3652 3208 hic

1944 3240 2359 3296 ordinationem
2395 3239 2647 3296 Guiberti
2682 3239 2750 3294 de
2778 3239 2970 3296 obitus
3013 3239 3134 3295 suis
3162 3240 3274 3307 die,
3312 3248 3444 3307 tres,
3487 3249 3654 3296 ante-

1946 3343 2124 3399 quam
2156 3329 2228 3384 ab
2271 3329 2544 3385 humanis
2581 3328 2895 3395 excederet,
2952 3342 3154 3396 annos,
3199 3328 3429 3384 factam.
3471 3329 3653 3385 Habet

1947 3417 2072 3487 ita;

2023 3525 2043 3550 ι
2080 3502 2200 3572 Ego
2229 3503 2563 3558 Guitbertus
2593 3502 2691 3555 Dei
2724 3501 2909 3571 gratia
2962 3508 3172 3555 sancta
3227 3500 3324 3555 Dei
3356 3500 3652 3570 genitricis

1947 3590 2141 3646 Maria
2164 3591 2316 3660 apud
2371 3578 2754 3658 Novigentum
2791 3603 3010 3644 servus.
3070 3588 3350 3654 Quoniam
3389 3589 3457 3644 de
3501 3602 3651 3659 aug-

1947 3684 2138 3732 mento
2161 3677 2411 3733 ecclesia
2445 3691 2562 3732 sua
2598 3691 2891 3746 quemque
2929 3679 3202 3730 rectorem
3257 3690 3462 3732 curare
3509 3691 3652 3731 con-

1947 3766 2124 3832 venit,
2156 3775 2280 3822 octo
2329 3766 2559 3834 solidos,
2605 3765 2706 3834 qui
2767 3763 2920 3834 apud
2956 3763 3360 3819 Landicurtem
3397 3763 3455 3818 in
3508 3765 3654 3820 atrio

1945 3854 2196 3910 ecclesia
2265 3855 2335 3910 ab
2393 3854 2712 3923 hospitibus
2795 3853 3008 3908 nostris
3067 3852 3519 3921 accipiebantur,
3593 3853 3651 3909 in

1948 3941 2085 3997 festo
2115 3941 2295 3996 sancti
2328 3941 2554 3997 Martini
2591 3941 2683 3995 tali
2737 3941 2904 3996 modo
2963 3939 3094 3994 emi.
3157 3940 3398 3996 Maritus
3449 3939 3653 4010 cujus-

1946 4029 2076 4084 dam
2111 4029 2368 4085 mulieris
2400 4029 2456 4084 in
2507 4029 2664 4085 feodo
2696 4044 2730 4084 a
2760 4029 2924 4084 nobis
2973 4035 3255 4094 tenuerat,
3311 4042 3519 4084 nomen
3547 4029 3651 4083 Pa-

1948 4131 2137 4188 ganus
2186 4126 2330 4186 erat,
2387 4132 2503 4188 quo
2535 4118 2826 4184 defuncto,
2879 4119 2970 4172 cui
3035 4117 3230 4172 relicta
3291 4116 3399 4186 ipsi
3429 4130 3560 4187 qua
3593 4115 3652 4172 in

1887 4213 1889 4215 ‘
1947 4207 2074 4262 dote
2099 4220 2194 4262 eos
2243 4221 2276 4262 a
2335 4206 2540 4262 marito
2588 4213 2903 4275 acceperat,
2935 4211 3080 4259 θεν
3126 4203 3494 4275 Hildeburgis
3544 4219 3653 4260 no-

1872 4285 1916 4339 Ι)
1947 4294 2121 4361 mine,
2153 4294 2338 4351 ﬁlium
2371 4302 2426 4350 et
2464 4293 2640 4348 ﬁliam
2691 4293 2928 4361 habens,
2959 4308 3089 4350 cum
3125 4293 3291 4349 valde
3333 4300 3543 4364 egeret,
3599 4301 3655 4348 et

1946 4383 2173 4439 feodum
2205 4391 2464 4439 nostrum
2508 4383 2605 4437 alii
2656 4397 2830 4452 quam
2885 4383 3048 4438 nobis
3078 4382 3184 4438 sibi
3235 4381 3482 4438 vendere
3536 4395 3653 4436 non

1946 4471 2157 4537 liceret,
2202 4471 2433 4527 tandem
2494 4469 2659 4526 nobis
2719 4470 2989 4537 vendidit,
3047 4475 3103 4526 et
3157 4478 3390 4526 centum
3443 4468 3652 4524 solidos

1947 4559 2181 4628 proinde
2211 4573 2245 4614 a
2297 4559 2459 4615 nobis
2489 4557 2722 4628 accepit,
2780 4559 2859 4612 ita
2921 4566 3004 4623 ut,
3059 4557 3433 4627 prasentibus
3479 4555 3651 4613 Codi-

1943 4647 2083 4702 ciaci
2114 4648 2282 4702 castri
2313 4647 2666 4716 proceribus,
2700 4653 2816 4702 tam
2845 4646 2965 4715 ipsa
3004 4659 3179 4714 quam
3227 4644 3378 4700 ﬁlius
3426 4651 3480 4700 et
3533 4643 3651 4699 ﬁlia

1943 4737 2069 4806 ejus
2093 4749 2127 4790 a
2156 4742 2427 4805 potestate
2465 4734 2615 4790 feodi
2663 4749 2781 4790 sese
2813 4741 3111 4801 exuerent,
3154 4731 3413 4803 mihique
3453 4739 3508 4788 et
3551 4747 3651 4788 ec-

1944 4824 2127 4879 clesia
2159 4823 2478 4890 redderent,
2507 4831 2562 4879 et
2589 4824 2801 4892 pariter
2831 4823 3047 4877 donum
3097 4822 3224 4890 ejus
3261 4835 3437 4889 super
3467 4820 3648 4877 altare

1945 4919 2238 4982 ponerent.
2287 4911 2433 4967 Huic
2493 4911 2880 4966 interfuerunt
2935 4911 3218 4965 Bobertus
3271 4908 3644 4965 Castellanus.

1944 5000 2260 5057 Bainaldus
2306 4999 2593 5066 Belehere,
2643 4998 2766 5053 Ado
2807 5006 2862 5054 et
2903 4997 3110 5054 Iterius
3164 5012 3295 5053 cum
3328 5005 3487 5067 patre
3543 5012 3649 5054 suo

1944 5089 2222 5155 Guidone,
2255 5088 2538 5144 Robertus
2573 5086 2862 5158 Anguilla,
2895 5087 3184 5143 Gerardus
3221 5086 3396 5142 Dolle.

2021 5200 2040 5226 α
2067 5176 2217 5243 Quin
2258 5177 2428 5232 etiam
2481 5191 2515 5230 a
2558 5176 2809 5246 quodam
2854 5175 3031 5231 milite
3082 5175 3185 5245 qui
3239 5173 3647 5230 Guermundus

1942 5265 2276 5334 vocabatur,
2330 5274 2383 5322 et
2433 5265 2492 5320 in
2541 5265 2957 5335 eleemosynam
3005 5264 3329 5334 accepimus
3380 5277 3645 5319 mansum

1945 5354 2249 5424 quemdam
2285 5354 2440 5424 apud
2482 5353 2758 5421 Remeias,
2793 5369 2963 5423 quem
3007 5368 3107 5423 pro
3139 5351 3346 5408 allodio
3390 5352 3644 5422 posside-

1945 5443 2041 5498 bat
2074 5457 2086 5497 :
2120 5456 2290 5512 quem
2322 5442 2492 5498 etiam
2515 5441 2907 5497 Fortmundus
2937 5442 3194 5511 quidam,
3227 5441 3398 5511 cujus
3428 5440 3644 5496 familia

1943 5538 2061 5588 tota
2083 5537 2206 5587 erat
2225 5530 2293 5587 de
2326 5531 2457 5602 jure
2485 5529 2734 5587 ecclesia
2791 5537 3018 5598 nostra,
3051 5544 3182 5587 cum
3223 5537 3376 5586 terra
3426 5544 3638 5601 appen-
