3924 6090
316 294 452 348 H27

1340 292 1436 346 AD
1476 293 1627 348 ore.
1671 290 1830 349 VEN.
1872 290 2201 347 GUIBERTI
2242 290 2335 345 DE
2374 259 2772 346 Novmsnro

3686 295 3834 347 H98

305 424 429 480 dice
471 424 543 479 ab
593 424 711 494 ipso
757 421 1128 477 Guermundo
1183 421 1425 477 tenebat.
1474 421 1654 492 Cujus
1703 420 2006 489 largitione
2043 424 2088 475 A
2121 420 2406 475 universis
2453 421 2507 476 in
2556 420 2785 476 Christo
2846 419 3109 476 fidelibus
3154 420 3209 476 in
3264 428 3629 491 perpetuum.
3678 422 3833 488 Quo-

306 522 496 571 tamen
530 528 641 569 non
665 512 747 567 fui
781 513 1060 581 ingratus,
1093 510 1189 566 sed
1220 510 1457 581 triginta
1498 511 1759 581 quinque
1796 510 2005 565 solidos

303 603 353 658 ei
382 600 619 667 contuli,
668 599 806 671 quia
858 613 991 654 eum
1046 611 1351 668 pauperem
1410 598 1579 653 scivi:
1623 599 1724 669 qui
1766 611 2004 653 mansus

301 699 415 748 tres
439 689 646 745 solidos
678 688 1078 743 Laudunensis
1104 696 1343 744 moneta
1395 688 1706 758 quotannis
1743 688 1912 743 solvit
1944 687 1998 742 in

300 778 604 834 festivitate
623 776 803 832 sancti
838 776 1096 845 Remigii.
1130 776 1234 832 Cui
1285 777 1434 832 dono
1484 777 1813 832 Furmelina
1854 791 2002 831 uxor

299 878 406 920 sua
434 864 676 920 libenter
726 864 949 919 annuit.
986 865 1054 919 Et
1095 863 1271 934 hujus
1314 865 1393 919 rei
1423 872 1592 920 testes
1635 873 1772 920 sunt
1818 865 2002 920 Guido

298 952 570 1021 deoGuni,
595 953 714 1008 Ado
747 952 920 1018 filius,
971 952 1161 1007 Helias
1190 952 1260 1008 de
1308 953 1469 1020 Fera,
1512 952 1696 1009 Guido
1730 953 1997 1009 filius.....

297 1040 707 1102 Gerelmus.....
740 1040 1043 1096 Albericus
1081 1039 1151 1095 de
1179 1040 1433 1097 Traveci.

372 1150 393 1177 ι
432 1130 543 1185 Hos
574 1136 696 1185 octo
718 1129 925 1184 solidos
951 1143 1082 1184 cum
1117 1129 1301 1185 tribus
1339 1129 1468 1196 illis,
1515 1130 1614 1200 qui
1674 1130 1742 1185 de
1797 1143 1997 1185 mauso

296 1216 626 1285 solvuntur,
662 1231 764 1287 pro
810 1218 1192 1273 anniversarii
1246 1218 1354 1273 mei
1395 1218 1485 1273 die
1539 1219 1807 1274 constitui
1866 1232 1997 1274 cum

294 1305 529 1361 consilio
560 1304 805 1361 fratrum
832 1313 1181 1373 nostrorum,
1216 1306 1354 1376 ipsis
1406 1305 1682 1363 fratribus
1739 1306 1809 1361 ad
1852 1321 1998 1377 quos

293 1394 581 1462 potuerint
637 1394 942 1463 epularum
1002 1401 1315 1463 apparatus
1370 1393 1591 1450 dandos
1639 1403 1743 1451 :et
1783 1409 1850 1450 ea
1907 1395 1997 1451 die

291 1495 489 1538 omnes
565 1483 814 1538 ecclesiae
871 1483 1191 1539 sacerdotes
1252 1484 1449 1539 missas
1508 1484 1717 1554 singuli
1777 1486 1995 1555 quique

293 1578 547 1639 cantent,
578 1572 728 1627 sicut
758 1571 815 1626 in
871 1571 961 1627 die
1015 1571 1393 1627 ordinationis
1432 1571 1618 1628 facere
1674 1572 1874 1629 solent.
1928 1574 1995 1629 ln

291 1659 410 1714 vita
462 1666 653 1715 autem
696 1671 843 1727 mea,
894 1658 1063 1715 etiam
1132 1660 1176 1714 si
1234 1660 1306 1715 ab
1358 1659 1589 1750 abbatia
1644 1660 1990 1750 decederem,
2034 1696 2074 1750 Β

292 1755 394 1803 aut
421 1747 563 1803 alias
611 1749 820 1818 quavis
863 1748 1158 1804 occasione
1199 1749 1687 1819 transmigrarem,
1748 1749 1806 1803 in
1856 1749 1994 1806 festo

290 1843 500 1892 sanctae
532 1836 721 1891 Luciaa
772 1835 998 1892 eosdem
1027 1835 1292 1891 denarios
1317 1836 1536 1892 dandos
1594 1837 1994 1894 constituimus

291 1923 363 1978 ad
405 1922 647 1979 fratrum
690 1922 1071 1979 refectionem.
1108 1923 1196 1978 Ex
1245 1924 1341 1979 Dei
1372 1938 1508 1996 ergo
1538 1932 1593 1980 et
1639 1933 1833 1982 nostra
1869 1941 1991 1981 om—

292 2009 454 2066 nium
517 2011 859 2066 auctoritate
919 2010 1493 2068 excommunicamus
1537 2020 1592 2069 et
1627 2013 1734 2092 .Dei
1775 2013 1992 2084 judicio

289 2098 611 2154 addicimus
657 2112 852 2155 omnes
886 2099 986 2170 qui
1032 2098 1136 2154 has
1191 2113 1471 2169 expensas
1532 2101 1797 2157 undecim
1848 2117 1993 2173 quos

288 2186 666 2256 praediximus
684 2187 1018 2255 solidorum,
1055 2188 1126 2243 ab
1175 2201 1240 2243 eo
1278 2188 1370 2244 cui
1400 2188 1665 2245 destinati
1713 2198 1870 2258 sunt,
1900 2205 1989 2248 re-

286 2275 589 2331 moverint.

359 2385 387 2413 ιι
413 2364 617 2418 Actum
667 2363 955 2419 Incarnati
1004 2363 1178 2421 Verbi
1242 2378 1395 2421 anno
1445 2369 1601 2421 1121.
1660 2366 1714 2423 8.
1766 2366 1984 2423 Aiardi.

286 2449 340 2506 8.
404 2450 653 2507 Radulfi.
705 2451 759 2507 S.
805 2452 1089 2507 Bainaldi.
1143 2454 1199 2507 8.
1262 2453 1459 2510 Alardi
1513 2454 1883 2511 refectorarii.
1928 2460 1985 2513 8.

284 2537 557 2595 Godifridi
605 2539 873 2595 cantoris.
925 2542 979 2595 S.
1030 2539 1261 2597 Odonis.
1314 2541 1370 2597 8.
1430 2542 1726 2599 Gullermi.
1780 2545 1985 2601 Addel-

282 2627 383 2682 mi.
419 2666 432 2682 .
469 2670 482 2685 .
521 2671 532 2683 .
567 2666 582 2683 .
620 2669 632 2681 .
671 2668 686 2682 .
728 2670 739 2682 .
778 2669 791 2682 .
825 2627 878 2683 8.
907 2628 1062 2685 Adae.
1088 2628 1451 2687 S.Fulconis.
1474 2630 1527 2687 S.
1550 2630 1902 2704 Leodegarii,
1932 2640 1988 2689 et

282 2721 617 2772 czeterorum
648 2717 929 2772 omnium.

354 2803 448 2861 IV.
479 2804 739 2860 Andreas
795 2806 957 2861 1124.
1008 2805 1168 2861 Prior
1204 2813 1375 2863 antea
1407 2807 1652 2864 cmnobii
1706 2808 1989 2880 Novigen-

281 2890 409 2947 tini.
458 2891 780 2948 Nonnullae
834 2893 1109 2949 benevolo
1166 2894 1359 2951 animo
1421 2896 1985 2953 Praamonstrateusi-

2111 511 2266 565 niam
2302 510 2604 578 Apostolus
2628 509 2904 579 praecipit,
2936 510 3073 565 dum
3099 518 3321 579 tempus
3346 512 3586 577 habetis,
3623 526 3835 582 opera-

2115 595 2249 652 mini
2284 596 2497 652 bouum
2524 598 2592 651 ad
2626 612 2843 661 omnes,
2873 599 3122 653 maxime
3155 602 3346 654 autem
3378 600 3448 655 ad
3481 600 3834 655 domesticos

2112 682 2241 739 fidei
2297 684 2444 755 (Gal.
2500 699 2577 749 Vt,
2628 672 2734 755 10).
2774 706 2793 733 ι
2838 685 2953 741 Nos
3004 693 3174 755 prout
3228 688 3529 756 pastoralis
3584 689 3833 743 solertia

2109 771 2308 843 exigit,
2341 772 2478 828 dum
2512 781 2737 844 tempus
2781 774 3081 837 habemus,
3116 788 3202 843 ea,
3238 791 3369 846 qua:
3400 775 3629 846 pietatis
3688 785 3833 832 sunt

2109 867 2163 915 et
2189 861 2615 929 misericordize,
2668 863 2910 918 invicem
2948 862 3153 919 sectari
3194 864 3489 920 debemus.
3531 865 3833 922 Omnibus

2108 948 2392 1019 siquidem
2449 958 2653 1006 notum
2709 965 2831 1007 esse
2901 951 3192 1019 volumus,
3264 960 3378 1008 tam
3437 954 3831 1023 praasentibus

2108 1051 2285 1107 quam
2339 1038 2567 1100 futuris,
2620 1039 2931 1095 Badulfum
2986 1039 3369 1110 Nigellensem
3409 1042 3826 1108 castellanum,

2108 1125 2180 1181 ab
2209 1127 2380 1183 Ivone
2421 1128 2729 1198 Nigellensi
2778 1128 3017 1184 domino
3054 1142 3154 1197 per
3185 1130 3602 1186 successionem
3643 1140 3829 1200 poste-

2107 1214 2314 1283 ritatis,
2366 1216 2425 1271 in
2461 1216 2642 1272 altare
2693 1217 2763 1272 de
2818 1217 3009 1285 Curci,
3052 1226 3165 1273 tam
3208 1217 3266 1272 in
3297 1218 3534 1274 minutis
3579 1219 3828 1274 decimis

2108 1317 2287 1373 quam
2320 1304 2377 1359 in
2419 1304 2897 1375 hospitibuS'atrii
2923 1320 2939 1374 ;
2967 1318 3070 1361 seu
3115 1304 3171 1359 in
3215 1305 3609 1361 oblationibus
3632 1320 3825 1362 sacer-

2107 1391 2270 1457 dotis,
2305 1391 2713 1448 dimidietatem
2746 1405 2848 1462 per
2875 1391 3069 1447 omnia
3131 1391 3190 1448 in
3244 1392 3473 1449 feodum
3514 1394 3819 1457 tenuisse;

2104 1493 2314 1549 eosque
2349 1480 2547 1535 ambos
2598 1488 2731 1535 ante
2772 1494 2874 1536 nos
2912 1479 3210 1536 humiliter
3251 1482 3493 1539 venisse.
3527 1496 3819 1551 recogno-

2104 1575 2324 1623 scentes
2359 1582 2534 1639 super
2573 1569 2679 1624 hoc
2718 1569 2945 1639 culpam
2990 1583 3176 1636 suam,
3219 1569 3723 1640 Radulphumque
3763 1571 3818 1625 in

2105 1668 2342 1710 manum
2397 1657 2587 1711 lvonis
2639 1656 2796 1712 hunc
2833 1655 3062 1712 feodum
3106 1656 3440 1724 reddidisse,
3480 1665 3536 1712 et
3576 1657 3817 1712 lvonem

2106 1741 2282 1798 libere
2315 1751 2368 1799 et
2401 1744 2660 1800 absolute
2690 1744 2750 1799 in
2780 1757 3018 1800 manum
3048 1752 3299 1800 nostram
3344 1744 3653 1812 remisisse,
3700 1760 3819 1800 eos-

2104 1845 2218 1902 que
2258 1831 2316 1887 in
2346 1846 2650 1888 commune
2680 1847 2786 1889 nos
2827 1846 2957 1888 cum
2986 1833 3284 1889 devotione
3334 1845 3547 1903 magna
3579 1847 3817 1904 rogasse

2102 1927 2412 1989 quatenus,
2446 1935 2548 1990 pro
2581 1920 2887 1977 animabus
2903 1928 3322 1977 antecessorum
3353 1936 3619 1988 suorum,
3650 1926 3812 1976 ses

2100 2017 2155 2065 et
2187 2009 2508 2078 specialiter
2541 2023 2642 2079 pro
2673 2010 2866 2065 anima
2896 2009 3181 2066 Guillelmi
3206 2010 3395 2067 fratris
3419 2010 3679 2077 Radulﬁ,
3712 2013 3811 2081 qui

2104 2096 2159 2151 in
2208 2098 2550 2153 monasterio
2607 2097 2785 2155 beatae
2830 2098 3024 2153 Mariae
3077 2097 3319 2169 Nogenti
3357 2099 3692 2154 monachus
3740 2100 3811 2154 fa-

2100 2192 2245 2251 ctus,
2297 2192 2350 2241 et
2385 2184 2646 2255 sepultus
2687 2193 2790 2253 est,
2838 2186 3023 2242 eidem
3083 2188 3429 2243 monasterio
3474 2187 3587 2242 hoc
3634 2187 3809 2243 eccle

2098 2272 2395 2330 siasticum
2465 2273 2802 2331 beneficium
2861 2274 3349 2343 contraderemus,
3400 2282 3456 2333 et
3528 2277 3808 2332 canonice

2099 2359 2482 2418 ﬂrmaremus.

2174 2472 2194 2498 ‹
2226 2450 2340 2507 Nos
2380 2451 2560 2522 igitur
2597 2450 2879 2508 devotioni
2924 2466 3123 2508 eorum
3169 2451 3631 2523 aggratulantes,
3683 2452 3806 2520 tibi,

2098 2537 2271 2594 frater
2302 2540 2535 2595 Andrea
2566 2540 2911 2610 supradictae
2955 2539 3204 2596 ecclesiae
3240 2540 3587 2597 venerabilis
3627 2542 3804 2607 abba,

2096 2626 2327 2697 tuisque
2375 2628 2822 2695 successoribus,
2874 2628 3270 2699 fratribusque
3328 2628 3473 2685 inibi
3526 2630 3641 2684 Deo
3689 2645 3809 2686 ser-

2096 2714 2405 2778 vientibus,
2444 2715 2730 2786 quidquid
2776 2716 2833 2772 in
2885 2717 3063 2773 altare
3123 2717 3193 2773 de
3239 2716 3410 2773 Curci
3458 2718 3813 2788 Radulphus

2094 2804 2444 2860 saeculariter
2492 2805 2739 2873 tenebat,
2805 2820 2909 2862 nos
2962 2806 3339 2862 ecclesiastice
3388 2806 3809 2876 possidendum

2096 2892 2340 2949 ulterius
2395 2908 2497 2962 pro
2544 2893 2852 2950 animabus
2914 2895 3394 2964 praedecessorum
3446 2902 3808 2961 nostrorum,

282 2979 410 3047 bus,
468 2980 722 3037 maxime
796 2981 953 3051 apud
1024 2982 1341 3052 Bonolium,
1394 2986 1777 3055 possessiones
1837 3000 1981 3042 con-
2018 2973 2142 3037 Cet
2180 2981 2380 3037 matris
2423 2996 2563 3037 meae
2625 2983 3026 3050 concedimus;
3083 2991 3148 3040 ut
3194 2983 3348 3054 quod
3394 2984 3543 3039 laica
3589 2998 3809 3040 manus

283 3068 470 3124 cessit.

354 3175 383 3208 ι
415 3158 481 3213 In
507 3157 741 3214 nomine
771 3165 982 3215 sanctae
1004 3166 1059 3215 et
1085 3159 1399 3217 individua:
1418 3160 1731 3218 Trinitatis.

353 3244 601 3302 «Sciant
669 3260 865 3303 omnes
924 3256 1230 3317 przesentes
1284 3257 1339 3305 et
1414 3249 1593 3306 futuri
1666 3251 1819 3321 quod
1876 3266 1981 3323 ego

280 3330 541 3390 Andreas
587 3334 765 3391 abbas
823 3335 1044 3392 Sanctae
1109 3336 1304 3393 Mariae
1378 3338 1640 3409 Nogenti,
1708 3354 1981 3397 concessu

279 3421 516 3491 capituli
581 3424 782 3492 nostri,
855 3425 1109 3481 concessi
1186 3426 1437 3482 ecclesiae
1520 3427 1981 3485 Praemonstrataa

278 3522 504 3565 omnem
566 3517 774 3568 terram
854 3512 1024 3569 alodii
1080 3515 1258 3569 nostri
1328 3516 1482 3585 quod
1546 3516 1982 3586 possidebamus

278 3597 431 3666 apud
493 3598 818 3665 Bonolium,
897 3615 1001 3671 per
1049 3616 1283 3658 censum
1339 3602 1609 3659 tredecim
1666 3604 1978 3661 solidorum

276 3693 518 3742 moneta)
570 3687 1037 3755 Vermandensis,
1107 3691 1263 3745 omni
1312 3704 1476 3747 anno
1536 3692 1978 3761 persolvendum

277 3774 350 3831 ad
379 3775 839 3833 Purificationem
888 3785 1100 3834 sancta;
1156 3778 1250 3834 Dei
1300 3780 1594 3850 genitricis
1638 3780 1849 3837 Mariae.
1911 3782 1983 3837 Et

278 3863 387 3920 hoc
414 3871 605 3920 ratum
638 3872 693 3921 et
722 3864 954 3922 ﬁrmum
987 3867 1349 3924 attestatione
1392 3868 1566 3939 sigilli
1620 3870 1795 3925 nostri
1847 3884 1980 3926 con-

206 3980 211 3985 -
278 3951 600 4022 firmamus,
628 3954 1105 4011 etiuconvulsum
1129 3969 1463 4025 permanere
1492 3956 1874 4014 decernimus.

340 4060 369 4090 ‹‹
402 4040 590 4111 Hujus
620 4041 999 4098 concessionis
1047 4049 1215 4099 testes
1261 4051 1415 4100 sunt.
1475 4043 1814 4101 Godefridus
1865 4059 1982 4102 mo-

276 4127 503 4183 nachus
528 4134 583 4183 et
606 4135 807 4184 cantor
835 4128 1156 4201 Novigenti,
1211 4132 1535 4188 Bernardus
1592 4132 1979 4203 eleemosyna-

278 4215 420 4283 rius,
472 4216 791 4273 Adelardus
833 4218 1169 4286 monachus,
1238 4220 1565 4281 Adelelmus
1612 4222 1973 4291 secretarius,

277 4303 573 4360 Albericus
620 4306 979 4375 praepositus,
1042 4307 1350 4365 Herberius
1392 4309 1743 4379 cellerarius,
1802 4310 1975 4366 Fulco

278 4407 441 4463 puer,
471 4393 674 4450 Iterius
698 4408 861 4463 puer,
893 4403 948 4452 et
975 4396 1183 4451 caeteri.

349 4502 377 4533 α
409 4483 479 4539 Et
519 4482 588 4538 de
615 4483 813 4539 eadem
843 4484 1284 4541 Przemonstrata
1315 4484 1571 4553 ecclesia,
1612 4486 1779 4559 Hugo
1834 4495 1975 4544 tunc

276 4569 547 4639 temporis
578 4569 773 4639 abbas,
807 4570 1092 4628 Gerardus
1129 4573 1304 4644 prior,
1356 4574 1704 4631 Hardwinus
1749 4583 1969 4644 cantor,

275 4657 478 4714 Petrus
537 4658 781 4724 diaconi,
840 4660 1164 4717 Almoricus
1216 4662 1517 4730 diaconus,
1569 4664 1773 4733 Adam,
1836 4665 1970 4720 Thi-

273 4745 503 4817 baldus,
534 4748 891 4812 subdiaconi,
920 4748 1256 4818 Rainaldus,
1292 4751 1558 4820 Joannes,
1593 4753 1777 4822 pueri.

345 4856 373 4884 «
406 4836 573 4891 Auno
601 4837 1015 4893 lncarnationis
1041 4837 1270 4895 Domini
1312 4841 1466 4909 1129,
1524 4841 1830 4898 indictione
1869 4857 1967 4907 vn,

270 4932 467 4994 epacta
495 4938 698 4992 xxvnt,
723 4938 882 4980 conc.
914 4939 952 4980 ι.
993 4946 1015 4974 ι

345 5012 692 5083 Radulphus
741 5020 934 5069 autem
980 5016 1342 5084 castellanus,
1386 5023 1442 5073 et
1490 5017 1588 5073 lvo
1633 5016 1971 5089 Nigellensis

270 5101 604 5169 Ecclesiam,
671 5114 847 5171 quam
900 5100 1111 5173 injuste
1157 5104 1541 5175 usurpabant,
1619 5105 1971 5175 approbante

270 5189 501 5247 Simone
529 5188 894 5247 Noviomensi
945 5191 1226 5262 episcopo,
1290 5193 1528 5248 tradunt
1580 5194 1820 5249 Andreas
1867 5194 1971 5250 ab-

269 5275 408 5346 bati,
437 5285 493 5334 et
516 5276 813 5334 monachis
835 5278 893 5331 B.
925 5279 1118 5336 Mariae
1154 5279 1547 5352 Novigentinze
1572 5295 1584 5335 :
1614 5282 1700 5337 En
1758 5281 1969 5339 tabulae

269 5363 611 5423 donationis.

345 5474 366 5503 ι
400 5455 463 5509 In
492 5452 722 5511 nomine
752 5455 956 5524 Patris,
988 5463 1043 5513 et
1074 5455 1220 5525 Filii,
1248 5464 1301 5514 et
1330 5455 1579 5529 Spiritus
1607 5456 1819 5515 Sancti.

338 5541 459 5611 Ego
506 5540 704 5599 Simon
754 5542 850 5600 Dei
899 5545 1106 5615 gratia,
1153 5545 1619 5604 Noviomensium
1672 5546 1970 5619 episcopus

2090 3071 2367 3127 hactenus
2416 3070 2476 3126 in
2520 3071 2916 3128 sanctuarium
2970 3072 3068 3128 Dei
3116 3073 3266 3129 male
3312 3073 3515 3137 tenuit,
3562 3073 3812 3129 ecclesia

2091 3166 2190 3215 tua
2239 3158 2507 3229 deinceps
2540 3159 2683 3216 bene
2731 3166 2785 3216 et
2817 3159 2994 3217 libere
3038 3161 3341 3230 possideat.
3386 3161 3701 3231 Presbyter
3747 3163 3802 3217 in

2092 3247 2361 3317 parochia
2409 3255 2505 3303 tuo
2537 3262 2778 3305 assensu
2811 3263 2912 3319 per
2941 3263 3181 3305 manum
3224 3249 3472 3320 episcopi
3521 3259 3797 3320 ponatur.

2089 3335 2144 3392 Si
2198 3336 2338 3406 quid
2386 3351 2519 3392 vero
2572 3338 2629 3393 in
2676 3338 2869 3394 eadem
2917 3338 3193 3407 parochia
3239 3343 3303 3393 tu
3344 3346 3397 3394 et
3438 3353 3801 3394 successores

2090 3424 2193 3492 tui,
2230 3425 2344 3481 Deo
2370 3426 2710 3490 auxiliante,
2756 3426 3059 3496 acquirere
3109 3427 3383 3497 poteritis,
3434 3426 3617 3497 hujus
3644 3429 3801 3483 char-

2086 3510 2223 3567 tulae
2244 3512 2536 3568 sanctione
2568 3511 2885 3569 ﬁrmamus.

2159 3621 2188 3649 ‹‹
2216 3600 2288 3657 Ut
2315 3599 2495 3671 igitur
2532 3600 2654 3657 hac
2692 3601 2887 3657 omnia
2935 3608 3062 3658 rata
3103 3609 3159 3658 et
3192 3602 3536 3659 inconvulsa
3582 3617 3803 3673 perma.

2086 3696 2278 3756 neant,
2330 3688 2713 3760 praecipimus,
2762 3698 2817 3746 et
2862 3690 3034 3762 sigilli
3080 3690 3258 3748 nostri
3300 3691 3697 3761 impressione,
3748 3701 3804 3748 et

2088 3778 2319 3834 testium
2348 3778 2741 3848 suppositione
2787 3780 3247 3842 corroboramus,
3290 3788 3345 3835 et
3390 3794 3460 3836 ne
3494 3781 3631 3850 quis
3661 3795 3805 3850 prae-

2088 3873 2346 3935 sumptor
2409 3865 2517 3923 hoc
2580 3866 2795 3923 donum
2869 3867 3079 3923 violare
3129 3882 3389 3938 unquam
3460 3874 3801 3937 praesumat,

2091 3953 2474 4010 anathematis
2514 3953 2878 4024 inhibitione,
2920 3956 3259 4012 auctoritate
3301 3957 3483 4012 sancti
3525 3956 3799 4028 Spiritus,

2090 4043 2484 4113 prohibemus.
2516 4043 2706 4113 Hujus
2738 4044 2819 4099 rei
2860 4051 3029 4100 testes
3053 4052 3191 4101 sunt
3219 4044 3494 4115 suppositi
3522 4061 3537 4098 :

2161 4152 2189 4181 ‹‹
2236 4130 2289 4187 8.
2350 4129 2595 4187 Simonis
2642 4131 2913 4202 episcopi.
2965 4132 3019 4188 S.
3069 4132 3330 4205 Hugonis
3373 4133 3799 4189 archidiaconi.

2089 4219 2142 4275 S.
2182 4218 2449 4276 Balduini
2513 4219 2733 4276 decani.
2793 4219 2847 4275 S.
2894 4219 3043 4277 Petri
3087 4220 3356 4277 cantoris.
3417 4220 3472 4277 8.
3527 4221 3799 4292 magistri

2085 4307 2257 4364 Petri.
2293 4307 2345 4363 S.
2375 4307 2705 4364 Theudorici
2738 4308 2963 4365 abbatis
2987 4309 3178 4366 Sancti
3209 4309 3376 4380 Eligii
3396 4308 3689 4365 Noviomi.

2161 4418 2183 4445 ‹
2220 4399 2427 4452 Actum
2466 4396 2741 4453 Noviomo
2790 4397 2850 4453 in
2883 4400 3187 4467 praesentia
3230 4397 3478 4454 Simonis
3511 4398 3796 4469 episcopi,

2083 4498 2238 4541 anno
2290 4484 2362 4539 ab
2420 4484 2820 4541 Incarnatione
2880 4486 3103 4542 Domini
3153 4487 3332 4543 nostri
3388 4485 3525 4542 Iesu
3579 4486 3796 4542 Christi

2083 4572 2401 4640 millesimo,
2442 4573 2750 4629 centesimo
2801 4574 3085 4631 tricesimo
3135 4575 3407 4631 secundo.
3449 4575 3574 4645 Ego
3625 4576 3798 4645 ﬁngo

2082 4661 2459 4717 cancellarius
2487 4661 2818 4732 subscripsi.
2850 4685 2870 4712 ι

2155 4750 2223 4807 V.
2286 4752 2478 4807 Bruno
2522 4751 2658 4806 1140
2706 4751 3001 4808 ecclesiam
3064 4752 3473 4808 canonicorum
3520 4752 3792 4808 Co'dicia-

2083 4838 2364 4905 censium,
2412 4846 2465 4896 et
2504 4839 2602 4909 pia
2669 4840 2935 4910 quaedam
2975 4840 3089 4895 alia
3130 4840 3372 4896 donaria
3427 4840 3789 4910 lugelranni,

2080 4934 2206 4984 rata
2235 4927 2360 4984 vult
2390 4928 2840 4985 Bartholommus
2885 4929 3278 4986 Laudunensis
3319 4929 3628 5000 episcopus
3661 4931 3793 4987 boc-

2078 5030 2141 5073 ce
2171 5016 2480 5086 diplomate
2509 5032 2522 5073 :

2155 5126 2177 5155 ‹
2230 5106 2295 5160 In
2341 5105 2576 5182 nomine
2629 5105 2831 5174 Patris,
2879 5113 2935 5163 et
2983 5105 3130 5174 Filii,
3178 5113 3233 5162 et
3278 5104 3527 5177 Spiritus
3574 5107 3784 5165 sancti.

2077 5193 2199 5265 Ego
2249 5195 2700 5253 Bartholomaeus
2745 5195 2844 5251 Dei
2900 5196 3089 5268 gratia
3137 5195 3617 5253 Laudunensium
3659 5199 3787 5268 epi-

2077 5295 2302 5353 scopus.
2353 5282 2636 5350 Quoniam
2681 5283 2989 5353 Apostolus
3029 5283 3307 5354 praecipit,
3367 5284 3507 5342 dum
3554 5292 3786 5357 tempus

2077 5371 2319 5441 habetis,
2354 5372 2672 5442 operamini
2703 5372 2920 5429 bonum
2950 5372 3022 5428 ad
3043 5386 3264 5439 omnes,
3297 5373 3555 5429 maxime
3588 5382 3785 5431 autem

2076 5460 2147 5516 ad
2181 5459 2521 5517 domesticos
2563 5460 2690 5517 fidei
2740 5459 2901 5531 (Gal.
2947 5475 3023 5530 γι,
3081 5460 3190 5531 10),
3237 5474 3342 5516 nos
3381 5468 3557 5531 prout
3601 5470 3785 5534 pasto-

2076 5549 2217 5606 ralis
2245 5548 2475 5606 solertia
2513 5548 2714 5620 exigit,
2760 5548 2901 5606 dum
2939 5555 3167 5620 tempus
3204 5549 3509 5619 habemus,
3550 5564 3623 5607 ea
3656 5566 3783 5623 qua:
