3932 6084
330 235 458 289 1131

1367 233 1464 288 AD
1503 232 1653 288 OPP.
1692 231 1843 288 VEN.
1887 231 2219 290 GUIBEBTI
2259 234 2346 288 DE
2385 233 2787 290 NOVIGENTO

3705 238 3844 289 H35!

403 395 424 420 ε
463 371 516 426 8.
570 355 960 427 Βειιειιιοιοιιιῖθί
1013 367 1412 425 Laudunensis
1459 369 1722 438 episcopi.
1783 369 1836 424 S.
1887 369 1986 423 Goi

2192 383 2236 423 er
2291 369 2507 425 litteras
2553 371 2737 439 sigillo
2787 384 2912 425 meo
2958 370 3250 425 roboratas
3308 370 3621 440 posteritati
3679 370 3837 426 futu-

325 460 466 515 sleni
536 458 956 515 Suessionensis
1024 458 1294 528 episcopi.
1365 457 1418 512 8.
1483 457 1742 512 \Vidonis
1798 458 2019 512 decani.

326 550 380 604 8.
448 548 714 604 Richardi
781 546 1189 602 archidiaconi.
1264 546 1316 601 8.
1387 546 1638 601 Barthol.
1711 546 2018 601 archidiac.

525 637 750 692 abbatis
793 635 847 691 S.
897 635 1148 690 Joannis.
1199 634 1254 690 S.
1292 635 1502 690 Anselli
1534 636 1662 690 abb.
1699 635 1752 690 S.
1788 635 2024 689 Vincen-

324 726 404 781 tii.
458 726 510 780 S.
559 725 846 780 Gilleberli
891 724 1020 779 abb.
1075 724 1128 779 8.
1180 723 1396 779 Nicolai
1444 724 1513 779 de
1561 724 1740 779 Saltu.
1787 723 1840 778 S.
1883 723 2023 778 Wil-

322 812 475 869 lelmi
522 813 655 869 abb.
720 812 773 868 S.
842 813 1054 869 Nicolai
1126 813 1195 868 de
1252 813 1440 868 Prato.
1494 815 1548 869 S.
1601 813 1831 869 Milonis
1878 826 2021 867 can-

321 903 477 958 toris.
514 923 535 950 ι

389 1009 481 1064 VI.
517 1009 920 1079 Ingelrannus,
959 1011 1111 1063 1157.

389 1115 506 1169 VII.
555 1115 820 1181 Joannes,
869 1115 939 1170 ab
995 1129 1148 1169 anno
1196 1114 1331 1168 1164
1388 1114 1458 1169 ad
1515 1116 1670 1168 1185.
1733 1114 1849 1169 Hoc
1898 1115 2018 1185 ipso

265 1267 275 1277 ,
321 1212 551 1274 regente
599 1218 828 1259 crevere
859 1203 1189 1259 monasterii
1231 1204 1402 1270 bona,
1435 1203 1765 1273 summique
1799 1203 2022 1273 pontifi-

319 1309 412 1350 ces
440 1293 755 1364 privilegiis
785 1293 1141 1350 munierunt.

389 1391 539 1448 VIII.
589 1390 796 1456 Helias,
847 1392 1002 1453 1185,
1050 1388 1374 1459 complures
1425 1389 1548 1445 iniit
1595 1404 1725 1444 cum
1776 1389 2020 1444 diversis

317 1480 632 1546 societates,
721 1477 1034 1548 praesertim
1104 1491 1238 1533 cum
1299 1478 1540 1549 Hugone
1603 1480 2017 1533 Przetnonstra—

317 1568 460 1624 tensi
497 1567 722 1623 abbate.

387 1664 484 1720 1X.
519 1664 822 1731 Robertus,
851 1677 1004 1718 anno
1037 1665 1169 1717 1190
1200 1663 1272 1718 ad
1303 1665 1457 1717 1201.

387 1763 448 1816 Χ.
517 1761 719 1816 Petrus
790 1759 1008 1829 Claudy
1080 1759 1279 1830 (vulgo
1345 1759 1398 1812 le
1440 1759 1718 1830 Boileux),
1775 1762 1902 1814 1201
1960 1760 2016 1814 in

317 1849 832 1906 archimandritam
896 1847 948 1904 8.
1020 1849 1263 1918 Remigii
1331 1849 1643 1913 Remensis,
1707 1849 1804 1905 ubi
1856 1849 2018 1918 prius

315 1938 640 1993 institutum
676 1937 1054 1991 monasticum
1089 1936 1375 2005 professus
1403 1944 1544 2002 erat,
1577 1937 1830 2006 eligitur.

385 2035 486 2090 XI.
520 2033 804 2090 Robertus
838 2033 902 2100 II,
940 2035 1094 2093 1213.
1127 2033 1422 2088 ecclesiam
1458 2034 1574 2102 ipse
1601 2047 1635 2088 a
1664 2032 2016 2089 fundamen-

314 2125 405 2191 tis,
441 2121 777 2179 dormitoria
825 2122 959 2188 duo,
1014 2121 1258 2177 alterum
1313 2123 1798 2191 presbyterorum,
1852 2123 2014 2177 novi-

314 2213 525 2268 tiorum
573 2212 817 2268 alterum
867 2210 1140 2266 aediﬁcari
1170 2213 1394 2267 curavit
1437 2211 1679 2267 summis
1709 2211 2011 2282 impensis;

315 2314 566 2371 quorum
598 2299 856 2355 omnium
883 2298 984 2354 vix
1023 2297 1208 2354 ruinae
1240 2306 1462 2368 parent.
1499 2299 1617 2354 Hoc
1647 2298 1850 2354 abbate
1883 2313 2013 2354 cor-

314 2403 423 2458 pus
469 2388 699 2444 Thomae
751 2387 820 2442 de
866 2385 1044 2442 Marla
1093 2386 1434 2442 translatum
1486 2394 1590 2451 est,
1636 2387 1719 2442 uti
1767 2401 1835 2442 ex
1882 2387 2015 2442 sub-

308 2478 459 2548 jecta
490 2475 825 2547 lngelranni
856 2475 1059 2531 charta
1093 2483 1450 2545 perspectum
1479 2476 1740 2531 habetur.

386 2593 414 2624 ‹‹
447 2575 513 2629 In
557 2573 788 2629 nomine
836 2572 1036 2638 Patris,
1087 2579 1142 2626 et
1192 2571 1340 2633 Filii,
1393 2579 1448 2626 et
1499 2572 1746 2642 Spiritus
1799 2574 2006 2628 sancti.

311 2663 512 2718 Amen.
548 2663 668 2732 Ego
705 2660 1087 2731 Ingelrannus
1120 2659 1217 2715 Dei
1254 2661 1438 2731 gratia
1468 2661 1737 2716 dominus
1766 2661 2004 2726 Cociaci,

313 2750 600 2806 universis
664 2756 875 2804 sanctae
942 2749 1140 2804 matris
1208 2748 1472 2804 Ecclesiae
1543 2749 1691 2816 filiis,
1763 2763 2012 2819 praesens

313 2839 591 2908 scriptum
640 2837 1003 2907 inspecturis.
1053 2837 1267 2893 Notum
1326 2836 1471 2892 facio
1517 2839 1690 2906 quod,
1739 2852 1870 2892 cum
1921 2837 2010 2892 vir

2131 471 2327 513 rorum
2360 460 2837 514 commendarem.

2204 564 2231 595 «
2260 547 2382 616 Ego
2426 555 2617 602 autem
2666 546 2919 616 petitioni
2969 560 3170 602 eorum
3229 555 3526 617 gratanter
3572 548 3839 616 praebens

2129 647 2446 702 assensum,
2511 644 2812 706 praesentes
2878 635 3096 690 litteras
3159 636 3279 691 ﬁeri
3315 636 3575 706 praecepi,
3647 644 3708 691 et
3757 636 3836 689 si-

2129 724 2247 793 gilli
2298 725 2408 779 mei
2449 725 2768 781 munimine
2817 725 3109 794 roborari;
3158 732 3212 779 et
3261 725 3331 779 ad
3385 725 3836 780 recordationem

2129 812 2306 882 hujus
2355 813 2507 881 facti,
2578 814 2864 884 praedictis
2924 813 3116 869 abbati
3163 821 3218 868 et
3265 813 3562 868 monachis
3611 812 3685 868 de
3734 812 3841 867 No-

2126 909 2297 973 gento
2325 902 2381 957 in
2414 912 2752 973 perpetuum
2784 902 3161 959 reservandas
3188 900 3467 956 commisi.

2202 1011 2224 1038 ι
2258 992 2464 1047 Actum
2514 991 2677 1047 Verbi
2723 991 3012 1046 Incarnati
3067 992 3220 1056 1218,
3273 1002 3466 1044 mense
3507 987 3723 1058 Aprili,
3781 1003 3838 1042 ιιι

2125 1078 2269 1134 Non.
2338 1079 2592 1148 ejusdem
2651 1079 2881 1147 mensis,
2931 1086 3141 1150 quarta
3187 1078 3328 1134 feria
3373 1085 3504 1132 ante
3552 1077 3837 1133 Resurre-

2125 1167 2368 1223 ctionem
2402 1169 2624 1224 Domini
2655 1169 2834 1224 nostri
2863 1169 2998 1223 Jesu
3028 1167 3255 1223 Christi.
3293 1187 3315 1213 ι

2197 1255 2440 1312 Planum
2485 1265 2676 1312 autem
2721 1256 2781 1312 fit
2825 1271 2896 1312 ex
2931 1257 3038 1311 hac
3082 1254 3412 1325 lngelranni
3444 1252 3670 1320 charta,
3714 1268 3834 1309 om-

2124 1343 2224 1397 nia
2271 1344 2572 1399 vetustatis
2615 1352 2988 1400 mooumenta
3052 1357 3269 1412 susque
3343 1341 3528 1411 deque
3596 1341 3834 1406 diruta;

2126 1430 2282 1486 unde
2310 1445 2422 1485 non
2457 1432 2668 1487 mirum
2699 1431 2747 1486 si
2780 1445 3002 1496 eorum,
3034 1444 3165 1500 quae
3194 1429 3504 1484 Guibertus
3532 1428 3603 1483 de
3637 1431 3831 1498 sepul-

2125 1532 2219 1572 cro
2257 1517 2430 1584 Quilii
2493 1517 2662 1589 regis,
2715 1525 2769 1574 et
2830 1519 3049 1574 caeteris
3091 1518 3345 1588 ejusdem
3397 1519 3643 1574 cienobii
3695 1520 3834 1573 anti-

2131 1607 2419 1676 quitatum
2468 1608 2724 1678 vestigiis
2785 1609 2971 1679 attigit
3024 1607 3081 1663 in
3131 1607 3275 1662 libro
3322 1622 3358 1662 ιι
3407 1607 3475 1663 de
3526 1607 3658 1662 Vita
3706 1621 3829 1672 sua,

2133 1695 2210 1749 nil
2244 1695 2510 1765 supersit.

2199 1784 2325 1838 XII.
2391 1784 2656 1840 Galterus
2724 1799 2826 1840 seu
2889 1783 3200 1852 Walterus,
3269 1787 3423 1849 1231,
3493 1785 3830 1840 monachale

2127 1873 2437 1928 collobium
2507 1873 2772 1930 induerat
2841 1874 2898 1929 in
2951 1873 3034 1932 .S.
3105 1873 3388 1930 Vincentii
3458 1874 3825 1929 Laudunensi

2125 1962 2492 2017 monasterio.

2197 2049 2354 2104 XIII.
2385 2051 2630 2106 Joannes
2663 2049 2881 2116 tertius,
2920 2051 3078 2104 1240.

2195 2139 2345 2194 XIV.
2384 2139 2606 2206 Iterius,
2640 2139 2796 2193 1248.

2193 2226 2316 2282 XV.
2355 2225 2675 2292 Matthzeus,
2706 2227 2863 2280 1281.

2192 2314 2328 2368 XVI.
2361 2315 2610 2370 Joannes
2652 2315 2744 2381 IV,
2779 2314 2849 2368 de
2889 2313 3090 2386 Palye,
3145 2317 3298 2371 1300.

2189 2403 2354 2458 XVII.
2392 2403 2672 2459 Bobertus
2702 2403 2795 2469 III,
2833 2405 2988 2457 1332.

2190 2491 2394 2548 XVIII.
2441 2493 2688 2547 Joannes
2752 2491 2801 2546 V
2846 2495 3214 2562 Despagnyes
3261 2505 3334 2546 ex
3384 2491 3818 2546 marchionibus

2123 2581 2488 2651 Despagnyes
2520 2581 2578 2635 in
2609 2580 2890 2647 Picardia,
2925 2582 3081 2634 1347.

2187 2670 2310 2722 XIX.
2347 2669 2691 2724 Laurentius
2715 2667 2792 2722 du
2814 2669 3018 2734 Rasse,
3060 2669 3211 2723 1415.

2188 2759 2284 2812 XX.
2314 2758 2559 2813 Joannes
2606 2757 2874 2827 Rowsel;
2926 2757 3040 2825 cui,
3093 2757 3247 2826 quod
3295 2756 3622 2812 monasterii
3677 2757 3833 2811 bona

2119 2844 2508 2914 dilapidasset,
2562 2860 2776 2900 munus
2823 2846 3065 2915 abrogat
3111 2846 3412 2914 episcopus
3467 2845 3831 2899 Laudunen-

313 2926 519 2982 nobilis
559 2925 828 2982 dominus
875 2925 1126 2980 Thomas
1171 2926 1240 2980 de
1289 2925 1468 2982 Marla
1512 2925 1674 2980 bonae
1723 2925 2009 2980 memoriae
2049 2967 2089 3021 Ο
2119 2932 2227 2998 sis;
2311 2948 2791 3004 meonomumque
2856 2933 3160 2989 Nicolaum
3222 2934 3290 2987 de
3357 2934 3551 2987 Lestoc
3603 2933 3832 2987 consli-

313 3017 634 3070 antecessor
693 3027 878 3075 meus,
959 3021 1014 3069 et
1080 3013 1374 3082 quondam
1441 3013 1710 3069 dominus
1770 3014 2008 3078 Cociaci,

313 3103 635 3172 antiquitus
676 3101 936 3170 sepultus
965 3101 1162 3157 fuisset
1195 3103 1252 3156 in
1284 3101 1538 3171 quadam
1568 3101 1807 3171 capella,
1863 3105 2014 3156 030

312 3205 490 3260 quam
537 3191 624 3244 vir
672 3189 912 3245 illustris
953 3197 1007 3245 et
1049 3190 1152 3259 piae
1186 3190 1592 3245 recordationis
1621 3190 1890 3245 dominus
1919 3191 2010 3244 In-

312 3277 628 3347 gelrannus
679 3291 824 3332 avus
889 3292 1069 3344 meus,
1123 3285 1177 3332 et
1239 3277 1392 3333 filius
1456 3277 1711 3346 ejusdem
1781 3277 2012 3334 Thomze

311 3367 566 3421 construi
599 3365 728 3420 fecit
759 3364 868 3420 sub
918 3365 1093 3420 veteri
1126 3364 1274 3420 turri
1320 3363 1572 3420 ecclesiae
1618 3364 1676 3418 Β.
1720 3365 1912 3420 Mariae
1942 3366 2012 3420 de

310 3453 594 3524 Nogento;
647 3453 705 3507 in
747 3467 865 3522 qua
907 3467 1011 3522 pro
1043 3452 1237 3508 anima
1281 3452 1534 3522 ejusdem
1566 3453 1798 3508 Thomze
1832 3455 2011 3523 patris

310 3543 421 3609 sui,
455 3549 510 3597 et
541 3555 642 3610 pro
675 3541 982 3597 animabus
1009 3543 1268 3597 omnium
1301 3541 1554 3597 fidelium
1586 3543 2008 3609 defunctorum,

312 3643 344 3684 a
390 3628 684 3684 monachis
738 3629 996 3699 ejusdem
1043 3628 1292 3684 ecclesiae
1359 3630 1613 3699 quotidie
1679 3642 1795 3684 una
1841 3629 2012 3684 missa

311 3716 716 3772 celebraretur.
788 3717 1041 3772 Tandem
1103 3724 1350 3785 tempore
1408 3731 1533 3771 meo
1592 3730 1724 3771 cum
1775 3716 2013 3770 ecclesia

311 3803 380 3859 de
408 3803 666 3873 Nogento
715 3803 971 3872 coepisset
1008 3803 1076 3859 de
1107 3818 1256 3858 novo
1287 3804 1644 3871 reaediﬁcari,
1669 3811 1723 3859 et
1752 3804 2008 3859 eamdem

310 3892 587 3962 capellam
671 3905 898 3947 necesse
979 3898 1124 3947 esset
1187 3892 1439 3946 amoveri
1501 3899 1731 3961 propter
1794 3907 2010 3948 novum

311 3994 476 4050 opus,
511 3980 666 4051 quod
713 3995 814 4049 per
842 3979 1097 4035 eamdem
1135 3979 1411 4049 capellam
1442 3989 1495 4035 et
1525 3993 1622 4049 per
1651 3981 2007 4050 sepulturam

309 4069 567 4138 praedicti
634 4068 864 4122 Thomae
940 4068 1238 4137 oportebat
1313 4081 1562 4124 crescere
1631 4077 1684 4124 et
1744 4070 2006 4139 extendi;

310 4155 559 4210 domnus
604 4155 885 4210 Bobertus
930 4165 1067 4211 tunc
1114 4156 1292 4211 abbas
1338 4156 1406 4211 de
1447 4155 1702 4225 Nogento
1731 4163 1785 4212 et
1817 4171 2009 4212 mona-

309 4243 401 4299 chi
428 4243 685 4313 ejusdem
735 4242 861 4311 loci,
903 4243 971 4300 de
1019 4257 1257 4299 assensu
1303 4251 1358 4300 et
1409 4245 1704 4299 voluntate
1753 4258 1897 4312 mea,
1948 4253 2004 4300 et

309 4347 398 4388 me
444 4339 738 4401 praesente,
772 4347 903 4388 cum
952 4333 1270 4403 aliquantis
1317 4331 1616 4398 militibus,
1659 4339 1714 4386 et
1757 4331 2000 4387 servien-

309 4421 462 4476 tibus
513 4421 672 4487 meis,
717 4435 927 4491 corpus
957 4420 1215 4491 ejusdem
1242 4421 1473 4475 Thomas
1521 4420 1590 4474 de
1621 4419 1760 4486 loco,
1797 4420 1854 4474 in
1885 4435 2002 4491 quo

308 4510 471 4579 prius
517 4510 808 4578 sepultum
852 4508 1042 4565 fuerat
1091 4507 1398 4563 honoriﬁce
1448 4507 1898 4578 transtulerunt;
1948 4516 2004 4564 et

309 4597 552 4667 peractis
597 4598 903 4654 missarum
953 4597 1256 4657 solemniis,
1323 4596 1381 4650 in
1445 4595 1628 4651 medio
1672 4596 1844 4652 choro
1897 4611 2002 4653 suo

307 4700 472 4742 novre
517 4686 766 4742 ecclesiae
829 4685 1156 4741 solemniter
1210 4684 1678 4753 tumulaverunt;
1734 4693 1788 4741 et
1845 4685 2001 4740 illam

307 4772 563 4842 missam,
611 4789 742 4844 quae
795 4789 897 4844 pro
939 4774 1136 4828 anima
1183 4786 1331 4842 saepe
1377 4772 1510 4828 dicti
1539 4773 1789 4838 Thomae,
1819 4781 1872 4829 et
1901 4787 2002 4842 pro

307 4861 614 4918 animabus
659 4861 918 4917 omnium
971 4860 1224 4916 ﬁdelium
1266 4860 1671 4917 defunctorum
1721 4863 1777 4916 in
1826 4862 2001 4917 veteri

306 4949 524 5019 capella
559 4950 719 5020 prius
761 4949 1178 5016 celebrabatur,
1231 4949 1288 5004 in
1340 4963 1490 5005 novo
1539 4963 1708 5019 opere
1758 4962 1857 5019 per
1900 4963 1999 5003 vo-

306 5037 585 5094 luntatem
625 5051 810 5093 meam
858 5037 1155 5093 duxerunt
1214 5037 1469 5108 quotidie
1540 5038 1599 5094 in
1661 5044 2000 5108 perpetuum

306 5125 603 5182 celebrari.

377 5246 404 5272 ‹‹
439 5224 508 5280 Et
553 5237 623 5280 ne
670 5237 770 5294 per
807 5222 1170 5279 succedentia
1218 5230 1476 5293 tempora
1535 5223 1655 5278 haec
1702 5221 1998 5278 translatio

304 5313 558 5382 corporis
602 5311 884 5381 sapedicti
933 5311 1162 5368 Thomze
1205 5310 1482 5367 oblivioni
1531 5310 1874 5378 traderetur,
1908 5308 1999 5364 ab-

307 5399 408 5454 bas
441 5407 495 5454 et
527 5400 789 5456 monachi
822 5400 1079 5471 ejusdem
1128 5400 1393 5456 Ecclesiae
1425 5398 1712 5468 petierunt
1747 5412 1781 5452 a
1815 5412 1902 5454 me
1935 5403 1998 5453 ut

303 5487 563 5544 eamdem
604 5488 1058 5568 translationem,
1103 5496 1158 5546 et
1201 5485 1372 5556 diem,
1407 5487 1465 5542 in
1504 5500 1622 5557 qua
1665 5487 1813 5542 facta
1864 5486 1992 5555 fuit,

2123 3022 2254 3077 tuit.

2191 3111 2333 3166 XXI.
2369 3110 2638 3167 Nicolaus
2665 3111 2736 3164 de
2764 3113 2958 3166 Lee/oc
3006 3110 3160 3177 1464,
3205 3111 3422 3166 Joanne
3450 3109 3568 3164 vita
3602 3109 3825 3166 functo.

2119 3198 2376 3268 eligitur.

2190 3287 2372 3342 XXII.
2401 3288 2651 3344 Joannes
2692 3288 2787 3356 IV,
2832 3287 3168 3343 Mareschal
3203 3289 3334 3342 1475
3363 3286 3434 3341 ad
3478 3300 3621 3341 ann.
3665 3288 3814 3340 1489.

2579 3376 2828 3431 Abbates
2849 3375 3350 3432 commendatur-ii.

2190 3466 2394 3521 XXIII.
2440 3467 2689 3522 Arturus
2737 3467 2972 3536 Donnoy
3019 3480 3196 3521 sacrae
3227 3465 3457 3534 capellze
3487 3465 3819 3520 Parisiensis

2117 3555 2449 3621 canonicus,
2502 3554 2657 3608 omni
2697 3555 2830 3624 jure
2876 3553 3220 3623 posthabito,
3274 3561 3464 3622 spreta
3515 3553 3818 3606 monacho-

2119 3655 2250 3696 rum
2278 3641 2570 3708 electione,
2603 3642 2898 3698 Nicolaum
2931 3643 3172 3707 Mavart,
3226 3641 3321 3697 cui
3371 3639 3676 3696 ctenobitze
3730 3656 3819 3694 re—

2118 3729 2309 3798 gimen
2358 3729 2605 3786 abbatiae
2656 3731 3061 3800 imposuerant,
3104 3730 3452 3800 exagitavit;
3487 3742 3554 3783 ac
3585 3730 3817 3783 tandem

2117 3831 2271 3872 anno
2307 3819 2462 3885 1489,
2497 3818 2784 3873 abbatiam
2813 3819 3030 3874 obtinet
3058 3819 3116 3873 in
3155 3817 3573 3872 commendaui.

2189 3906 2391 3962 XXIV.
2422 3907 2671 3961 Joannes
2718 3907 2826 3972 VII,
2875 3906 2946 3962 de
2982 3906 3328 3971 Beaumont,
3373 3903 3823 3961 archidiaconus

2120 3995 2511 4064 Lingonensis,
2549 3998 2684 4048 1512
2715 3994 2786 4049 ad
2821 3997 2974 4048 1529.

2187 4080 2360 4136 XXV.
2414 4081 2653 4137 Carolus
2697 4081 2766 4134 de
2825 4081 3177 4153 Vignacourt
3233 4081 3542 4137 archidiac.
3606 4081 3820 4137 Bothe-

2118 4182 2269 4239 mag.
2297 4177 2352 4223 et
2381 4167 2642 4224 canonic.
2678 4169 2880 4235 Paris.,
2921 4172 3071 4224 1529.

2041 4243 2085 4294 D
2188 4257 2393 4311 XXVI.
2437 4257 2685 4313 Joannes
2725 4257 2796 4311 de
2834 4259 3172 4330 Longueval,
3207 4273 3308 4328 per
3354 4257 3676 4314 cessionem
3723 4258 3824 4314 Ca-

2113 4344 2218 4399 roli
2253 4345 2388 4398 1544
2419 4345 2491 4400 ad
2535 4359 2631 4400 an.
2678 4349 2832 4411 1557,
2888 4362 3023 4417 quo,
3065 4362 3257 4404 mense
3302 4349 3468 4412 Julio,
3521 4347 3820 4402 abbatiam

2111 4431 2398 4488 abdicavit
2429 4433 2486 4487 in
2518 4433 2712 4489 fratris
2741 4435 2926 4490 Caroli
2951 4436 3213 4506 gratiam.
3899 4495 3901 4500 ,

2181 4520 2398 4576 XXVII.
2434 4521 2672 4577 Carolus
2704 4522 2776 4588 II,
2823 4521 2894 4576 de
2939 4522 3279 4593 Longueval,
3328 4521 3567 4577 Joannis
3613 4521 3818 4586 frater,
3897 4581 3901 4592 ,

2117 4609 2250 4662 1564
2314 4610 2556 4678 pessime
2634 4624 2723 4666 res
2788 4611 3118 4666 monasterii
3183 4610 3634 4676 administravit,
3704 4611 3822 4666 imo
3897 4601 3900 4620 ⁵

2109 4695 2425 4765 dissipavit.
2462 4697 2564 4752 Hic
2598 4712 2776 4753 uxore
2805 4697 2913 4753 sibi
2957 4698 3224 4767 copulata
3251 4697 3322 4752 ad
3362 4697 3821 4754 Calvinistarum

2108 4792 2298 4852 partes
2328 4783 2543 4840 nefarie
2569 4785 2876 4840 devolutus
2901 4793 3005 4840 est.

2179 4871 2438 4927 XXVIII.
2474 4871 2700 4927 Gabriel
2741 4873 2795 4926 le
2825 4874 3069 4938 Seneux,
3114 4873 3207 4928 cui
3252 4874 3436 4942 specie
3485 4881 3660 4930 tenus
3711 4876 3820 4930 ab—

2108 4959 2321 5015 batiam
2373 4961 2536 5016 cessit
2587 4959 2823 5016 Carolus
2867 4960 2986 5029 ille;
3039 4960 3322 5030 siquidem
3366 4961 3612 5016 nefando
3660 4978 3817 5018 mer-

2107 5047 2351 5103 cimonio
2417 5049 2795 5118 possessiones
2863 5048 2968 5104 sibi
3037 5050 3312 5104 continuo
3378 5050 3648 5118 retinuit;
3713 5053 3816 5106 sed

2107 5143 2419 5204 antequam
2481 5137 2890 5205 possessionem
2958 5137 3128 5192 iniret
3215 5136 3270 5190 le
3329 5138 3558 5192 Senem:
3625 5148 3818 5192 morte

2106 5232 2544 5293 praeoccupatur
2591 5227 2742 5280 1571.

2176 5311 2384 5366 XXIX.
2432 5311 2762 5381 Gaspardus
2789 5311 2859 5366 de
2908 5311 3194 5381 Bremier,
3248 5311 3575 5382 Delphinas,
3607 5327 3815 5368 mense

2104 5398 2420 5468 Septembri
2465 5413 2559 5454 an.
2616 5403 2749 5455 1572
2797 5413 2831 5454 a
2868 5415 3000 5472 rege
3043 5402 3334 5458 abbatiam
3383 5401 3621 5456 obtinet.
3680 5401 3816 5456 Pos-

2104 5487 2350 5542 sessione
2389 5486 2596 5557 adepta
2642 5487 2794 5544 litem
2845 5497 3035 5546 movet
3065 5491 3346 5546 adversus
3383 5489 3694 5560 praefatum
3735 5493 3810 5546 de
