3932 6084
160 230 296 282 1133

1400 231 1619 285 ΠΟΜΝΙ
1666 231 1723 284 L.
1769 228 2114 286 D’ACHERL
2157 231 2376 285 ΝΟΤίΕ.

3521 238 3656 290 1134

156 363 621 434 Longueval,qui
648 364 1272 420 bonamonasteriisnis
1292 365 1739 435 possessionibus
1755 365 1850 419 ad-
1886 368 1932 420 Α
1963 365 2144 433 ducis,
2178 367 2272 422 sed
2305 375 2359 422 et
2391 371 2634 424 aliorum
2675 377 2789 424 tam
2829 367 3247 438 episcoporum,
3289 384 3464 440 quam
3511 373 3654 440 opti-

148 452 448 522 junxerat,
474 468 638 508 sacra
661 454 865 507 feretra
888 467 1030 508 auro
1052 463 1408 525 argentoque
1428 457 1726 519 adornata,
1758 470 1846 510 ca-

153 541 286 595 lices
315 556 522 608 sacros,
559 556 830 611 gemmas,
859 550 913 596 et
952 543 1234 612 quidquid
1259 544 1565 612 pretiosum
1599 546 1847 614 reperire

151 629 332 695 licuit,
368 629 727 698 depraedatus
762 630 964 693 fuerat,
996 631 1285 685 exciderat
1314 631 1524 701 silvas;
1559 640 1848 701 quatenus

153 716 273 785 ipse
322 731 436 771 non
478 717 642 772 modo
691 717 960 772 universa
1011 716 1346 783 restitueret,
1396 719 1488 772 sed
1546 727 1599 774 et
1641 719 1844 774 turrim

152 813 207 860 et
254 805 494 860 chorum
535 805 802 867 ecclesiae.
840 820 971 874 quae
1021 805 1139 874 ipso
1188 805 1277 860 die
1329 806 1664 875 nuptiarum
1715 821 1846 862 cor-

153 900 412 962 ruerant,
467 894 830 948 instauraret.
886 894 959 948 At
1013 900 1235 949 cunctae
1282 893 1556 963 Gaspardi
1623 903 1849 951 conten-

153 981 334 1037 tiones
363 982 600 1036 incassm
629 989 1048 1037 remanserunt.
1085 981 1307 1038 Etenim
1337 993 1570 1053 accepta
1605 985 1849 1054 pecunia

153 1078 388 1140 pactum
432 1069 556 1124 iniit
588 1085 719 1125 cum
764 1069 983 1137 Carolo,
1013 1071 1112 1140 qui
1146 1085 1247 1140 per
1280 1070 1364 1126 fas
1391 1080 1446 1128 et
1485 1072 1645 1128 nefas
1677 1074 1850 1128 rebus
1877 1086 1879 1088 ·

152 1159 420 1214 Ecclesiae
445 1158 677 1228 paciﬁce
703 1160 920 1230 potitus
943 1167 1045 1214 est.

223 1247 393 1302 XXX.
426 1248 672 1303 Joannes
703 1247 852 1311 VIII,
886 1247 955 1300 de
999 1247 1060 1301 la
1093 1247 1355 1320 ξϐναηθθ,
1408 1248 1722 1316 Parisinus,
1756 1249 1850 1305 lite

149 1334 418 1391 Carolum
468 1335 536 1390 de
587 1335 913 1405 Longueval
960 1343 1014 1391 et
1066 1338 1242 1392 armis
1300 1337 1685 1407 persequitur,
1753 1338 1850 1394 sed

151 1423 417 1479 frustra:
468 1436 648 1494 quare
703 1423 898 1478 multis
944 1422 1367 1480 calamitatibus
1415 1426 1707 1482 lacessitus
1758 1427 1852 1482 ab-

154 1511 369 1566 batiam
436 1511 722 1577 abdicare,
773 1519 948 1581 atque
1003 1512 1211 1568 Jacobo
1259 1514 1338 1568 du
1382 1514 1506 1581 Val,
1573 1522 1850 1585 tanquam

152 1599 586 1656 conﬁdentiario
657 1605 797 1653 03!
862 1607 925 1655 ut
974 1609 1197 1666 vocant,
1249 1601 1430 1658 Caroli
1482 1602 1550 1657 de
1599 1604 1855 1675 Longue-

153 1688 272 1750 val,
303 1689 500 1744 cedere
530 1696 760 1744 coactus
788 1697 889 1744 est.

226 1778 401 1832 XXXI.
453 1778 699 1834 Jacobus
744 1777 821 1831 du
879 1779 1015 1843 Val,
1067 1779 1294 1834 nomine
1341 1781 1627 1837 duntaxat
1674 1783 1852 1838 abbas

153 1864 428 1931 effectus;
461 1865 736 1921 nimirum
768 1880 834 1921 ea
865 1867 985 1936 lege
1013 1876 1076 1922 ut
1104 1882 1235 1923 cum
1277 1868 1526 1937 primum
1557 1871 1854 1941 Philippus

154 1953 225 2009 de
268 1953 620 2023 Longueval,
649 1969 799 2023 saepe
833 1955 928 2009 fati
963 1953 1146 2011 Caroli
1197 1956 1364 2023 filius,
1399 1957 1728 2026 adoleverit,
1759 1961 1855 2015 ab-

157 2043 370 2098 batiam
405 2043 462 2097 in
492 2042 618 2112 ejus
639 2042 883 2113 gratiam
914 2043 1240 2114 deponeret,
1259 2047 1412 2116 quod
1431 2054 1486 2102 et
1513 2055 1749 2104 auctum
1771 2055 1854 2105 est

156 2145 313 2187 anno
347 2133 499 2185 l586.

227 2219 451 2274 XXXII.
506 2219 798 2289 Philippus
847 2219 916 2274 de
960 2221 1302 2291 Longueval,
1338 2223 1520 2278 Caroli
1571 2224 1854 2295 primoge-

156 2308 332 2371 nitus.
379 2308 611 2363 abbatia
651 2310 864 2378 potitus
911 2309 980 2363 ad
1017 2323 1152 2364 ann.
1209 2312 1363 2377 1624,
1397 2326 1516 2381 quo
1562 2314 1850 2368 abbatiam

155 2405 377 2454 retenta
430 2398 718 2467 pensione,
755 2398 988 2455 tradidit
1029 2399 1272 2455 Antonio
1315 2401 1384 2457 de
1429 2401 1754 2473 Longueval
1780 2416 1853 2459 ex

155 2487 334 2542 fratre
363 2487 571 2554 nepoti.

228 2574 479 2628 XXXIII.
507 2574 790 2629 Antonius
833 2574 902 2627 de
931 2575 1274 2646 Longueval,
1314 2575 1402 2631 die
1435 2580 1498 2630 l5
1543 2577 1849 2636 Novembr.

157 2662 349 2718 adhuc
391 2663 728 2728 duodennis,
778 2671 1061 2733 quantum
1113 2677 1212 2732 per
1256 2672 1477 2719 aetatem
1521 2674 1576 2721 et
1630 2675 1854 2738 tempus

159 2749 340 2817 licuit,
374 2749 776 2806 instaurationi
820 2750 1085 2815 abbatiae,
1131 2751 1560 2822 disciplinaeque
1599 2758 1851 2824 regulari

160 2839 446 2903 incubuit,
481 2841 674 2894 accitis
700 2853 766 2895 ea
796 2840 864 2894 de
901 2854 962 2894 re
994 2840 1289 2895 monachis
1321 2855 1452 2895 cum
1498 2856 1572 2897 ex
1623 2843 1674 2898 8.
1711 2843 1853 2899 Ger-

159 2927 317 2982 mani
361 2927 712 2992 Parisiensis,
759 2935 879 2982 tum
924 2941 996 2982 ex
1050 2927 1263 2984 Casalis
1311 2927 1594 2984 Benedicti
1655 2945 1852 2986 mona-
1891 2954 1932 3009 ρ

158 3016 381 3080 steriis;
413 3029 478 3070 ac
531 3015 756 3071 tandem
803 3016 1263 3086 congregationis
1307 3015 1361 3070 S.
1396 3016 1622 3087 Mauri;
1657 3019 1747 3074 cui
1797 3027 1853 3074 et

155 3104 604 3174 Novigentinum
651 3104 993 3166 emnobium,
1047 3111 1208 3173 pacto
1255 3103 1328 3158 ad
1401 3105 1506 3159 hoc
1575 3107 1848 3174 confecto,

156 3191 495 3262 aggregavit
525 3192 614 3246 die
657 3193 717 3245 2i
759 3191 966 3245 mensis
993 3190 1252 3247 Octobris
1287 3194 1440 3247 1646.
1484 3193 1614 3249 Vita
1651 3193 1854 3250 defun-

154 3287 282 3334 ctus
329 3279 420 3334 die
466 3284 496 3332 7
541 3280 677 3334 Julii
728 3281 880 3346 1649,
929 3281 1192 3349 sepultus
1240 3283 1298 3335 in
1347 3283 1585 3337 ecclesia
1635 3283 1687 3338 S.
1723 3283 1853 3339 Ger-

156 3366 312 3421 mani
342 3367 410 3421 de
459 3365 847 3422 Antissiodoro
889 3368 1162 3422 Parisiis:
1216 3371 1384 3438 cujus
1432 3385 1529 3425 cor
1575 3372 1644 3426 ad
1689 3371 1854 3426 Novi-

155 3455 457 3524 gentinum
488 3453 810 3509 coénobium
852 3454 1124 3522 delatum,
1168 3465 1343 3527 atque
1390 3458 1701 3528 sepulturae
1735 3467 1854 3514 tra-

155 3543 339 3598 ditum
370 3550 471 3599 est.

227 3631 485 3688 XXXIV.
518 3633 762 3687 Joannes
789 3630 860 3685 de
885 3633 1122 3696 Grasse,
1149 3633 1538 3704 provinciatis,
1566 3633 1852 3690 abbatiam

156 3719 496 3789 adipiscitur
518 3733 613 3774 an.
647 3721 802 3774 1649,

230 3805 314 3878 (⁷⁷)
352 3807 486 3862 CAP.
530 3807 594 3864 V.
629 3839 695 3846 —-
725 3807 977 3879 Augium
1005 3811 1293 3874 castrum;
1331 3810 1654 3878 comitatus,
1687 3811 1856 3881 cujus

160 3896 302 3951 urbs
352 3895 643 3966 praecipua
690 3896 965 3967 Augium,
1034 3897 1307 3953 Picardiae
1359 3899 1614 3954 inferiori
1683 3906 1857 3968 atque

162 3984 447 4040 territorio
496 3984 771 4040 Caletensi
809 3985 1184 4041 contermina.
1243 3987 1533 4042 Familiam
1582 3987 1857 4042 comitum

163 4072 517 4142 Augensium
569 4073 688 4128 sive
726 4073 1096 4140 Aucensium,
1139 4074 1386 4144 reperies
1430 4074 1489 4130 in
1536 4075 1645 4130 ﬁne
1682 4075 1859 4130 Histo-

164 4159 263 4214 riae
290 4159 672 4228 Northmanp.
708 4162 930 4229 scriptae
963 4161 1035 4216 ab
1073 4162 1316 4218 Andreae
1343 4162 1686 4231 Duchesnio,
1721 4177 1852 4234 pag.

169 4249 325 4304 1086.

235 4334 324 4406 (⁷⁸)
359 4336 507 4390 Ibid.
542 4367 607 4376 —
633 4337 885 4393 Abbalia
914 4339 1113 4396 Sancti
1149 4338 1456 4394 Michaelis
1474 4342 1644 4409 juxta
1672 4355 1851 4407 mare,

161 4425 311 4496 quod
334 4425 551 4481 dicitur
598 4426 1068 4483 Ulteri3~Porlus.
1113 4430 1295 4498 Ipsius
1339 4428 1646 4485 conditoris
1684 4437 1858 4498 atque

163 4514 419 4584 originis,
470 4529 574 4570 nec
624 4530 737 4570 non
798 4516 1137 4572 facultatum
1186 4517 1446 4573 notitiam
1494 4525 1559 4573 ut
1621 4517 1855 4581 habeas,

165 4602 456 4672 quodnam
489 4603 806 4673 antiquius,
843 4604 1113 4672 nobilius,
1161 4605 1372 4661 certius
1421 4611 1858 4660 monumentum

164 4691 406 4760 prodere
432 4691 691 4762 quivero,
743 4706 919 4762 quam
963 4693 1318 4749 fundationis
1359 4692 1652 4749 tabulam?
1702 4693 1862 4748 Hanc

163 4792 301 4848 ergo
330 4792 403 4834 ex
433 4779 689 4848 antiquis
718 4779 940 4835 schedis
964 4779 1024 4833 in
1056 4779 1242 4835 lucem
1271 4780 1466 4836 emitto
1499 4796 1510 4833 :

165 4865 388 4920 Charta
407 4865 646 4920 abbaliz
673 4866 1200 4922 Ullerioris-Porlus
1224 4868 1294 4922 de
1328 4866 1636 4922 donatione
1662 4871 1718 4920 et
1735 4883 1865 4922 con-

226 4954 562 5021 ﬁrmatione
581 4954 815 5008 Roberli
833 4955 1058 5010 comitis
1071 4955 1243 5026 Augi,
1263 4955 1592 5022 fundatam
1612 4956 1864 5012 ecclesiae

238 5040 308 5094 de
338 5040 832 5096 Ulieriori-Portu.

244 5148 272 5180 ει
304 5131 367 5184 1n
408 5130 640 5185 nomine
683 5137 893 5185 sanctae
932 5138 985 5187 et
1029 5131 1340 5187 individuae
1388 5131 1701 5199 Trinitatis,
1749 5131 1864 5186 Pa-

168 5216 292 5284 tris,
318 5224 371 5273 et
405 5216 551 5282 Filii,
596 5223 652 5272 et
695 5215 937 5286 Spiritus
975 5217 1176 5285 sancti,
1217 5217 1422 5272 Amen.
1453 5217 1620 5272 Anno
1659 5216 1730 5272 ab
1770 5218 1863 5272 1n-

170 5307 502 5363 carnatione
557 5306 777 5362 Domini
835 5306 1135 5362 millesimo
1186 5305 1468 5362 tricesimo
1513 5313 1691 5360 sexto.
1745 5306 1866 5376 Ego

170 5395 450 5452 Bobertus
489 5408 676 5452 comes
726 5396 1026 5467 Augensis,
1081 5394 1317 5451 consilio
1365 5394 1614 5450 Maurilii
1670 5395 1866 5451 archi-

169 5482 415 5554 episcopi
447 5484 940 5556 Rothomagensis,
974 5492 1029 5541 et
1059 5482 1336 5540 Willermi
1373 5483 1864 5540 Northmanorum

1957 462 2173 510 matum
2197 456 2606 523 Northmaniae,
2643 458 3062 526 hominumque
3097 473 3348 513 IIIBOJ‘UIII
3384 459 3572 526 laude,
3602 467 3656 515 et

1955 543 2239 612 praecipue
2284 546 2505 601 monitu
2573 546 2772 602 uxoris
2819 560 2958 600 meae
3008 546 3278 601 Beatricis
3327 547 3654 610 comitissae,

1955 630 2242 685 abbatiam
2295 631 2352 685 in
2414 633 2682 687 honorem
2723 633 2817 686 Dei
2874 640 2928 687 et
2978 633 3160 687 sancti
3219 633 3510 689 Michaelis
3569 649 3658 690 ar-

1954 718 2217 789 changeli
2271 721 2427 792 apud
2497 721 2958 776 Ulteris-Portum
3017 721 3321 790 constituo,
3393 730 3448 777 et
3505 723 3658 778 unde

1955 807 2222 861 monachi
2264 808 2334 862 ibi
2374 808 2590 875 vivant,
2627 809 2726 878 qui
2763 823 2865 877 pro
2899 822 3021 863 mea
3054 822 3434 879 meorumque
3474 810 3659 867 salute

1956 896 2136 950 Deum
2170 897 2396 952 assidue
2423 904 2681 961 exorent,
2720 911 2899 952 uxore
2944 898 3215 964 Beatrice,
3249 906 3304 953 et
3337 898 3466 952 filiis
3497 899 3657 963 meis,

1956 981 2201 1037 Badulfo
2243 982 2522 1048 videlicet,
2573 983 2870 1039 Willermo
2917 991 3092 1054 atque
3165 985 3408 1041 Roberto
3453 1001 3658 1042 conce-

1956 1068 2242 1137 dentibus,
2277 1079 2449 1141 atque
2482 1072 2875 1140 laudantibus,
2911 1073 2980 1128 de
3023 1074 3164 1129 meis
3207 1076 3660 1144 possessionibus

1957 1157 2199 1213 stabilio.

2033 1267 2054 1294 ι
2093 1246 2172 1300 Do
2224 1246 2399 1316 igitur
2457 1247 2537 1303 eis
2588 1249 2644 1303 in
2713 1238 3127 1306 Ulteris-Portu
3187 1251 3506 1320 ecclesiam,
3558 1254 3656 1308 ubi

1959 1335 2154 1389 eadem
2209 1335 2438 1390 abbatia
2470 1344 2553 1391 est
2599 1345 2947 1400 constructa,
3001 1353 3132 1394 cum
3178 1347 3293 1395 tota
3335 1341 3572 1408 decima,
3605 1351 3659 1398 et

1959 1437 2093 1478 cum
2138 1424 2406 1479 omnibus
2454 1424 2522 1478 ad
2567 1426 2823 1480 eamdem
2864 1427 3159 1482 ecclesiam
3206 1429 3656 1500 pertinentibus;

1961 1517 2016 1565 et
2055 1509 2253 1581 viginti
2305 1511 2501 1566 domos
2542 1513 2596 1565 in
2636 1513 2834 1568 eadem
2885 1515 3039 1579 villa,
3092 1530 3192 1571 sex
3245 1517 3302 1570 in
3343 1518 3560 1574 cambis
3587 1534 3660 1575 ex

1966 1597 2124 1667 ipsis,
2156 1606 2210 1653 et
2235 1599 2379 1654 duos
2427 1599 2686 1655 homines
2717 1615 3024 1657 vavasores
3055 1602 3278 1667 liberos,
3327 1613 3381 1660 et
3425 1620 3658 1662 censum

1968 1686 2254 1756 lignorum
2293 1686 2548 1755 ejusdem
2600 1688 2789 1757 villa;
2857 1696 2910 1744 et
2963 1689 3298 1759 palustrem,
3350 1700 3560 1748 terram
3606 1703 3661 1750 et

1963 1782 2126 1844 prata
2156 1775 2224 1829 de
2258 1775 2448 1844 juxta,
2498 1783 2551 1831 et
2600 1791 2825 1831 omnem
2869 1785 3080 1832 terram
3131 1780 3428 1846 arabilem,
3483 1796 3661 1851 quam

1964 1861 2022 1914 in
2063 1861 2315 1915 dominio
2369 1875 2512 1927 meo,
2567 1861 2624 1916 in
2654 1863 2848 1917 eadem
2899 1863 3054 1926 villa,
3108 1865 3161 1919 id
3215 1873 3299 1921 est
3331 1866 3387 1920 in
3423 1867 3660 1924 Ulteris-

1963 1948 2137 2003 Portu
2185 1948 2385 2014 habeo,
2438 1956 2493 2004 et
2539 1963 2766 2004 onmem
2820 1952 3289 2007 consuetudinem
3359 1955 3658 2011 hominum

1962 2036 2213 2105 illorum,
2245 2037 2346 2106 qui
2377 2045 2514 2092 sunt
2543 2039 2722 2092 sancti
2751 2038 3056 2106 Michaelis,
3095 2042 3379 2111 quidquid
3427 2045 3661 2098 omnino

1962 2125 2051 2180 sit.

2034 2213 2231 2266 «Item
2276 2212 2333 2266 in
2397 2213 2820 2282 Ulteris-Portu,
2876 2224 2930 2271 et
2979 2217 3036 2272 in
3083 2221 3252 2289 Augo
3315 2221 3542 2290 oppido,
3607 2230 3661 2278 et

1962 2299 2237 2355 decimam
2269 2299 2636 2355 denariorum
2678 2301 2746 2357 de
2775 2303 3288 2373 vicecomitatibus,
3319 2315 3372 2363 et
3402 2308 3459 2362 in
3501 2316 3658 2364 utra-

1963 2403 2075 2458 que
2107 2387 2245 2442 villa
2275 2388 2560 2458 quidquid
2603 2390 2779 2445 abbas
2819 2399 2872 2445 et
2918 2394 3183 2449 monachi
3224 2396 3524 2464 acquirere
3560 2411 3658 2465 po-

1961 2483 2177 2532 terunt.
2210 2475 2370 2542 Quod
2401 2477 2448 2531 si
2481 2477 2735 2532 homines
2765 2479 2989 2536 abbatis
3027 2482 3258 2550 piscem,
3291 2485 3393 2552 qui
3422 2492 3661 2540 vocatur

1963 2565 2202 2624 turium.
2239 2565 2496 2634 capiunt,
2533 2574 2683 2621 totus
2710 2568 2818 2622 erit
2851 2567 3040 2624 Sancti
3086 2570 3398 2638 Michaelis,
3433 2587 3660 2628 crassus

1961 2652 2134 2722 piscis
2178 2652 2225 2707 si
2275 2661 2476 2721 captus
2517 2653 2708 2720 fuerit,
2750 2654 2842 2710 ala
2884 2670 3003 2711 una
3048 2665 3104 2712 et
3145 2658 3417 2714 medietas
3462 2659 3659 2714 caudae

1961 2740 2068 2795 erit
2100 2739 2411 2796 monachis.

2037 2829 2177 2883 «Do
2227 2828 2400 2883 etiam
2447 2844 2552 2900 ego
2602 2831 2885 2886 Robertus
2923 2847 3109 2888 comes
3158 2834 3340 2889 eidem
3398 2836 3658 2891 Ecclesiae

1961 2917 2116 2986 apud
2167 2918 2422 2988 Augum,
2474 2919 2829 2974 mansionem
2897 2921 3198 2990 cujusdam
3267 2922 3511 2979 hominis
3555 2925 3658 2994 qui

1960 3013 2222 3061 vocatur.
2302 3047 2314 3060 .
2399 3046 2412 3060 .
2493 3047 2504 3060 .
2582 3047 2593 3060 .
2665 3047 2676 3059 .
2755 3051 2766 3063 .
2842 3048 2854 3061 .
2929 3048 2942 3062 .
3016 3052 3027 3063 .
3097 3025 3228 3066 cum
3258 3011 3658 3080 viridarioget

1959 3097 2101 3151 alias
2126 3104 2240 3152 tres
2266 3097 2628 3166 mansiones;
2661 3098 3058 3170 decimamque
3092 3102 3347 3170 pasnagii
3370 3102 3654 3159 silvarum

1957 3184 2147 3256 Augi;
2177 3185 2555 3256 omniumque
2587 3187 2951 3244 exaltatuum
2984 3191 3317 3245 earumdem
3350 3191 3653 3259 silvarum,

1959 3275 2297 3344 ubicunque
2340 3274 2499 3337 fiant,
2551 3275 2753 3330 silvam
2807 3291 3038 3346 quoque
3110 3278 3344 3334 liberam
3411 3279 3469 3334 in
3512 3295 3659 3350 opus

1960 3363 2287 3418 monasterii
2316 3371 2371 3418 et
2397 3363 2695 3420 ministerii
2727 3366 3158 3421 monachorum.

2036 3473 2056 3499 ι
2096 3451 2175 3505 Do
2199 3451 2369 3505 etiam
2400 3458 2605 3506 terram
2652 3451 3156 3519 MaisnilIi-Vallis,
3198 3468 3330 3509 cum
3383 3463 3571 3524 portu,
3604 3462 3659 3510 et

1962 3539 2246 3609 quidquid
2281 3540 2335 3594 in
2367 3541 2560 3596 eodem
2606 3541 2726 3596 loco
2756 3541 2936 3596 habeo
2962 3556 2979 3610 ;
3021 3542 3466 3613 quercitumque
3495 3544 3658 3600 Crio-

1962 3626 2063 3695 lii;
2109 3635 2164 3682 et
2215 3627 2566 3683 maisnillum
2607 3628 2804 3685 Soreth
2851 3629 3118 3698 liberum,
3169 3638 3224 3686 et
3272 3633 3535 3701 quietum
3587 3633 3659 3688 ab

1961 3715 2115 3771 omni
2183 3717 2613 3782 consuetudine,
2700 3725 2755 3772 et
2839 3718 3230 3788 quodcunque
3314 3720 3444 3775 inde
3517 3721 3656 3777 exit.

1963 3805 2310 3862 Maisnillum
2339 3819 2572 3874 quoque
2602 3806 2880 3862 Alardum
2927 3807 2996 3862 do
3021 3823 3036 3874 ;
3085 3815 3140 3862 et
3168 3808 3363 3863 villam
3393 3823 3524 3878 quae
3551 3811 3659 3865 Ra-

1964 3892 2488 3948 micheon-Maisnil
2539 3893 2787 3962 dicitur;
2839 3902 2893 3950 et
2940 3895 3112 3950 aliam
3153 3910 3283 3965 quae
3327 3896 3662 3953 Grimonth-

1965 3981 2188 4037 Maisnil
2214 3987 2473 4036 vocatur.
2511 3982 2579 4036 Et
2624 3983 2870 4038 concedo
2915 3983 3272 4039 medietatem
3321 3985 3389 4041 de
3420 3985 3659 4042 Boiteal-

1965 4067 2189 4126 Maisnil
2233 4067 2386 4136 apud
2435 4068 2677 4123 Fucardi
2713 4081 2982 4126 montem.
3029 4073 3099 4126 Et
3139 4072 3207 4127 de
3243 4072 3492 4129 dominio
3536 4089 3663 4130 meo

1965 4156 2038 4210 do
2069 4155 2212 4210 duos
2257 4154 2472 4221 hortos,
2502 4161 2557 4208 et
2601 4155 2929 4212 mansiones
2955 4158 3216 4228 quinque
3247 4158 3560 4229 hospitum,
3610 4169 3665 4216 et

1901 4251 1944 4306 Ι)
1975 4256 2156 4300 unum
2193 4241 2604 4297 molendinum.
2640 4244 2701 4297 In
2734 4243 2988 4300 fontibus
3016 4253 3227 4314 autem,
3258 4255 3491 4317 excepto
3520 4248 3663 4304 telo-

1965 4346 2090 4399 neo,
2123 4338 2178 4386 et
2226 4329 2516 4400 parochia,
2591 4331 2662 4386 do
2726 4332 2864 4388 illud
2918 4335 3076 4403 quod
3128 4335 3184 4391 in
3239 4337 3490 4392 dominio
3541 4351 3664 4393 meo

1966 4420 2148 4476 habeo
2172 4419 2230 4474 in
2266 4419 2449 4486 terris,
2481 4427 2535 4474 et
2565 4420 2764 4489 pratis,
2814 4428 2868 4477 et
2910 4421 3133 4487 alnetis,
3173 4431 3228 4479 et
3275 4425 3561 4492 marescis,
3610 4433 3666 4481 et

1967 4523 2142 4565 unam
2193 4508 2427 4563 domum
2472 4507 2733 4571 liberam,
2781 4516 2835 4564 et
2865 4524 3049 4565 unum
3100 4511 3513 4580 molendinum,
3564 4515 3665 4570 ubi

1968 4602 2085 4651 tota
2123 4594 2393 4650 molitura
2431 4595 2500 4650 de
2547 4594 3091 4652 Grimonth-Maisnil
3139 4598 3303 4655 debet
3351 4600 3568 4669 venire,
3618 4601 3667 4656 si

1969 4682 2236 4738 dominus
2265 4683 2415 4738 villae
2437 4682 2764 4739 molendino
2791 4685 3061 4741 caruerit.

2042 4792 2070 4821 «
2111 4773 2191 4827 Do
2238 4772 2410 4828 etiam
2459 4773 2741 4829 decimam
2792 4775 3223 4845 molendinique
3275 4777 3564 4850 Blangeci,
3611 4787 3668 4836 et

1970 4869 2182 4930 septem
2241 4861 2550 4916 molarum.
2599 4863 2764 4931 Apud
2811 4871 3023 4933 septem
3072 4865 3252 4920 molas
3297 4866 3367 4921 do
3407 4867 3665 4936 ejusdem

1970 4947 2121 5003 villae
2173 4947 2490 5015 ecclesiam,
2539 4956 2592 5003 et
2637 4949 3028 5020 quodcunque
3078 4950 3150 5004 ad
3203 4965 3329 5007 eam
3401 4953 3663 5022 pertinet,

1971 5042 2302 5106 terramque
2331 5036 2508 5091 unius
2545 5051 2820 5106 carruca},
2850 5047 2904 5095 et
2939 5047 3111 5095 totam
3144 5041 3421 5096 decimam
3461 5042 3529 5097 de
3562 5042 3668 5098 do-

1973 5123 2148 5180 minio
2177 5137 2318 5178 meo.
2355 5123 2419 5177 In
2453 5124 2688 5181 Crioleio
2730 5128 3122 5184 molendinum
3164 5143 3349 5184 unum
3386 5144 3519 5186 cum
3553 5137 3669 5185 tota

1971 5220 2123 5268 (κη
2174 5215 2464 5283 molitura,
2496 5224 2549 5272 et
2594 5217 2661 5272 de
2708 5219 2914 5286 ﬂoscis,
2955 5227 3008 5275 et
3054 5221 3122 5277 de
3162 5221 3496 5278 Estaelonde
3536 5222 3670 5279 Vin-

1975 5302 2218 5369 liothuil,
2248 5310 2303 5358 et
2335 5303 2480 5359 duas
2510 5305 2834 5362 mansiones
2863 5308 3087 5366 liberas.

2051 5413 2072 5440 ‹
2108 5390 2422 5447 Ecclesiam
2463 5407 2698 5463 quoque
2744 5395 2815 5450 do
2852 5397 2920 5452 de
2967 5399 3312 5462 Anedinace,
3368 5408 3422 5456 et
3467 5400 3666 5456 fiscum

1974 5483 2203 5553 Bogerii
2253 5482 2508 5552 ejusdem
2559 5484 2730 5550 villae,
2781 5489 2882 5557 qui
2929 5491 3246 5548 monachus
3283 5493 3518 5550 effectus
3563 5501 3667 5558 est,
