3924 6090
289 222 424 276 1135

1324 219 1418 272 ΑΙ)
1459 219 1611 274 ΟΡΡ.
1655 219 1811 273 VEN.
1853 216 2180 272 GUIBERTI
2222 219 2314 274 DE
2357 217 2751 272 NOVIGENTO

3662 217 3810 269 11313

284 367 338 414 et
383 365 558 414 totam
621 364 831 412 terram
905 352 1333 408 Gozondimare.
1390 353 1454 408 In
1520 353 1741 411 Verleio
1801 367 1983 409 unum
2025 357 2062 408 A
2096 367 2262 408 suam
2295 353 2362 407 de
2407 353 2562 419 Biu;
2609 352 2678 406 de
2717 351 2868 406 dono
2901 351 3152 405 Ymberti
3197 351 3266 406 de
3309 347 3601 417 Basinval,
3649 361 3708 406 et
3745 350 3818 403 de

285 446 677 503 molendinum
716 445 786 498 do
827 456 931 512 pro
976 443 1172 496 anima
1217 442 1442 512 Bogerii
1491 442 1592 497 lilii
1636 442 1889 509 Turlodi,
1924 445 1982 496 et

287 542 495 592 terram
524 547 700 603 quam
736 530 1020 586 Romeldis
1048 530 1181 584 avia
1212 529 1390 600 ipsius
1420 530 1645 602 Rogerii
1670 531 1724 584 in
1760 530 1980 585 Verleio

285 624 585 687 habuerat,
635 628 689 676 et
735 633 912 690 quam
966 619 1082 688 ipse
1149 617 1430 688 Rogerius
1496 616 1746 672 ecclesiae
1789 615 1979 672 Sancti

284 710 594 777 Michaelis,
646 723 734 764 me
784 715 1077 777 praesente,
1132 707 1304 773 dedit,
1359 706 1572 762 scilicet
1619 706 1980 762 medietatem

282 799 434 854 villae
463 799 535 853 do
563 813 668 868 ego
698 797 978 852 Robertus
1007 809 1193 850 comes
1220 795 1478 850 liberam.

356 906 384 938 α
419 888 496 942 De
536 885 784 942 Boevilla
830 893 1043 950 autem,
1089 891 1144 939 et
1189 884 1258 938 de
1309 882 1531 938 Penleio
1578 891 1632 939 et
1676 883 1744 938 de
1793 883 1982 936 Brun-

282 975 421 1030 villa
463 976 534 1030 do
591 973 872 1039 ecclesias,
939 979 993 1028 et
1039 979 1215 1028 totam
1284 971 1585 1036 decimam,
1645 977 1698 1024 et
1766 977 1980 1024 terram

284 1071 538 1134 quatuor
568 1063 787 1131 bobus;
814 1061 1110 1118 ecclesiam
1142 1075 1376 1132 quoque
1407 1060 1475 1116 de
1506 1059 1982 1115 Guillemercourt

284 1151 375 1217 do,
409 1165 540 1206 cum
587 1150 750 1206 tertia
785 1149 1006 1220 garba;
1050 1156 1104 1204 et
1143 1148 1440 1204 ecclesiam
1493 1147 1684 1202 Sancti
1731 1147 1878 1202 Petri
1922 1146 1980 1200 in

284 1238 462 1303 Valle,
493 1252 626 1293 cum
656 1245 773 1293 tota
821 1236 1088 1303 decima;
1135 1242 1189 1292 et
1227 1236 1522 1291 ecclesiam
1560 1234 1748 1290 Sancti
1789 1233 1983 1289 Wala-

283 1327 384 1383 rici
429 1327 497 1382 de
541 1324 1002 1395 Monte-Aqueso,
1044 1339 1178 1380 cum
1210 1331 1362 1380 terra
1409 1331 1464 1380 et
1504 1323 1721 1379 caeteris
1754 1323 1825 1378 ad
1855 1337 1982 1378 eam

285 1413 744 1485 pertinentibus;
784 1419 838 1468 et
885 1411 1181 1467 ecclesiam
1223 1412 1291 1466 de
1335 1411 1527 1481 Burgo
1557 1410 1810 1476 Turoldi,
1847 1423 1982 1464 cum

283 1508 401 1557 tota
429 1501 668 1567 decima,
711 1507 766 1555 et
806 1499 1044 1569 triginta
1083 1499 1346 1568 quinque
1376 1512 1540 1552 acras
1571 1505 1737 1553 terrae
1766 1511 1782 1566 ;
1817 1496 1982 1551 Basi-

284 1587 408 1643 licis
436 1595 648 1643 terram
688 1587 760 1641 ad
815 1599 991 1642 unam
1033 1599 1357 1652 carrucam,
1397 1592 1453 1640 et
1499 1583 1795 1640 ecclesiam
1847 1597 1981 1638 cum

2088 440 2237 495 dono
2291 439 2558 495 Helduini
2629 439 2932 494 Forestarii
3000 439 3147 493 duas
3193 437 3404 508 garbas
3447 437 3688 494 decium
3744 439 3817 492 de

2091 529 2255 585 terris
2307 530 2427 585 suis
2481 529 2636 598 apud
2687 528 2991 595 Basinval;
3063 527 3131 583 de
3197 528 3346 582 dono
3415 526 3681 584 Walterii
3739 529 3816 582 ad

2091 617 2333 672 Barbam
2381 616 2451 672 de
2496 616 2762 682 Daivilla,
2805 617 2952 671 duas
2999 616 3211 686 garbas
3259 615 3492 671 decimae
3545 618 3618 672 de
3670 617 3818 672 fisco

2088 720 2193 761 suo
2224 705 2374 774 apud
2407 704 2812 772 Moncheium;
2847 704 2915 758 de
2946 703 3094 759 dono
3125 703 3402 759 Gosselini
3445 705 3514 759 de
3558 707 3822 761 Bernou-

2089 792 2335 858 maisnil,
2366 799 2420 847 et
2447 791 2726 847 Osmcldis
2775 791 2975 846 uxoris
3022 791 3150 860 ejus
3197 798 3411 846 terram
3461 792 3531 848 de
3579 791 3822 848 Sifridi-

2090 880 2262 949 villa;
2293 880 2362 935 de
2389 880 2536 935 dono
2568 879 2794 949 Rogerii
2837 879 2938 933 lilii
2972 878 3217 945 Teroldi,
3273 879 3426 948 apud
3458 879 3816 936 Guillemer-

2090 979 2254 1025 court
2313 969 2511 1024 ﬁscum
2562 969 2812 1024 duorum
2867 967 3188 1030 hominum,
3241 967 3814 1040 videlicethoifridi

2092 1058 2190 1112 filii
2262 1058 2570 1119 Romoldis,
2637 1066 2691 1112 et
2741 1056 2966 1127 Bogerii
3033 1055 3132 1110 ﬁlii
3181 1055 3443 1121 Henrici;
3505 1058 3575 1112 de
3651 1058 3816 1113 dono

2090 1145 2398 1214 Radulphi,
2428 1145 2528 1215 qui
2572 1159 2684 1199 non
2714 1144 2887 1208 videt,
2925 1145 3105 1212 patris
3148 1143 3436 1214 Radulphi
3471 1144 3540 1199 de
3583 1143 3816 1199 Grant-

2091 1242 2275 1300 court,
2325 1233 2639 1303 quamdam
2681 1233 2963 1287 decimam
3007 1231 3064 1286 in
3112 1231 3498 1297 Grantcourt;
3545 1233 3619 1288 de
3651 1233 3810 1288 dono

2094 1322 2362 1377 Willelmi
2410 1321 2664 1376 Tallebot
2715 1321 3016 1376 servitium
3063 1329 3225 1376 terrae
3281 1319 3680 1391 Sansogolinis
3746 1321 3803 1375 in

2089 1409 2560 1475 Gillemercourt;
2608 1408 2676 1464 de
2715 1408 2864 1463 dono
2897 1408 3110 1463 Alundi
3156 1409 3223 1464 de
3267 1407 3640 1475 Grantcourt,
3692 1422 3803 1478 pa-

2093 1500 2194 1554 tris
2240 1498 2493 1565 Roberti,
2543 1498 2689 1552 duas
2736 1497 2946 1567 garbas
2975 1496 3207 1552 decimae
3251 1496 3321 1551 de
3368 1503 3522 1552 terra
3567 1511 3682 1552 sua
3738 1497 3805 1553 de

2091 1586 2472 1651 Grantcourt;
2520 1586 2588 1640 de
2627 1585 2775 1640 dono
2824 1584 3111 1654 Radulphi
3155 1584 3256 1638 filii
3300 1584 3566 1640 Alveredi
3624 1593 3804 1640 totam

285 1681 402 1730 tota
439 1673 678 1740 decima,
719 1680 775 1729 et
805 1672 1092 1743 quidquid
1140 1672 1210 1727 ad
1259 1650 1384 1727 eam
1431 1671 1694 1740 pertinet,
1731 1678 1785 1726 et
1817 1684 1978 1725 man-
2021 1650 2060 1703 Β
2090 1675 2368 1730 decimam
2402 1650 2565 1729 terrae
2594 1686 2713 1729 suae
2738 1673 2892 1742 apud
2927 1650 3199 1742 Penlieu;
3231 1673 3300 1728 de
3324 1673 3474 1728 dono
3515 1672 3798 1742 Goifredi,

283 1763 470 1818 siones
519 1763 807 1831 hospitum
849 1759 1169 1816 duodecim.
1230 1763 1310 1815 Do
1378 1768 1434 1816 et
1501 1760 1866 1815 Roscelinum
1913 1759 1982 1814 de

282 1849 741 1906 Matun-Maisnil
768 1848 1224 1914 cmmentarium,
1262 1862 1393 1903 cum
1423 1848 1558 1903 fisco
1591 1862 1730 1916 suo;
1758 1857 1813 1902 et
1838 1846 1979 1901 San-

283 1947 441 1996 ctum
491 1937 804 1994 Martinum
845 1938 913 1993 de
958 1937 1102 1993 silva
1145 1936 1387 1992 liberum
1429 1945 1482 1992 et
1526 1938 1808 2006 quietum,
1848 1949 1984 1991 cum

283 2027 470 2094 terris,
503 2033 557 2081 et
588 2025 928 2094 hospitibus,
965 2033 1020 2080 et
1061 2025 1348 2094 quidquid
1388 2024 1461 2080 ad
1497 2024 1760 2080 eumdem
1796 2023 1986 2079 locum

285 2114 550 2184 pertinet,
621 2113 723 2168 ubi
788 2113 1080 2183 quondam
1127 2114 1375 2168 domnus
1442 2112 1748 2180 Gervinus,
1807 2111 1985 2166 abbas

285 2202 478 2258 Sancti
536 2201 808 2269 Richarii,
885 2202 1238 2257 eremiticam
1319 2203 1499 2256 vitam
1566 2201 1777 2266 duxit;
1849 2200 1984 2255 item

286 2290 476 2346 locum
506 2289 668 2346 illum
715 2290 818 2360 qui
859 2290 1070 2346 dicitur
1111 2287 1621 2359 Flamenguevilla,
1671 2295 1725 2342 et
1773 2295 1983 2343 terram

286 2378 464 2436 unius
507 2377 704 2445 aratri,
756 2384 811 2433 et
864 2385 1080 2446 partem
1128 2391 1268 2433 mea;
1312 2377 1628 2444 Warance;
1671 2375 1983 2431 decimam-

287 2480 402 2538 que
428 2465 632 2522 telouei
662 2472 875 2535 septem
896 2465 1220 2534 molarum;
1251 2471 1307 2520 et
1335 2463 1696 2519 Grandinciw
1723 2463 1982 2518 omnium
2013 2454 2021 2463 ’

283 2554 524 2625 piscium
559 2553 820 2624 coquinae
852 2567 1026 2621 meae;
1052 2560 1108 2608 et
1131 2553 1200 2607 de
1229 2552 1364 2617 sale,
1393 2560 1449 2608 et
1484 2553 1552 2608 de
1593 2551 1748 2606 omni
1789 2565 1980 2618 carne,

285 2657 419 2714 quae
467 2642 625 2710 mihi,
674 2641 764 2697 vel
812 2638 1136 2696 haeredibus
1183 2639 1322 2696 meis
1369 2641 1435 2694 de
1469 2639 1677 2709 Anglia
1719 2639 1980 2695 veniunt.

361 2753 382 2781 ι
439 2729 706 2786 Similiter
769 2728 1052 2784 decimam
1118 2727 1190 2783 do
1237 2736 1293 2783 et
1360 2741 1573 2798 aquam
1623 2728 1692 2783 de
1756 2726 1983 2792 Criolio,

286 2827 410 2876 octo
457 2818 660 2874 diebus
713 2824 845 2872 ante
911 2816 1275 2871 festivitatem
1341 2815 1521 2871 sancti
1571 2815 1882 2882 Michaelis,
1932 2823 1986 2871 et

288 2909 412 2978 ipsa
455 2914 619 2962 nocte
648 2904 972 2961 festivitatis
1009 2903 1287 2974 ejusdem,
1323 2917 1539 2974 aquam
1589 2904 1655 2959 de
1685 2918 1770 2969 eo,
1801 2903 1984 2959 eidem

287 2995 531 3051 abbatiae
559 2994 669 3061 do;
701 2991 958 3048 similiter
987 2999 1119 3046 ante
1153 2990 1359 3046 festum
1391 2990 1783 3046 translationis
1801 2991 1985 3046 sancti

288 3083 595 3150 Benedicti,
637 3093 852 3150 aquam
883 3079 952 3135 de
993 3077 1198 3134 Criolio
1226 3079 1472 3135 concedo
1501 3078 1682 3134 eidem
1737 3078 1985 3134 ecclesize

289 3180 542 3242 quatuor
571 3170 795 3236 diebus,
821 3175 877 3223 et
906 3167 1030 3236 ipsa
1059 3175 1223 3222 nocte
1253 3166 1399 3232 festi,
1434 3180 1648 3236 aquam
1679 3167 1748 3222 de
1771 3181 1855 3222 eo.

364 3281 386 3309 ι
425 3260 488 3314 In
538 3257 747 3323 Anglia
798 3256 869 3311 do
922 3255 1214 3322 Bonitone,
1275 3263 1330 3311 et
1391 3255 1678 3325 quidquid
1741 3255 1814 3310 ad
1859 3268 1986 3310 eam

289 3348 552 3419 pertinet,
584 3346 642 3401 in
677 3345 859 3413 terris,
895 3345 954 3399 in
986 3344 1327 3413 hospitibus,
1356 3351 1411 3399 et
1439 3344 1656 3399 caeteris
1685 3343 1874 3400 rebus.

365 3459 387 3486 ι
420 3436 552 3490 Haec
580 3434 772 3490 omnia
801 3433 948 3488 dono
978 3432 1158 3488 eidem
1191 3431 1434 3488 abbatize
1478 3431 1535 3486 in
1567 3432 1987 3502 eleemosynam

287 3525 550 3591 liberam,
617 3529 672 3578 et
738 3521 1016 3592 quietam,
1089 3528 1144 3576 et
1213 3535 1314 3590 per
1393 3520 1652 3576 chartam
1721 3521 1988 3577 testificor

289 3615 457 3680 dona,
492 3627 625 3683 quae
668 3611 1019 3668 Guillermus
1061 3609 1212 3664 filius
1261 3623 1445 3675 meus,
1494 3625 1583 3665 me
1621 3617 1895 3679 praesente
1932 3616 1987 3665 et

289 3698 695 3766 consentiente,
729 3697 912 3753 eidem
943 3695 1194 3752 ecclesiae
1234 3696 1291 3750 in
1320 3696 1738 3767 eleemosynam
1783 3704 1984 3752 contu-

290 3790 373 3858 lit,
405 3787 666 3844 videlicet
693 3785 993 3842 eccleSiam
1035 3784 1104 3840 de
1135 3784 1402 3855 Haymies
1431 3800 1564 3841 cum
1596 3793 1712 3841 tota
1743 3786 1981 3853 decima,

287 3886 344 3935 et
387 3886 598 3934 terram
659 3876 828 3931 trium
903 3874 1192 3943 hospitum
1241 3874 1314 3929 ad
1373 3875 1631 3930 eamdem
1689 3873 1984 3930 ecclesiam

289 3967 690 4038 pertinentem.

364 4076 386 4103 ι
416 4051 708 4109 Testificor
743 4049 916 4105 etiam
953 4050 1146 4105 omnia
1187 4050 1356 4116 dona,
1408 4064 1560 4120 quae,
1609 4063 1697 4104 me
1737 4062 1984 4118 praesen-

290 4147 362 4208 te,
395 4140 639 4205 volente,
669 4146 725 4193 et
771 4145 1027 4207 rogante,
1071 4139 1331 4204 barones,
1377 4138 1602 4204 milites,
1644 4145 1698 4192 et
1729 4137 1986 4192 nationes

287 4237 456 4285 terrae
488 4241 648 4294 meae,
697 4226 878 4282 eidem
912 4226 1160 4281 ecclesiae
1208 4225 1265 4280 in
1296 4225 1710 4294 eleemosynam
1745 4224 1979 4279 liberam

285 4313 658 4372 contulerunt
685 4320 740 4368 et
786 4313 1054 4383 quietam,
1089 4312 1348 4368 videlicet
1387 4312 1623 4383 triginta
1661 4325 1824 4368 acras
1862 4318 1979 4367 ter-

285 4419 364 4460 rae
393 4402 545 4473 apud
598 4401 1071 4458 Ulteris-Portum
1104 4401 1172 4456 de
1203 4401 1351 4456 dono
1384 4401 1642 4470 Hugonis
1672 4399 1980 4456 vicecomi-

288 4492 377 4559 tis,
427 4491 609 4561 patris
653 4489 909 4546 Guiberti
960 4490 1028 4545 de
1079 4489 1333 4558 Dimeio;
1382 4489 1450 4544 de
1497 4489 1644 4544 dono
1697 4487 1979 4545 Willermi

284 4579 580 4646 Caucheis,
635 4578 781 4635 duas
825 4577 1150 4633 mansiones
1197 4577 1256 4631 in
1315 4577 1455 4631 villa
1507 4577 1976 4643 Ulteris—Portus,

285 4676 339 4725 et
404 4675 578 4724 totam
634 4675 845 4723 terram
913 4664 1441 4733 Montis-Goisberti,
1509 4675 1564 4722 et
1612 4668 1728 4722 duo
1769 4666 1980 4737 jugera

285 4757 435 4828 prati
467 4755 618 4825 apud
661 4753 1233 4824 Flamenguevillam,
1276 4762 1331 4810 et
1377 4755 1529 4824 apud
1571 4755 1840 4811 Criolium
1867 4753 1980 4810 alia

280 4847 396 4903 duo
429 4845 637 4915 jugera
669 4843 838 4914 prati,
873 4853 927 4898 et
972 4851 1182 4898 terram
1215 4857 1393 4913 quam
1438 4844 1666 4900 tenebat
1711 4844 1768 4898 in
1814 4845 1980 4913 Augo

281 4933 509 5004 oppido,
559 4941 615 4988 et
671 4931 1007 4987 viridarium
1056 4945 1261 4996 unum,
1300 4940 1354 4988 et
1397 4932 1683 5003 quidquid
1733 4931 1981 4988 habebat

283 5024 344 5079 in
384 5030 601 5092 septem
641 5019 843 5086 molis;
895 5019 964 5075 de
1009 5018 1156 5075 dono
1198 5020 1466 5076 Richardi
1516 5020 1739 5086 Boistel,
1780 5027 1836 5075 et
1867 5019 1979 5075 Hil-

282 5111 448 5168 duini
500 5112 570 5166 de
620 5109 909 5179 Blangeio,
950 5115 1006 5164 et
1057 5107 1282 5164 Gustini
1328 5109 1397 5163 de
1440 5107 1976 5175 Grimont-Maisnil,

281 5207 338 5256 et
375 5198 604 5255 Henrici
654 5196 931 5264 Jaillardi,
981 5196 1128 5252 duas
1163 5197 1375 5266 garbas
1422 5197 1654 5252 decimae
1700 5198 1757 5252 in
1807 5196 1982 5253 feodis

283 5288 406 5342 suis
451 5287 603 5356 apud
655 5284 1036 5356 Blangeium;
1085 5285 1154 5339 de
1201 5285 1349 5340 dono
1387 5283 1613 5340 Henrici
1666 5282 1981 5339 Mostellen-

284 5374 386 5439 cis,
412 5373 471 5429 in
503 5373 760 5430 fontibus
789 5371 996 5443 viginti
1035 5373 1246 5444 jugera
1285 5381 1470 5439 terrae,
1503 5380 1557 5428 et
1596 5372 1742 5428 duas
1773 5371 1982 5442 garbas

285 5459 556 5529 decimas;
597 5461 667 5519 de
706 5461 856 5518 dono
889 5460 1190 5518 Anscherii
1228 5461 1297 5518 de
1337 5460 1448 5519 Biu
1487 5461 1659 5528 senis,
1697 5460 1980 5518 decimam

2092 1762 2188 1817 filii
2223 1761 2483 1817 Rainoldi
2515 1761 2584 1816 de
2635 1761 2841 1816 Sancto
2891 1761 3134 1815 Martino
3175 1760 3466 1826 Jaillardo,
3511 1761 3799 1816 decimam

2090 1851 2159 1906 de
2190 1849 2353 1906 terris
2380 1850 2679 1905 hominum
2701 1864 2960 1915 suorum,
2987 1863 3163 1919 quam
3188 1849 3435 1904 habebat
3463 1851 3520 1905 in
3542 1850 3802 1906 dominio

2091 1945 2214 2007 suo,
2265 1947 2319 1995 et
2364 1939 2518 2009 apud
2565 1937 2617 1993 S.
2668 1938 3003 2002 Martinum.
3050 1945 3105 1992 et
3151 1938 3307 2007 apud
3355 1938 3510 1994 Letot
3548 1946 3608 1994 et
3639 1939 3796 2008 apud

2091 2029 2307 2085 Merlim
2353 2042 2662 2098 campum;
2711 2028 2780 2084 de
2825 2028 2974 2083 dono
3022 2027 3444 2092 Claremboudi,
3486 2028 3673 2096 patris
3700 2028 3800 2082 Ri-

2093 2117 2248 2172 cardi
2279 2117 2347 2173 de
2377 2115 2696 2182 Tokevilla,
2732 2116 2877 2171 duas
2897 2115 3110 2186 garbas
3131 2115 3362 2171 decima;
3387 2115 3455 2171 de
3476 2116 3796 2181 Tokevilla,

2092 2206 2162 2261 de
2191 2206 2338 2261 dono
2388 2205 2592 2275 Rogeri
2624 2205 2694 2259 de
2724 2204 2981 2259 Salcheio
3012 2203 3203 2259 fratris
3237 2204 3462 2260 Ricardi
3514 2204 3588 2260 de
3629 2206 3795 2260 Frea-

2092 2294 2248 2360 villa,
2297 2292 2593 2349 ecclesiam
2644 2291 2713 2347 de
2759 2291 3017 2347 Salcheio
3069 2306 3202 2347 cum
3268 2300 3382 2347 tota
3445 2291 3696 2359 decima,
3746 2302 3798 2348 et

2093 2381 2380 2452 quidquid
2423 2381 2496 2436 ad
2542 2380 2802 2436 eamdem
2841 2379 3138 2436 ecclesiam
3186 2380 3448 2449 pertinet,
3508 2389 3564 2436 et
3617 2396 3796 2436 unam

2093 2485 2285 2526 acram
2318 2470 2499 2540 prati;
2531 2469 2600 2524 de
2648 2469 2796 2524 dono
2827 2469 3076 2536 Ricardi,
3114 2469 3212 2524 lilii
3259 2469 3490 2526 Roberti
3520 2469 3591 2524 de
3626 2471 3794 2525 Frea-

2094 2559 2249 2626 villa,
2311 2565 2487 2614 totam
2535 2557 2814 2613 decimam
2881 2559 2952 2613 de
3029 2600 3040 2612 .
3117 2599 3129 2611 .
3212 2599 3224 2612 .
3308 2600 3321 2612 .
3401 2575 3456 2625 .;
3526 2558 3599 2614 de
3647 2559 3799 2614 dono

2094 2646 2319 2702 Picardi
2368 2647 2438 2702 de
2486 2646 2742 2712 Lonreio,
2795 2645 2973 2714 patris
3040 2644 3456 2708 Bartholomaei,
3509 2647 3798 2701 decimam

2093 2735 2162 2791 de
2194 2736 2364 2790 Bosco
2392 2734 2660 2803 Ricardi;
2712 2734 2780 2789 de
2810 2733 2959 2788 dono
3001 2733 3242 2789 Millonis
3271 2732 3339 2788 de
3385 2733 3792 2804 Ayssingueio,

2095 2824 2239 2878 duos
2283 2823 2476 2878 hortos
2505 2830 2560 2877 et
2596 2822 2742 2876 duas
2772 2821 2980 2892 garbas
3022 2821 3256 2876 decimae
3309 2821 3377 2875 de
3428 2821 3797 2892 Assingneio,

2025 2947 2065 3001 ρ
2101 2912 2176 2967 ita
2202 2911 2396 2977 libere,
2433 2918 2498 2966 ut
2535 2924 2631 2966 eas
2659 2917 2714 2965 et
2756 2923 2915 2965 nunc
2958 2909 3218 2964 homines
3263 2908 3412 2964 villa;
3444 2909 3517 2964 ad
3547 2909 3793 2964 domum

2097 3001 2510 3056 monachorum
2553 2998 2945 3064 adduxerunt,
3005 2997 3170 3054 sicuti
3234 2997 3305 3052 ad
3352 3011 3516 3053 suam
3569 2999 3794 3066 pridem

2096 3087 2280 3144 facere
2311 3101 2384 3142 ex
2434 3086 2622 3142 debito
2662 3086 2959 3151 solebant;
3006 3085 3074 3140 de
3123 3084 3273 3141 dono
3315 3084 3542 3140 Roberti
3586 3085 3658 3140 de
3707 3087 3799 3140 Pe-

2097 3183 2376 3245 treponto,
2415 3183 2470 3230 et
2513 3173 2798 3229 Godefridi
2849 3173 3040 3229 fratris
3085 3175 3213 3243 ejus
3251 3173 3533 3229 decimam
3571 3173 3646 3229 de
3691 3174 3795 3230 Cu-

2096 3265 2356 3331 vervilla,
2389 3277 2565 3334 quam
2604 3262 2871 3319 tenebant
2900 3262 2969 3318 de
2992 3263 3238 3332 Oylardo
3263 3263 3494 3318 domino
3535 3262 3791 3332 ejusdem

2094 3350 2267 3418 villa,
2308 3358 2364 3405 et
2411 3351 2516 3405 hoc
2578 3355 2727 3404 683
2789 3349 3046 3406 fecerunt
3088 3349 3156 3405 de
3205 3364 3488 3406 consensu
3535 3350 3792 3419 ejusdem

2095 3441 2348 3511 domini;
2377 3441 2444 3496 de
2492 3441 2641 3496 dono
2669 3440 3019 3511 Oystellandi
3059 3440 3253 3496 militis
3292 3439 3424 3504 mei,
3477 3443 3578 3510 qui
3613 3439 3795 3495 filium

2097 3544 2289 3585 meum
2356 3529 2718 3585 Willermum
2779 3527 3042 3594 nutrivit,
3096 3527 3293 3582 villam
3364 3541 3498 3596 quae
3551 3534 3796 3582 vocatur

2097 3617 2647 3688 Maisinloystellant,
2681 3625 2736 3673 et
2776 3617 2880 3672 hoc
2922 3616 3175 3672 concessi
3223 3616 3490 3684 precibus
3521 3615 3796 3671 Willelmi

2097 3706 2198 3762 ﬁlii
2229 3707 2358 3773 mei,
2392 3713 2456 3762 ut
2484 3707 2540 3761 in
2587 3713 2926 3776 perpetuum
2960 3711 3103 3759 esset
3142 3704 3338 3759 eadem
3385 3705 3523 3759 villa
3551 3704 3627 3758 ad
3659 3705 3801 3760 elee—

2096 3809 2396 3866 mosynam
2423 3808 2741 3864 pauperum
2776 3794 2954 3850 libera
2977 3803 3032 3848 et
3065 3792 3281 3862 quieta.

2169 3950 2190 3977 «
2222 3929 2293 3984 Et
2321 3927 2449 3983 volo
2481 3935 2542 3982 ut
2575 3941 2942 3997 quaecunque
2975 3925 3234 3982 monachi
3263 3924 3805 3982 Ulterioris-Portus

2093 4017 2142 4072 ei
2179 4017 2328 4072 dono
2359 4031 2502 4082 meo,
2554 4017 2672 4071 sive
2714 4026 3108 4072 successorum
3158 4027 3434 4077 meorum.
3479 4015 3801 4083 tenuerint,

2095 4105 2184 4160 vel
2244 4103 2613 4174 possederint,
2673 4103 2749 4158 ita
2796 4103 2971 4158 libere
3015 4109 3071 4158 et
3118 4102 3308 4171 quiete
3354 4110 3586 4158 teneant
3643 4104 3803 4172 quod

2021 4229 2064 4282 Β
2095 4192 2184 4247 vel
2235 4191 2307 4246 ab
2355 4192 2435 4247 eis
2478 4190 2566 4246 vel
2613 4191 2685 4246 ab
2736 4190 3066 4245 hominibus
3115 4203 3325 4244 eorum-
3377 4188 3636 4244 haredes
3689 4191 3802 4245 mei

2094 4279 2257 4335 nulla
2299 4279 2549 4344 servitia,
2599 4277 2762 4334 nulla
2793 4277 3033 4345 auxilia,
3083 4276 3276 4333 nullas
3306 4276 3493 4332 tallias
3523 4276 3650 4332 sive
3680 4278 3802 4333 col-

2091 4368 2282 4433 lectas,
2318 4367 2508 4422 nullas
2537 4369 2772 4422 omnino
2794 4367 3122 4422 exactiones
3152 4367 3387 4436 exigant
3420 4380 3432 4419 :
3474 4373 3528 4420 et
3559 4379 3796 4421 succes-

2090 4454 2314 4510 soribus
2359 4454 2565 4510 nostris
2615 4454 2719 4509 hoc
2764 4453 3178 4518 abnuentibus,
3229 4460 3283 4507 et
3329 4465 3427 4521 pro
3479 4465 3644 4520 posse
3693 4468 3802 4510 suo

2091 4555 2180 4596 res
2239 4542 2418 4612 hujus
2486 4541 2735 4597 ecclesiae
2837 4539 3209 4610 augentibus,
3285 4538 3798 4610 benedictionem;

2089 4629 2581 4684 calumniantibus
2635 4643 2793 4698 vero,
2847 4635 2900 4682 et
2946 4641 3037 4682 res
3087 4627 3264 4698 hujus
3308 4627 3556 4682 ecclssize
3610 4636 3798 4684 retra-

2091 4717 2378 4784 hentibus,
2445 4724 2719 4774 aeternam
2785 4715 3239 4771 maledictionem
3308 4714 3520 4782 indico,
3589 4724 3644 4772 et
3703 4732 3801 4772 eos

2091 4803 2355 4860 timendae
2401 4802 3015 4859 cxcommunicationis
3069 4799 3302 4856 vinculo
3363 4801 3497 4868 ligo.
3570 4802 3797 4860 Horum

2089 4892 2372 4947 donorum
2404 4899 2520 4946 tam
2563 4905 2820 4946 meorum
2852 4903 3029 4960 quam
3064 4888 3308 4944 aliorum
3360 4887 3796 4947 benefactorum

2089 4979 2267 5051 hujus
2290 4979 2560 5046 ecclesia,
2593 4993 2740 5049 quos
2769 4977 3029 5048 praedixi,
3062 4984 3232 5032 testes
3257 4991 3269 5030 :

2165 5134 2187 5161 ι
2235 5113 2353 5181 Ego
2401 5110 2685 5166 Rohertus
2730 5124 2918 5166 comes
2981 5107 3153 5180 Augi.
3217 5109 3287 5164 Et
3352 5108 3703 5180 Radulphus
3748 5121 3798 5169 et

2089 5198 2431 5265 Willelmus,
2463 5205 2517 5253 et
2543 5195 2825 5254 Robertiis
2855 5197 2957 5252 lilii
2988 5197 3119 5252 mei.
3153 5197 3223 5252 Et
3254 5197 3419 5266 Hugo
3450 5198 3793 5257 vicecomes.

2091 5288 2161 5343 Et
2201 5286 2516 5343 Gaufridus
2545 5287 2613 5342 de
2651 5286 2874 5342 Bailoil.
2918 5287 2984 5342 Et
3022 5285 3284 5342 Galterus
3313 5285 3388 5340 ad
3421 5285 3682 5345 Barbam
3730 5295 3793 5346 de

2090 5371 2489 5428 Davitusvilla.
2515 5389 2544 5424 ιο
2578 5372 2648 5428 Et
2679 5371 2774 5428 alii
2823 5372 2988 5429 multi
3039 5386 3184 5442 quos
3216 5370 3454 5442 longum
3501 5382 3591 5430 est
3619 5377 3795 5432 nomi-

2092 5473 2246 5516 nare.
