3944 6084
150 295 279 348 H37

1403 295 1618 350 DOMNI
1661 297 1719 349 L.
1763 293 2106 350 D’ACHERY
2147 296 2367 352 ΝΟΤἈΕ.

3503 301 3638 352 “38

215 427 390 482 Hocce
430 424 754 481 donationis
807 426 1250 481 inStrumentum
1309 426 1609 482 conﬁrmat
1653 427 1830 481 Joan-
1867 427 1914 480 A
2017 449 2044 476 «
2077 442 2135 482 xi
2181 428 2467 484 Kalendas
2516 427 2746 498 Aprilis,
2803 427 2941 484 obiit
2989 426 3498 483 reverendissimus
3547 428 3640 483 vir

139 527 260 581 nes,
288 513 480 569 itidem
513 528 699 570 comes
728 514 1029 584 Augensis,
1060 513 1131 569 ad
1164 514 1320 570 hunc
1344 515 1576 570 modum
1607 529 1619 567 :

215 624 234 648 ι
267 603 433 658 Anno
481 602 900 658 lncarnationis
950 604 1104 670 1149,
1159 605 1470 659 Romanam
1524 604 1833 659 Ecclesiam

138 699 367 760 regente
399 705 546 761 papa
593 692 887 762 Eugenio;
945 693 1456 762 Rothomagensem
1503 692 1833 748 cathedram

135 780 396 849 episcopo
443 781 672 836 sedente
741 780 980 850 Hugone
1026 781 1311 849 archiep.;
1367 781 1727 850 principante
1775 782 1833 838 in

132 869 511 924 Northmania
560 869 999 940 Andegavorum
1057 869 1261 924 comite
1328 868 1600 925 Gaufrido
1650 885 1662 924 :
1713 871 1833 941 Ego

128 958 376 1012 Joannes
453 958 810 1028 Augensium
886 972 1091 1024 comes,
1169 957 1302 1013 huic
1377 960 1429 1012 S.
1499 959 1832 1029 archangeli

132 1045 422 1101 Michaelis
484 1046 1069 1103 Ulterioris-Portensi
1146 1047 1397 1102 ecclesia
1473 1047 1830 1103 concedendo

129 1134 258 1189 dedi
313 1143 367 1190 et
414 1136 772 1202 confirmavi,
819 1143 874 1191 et
930 1149 1102 1204 super
1147 1135 1326 1190 altare
1377 1136 1605 1204 propria
1652 1149 1830 1192 manu

129 1237 257 1278 mea
299 1224 465 1293 posui
509 1225 701 1279 omnia
732 1225 882 1278 dona
940 1222 1058 1288 illa,
1103 1238 1232 1292 qua
1283 1230 1666 1278 antecessores
1697 1223 1825 1290 mei,

126 1325 314 1367 comes
359 1312 619 1368 videlicet
669 1312 969 1378 Robertus,
1019 1319 1074 1367 et
1123 1311 1461 1367 Guillelmus
1495 1312 1646 1367 ﬁlius
1680 1311 1826 1382 ejus,

126 1400 410 1457 Henricus
440 1409 600 1471 pater
626 1415 807 1467 meus,
832 1400 1038 1470 suique
1088 1401 1347 1455 homines
1402 1407 1824 1468 concesserunt,

123 1489 424 1556 dederunt,
476 1498 530 1545 et
573 1490 1084 1555 conﬁrmaverunt,
1125 1496 1178 1543 et
1209 1488 1494 1559 quidquid
1541 1489 1632 1544 die
1687 1503 1824 1556 uno,

121 1592 475 1647 quocunque
507 1586 670 1647 pacto
717 1578 954 1633 ecclesia
987 1585 1247 1633 tenuerat
1298 1577 1629 1633 viventibus
1675 1591 1826 1646 pra—

120 1666 250 1722 fatis
279 1667 616 1735 comitibus;
641 1675 696 1722 et
726 1667 853 1723 volo
877 1674 938 1722 ut
962 1680 1030 1723 ea
1065 1666 1350 1735 pracipue
1393 1681 1524 1736 qua
1553 1665 1820 1722 monachi
1858 1701 1900 1756 Β

120 1756 330 1812 habere
358 1757 657 1822 debebant,
693 1756 929 1811 ﬁrmiter
952 1763 1006 1811 et
1053 1756 1306 1825 plenarie
1361 1755 1627 1822 habeant,
1672 1764 1726 1812 et
1761 1756 1821 1811 in

121 1852 461 1915 perpetuum
497 1843 840 1912 possideant,
881 1862 913 1908 υ,
933 1851 1040 1898 etc.

191 1933 406 1988 Verum
439 1931 636 2001 paucis
683 1939 804 2000 post
859 1931 1025 1985 annis
1073 1931 1144 1986 ab
1191 1931 1388 1986 eodem
1441 1930 1664 1996 comite,
1705 1931 1824 1986 sive

118 2021 193 2076 ab
244 2021 371 2089 ejus
413 2019 708 2085 militibus,
764 2034 895 2074 cum
931 2019 1179 2095 ecclesia
1235 2018 1288 2074 S.
1358 2017 1646 2073 Michaelis
1701 2019 1820 2074 the-

119 2122 333 2163 saurus
371 2106 608 2162 immani
643 2105 942 2177 sacrilegio
989 2106 1186 2161 fuisset
1217 2106 1490 2174 direptus,
1543 2107 1822 2174 poeniten-

120 2197 199 2251 tia
224 2195 488 2265 princeps
532 2195 622 2250 ille
669 2194 896 2260 ductus,
949 2193 1231 2264 quidquid
1281 2193 1537 2249 ablatum
1586 2202 1825 2249 eatenus

117 2297 491 2352 compensare
529 2282 772 2348 studuit,
805 2289 868 2337 ut
891 2282 1022 2348 alia,
1055 2297 1186 2351 qua
1216 2283 1270 2336 in
1303 2281 1566 2351 sequenti
1621 2282 1824 2338 charta

113 2370 502 2437 continentur,
539 2370 628 2439 pie
657 2371 983 2425 contulerit.
1021 2371 1180 2425 Hanc
1209 2370 1529 2434 exscribere
1566 2371 1819 2440 juvabit,

119 2467 182 2514 ut
215 2459 346 2514 inde
395 2458 504 2514 avi
560 2457 740 2514 nostri
786 2459 1144 2514 exercituum
1195 2459 1368 2514 duces
1405 2458 1588 2527 (Heu!
1642 2474 1820 2530 quam

117 2547 367 2603 nefanda
412 2555 638 2616 patrata
684 2548 843 2615 sunt)
877 2548 1064 2603 nobile
1121 2548 1414 2618 religionis
1459 2547 1820 2616 Christiana,

115 2637 261 2707 quin
290 2644 344 2692 et
366 2636 603 2705 justitia
629 2636 954 2705 exemplum
979 2650 1205 2691 sumere
1229 2636 1463 2705 possint.

189 2748 216 2773 ‹‹
259 2725 467 2781 Notum
527 2725 598 2779 sit
649 2724 932 2780 universis
1010 2724 1274 2780 Ecclesia
1332 2724 1428 2781 Dei
1483 2725 1613 2780 filiis
1664 2727 1819 2796 quod

112 2814 234 2884 Ego
279 2814 526 2869 Joannes
571 2826 760 2867 comes
787 2812 936 2882 Augi
985 2826 1086 2880 pro
1128 2811 1406 2881 stipendio
1464 2812 1732 2879 militum,
1766 2821 1822 2869 et

112 2898 508 2964 servientium,
564 2913 710 2968 quos
767 2898 922 2953 tenui
960 2913 1057 2967 per
1090 2912 1359 2968 guerram
1423 2899 1590 2970 regis,
1650 2899 1818 2955 inva-

1945 517 2190 572 domnus
2271 517 2450 572 abbas
2527 516 2815 584 Alfredus,
2897 517 3059 572 istius
3127 516 3233 572 loci
3284 517 3639 587 gubernator

1945 607 2167 662 tertius.
2206 628 2234 656 »

2013 697 2090 752 De
2120 704 2327 766 quarto
2358 704 2412 752 et
2439 697 2641 766 quinto
2675 695 2838 751 nihil.

2017 807 2038 834 ι
2073 800 2132 840 ιιι
2161 785 2446 840 Kalendas
2477 785 2628 851 Maii,
2683 784 2821 840 obiit
2871 785 3122 840 domnus
3163 783 3342 840 abbas
3388 782 3637 840 Guiller-

1941 889 2088 936 mus,
2124 873 2295 943 hujus
2323 873 2586 928 Ecclesia
2615 881 2806 943 pastor
2833 881 3047 929 sextus.

2016 985 2037 1012 ι
2091 962 2359 1019 Kalendis
2399 961 2573 1028 Junii,
2625 961 2763 1016 obiit
2806 961 3056 1016 domnus
3095 959 3376 1015 Ricardus
3436 959 3634 1027 abbas,

1941 1050 2116 1122 hujus
2147 1050 2407 1106 Ecclesia
2439 1057 2631 1119 pastor
2659 1048 2953 1118 septimus.
2984 1069 3011 1098 ››

2013 1140 2088 1194 De
2119 1146 2319 1194 octavo
2351 1137 2503 1193 haud
2536 1137 2655 1192 ulla
2683 1135 3163 1191 commemoratio.

2012 1248 2039 1277 «
2081 1241 2136 1282 v1
2166 1226 2450 1282 Kalendas
2482 1225 2692 1291 Martii,
2738 1224 2878 1280 obiit
2907 1225 3014 1294 pia
3045 1225 3334 1280 memoria
3390 1224 3638 1282 domnus

1937 1316 2117 1372 abbas
2142 1315 2511 1380 Guillermus,
2548 1314 2726 1385 hujus
2760 1313 3024 1370 Ecclesia
3058 1321 3250 1383 pastor
3278 1327 3487 1368 nonus.

2013 1427 2036 1453 ι
2072 1403 2345 1459 Kalendis
2394 1402 2598 1470 Martii,
2647 1402 2785 1458 obiit
2817 1403 3065 1458 domnus
3110 1401 3289 1457 abbas
3343 1401 3634 1468 Arturius,

1937 1493 2115 1564 hujus
2147 1492 2412 1547 Ecclesia
2450 1498 2643 1560 pastor
2671 1489 2945 1546 decimus.

2007 1580 2086 1634 De
2116 1578 2418 1634 undecimo
2455 1577 2582 1632 silet
2608 1575 3031 1647 Necrologium.
3129 1575 3132 1580 ’

2007 1686 2035 1719 (ι
2066 1682 2105 1723 v
2131 1667 2324 1724 Nonas
2353 1666 2561 1733 Martii,
2591 1665 2730 1722 obiit
2761 1666 3008 1722 domnus
3031 1664 3198 1736 Hugo
3226 1662 3426 1730 abbas,
3459 1662 3638 1733 hujus

1935 1757 2196 1814 Ecclesia
2223 1763 2408 1812 rector
2430 1754 2825 1811 duodecimus.

2005 1867 2033 1894 «
2065 1859 2124 1900 vr
2165 1843 2451 1900 Kalendas
2498 1842 2654 1910 Maii,
2712 1842 2850 1898 obiit
2904 1842 3012 1911 pia
3065 1855 3332 1897 memora
3389 1840 3638 1896 domnus

1933 1932 2109 1988 abbas
2153 1931 2434 1987 Henricus
2463 1937 2664 1995 rector,
2699 1936 2753 1984 et
2803 1927 3178 1984 readiﬁcator
3220 1926 3632 1993 nobilissimus,

1931 2028 1986 2075 et
2013 2019 2215 2076 tertius
2243 2017 2500 2074 decimus
2543 2015 2649 2071 loci
2690 2015 2879 2084 istius;
2910 2014 2967 2070 in
3020 2015 3193 2085 cujus
3239 2013 3634 2070 anniversario

1934 2108 2220 2164 habemus
2249 2111 2398 2160 634
2431 2103 2822 2174 quadraginta
2860 2102 3088 2158 solidos.
3123 2122 3143 2149 ι

2003 2197 2081 2252 De
2138 2202 2389 2265 quatuor
2429 2190 2917 2262 subsequentibus
2947 2189 3113 2245 nihil.

2003 2303 2033 2336 α
2063 2297 2167 2340 xw
2224 2281 2512 2338 Kalendas
2564 2279 2797 2349 Aprilis,
2851 2277 2991 2334 obiit
3044 2277 3292 2333 domnus
3352 2275 3636 2332 Robertus

1931 2374 2108 2430 abbas
2138 2371 2317 2442 hujus
2347 2369 2611 2425 Ecclesia
2640 2367 2954 2439 vigesimus
2975 2366 3218 2435 primus.

2002 2484 2029 2509 «
2063 2478 2122 2516 ιιι
2156 2461 2290 2516 Idus
2318 2458 2454 2515 Julii
2487 2457 2625 2513 obiit
2644 2457 2892 2513 Joannes
2922 2455 3103 2512 abbas
3131 2453 3298 2510 istius
3339 2451 3628 2517 Ecclesia,

1933 2549 2307 2607 readiﬁcator
2369 2554 2424 2603 et
2488 2553 2786 2616 reparator
2849 2543 3257 2610 nobilissimus,
3331 2549 3386 2597 et
3441 2547 3635 2612 pastor

1930 2639 2246 2710 vigesimus
2271 2635 2580 2692 secundus.
2621 2656 2642 2682 ι

2002 2726 2276 2798 Vigesimi
2307 2723 2455 2781 tertii
2485 2721 2650 2778 nulla
2680 2721 2913 2777 mentio.

2007 2839 2027 2864 ι
2056 2831 2113 2870 v1
2166 2814 2360 2870 Nonas
2391 2811 2538 2877 Maii,
2572 2810 2710 2866 obiit
2740 2809 2848 2880 pia
2907 2807 3195 2864 memoria
3237 2806 3486 2862 domnus
3524 2806 3633 2862 ab-

1932 2906 2034 2962 bas
2065 2904 2346 2960 Ricardus
2388 2902 2456 2957 de
2507 2903 2868 2972 Longuemor
2912 2905 3115 2962 rector,
3161 2904 3216 2953 et
3261 2895 3635 2953 readiﬁcator

113 2988 272 3044 diavi
306 2987 622 3043 maximam
663 2995 879 3056 partem
925 2995 980 3041 et
1023 2987 1295 3056 optimam
1331 2987 1583 3043 thesauri
1631 2988 1814 3044 eccle-
1853 2997 1894 3052 c
1928 2993 2334 3058 nobilissimus,
2368 2989 2685 3062 vigesimus
2711 2995 2976 3059 quartus.

113 3078 212 3132 sia
243 3077 431 3133 Sancti
489 3075 778 3131 Michaelis
821 3075 889 3130 de
923 3075 1407 3140 Ulteriori-Portu,
1461 3076 1606 3132 duos
1661 3077 1816 3132 vide-

111 3165 245 3221 licet
304 3173 497 3220 textus
561 3166 850 3233 pretiosos,
913 3171 966 3218 et
1019 3164 1133 3218 duo
1195 3163 1494 3220 thuribula
1549 3166 1814 3234 pretiosa,

113 3268 300 3310 unum
361 3253 596 3307 calicem
665 3259 1021 3322 argenteum,
1073 3258 1128 3306 et
1178 3252 1387 3321 optime
1451 3253 1815 3319 deauratum,

109 3356 326 3412 cappas
363 3354 527 3396 caras
577 3339 781 3411 viginti
831 3347 1100 3409 quatuor,
1153 3340 1405 3395 casulam
1454 3349 1728 3410 peratam,
1763 3345 1818 3397 et

111 3434 344 3488 bonam.
387 3430 665 3485 Praterea
714 3435 798 3484 tot
826 3436 880 3484 et
911 3429 1086 3484 tantis
1133 3428 1573 3499 gravaminibus
1618 3429 1817 3499 prata-

108 3529 228 3577 tam
260 3518 556 3576 ecclesiam
589 3525 705 3572 tam
738 3531 886 3586 sape
936 3517 1196 3587 gravavi,
1249 3530 1427 3586 quam
1479 3517 1631 3573 vices
1682 3532 1813 3588 gra-

109 3607 411 3663 vaminum
460 3619 769 3661 numerare
801 3619 915 3661 non
961 3619 1204 3674 possem.
1237 3605 1425 3672 Quare
1473 3620 1576 3674 pro
1620 3606 1816 3662 multis

108 3709 317 3765 pauca.
353 3708 453 3763 pro
487 3694 711 3764 magnis
743 3707 923 3763 parva
949 3693 1287 3763 rependens,
1347 3695 1593 3749 concedo
1642 3701 1698 3750 et
1755 3695 1812 3749 in

108 3793 453 3852 perpetuum
485 3782 556 3838 do
597 3782 880 3851 pradicta
946 3781 1216 3849 ecclesia,
1275 3795 1520 3837 avenam
1572 3789 1626 3837 et
1684 3781 1812 3838 fru-

108 3879 367 3928 mentum
411 3872 479 3926 de
526 3870 769 3937 Verleio,
821 3885 953 3940 qua
999 3871 1242 3940 pertinet
1291 3871 1362 3926 ad
1415 3870 1807 3941 forestagium.

103 3960 420 4030 Diligenter
469 3965 660 4015 autem
711 3959 960 4014 haredes
1004 3973 1179 4014 exoro
1226 3973 1298 4014 ne
1325 3959 1605 4014 Ecclesias
1646 3967 1811 4015 terra

105 4064 229 4104 sua
259 4055 520 4118 gravent,
561 4047 659 4102 sed
705 4047 986 4103 honorent
1010 4055 1066 4102 et
1113 4055 1434 4117 protegant.
1467 4049 1532 4102 Et
1591 4047 1634 4102 si
1669 4048 1808 4118 quid

104 4137 189 4192 eis
241 4151 340 4205 pro
386 4136 571 4191 salute
625 4137 833 4191 anima
883 4149 1043 4202 mea,
1093 4143 1149 4191 et
1199 4144 1501 4204 parentum
1552 4150 1810 4192 meorum

103 4225 258 4290 dedi,
288 4226 374 4279 vel
429 4238 530 4292 pro
583 4223 788 4279 ablatis
838 4224 1078 4285 reddidi.
1128 4224 1185 4278 in
1217 4237 1353 4292 pace
1403 4223 1682 4280 stabiliter
1729 4231 1806 4280 te-

106 4326 246 4368 nere
294 4311 526 4378 faciant,
574 4311 937 4367 recordantes
976 4311 1128 4381 quod
1179 4311 1282 4380 ipsi
1327 4312 1593 4368 morituri
1651 4321 1806 4380 sunt,

106 4401 258 4456 sicut
281 4400 720 4470 pradecessores
750 4401 926 4456 nostri
959 4400 1167 4456 mortui
1199 4408 1353 4455 sunt.
1400 4400 1587 4470 Hujus
1635 4401 1812 4456 dona-

107 4489 282 4544 tionis
341 4496 508 4544 testes
567 4497 703 4544 sunt
755 4489 813 4543 hi
876 4504 888 4543 :
950 4489 1229 4544 Henricus
1283 4495 1338 4543 et
1386 4489 1664 4544 Robertus
1715 4488 1812 4543 ﬁlii

105 4577 352 4640 comitis,
399 4584 456 4633 et
500 4576 570 4632 N.
624 4576 912 4632 comitissa
959 4578 1107 4648 Augi
1142 4593 1154 4631 :
1191 4577 1260 4632 H.
1293 4578 1472 4632 abbas
1525 4576 1809 4642 Fiscanni,

105 4667 430 4734 Stephanus
484 4665 664 4720 abbas
726 4665 795 4721 de
883 4666 1362 4730 Fulcardimonte,
1443 4666 1689 4720 Thomas
1744 4664 1813 4720 de

105 4754 456 4820 Brienchon,
505 4753 789 4808 Alverdus
840 4753 910 4808 de
960 4753 1164 4809 Sancto
1225 4753 1494 4820 Martino,
1547 4752 1814 4824 Magister

110 4841 417 4904 Ricardus,
451 4841 792 4897 Guillelmus
833 4839 1082 4906 Billuar;
1120 4863 1140 4888 ι
1171 4845 1225 4893 et
1253 4839 1362 4894 alii
1387 4847 1602 4911 plures.

178 4930 274 4985 His
329 4930 545 4986 accedit
591 4929 849 4999 ejusdem
910 4927 1233 4983 monasterii
1312 4927 1630 4983 antistitum
1703 4941 1811 4982 no-

106 5016 488 5072 meuclatura.

105 5123 206 5177 Ea:
224 5120 564 5192 Necrologio
593 5120 833 5176 abbalia
853 5120 1081 5246 βίηέεᾶ
1116 5121 1421 5176 Michaelis
1474 5119 1811 5178 Ullerioris-

906 5209 971 5246 ογ
997 5208 1080 5246 us.

906 5208 1080 5247 ογιιιε.

182 5300 208 5327 ‹‹
243 5293 342 5333 xxv
376 5279 661 5336 Kalendas
687 5281 841 5346 Maii,
875 5281 1016 5336 obiit
1049 5281 1154 5350 pia
1203 5281 1611 5337 recordationis
1645 5281 1809 5335 dom-

109 5382 226 5423 nus
248 5368 424 5423 abbas
456 5369 756 5435 Rainerus,
801 5369 976 5438 hujus
1030 5369 1279 5425 ecclesia
1326 5376 1518 5438 pastor
1567 5369 1807 5440 primus.

187 5480 204 5503 α
240 5472 296 5511 ιιι
345 5457 534 5512 Nonas
588 5458 772 5512 Martii
841 5457 981 5513 obiit
1043 5459 1148 5526 pia
1218 5459 1504 5514 memoria
1566 5459 1813 5514 domnus

105 5545 289 5602 abbas
319 5547 525 5616 Drogo,
555 5545 730 5615 hujus
757 5546 1007 5602 ecclesia
1029 5546 1318 5602 secundus
1345 5555 1546 5602 rector.

2001 3104 2030 3131 ‹‹
2063 3099 2098 3136 ν
2123 3081 2408 3137 Kalendas
2456 3077 2687 3148 Aprilis,
2731 3076 2872 3132 obiit
2907 3075 3015 3145 pia
3045 3073 3338 3130 memoria
3384 3073 3633 3129 domnus

1929 3171 2109 3228 abbas
2173 3169 2429 3224 Andreas
2513 3174 2718 3234 rector,
2774 3173 2829 3220 et
2886 3171 3181 3234 reparator
3239 3160 3633 3218 nobilissimus

1927 3258 2156 3328 capella
2192 3259 2372 3312 Beata
2404 3255 2619 3322 Maria,
2648 3253 2964 3324 vigesimus
2994 3252 3260 3322 quintus.

1998 3362 2054 3403 v1
2094 3345 2377 3402 Kalendas
2417 3342 2698 3406 Octobris,
2758 3341 2897 3396 obiit
2953 3339 3060 3410 pia
3113 3338 3401 3395 memoria
3461 3337 3629 3393 dom-

1925 3450 2039 3491 nus
2086 3435 2263 3490 abbas
2319 3432 2601 3488 Ricardus
2679 3430 2747 3485 de
2804 3433 3162 3499 Longuemor
3240 3425 3631 3481 nobilissimus

1923 3522 2315 3584 readiﬁcator,
2375 3534 2443 3575 ac
2500 3517 2812 3589 vigesimus
2859 3523 3060 3572 sextus
3119 3514 3298 3585 hujus
3356 3512 3627 3569 Ecclesia

1924 3617 2128 3667 TBCtOI‘.
2168 3630 2189 3656 1

1993 3698 2236 3756 Videtur
2265 3695 2360 3750 hic
2389 3707 2569 3761 error,
2602 3691 2690 3748 vel
2722 3691 2881 3748 fuere
2909 3689 3212 3761 synonymi
3242 3690 3310 3743 24
3337 3702 3404 3745 ac
3429 3690 3519 3742 26.

1997 3788 2072 3842 De
2101 3784 2374 3857 vigesimo
2403 3782 2643 3852 septimo
2676 3781 2819 3836 nihil
2849 3786 3056 3836 exstat.

1995 3897 2023 3925 «
2070 3889 2165 3929 xvi
2214 3871 2503 3928 Kalendas
2571 3869 2932 3939 Septembris,
2997 3868 3139 3924 obiit
3189 3881 3343 3922 anno
3399 3865 3626 3921 Domini

1926 3965 2052 4017 {521
2141 3960 2377 4016 illustris
2432 3959 2703 4014 dominus
2781 3957 3019 4013 Carolus
3075 3955 3145 4012 de
3195 3955 3393 4012 Cleves
3435 3967 3624 4009 comes

1920 4051 2093 4123 Augi,
2141 4051 2293 4106 ﬁlius
2349 4047 2768 4118 primogenitus
2809 4044 3027 4102 domini
3081 4042 3318 4100 Gilberti
3367 4042 3625 4112 ejusdem

1921 4139 2028 4195 loci
2070 4138 2315 4201 comitis,
2366 4137 2540 4192 frater
2591 4148 2903 4206 germanus
2949 4133 3168 4188 domini
3216 4130 3506 4187 Francisci
3557 4130 3627 4185 de

1922 4226 2118 4282 Cleves
2163 4225 2340 4296 hujus
2370 4221 2632 4279 Ecclesia
2665 4221 2921 4277 moderni
2975 4219 3201 4276 abbatis
3259 4217 3622 4274 commenda-

1922 4314 2052 4370 tarii
2084 4313 2274 4384 primi,
2305 4320 2360 4368 et
2386 4313 2442 4366 in
2470 4311 2668 4366 ordine
2702 4309 2963 4380 vigesimi
2995 4308 3202 4365 octavi.

1997 4425 2018 4451 ι
2055 4417 2135 4458 χιι
2175 4401 2462 4457 Kalendas
2506 4399 2683 4465 Junii,
2745 4398 2884 4454 obiit
2927 4397 3176 4454 domnus
3229 4395 3409 4452 abbas
3451 4393 3624 4450 Albe—

1920 4489 2095 4557 ricus,
2144 4487 2411 4544 Ecclesia
2463 4487 2518 4543 S.
2573 4486 2838 4550 Leufredi
2883 4483 3371 4540 moderatissimus
3415 4490 3620 4547 rector,

1921 4577 2218 4647 nostrique
2245 4576 2351 4632 loci
2379 4576 2604 4645 primus
2635 4574 2968 4630 aediﬁcator.
3017 4594 3038 4620 ι

1993 4667 2153 4720 Hanc
2208 4665 2485 4720 abbatum
2515 4665 2719 4719 seriem
2769 4661 3031 4728 solidam,
3083 4665 3416 4729 certamque
3471 4671 3622 4714 neu-

1919 4754 2142 4823 tiquam
2215 4765 2504 4822 propono;
2568 4749 2896 4820 refragatur
2974 4748 3128 4804 enim
3202 4747 3487 4804 Bobertus
3550 4745 3621 4800 de

1917 4843 2106 4898 Monte
2152 4840 2211 4896 in
2261 4846 2510 4895 tractatu
2567 4839 2646 4894 De
2702 4836 3102 4893 immutatione
3167 4837 3289 4892 ord.
3351 4833 3615 4890 monach.

1917 4928 2069 4984 infra
2131 4929 2279 4984 inter
2339 4927 2779 4982 Additameuta:
2825 4944 2854 4976 α
2927 4925 3210 4981 Bobertus
3257 4938 3448 4980 comes
3503 4927 3616 4977 Au-

1917 5017 2120 5084 ceusis,
2158 5017 2367 5086 inquit,
2411 5014 2819 5070 monasterium
2851 5013 2902 5068 S.
2962 5003 3253 5069 Michaelis
3301 5010 3618 5067 Ulterioris-

1918 5107 2122 5162 Portus
2151 5105 2494 5160 adilicavitf
2528 5103 2584 5158 in
2635 5118 2750 5172 quo
2804 5101 3026 5171 primus
3058 5100 3258 5156 ‘abbas
3305 5098 3413 5154 fuit
3469 5098 3616 5152 Iler-

1920 5193 2134 5259 bertus,
2163 5191 2482 5248 monachus
2511 5191 2566 5246 S.
2598 5189 2893 5246 Trinitatis
2926 5188 2995 5244 de
3019 5188 3206 5243 Monte
3249 5186 3614 5256 Rothomag.,

1918 5281 2206 5337 secundus
2261 5279 2598 5344 Alveredus,
2659 5278 2858 5333 tertius
2930 5275 3222 5331 Osbernus
3298 5273 3615 5328 monachus

1917 5370 2172 5440 ejusdem
2203 5369 2329 5437 loci,
2362 5376 2608 5438 quartus
2638 5365 2976 5421 Fulcherius
3015 5362 3331 5419 monachus
3381 5359 3614 5417 Clunia-

1917 5457 2122 5514 censis.
2153 5479 2179 5506 ››

1994 5544 2086 5616 (⁷⁵)
2137 5545 2269 5602 CAP.
2330 5546 2396 5601 V.
2442 5573 2507 5586 —
2563 5541 2865 5599 Comitisea
2900 5537 3260 5597 Helisendz's.
3314 5537 3450 5606 Qua
3500 5539 3609 5595 Bo-
