3924 6090
338 281 473 336 H39

1359 280 1453 333 AD
1493 278 1650 334 OPP.
1693 277 1849 333 VEN.
1893 277 2218 333 GUIBERTI
2261 277 2351 331 DE
2390 276 2799 332 NOVIGENTO

3718 277 3845 329 1140

334 420 494 477 berto
521 420 764 476 Aucensi
792 419 979 475 comiti
1010 426 1211 489 nupta,
1261 418 1613 476 Willelmum
1654 419 1744 489 (de
1790 434 1905 490 quo
1962 433 2028 474 eo
2064 420 2111 474 Α
2139 418 2439 489 sanctique
2481 418 2648 481 Petri,
2692 418 2764 475 ob
2810 419 2981 490 cujus
3029 432 3281 476 amorem
3339 434 3399 477 se
3445 420 3692 477 tradidit
3739 419 3845 491 ipse

335 509 461 580 loci)
497 516 637 564 natu
665 508 985 563 secundum
1019 508 1240 578 genuit,
1273 508 1762 578 quemadmodum
1801 508 1859 563 in
1888 507 2034 563 sub-

335 596 744 667 scriptiouibus
802 596 1152 652 fundationis
1177 596 1229 652 S.
1293 597 1583 653 Michaelis
1627 610 1807 667 supra
1846 596 2033 652 allatae

335 686 517 741 visere
560 692 661 739 est.
694 684 1037 740 Guillelmus
1074 685 1287 741 Gemet.
1353 686 1493 740 Hist.
1525 685 1624 741 lib.
1661 699 1697 741 v
1748 700 1874 755 cap.
1912 688 1943 740 3
1977 686 2032 740 in

334 771 619 829 Richardo
650 772 717 827 II.
753 789 782 824 α
814 772 937 840 Cui,
971 772 1278 840 Willelmo,
1305 787 1418 828 non
1474 772 1653 828 multo
1698 782 1820 842 post
1848 773 2034 828 Oeen-

334 876 452 916 sem
505 860 839 916 comitatum
874 861 1127 927 tradidit,
1179 861 1346 930 eique
1409 860 1722 930 quamdam
1784 860 2032 930 puellam

336 948 718 1004 Leschelinam
755 948 926 1004 dedit.
962 949 1049 1003 Ex
1101 963 1168 1004 ea
1213 949 1413 1019 genuit
1452 958 1566 1004 tres
1610 948 1771 1014 filios,
1814 949 2035 1004 Rober—

336 1045 458 1093 tum
492 1036 721 1102 scilicet,
757 1044 879 1106 post
904 1038 1031 1107 ejus
1060 1046 1297 1092 mortem
1329 1039 1635 1093 comitatus
1665 1037 1968 1104 haredem,
2007 1056 2028 1081 ι

334 1133 441 1181 etc.
504 1125 608 1181 Sed
658 1126 775 1181 vim
859 1125 1217 1183 solummodo
1271 1128 1611 1197 conjectura:
1663 1133 1857 1182 nostra
1913 1126 2036 1182 haec

336 1213 541 1269 habeat
569 1212 883 1268 adnotatio.

407 1300 499 1371 (⁸ο)
533 1302 668 1356 IBtD.
724 1331 793 1340 —
821 1304 968 1355 Cum
1004 1299 1086 1356 ibi
1145 1300 1532 1355 litteratorum
1565 1302 1780 1369 ﬂoreat
1837 1303 2032 1357 mulli-

335 1389 486 1445 tudo.
532 1392 687 1444 Inter
720 1389 991 1458 antiquos
1046 1389 1386 1458 Radulphus
1427 1390 1804 1447 Flaviaccnsis
1858 1392 2035 1463 vulgo

334 1479 542 1544 dictus,
586 1478 741 1533 haud
791 1478 1002 1534 intimae
1034 1486 1181 1533 nota:
1238 1479 1501 1548 scriptor,
1560 1481 2033 1536 commentarium

335 1567 395 1623 in
418 1565 731 1623 Leviticum
758 1566 1066 1636 (multoties
1094 1568 1323 1633 cusum)
1354 1567 1546 1623 edidit.

406 1654 494 1727 (⁸⁸)
554 1656 692 1711 ΙΒιι).
754 1683 822 1696 -
864 1656 1067 1709 Imtar
1130 1653 1527 1727 religiosz
1583 1656 1839 1722 illorum,
1896 1674 2036 1729 quos

340 1742 671 1798 Deonandos
748 1742 917 1813 vulgo
986 1744 1311 1815 appellant.
1386 1746 1721 1801 Deonandos
1772 1760 1868 1801 eos
1913 1761 2033 1803 esse

338 1839 495 1900 puto,
535 1831 788 1885 Donatos
817 1832 939 1887 sive
986 1831 1236 1899 Oblatas,
1270 1832 1497 1903 vulgari
1536 1834 1741 1904 lingua
1792 1834 2031 1903 Donnés,

336 1918 550 1985 Oblats,
585 1932 1015 1989 nuncupamus.
1067 1920 1132 1975 Hi
1181 1929 1372 1977 autem
1421 1922 1681 1977 habitum
1734 1923 1921 1979 laicali
1955 1925 2037 1979 in-

335 2007 597 2062 serviunt
657 2008 1036 2075 monasteriis,
1073 2008 1131 2062 in
1176 2008 1263 2063 bis
1304 2010 1662 2078 potissimum
1712 2026 1843 2083 qua)
1897 2011 2037 2069 foris

336 2095 533 2165 peragi
561 2110 594 2149 a
625 2096 919 2151 monachis
950 2096 1225 2166 (quorum
1258 2112 1470 2154 munus
1497 2107 1581 2154 est
1618 2100 1797 2155 sacris
1819 2101 2039 2157 incum-

338 2182 491 2251 bere)
550 2197 663 2237 non
722 2182 874 2238 facili
932 2186 1163 2254 negotio
1212 2194 1485 2255 queunt:
1559 2187 1715 2242 haud
1768 2189 2040 2246 omnibus

336 2270 734 2338 observantiis,
812 2271 1184 2342 rigidioribus
1253 2274 1524 2341 maxime,
1616 2284 1907 2333 tenentur.
1974 2279 2035 2333 B.

343 2359 661 2415 Lanfranco
704 2360 972 2416 monachi
1020 2360 1147 2416 laici
1187 2362 1482 2433 dicuntur,
1540 2364 1749 2420 decret.
1801 2380 1925 2435 cap.
1988 2370 2035 2434 1,

339 2455 473 2503 sect.
505 2448 559 2515 4,
592 2456 713 2517 post
746 2448 892 2514 init.,
925 2457 980 2504 et
1023 2457 1157 2505 sect.
1192 2454 1242 2517 5,
1278 2451 1388 2507 sub
1434 2452 1605 2520 med.,
1641 2453 1844 2509 fratres
1890 2454 2037 2511 laici.

341 2537 566 2607 Legesis
600 2538 961 2603 Menardum,
1003 2539 1288 2596 observat.
1326 2540 1395 2595 ad
1449 2550 1622 2611 caput
1676 2546 1745 2597 70
1788 2544 2041 2602 Concor-

339 2626 447 2681 diae
478 2626 661 2696 regul.
699 2640 827 2697 pag.
864 2627 1017 2683 1028.

410 2711 693 2769 Caeterum
742 2714 1095 2780 Deonandos,
1143 2716 1263 2772 sive
1321 2716 1494 2773 laicos
1539 2716 1763 2786 fratres,
1812 2721 2043 2777 nomine

341 2800 756 2855 monachorum
787 2801 857 2855 ad
891 2804 1316 2860 succurendum
1358 2806 1661 2862 identidem
1700 2808 1754 2862 in
1809 2810 2045 2865 vetustis

330 2887 575 2954 .chartis,
652 2895 707 2942 et
774 2890 1197 2961 martyrologiis
1265 2907 1366 2948 seu
1438 2894 1776 2964 necrologiis
1848 2898 2046 2954 venire

2141 508 2479 563 Lambertus
2533 508 2605 563 ad
2650 508 3058 575 serviendum,
3133 508 3243 563 nisi
3315 509 3630 565 satisfactio
3707 509 3847 564 facta

2142 596 2517 664 promeruerit
2545 596 2794 651 veniam.
2839 596 3032 651 Testes
3091 597 3226 652 huic
3256 597 3672 667 subscriptioni
3728 611 3847 652 om-

2139 698 2240 739 nes
2275 684 2621 739 habitatores
2657 684 2839 741 sancti
2878 684 3005 751 loci,
3066 684 3174 754 ipsi
3228 692 3406 740 sunt:
3456 685 3581 739 Ado
3629 699 3846 755 praepo-

2140 773 2300 835 situs.
2335 772 2703 838 Humbertus,
2740 773 2905 826 \Vi'lu
2946 773 3220 840 decanus,
3250 773 3548 838 Orbertus,
3584 773 3847 839 Necteus,

2142 861 2460 916 Ramerius.
2517 861 2644 920 Haec
2699 862 2850 916 enim
2897 869 3022 915 acta
3078 869 3214 916 sunt
3268 868 3524 931 tempore
3572 861 3849 916 Willelmi

2139 948 2383 1015 abbatis,
2416 961 2485 1003 ac
2517 948 2803 1018 praepositi
2838 948 2964 1014 loci,
2988 948 3274 1004 Benedicti
3310 949 3561 1004 nomine.
3602 969 3625 996 ι

2209 1041 2359 1089 636
2415 1038 2479 1092 Et
2515 1036 2715 1092 charta
2769 1050 2801 1092 e
2855 1036 3185 1092 monasterii
3222 1036 3277 1091 S.
3336 1036 3613 1091 Maxentii
3667 1037 3837 1093 tabu-

2143 1122 2283 1179 lario
2310 1124 2631 1195 exscripta:

2213 1233 2242 1261 ‹‹
2307 1213 2370 1267 In
2416 1212 2646 1268 nomine
2696 1212 2939 1269 Domini.
2995 1213 3113 1284 Ego
3170 1211 3476 1268 Gauterius
3531 1212 3850 1282 presbyter,

2145 1300 2297 1356 filius
2339 1300 2647 1357 Adhemari
2675 1301 2743 1356 de
2776 1300 3028 1365 Guarda,
3077 1301 3206 1355 dedi
3267 1301 3519 1356 animam
3574 1315 3774 1357 meam
3807 1309 3853 1355 et

2141 1402 2348 1457 corpus
2378 1402 2569 1444 meum
2600 1388 2809 1444 domno
2839 1387 3102 1443 Goti‘redo
3128 1388 3321 1443 abbati
3372 1389 3595 1444 sedenti
3658 1392 3722 1443 in
3781 1402 3852 1443 ca-

2144 1476 2324 1545 pitulo
2382 1490 2515 1532 cum
2590 1476 2886 1532 monachis
2939 1477 3081 1543 suis,
3134 1476 3224 1531 die
3263 1476 3514 1546 quodam
3558 1476 3852 1531 Dominico

2142 1566 2442 1623 Adventus
2480 1564 2726 1633 Domini,
2762 1565 2820 1620 in
2859 1565 3182 1621 societatem
3213 1574 3269 1620 et
3306 1565 3654 1621 beneficium
3688 1566 3852 1620 totius

2144 1652 2506 1720 monasterii;
2534 1660 2589 1708 et
2619 1652 2853 1723 quando
2883 1652 3122 1708 voluero
3164 1652 3482 1708 monachus
3533 1666 3687 1719 esse,
3728 1668 3851 1708 cum

2144 1742 2318 1798 rebus
2348 1755 2496 1812 quas
2529 1740 2787 1797 habuero
2839 1740 3123 1811 accipiant
3164 1754 3253 1796 me
3301 1741 3421 1796 sive
3464 1754 3685 1796 sanum
3743 1741 3852 1795 sive

2145 1830 2462 1885 infirmum.
2509 1829 2649 1884 Dedi
2702 1827 2785 1885 eis
2851 1843 3025 1884 unam
3077 1829 3398 1884 borderiam
3444 1828 3516 1883 de
3576 1836 3764 1896 terra,
3808 1839 3851 1884 et

2144 1933 2330 1975 unum
2383 1918 2750 1988 quartarium
2799 1917 2868 1973 de
2924 1925 3106 1987 prato,
3150 1931 3251 1987 pro
3279 1916 3559 1973 beneficio
3586 1925 3644 1973 et
3674 1917 3851 1972 salute

2145 2006 2471 2062 animarum
2500 2013 2802 2075 parentum
2847 2019 3123 2073 meorum,
3168 2005 3224 2059 in
3251 2005 3709 2075 eleemosynam,
3743 2007 3850 2059 sine

2147 2096 2266 2151 ulla
2297 2095 2669 2165 requisitioue
2704 2094 2996 2165 progeniei
3036 2107 3194 2150 mete.
3256 2094 3369 2164 Ipsi
3424 2102 3627 2149 autem
3667 2108 3761 2149 me
3805 2102 3849 2147 et

2146 2183 2377 2239 fratrem
2410 2197 2602 2238 meum
2636 2182 2897 2249 Lucium,
2921 2183 2991 2238 de
3037 2182 3147 2237 hoc
3175 2182 3448 2237 beneﬁcio
3478 2196 3619 2236 cum
3661 2182 3848 2252 regula

2147 2272 2529 2327 revestierunt
2576 2284 2699 2337 nos,
2734 2273 2791 2325 et
2827 2270 3067 2325 osculati
3098 2279 3253 2325 sunt.
3286 2270 3356 2325 Et
3395 2269 3612 2324 ibidem
3644 2283 3847 2324 conve-

2150 2361 2342 2416 nimus
2373 2359 2589 2415 donum
2613 2359 2720 2414 hoc
2749 2373 2783 2413 a
2811 2359 3059 2414 dominis
3103 2358 3311 2414 nostris
3342 2358 3691 2414 carnalibus
3747 2371 3847 2412 ser-

2149 2456 2405 2504 vaturos.
2444 2448 2560 2503 Hoc
2599 2447 2815 2502 donum
2873 2446 3110 2502 fecimus
3165 2461 3296 2501 cum
3353 2446 3458 2500 isto
3508 2459 3851 2516 pergameno

2149 2550 2321 2606 super
2369 2534 2571 2604 altare,
2631 2534 2962 2591 videntibus
3009 2535 3248 2591 testibus
3287 2533 3407 2590 istis
3457 2534 3676 2590 subtus
3727 2535 3853 2589 scri-

2153 2624 2288 2696 ptis.

2221 2736 2248 2763 «
2292 2713 2573 2770 Martinus
2610 2713 2918 2783 Espernus.
2956 2712 3122 2783 Hugo
3155 2711 3461 2779 Porcheus,
3482 2718 3590 2767 etc.

2223 2823 2252 2852 ‹‹
2292 2803 2363 2858 Ει
2391 2816 2496 2873 ego
2525 2800 2834 2858 Gauterius
2864 2815 2996 2856 cum
3026 2801 3191 2871 signo
3220 2803 3256 2868 -1-
3277 2800 3525 2855 ﬁrmavi.

2229 2913 2250 2940 ε
2298 2892 2470 2946 Facta
2493 2898 2577 2945 est
2600 2897 2791 2945 autem
2818 2889 2939 2945 hac
2967 2889 3234 2945 chartula
3277 2902 3431 2944 anno
3466 2888 3540 2944 ab
3580 2888 3862 2944 Incarna-

342 2974 626 3031 existimo.
657 2975 759 3031 Cui
810 2976 1122 3033 ministerio
1163 2993 1275 3034 non
1309 2980 1419 3035 viri
1451 2989 1696 3050 tantum,
1743 2984 1836 3039 sed
1872 2985 2041 3041 etiam
2084 3007 2124 3061 ρ
2156 2979 2305 3035 tione
2346 2979 2570 3034 Domini
2637 2980 2792 3045 HIO,
2844 2985 3120 3049 regnante
3167 2978 3227 3033 in
3272 2976 3513 3033 Francia
3541 2977 3864 3047 {Ludovico

342 3062 613 3118 mulieres
651 3078 791 3131 sese,
845 3079 961 3135 quo
993 3066 1217 3122 facilius
1268 3068 1499 3125 theoriaa
1527 3071 1732 3127 studiis
1788 3073 2044 3129 intende-

344 3159 472 3207 rent
524 3152 840 3221 ccenobitae,
894 3154 1254 3222 addicebant,
1322 3158 1487 3214 velut
1526 3173 1706 3229 supra
1752 3170 2045 3218 ostensum

344 3247 449 3306 est,
485 3253 615 3309 pag.
679 3240 761 3304 I2,
812 3242 875 3297 D.
926 3251 981 3298 et
1046 3258 1165 3313 seq.
1216 3245 1626 3302 Testimonium
1677 3247 1916 3318 hujusce
1965 3248 2045 3304 rei

345 3328 746 3385 subministrat
774 3330 1093 3387 Chronicon
1124 3332 1403 3389 Besuense
1434 3334 1540 3389 hoc
1570 3336 1737 3391 modo
1763 3352 1776 3390 :

416 3437 445 3465 «ι
477 3417 743 3473 Noverint
784 3418 971 3475 ﬁdeles
1008 3433 1107 3489 per
1136 3421 1499 3477 succedentia
1557 3431 1833 3494 tempora,
1889 3426 2047 3497 quod

345 3503 583 3573 quidam
646 3504 812 3561 homo
854 3507 1191 3563 Lambertus
1245 3510 1495 3576 nomine,
1542 3526 1672 3567 cum
1706 3521 1850 3569 esset
1884 3514 2049 3586 inge—

346 3604 522 3656 nuus,
578 3598 634 3646 et
701 3600 957 3649 maneret
1035 3594 1190 3663 apud
1250 3596 1429 3663 Setas,
1488 3611 1619 3652 cum
1696 3613 1879 3655 uxore
1943 3615 2050 3656 sua

346 3677 577 3734 nomine
610 3680 913 3751 Ereburgi,
938 3695 1005 3737 ac
1059 3682 1252 3739 liberis
1282 3684 1591 3741 Framvero
1621 3694 1676 3741 et
1731 3687 2047 3764 Dominico,

344 3767 600 3837 ejusdem
634 3770 992 3836 conditionis,
1051 3772 1228 3842 gratis
1257 3786 1315 3828 se
1351 3774 1583 3829 tradidit
1632 3784 1829 3831 sancto
1885 3777 2049 3833 Petro

346 3855 417 3909 ad
446 3856 832 3924 serviendum,
873 3858 930 3913 in
965 3859 1085 3915 loco
1124 3860 1225 3930 qui
1274 3861 1487 3917 dicitur
1546 3863 1930 3933 Fons-Besua,
1982 3880 2051 3921 ac

346 3944 642 3999 monachis
682 3944 759 3999 ibi
798 3946 1138 4017 degentibus
1192 3949 1607 4007 famulantibus
1656 3952 1789 4019 Deo,
1842 3962 2049 4024 quate-

345 4045 458 4086 nus
515 4031 747 4087 libertas
790 4036 1116 4103 proveniret
1161 4037 1466 4094 animabus
1506 4053 1704 4094 eorum
1740 4055 1753 4093 :
1799 4041 1895 4097 sed
1946 4042 2051 4097 hoc

346 4119 477 4175 fecit
527 4134 593 4174 eo
642 4128 855 4187 tenore,
907 4136 975 4178 ea
1033 4125 1354 4182 conditione
1384 4134 1438 4182 et
1485 4127 1679 4183 fenore
1737 4136 1798 4184 ut
1853 4129 1969 4199 ipse
1994 4138 2051 4186 et

346 4221 701 4263 successores
747 4208 874 4279 ejus
921 4210 1161 4268 fideliter
1210 4214 1565 4270 custodirent
1605 4214 2045 4287 eleemosynam,

2154 3082 2305 3139 rege,
2328 3075 2382 3123 et
2412 3066 2713 3123 Guillelmo
2743 3065 2946 3122 comite
2987 3066 3044 3122 in
3099 3066 3430 3137 Aquitania,
3494 3065 3670 3122 Petro
3731 3082 3864 3137 quo-

2154 3172 2269 3229 que
2294 3156 2556 3226 episcopo
2583 3154 2923 3211 Pictavensi.
2961 3175 2981 3201 ι

2224 3245 2431 3302 Virum
2464 3257 2822 3313 uxoremque
2888 3241 3144 3298 coenobio
3184 3242 3369 3298 Beata)
3420 3241 3619 3297 Mariae
3649 3243 3858 3298 Vallis—

2155 3335 2322 3389 Bonze
2360 3348 2481 3389 sese
2530 3345 2897 3401 nuncupasse
2944 3330 3149 3386 delicat
3184 3330 3663 3396 instrumentum,
3714 3332 3853 3401 quod

2156 3437 2270 3477 non
2306 3421 2383 3477 ita
2422 3420 2639 3493 pridem
2687 3434 2760 3475 ex
2790 3419 3006 3475 chartis
3051 3418 3310 3489 ejusdem
3368 3419 3665 3489 prioratus
3712 3420 3855 3487 (olim

2157 3510 2420 3581 abbatize)
2477 3507 2734 3565 dioecesis
2785 3507 3130 3575 Grassensis,
3190 3507 3488 3577 descripsit
3553 3516 3741 3579 atque
3809 3509 3858 3561 in

2155 3599 2441 3668 epitomen
2495 3596 2714 3667 redegit
2740 3602 2933 3651 noster
2962 3595 3237 3653 Claudius
3266 3595 3613 3652 Chantelou.

2228 3705 2255 3731 ‹‹
2289 3686 2455 3740 Anno
2498 3682 2572 3738 ab
2624 3683 3024 3738 Incarnatione
3061 3682 3286 3738 Domini
3325 3681 3634 3739 millesimo
3655 3684 3866 3740 ducen-

2158 3773 2354 3827 tesimo
2384 3771 2675 3842 trigesimo
2702 3770 2972 3837 secundo,
3021 3770 3329 3826 indictione
3385 3772 3616 3842 quinta,
3652 3774 3868 3827 mensis

2156 3858 2480 3915 Decembris
2506 3858 2597 3914 die
2635 3858 2856 3914 decimo
2901 3864 3121 3914 octavo.
3179 3857 3475 3914 Blacacius
3528 3860 3604 3915 de
3647 3859 3868 3917 Sartols

2155 3955 2210 4003 et
2262 3946 2515 4003 Jordana
2590 3960 2740 4003 uxor
2798 3959 2927 4015 sua,
2997 3946 3214 4002 donant
3275 3948 3628 4004 monasterio
3679 3949 3868 4005 Beatze

2156 4036 2350 4091 Mariae
2388 4034 2766 4091 Vallis-Bonae
2816 4042 2870 4091 et
2906 4034 3121 4091 domno
3148 4035 3205 4090 P.
3239 4035 3431 4091 abbati
3464 4036 3608 4092 dicti
3663 4053 3865 4094 mona-

2157 4123 2331 4190 sterii,
2385 4123 2601 4193 seipsos
2653 4130 2708 4179 et
2754 4121 2948 4179 omnia
3024 4123 3176 4179 bona
3224 4137 3333 4178 sua
3385 4125 3768 4194 generaliter,
3820 4134 3870 4181 et

2157 4210 2478 4281 specialiter
2510 4210 2808 4268 Blacacius
2855 4211 2952 4267 dat
2979 4211 3173 4267 omnia
3201 4211 3353 4267 bona
3380 4225 3487 4267 sua
3534 4214 3792 4269 mobilia
3818 4222 3869 4267 et

346 4307 527 4366 quam
557 4308 746 4351 comes
777 4299 1026 4368 regionis
1058 4301 1395 4368 Rainaldus,
1440 4317 1555 4358 una
1584 4318 1719 4359 cum
1765 4318 1869 4360 sua
1907 4320 2041 4361 con-
2082 4300 2126 4354 D
2159 4298 2488 4366 immobilia,
2521 4307 2575 4356 et
2599 4299 2737 4371 jura
2769 4314 2901 4370 quae
2932 4300 3102 4356 habet
3133 4300 3190 4355 in
3237 4307 3422 4356 castro
3474 4302 3545 4355 de
3600 4302 3865 4365 SarmliS.

342 4382 504 4453 juge,
538 4382 735 4439 tribuit
770 4388 1100 4456 supradicto
1130 4398 1328 4446 sancto
1360 4391 1539 4447 Petro.
1576 4391 1720 4447 Nam
1760 4392 2050 4464 quidquid

348 4470 405 4524 in
432 4470 591 4526 lucro
622 4480 723 4528 aut
752 4474 978 4544 negotio
1009 4475 1229 4546 aliquid
1255 4478 1463 4534 exinde
1494 4480 1783 4549 potuerint
1812 4480 2046 4549 lucrari,

346 4558 590 4615 reddant
627 4561 698 4615 ad
757 4562 1025 4619 vestitum
1078 4564 1323 4620 fratrum
1373 4566 1433 4621 in
1476 4581 1705 4623 camera
1734 4570 2049 4639 supradicti

345 4645 471 4702 loci.
505 4647 575 4703 Et
615 4655 680 4704 ut
728 4648 851 4705 haec
892 4651 1123 4721 scriptio
1169 4652 1335 4709 ﬁrma
1373 4664 1628 4712 maneret
1674 4657 1731 4711 in
1783 4659 2047 4728 praesenti

345 4735 625 4792 dederunt
657 4736 713 4792 in
748 4739 1137 4795 recordatione
1182 4741 1319 4798 huic
1374 4744 1703 4814 conventui,
1760 4746 1854 4802 vir
1901 4747 2047 4802 duos

346 4823 553 4886 asinos,
610 4834 665 4882 et
721 4826 978 4896 ejusdem
1052 4829 1164 4884 viri
1220 4844 1367 4886 uxor
1423 4832 1615 4888 decem
1682 4833 1909 4901 solidos,
1973 4835 2044 4891 ad

345 4915 786 4971 restaurandam
829 4915 1174 4988 caldariam;
1207 4919 1486 4987 similiter,
1528 4930 1582 4978 et
1613 4936 1790 4978 unam
1850 4924 2041 4978 navim

344 5000 644 5057 dederunt.
695 5002 840 5058 Nam
898 5004 1161 5062 noverint
1192 5008 1457 5065 monachi
1520 5009 1701 5079 ipsius
1750 5009 1874 5074 loci,
1928 5023 2043 5065 non

343 5103 477 5145 eum
521 5090 734 5146 habere
787 5090 966 5147 alium
1018 5094 1383 5163 advocatum,
1437 5098 1545 5153 nisi
1602 5097 1773 5167 ipsos,
1827 5104 1882 5152 et
1921 5096 2043 5151 ideo

236 5244 245 5247 μ
341 5179 498 5232 omni
540 5185 793 5249 tempore
838 5194 970 5236 eum
1010 5182 1068 5236 in
1109 5185 1336 5251 vestitu,
1385 5186 1442 5241 in
1495 5185 1771 5252 calceatu,
1813 5200 1880 5240 ac
1915 5185 2043 5240 cibo

343 5277 565 5334 semper
635 5267 969 5337 gubernari.
1057 5271 1126 5325 Et
1190 5280 1251 5326 ut
1328 5273 1637 5343 insuspecti
1722 5281 2037 5340 manerent,

342 5352 971 5411 anathematizaverunt
992 5358 1357 5413 senioresloci
1381 5362 1702 5431 quidquam
1732 5360 1787 5415 in
1820 5360 2036 5430 aliquo,

343 5446 445 5495 aut
495 5440 790 5511 quidpiam
847 5443 896 5498 ei
956 5443 1185 5501 moleste
1237 5445 1447 5514 fecerit,
1507 5456 1609 5504 aut
1662 5449 1788 5517 ejus
1844 5448 2040 5504 liberis

344 5532 617 5595 perpetua
706 5530 1276 5589 anathematizationc
1348 5549 1421 5591 ex
1508 5534 1844 5593 auctoritate
1938 5537 2038 5593 Dei

2155 4395 2211 4443 et
2232 4387 2291 4443 in
2324 4395 2437 4443 toto
2463 4388 2589 4458 ejus
2622 4387 2922 4455 territorio,
2951 4388 3073 4444 sive
3100 4388 3415 4444 consistant
3447 4387 3503 4443 in
3567 4388 3865 4453 domibus,

2160 4475 2509 4543 hominibus,
2571 4475 2839 4543 servitiis,
2914 4475 3205 4543 dominiis,
3270 4476 3469 4543 vineis,
3550 4477 3870 4535 arboribus

2156 4565 2352 4635 pratis,
2409 4562 2646 4633 campis,
2697 4563 3051 4631 nemoribus,
3106 4564 3296 4633 aquis,
3348 4565 3604 4633 pascuis,
3649 4576 3771 4623 etc.
3812 4570 3871 4623 Et

2151 4653 2404 4708 Jordana
2432 4651 2750 4721 specialiter
2774 4652 2871 4707 dat
2900 4652 3095 4707 omnia
3122 4652 3273 4708 bona
3302 4666 3412 4708 sua
3445 4660 3503 4707 et
3542 4653 3695 4723 jura
3747 4670 3869 4726 quae

2156 4740 2325 4797 habet
2354 4740 2412 4796 in
2443 4746 2631 4795 castro
2653 4739 2721 4795 de
2742 4740 3045 4806 Torrenco,
3078 4747 3131 4795 et
3154 4739 3210 4794 in
3240 4741 3366 4811 ejus
3392 4740 3717 4809 territorio,
3743 4753 3799 4799 et
3824 4746 3869 4798 in

2152 4836 2336 4886 castro
2370 4829 2438 4885 de
2463 4827 2778 4885 Grauleriis
2803 4827 3223 4897 superioribus,
3237 4835 3291 4883 et
3317 4828 3374 4883 in
3396 4829 3524 4899 ejus
3549 4833 3866 4896 territorio,

2151 4918 2270 4973 sive
2295 4917 2612 4973 consistant
2642 4916 2696 4970 in
2746 4915 3031 4980 domibus,
3075 4923 3183 4972 etc.
3233 4916 3372 4971 Item
3401 4917 3500 4972 dat
3551 4918 3721 4975 dicta
3750 4921 3865 4975 Jor-

2149 5005 2301 5061 dana
2330 5004 2506 5061 libras
2533 5004 2771 5075 triginta
2819 5003 3103 5074 quinque,
3153 5004 3525 5060 denariorum
3584 5007 3864 5063 Raimun-

2148 5093 2433 5171 densium,
2453 5106 2637 5147 unum
2666 5091 2990 5158 denarium,
3015 5100 3071 5148 et
3100 5092 3309 5148 solidos
3326 5100 3562 5149 centum
3597 5095 3865 5151 Raimua

2146 5183 2409 5237 densium
2443 5180 2499 5234 in
2533 5180 2705 5235 rebus
2745 5187 2963 5235 retento
2999 5180 3139 5250 ipsis
3180 5181 3485 5252 jugalibus
3546 5185 3863 5239 usufructu

2148 5272 2206 5325 in
2236 5272 2352 5325 vita
2377 5284 2503 5325 sua.
2553 5270 2622 5324 Et
2653 5268 2995 5339 promittunt
3026 5269 3130 5339 ipsi
3159 5269 3390 5341 jugalcs
3446 5272 3739 5339 praedicto
3774 5274 3855 5327 ab-

2144 5359 2260 5416 bati
2288 5358 2442 5429 quod
2470 5357 2809 5428 quicunque
2847 5357 3098 5426 ipsorum
3125 5357 3413 5429 jugalium
3438 5360 3610 5428 prius
3653 5361 3862 5417 defece-

2144 5447 2217 5504 rit
2246 5462 2346 5503 seu
2375 5446 2694 5509 decesserit,
2746 5445 2901 5515 quod
2933 5445 3077 5501 alter
3131 5446 3230 5515 qui
3282 5446 3704 5516 superstiterit.
3753 5457 3861 5504 tan-

2145 5544 2265 5593 tum
2293 5541 2579 5606 quantum
2615 5533 2848 5601 vixerit,
2910 5532 3266 5603 permanebit
3296 5541 3452 5590 caste
3479 5542 3539 5590 et
3574 5536 3635 5592 in
3685 5538 3858 5594 conti-
