3924 6090
132 281 261 335 1141

1406 277 1627 333 DOMNI
1667 277 1728 331 L.
1769 275 2112 331 DtACHEHY
2152 277 2380 332 NOTAE.

3489 278 3623 333 1112

125 412 343 478 nentia,
376 418 431 467 et
461 410 830 467 incontinenti
865 410 1204 480 promittunt
1233 408 1614 465 obedientiam
1641 406 1823 463 eidem
1862 411 1906 461 A
1936 406 2180 464 abbatim
2206 407 2395 464 Sancti
2443 407 2674 464 Melardt
2722 406 3143 463 Suessionensis
3189 406 3438 462 Historia
3486 421 3630 462 con-

124 499 358 555 domino
407 499 622 564 abbati,
682 498 914 553 nomine
979 498 1112 552 dicti
1189 495 1543 558 monasterii,
1611 495 1828 565 junctis

124 588 414 642 manibus.
460 588 527 642 Et
573 586 777 642 ibidem
820 586 1000 641 abbas
1040 585 1235 654 recipit
1279 584 1458 639 dictos
1501 583 1826 639 Blacacium

123 685 181 732 et
229 676 535 732 Jordanam
585 675 800 745 junctis
835 675 1104 730 manibus
1145 675 1201 728 in
1245 674 1466 738 fratres,
1506 681 1560 726 et
1598 669 1827 740 partici-

125 777 226 832 pes
276 770 330 818 et
389 764 636 818 Donatos
681 763 814 818 dicti
866 761 1194 816 monasterii
1248 760 1637 827 Vallis-Bonae,
1692 776 1829 831 pro-

126 852 356 906 mittens
387 851 856 920 quandocunque
893 849 1026 918 ipsis
1055 849 1249 903 venire
1279 847 1574 916 placuerit,
1625 851 1740 918 ipse
1775 858 1828 906 et

126 939 539 994 monasterium
596 953 690 994 eos
756 938 999 1007 benigne
1056 937 1333 1006 suscipiat
1398 945 1452 991 et
1525 946 1829 1006 pertractet

126 1036 403 1097 tanquam
455 1027 596 1083 alios
642 1027 960 1082 confratres
1002 1025 1136 1080 dicti
1182 1025 1534 1092 monasterii,
1586 1034 1640 1080 et
1696 1042 1827 1096 pro-

123 1114 317 1170 videat
346 1115 482 1184 ipsis
521 1115 579 1168 in
625 1115 781 1170 victu
823 1121 877 1168 et
927 1113 1158 1174 vestitu,
1203 1121 1258 1168 et
1305 1112 1690 1168 calceamento
1733 1129 1824 1170 se-

124 1204 382 1258 cundum
437 1202 766 1258 monasterii
809 1201 1258 1271 possibilitatem.
1305 1201 1598 1257 Scribebat
1648 1203 1706 1257 Β.
1759 1202 1827 1258 de

125 1289 430 1344 Sclannola
494 1289 752 1344 notarius
833 1289 1045 1343 domini
1123 1289 1432 1344 Raimundi
1492 1289 1825 1360 Berengarii

125 1377 349 1432 comitis
380 1377 715 1432 Provincim.
757 1399 776 1423 ι

196 1465 300 1520 Sed
373 1473 427 1520 et
492 1465 890 1536 Necrologium
956 1465 1474 1533 Sandionysianum
1546 1465 1828 1535 expressis

126 1552 316 1609 verbis
349 1569 360 1607 :
400 1575 428 1603 «
463 1570 496 1607 v
533 1553 655 1609 Kal.
687 1554 1000 1614 Februarii.
1036 1553 1176 1609 obiit
1207 1553 1484 1608 Girardus
1509 1555 1828 1609 monachus

123 1641 196 1696 ad
228 1643 722 1711 succurrendum;
756 1649 811 1697 et
841 1657 896 1697 x1
924 1641 1155 1697 Kalend.
1197 1641 1472 1697 Novemb.
1507 1641 1646 1696 obiit
1678 1642 1826 1698 Vin-

122 1731 344 1786 centius
393 1731 710 1786 monachus
749 1731 820 1785 ad
867 1730 1346 1786 succurrendum.
1404 1751 1424 1778 ι
1481 1731 1827 1799 Martyrolo-

124 1819 284 1888 gium
316 1820 656 1876 Corbeiense
688 1835 700 1873 :
742 1842 762 1867 ι
803 1819 1141 1874 Pridieldus
1172 1819 1456 1884 Januarii,
1490 1819 1629 1874 obiit
1661 1819 1827 1874 Wal-

123 1912 282 1962 terus
327 1907 646 1962 monachus
695 1915 904 1961 nostrae
955 1905 1417 1976 congregationis
1464 1906 1536 1960 ad
1580 1920 1828 1961 succur-

121 1994 390 2050 rendum.
428 2017 454 2044 ››
495 1996 633 2052 Item
669 2010 681 2049 :
724 2016 751 2044 «
782 2009 902 2050 xvu
944 1994 1183 2049 Kalend.
1234 1994 1397 2048 Febr.
1447 1993 1584 2048 obiit
1612 1994 1825 2049 Odoar-

121 2081 234 2136 dus
277 2083 593 2139 monachus
626 2090 832 2138 nostrae
864 2096 1134 2152 congreg,
1184 2082 1255 2136 ad
1287 2081 1764 2137 succurrendum.
1800 2102 1820 2129 ι

125 2171 568 2242 Mortuologium
647 2171 836 2226 Sancti
893 2171 1136 2226 Andreae
1183 2169 1357 2239 juxta
1407 2170 1761 2224 Avenionem
1810 2184 1823 2224 :

123 2279 151 2306 ‹‹
188 2271 244 2312 ιν
276 2257 410 2313 ldus
444 2257 726 2325 Januarii,
767 2257 905 2312 obiit
935 2258 1181 2312 domnus
1223 2258 1521 2316 Isuardus.
1579 2257 1828 2312 domnus

120 2346 192 2400 de
229 2347 446 2411 Bareto,
483 2345 803 2400 monachus
846 2345 912 2399 ad
945 2344 1420 2399 succurrendum.
1459 2365 1487 2392 »
1520 2343 1778 2413 Denique
1811 2359 1823 2397 :

122 2453 151 2478 ‹‹
183 2445 242 2486 ιιι
271 2431 463 2486 Nonas
501 2431 778 2486 Novemb.
829 2431 968 2486 obiit
1019 2430 1342 2500 Rostagnus
1384 2431 1451 2485 de
1493 2429 1660 2484 Podio
1701 2430 1827 2485 Αιιο

125 2519 313 2584 miles,
348 2519 666 2574 monachus
712 2527 904 2574 noster
953 2518 1023 2572 ad
1074 2519 1555 2573 succurrendum.
1593 2538 1618 2568 ι›
1656 2519 1745 2573 Sic
1773 2525 1828 2573 et

125 2605 284 2660 alibi.

196 2693 373 2747 Aliter
403 2705 538 2746 vero
587 2691 900 2747 monachos
941 2691 1010 2745 ad
1057 2690 1515 2746 succurrendum
1556 2689 1826 2759 usurpari

123 2793 215 2834 me
253 2778 564 2848 aliquando
625 2780 680 2832 in
729 2778 984 2847 antiquis
1030 2779 1380 2833 membranis
1424 2777 1626 2848 legisse
1673 2778 1830 2833 venit

123 2867 185 2922 in
214 2874 480 2932 mentem,
515 2881 718 2936 nempe
752 2881 851 2936 pro
886 2867 1045 2921 laicis
1092 2867 1292 2922 morbo
1321 2866 1517 2936 aliquo
1553 2867 1826 2921 laboran-

124 2955 296 3020 tibus,
341 2955 441 3025 qui
477 2953 534 3008 in
584 2954 931 3009 monasteria
979 2953 1065 3008 vel
1103 2954 1326 3023 ipsimet
1358 2962 1642 3024 rogantes,

124 3043 424 3098 monachis
476 3042 547 3098 ob
604 3042 697 3097 Dei
767 3056 1018 3097 amorem
1088 3042 1596 3112 suscipiebantur;
1647 3049 1702 3096 et
1761 3041 1826 3095 iis

118 3132 541 3188 succurrebant
576 3131 837 3186 monachi
872 3131 1396 3201 inserviebantque,
1429 3139 1483 3187 et
1532 3144 1824 3200 quascun-

119 3235 238 3290 que
279 3226 539 3290 poterant
569 3233 659 3276 res
689 3219 760 3274 ad
806 3233 1004 3274 eorum
1051 3219 1326 3285 solamen,
1361 3216 1822 3284 commodabant,

117 3309 250 3363 inde
297 3307 562 3362 monachi
600 3307 678 3364 ad
720 3306 1166 3361 succurrendum
1193 3307 1376 3364 sortiti
1423 3320 1654 3361 nomen.
1694 3306 1819 3360 Duo

121 3397 276 3452 inter
326 3396 761 3466 quamplurima
807 3403 1121 3452 occurrunt
1187 3393 1468 3463 exempla.
1517 3395 1575 3448 ln
1623 3394 1824 3448 charta

124 3485 415 3556 prioratus
445 3484 635 3540 Sancti
666 3484 873 3555 Egidii
906 3484 974 3539 de
1025 3484 1297 3538 Medunta
1334 3498 1345 3536 :
1381 3503 1408 3531 ς
1451 3482 1568 3537 Odo
1607 3481 1825 3537 Ruftini

123 3574 278 3629 tilius
308 3573 562 3628 maxima
607 3571 951 3642 aegritudine
988 3579 1235 3626 vexatus
1271 3570 1519 3639 suscepit
1562 3568 1821 3624 habitum

120 3663 546 3727 monachicum,
599 3668 728 3728 etc.,
781 3667 837 3715 et
888 3661 1204 3715 monachus
1248 3659 1320 3714 ad
1364 3657 1822 3714 succurrendum

119 3750 359 3806 effectus
397 3757 500 3806 est.
552 3749 872 3806 Cbronicon
924 3749 1252 3804 Besuense:
1303 3747 1472 3803 Wido
1526 3746 1690 3802 miles
1755 3746 1824 3801 de

121 3839 262 3894 villa
303 3854 434 3908 quae
478 3839 677 3893 Eretas
719 3844 1114 3907 nuncupatur,
1159 3837 1426 3892 decidens
1470 3835 1527 3890 in
1573 3835 1824 3889 intirmi-

121 3933 239 3981 tate
268 3924 502 3981 ettectus
528 3932 612 3980 est
645 3925 980 3990 monachus,
1018 3946 1038 3972 ι
1075 3933 1179 3980 etc.

191 4012 289 4083 (⁸³)
324 4013 455 4069 CAP.
492 4013 560 4069 V.
592 4043 658 4052 —
679 4012 851 4067 Birro
873 4011 1054 4067 talari
1071 4015 1128 4066 et
1141 4011 1305 4083 nigro
1320 4011 1512 4078 capite
1531 4016 1817 4082 cooperto.

123 4102 232 4156 Pro
265 4101 410 4170 pileo
440 4101 666 4156 birrum
714 4100 834 4156 sive
864 4100 1109 4157 biretum
1143 4101 1234 4157 hic
1273 4101 1422 4156 sumi
1455 4101 1822 4170 perspicuum

119 4189 264 4245 mihi
294 4189 540 4245 videtur.
575 4189 757 4245 Verba
792 4189 931 4244 huic
973 4190 1053 4245 rei
1087 4189 1122 4244 l.
1167 4205 1180 4243 ι
1215 4189 1403 4246 Codic.
1437 4189 1712 4244 Theodos.
1744 4188 1822 4243 De

118 4278 324 4333 habitu
369 4293 485 4348 quo
531 4278 610 4334 uti
656 4285 877 4348 oportet
919 4277 1068 4332 intra
1111 4277 1334 4343 urbem,
1377 4276 1534 4347 libro,
1563 4291 1679 4340 xw,
1724 4275 1809 4331 tit.
1850 4272 1891 4325 D

124 4368 189 4419 10
224 4381 236 4418 :
291 4388 310 4414 ε
357 4366 560 4422 Servos
601 4380 739 4421 sane
775 4365 1035 4420 omnium
1080 4364 1358 4435 (quorum
1396 4374 1581 4420 tamen
1634 4363 1813 4419 domi-

117 4468 225 4508 nos
254 4453 634 4510 sollicitudine
675 4453 888 4509 militiae
917 4461 1139 4509 constat
1170 4467 1284 4508 non
1331 4454 1534 4522 teneri)
1564 4459 1664 4508 aut
1696 4450 1817 4506 bir-

117 4541 201 4597 ris
247 4541 332 4596 uti
378 4542 784 4611 permittimus,
831 4550 932 4596 aut
973 4541 1231 4596 cucullis.
1267 4562 1287 4588 ι
1322 4542 1546 4595 Statuta
1577 4539 1818 4595 Clunia-

117 4631 314 4686 censia
353 4644 508 4685 anno
535 4631 758 4686 circiter
817 4631 952 4684 1290
997 4629 1168 4696 edita,
1215 4643 1340 4698 cap.
1375 4632 1440 4683 53
1477 4643 1489 4682 :
1527 4649 1554 4676 «
1586 4627 1823 4684 Permit-

114 4719 264 4775 titur
315 4723 466 4772 636
515 4718 748 4774 cuilibet
798 4718 1060 4789 religioso
1122 4717 1331 4772 habere
1377 4717 1522 4772 duas
1573 4717 1817 4791 tunicas,

113 4816 250 4872 etc.,
284 4807 398 4862 duo
427 4807 661 4875 caputia
706 4821 836 4862 cum
885 4806 1113 4860 duobus
1159 4804 1372 4871 biretis,
1405 4819 1521 4860 uno
1553 4805 1723 4875 nigro
1767 4819 1822 4867 et

115 4895 296 4951 altero
326 4895 477 4950 albo.
516 4916 543 4943 »
593 4897 674 4950 Me
717 4903 908 4950 tamen
960 4908 1073 4949 non
1105 4893 1241 4949 latet
1282 4893 1505 4948 birrum
1536 4893 1693 4952 aliud
1725 4913 1822 4956 so-

116 4997 259 5039 nare
287 4983 443 5052 apud
475 4983 846 5054 gravissimos
877 4990 1159 5049 auctores,
1203 4981 1416 5038 scilicet
1452 4981 1740 5043 lacernam
1768 4996 1824 5045 et

116 5070 436 5142 palliolum.
484 5071 731 5127 Consule
778 5071 1001 5127 Henric.
1040 5071 1305 5140 Spelman
1355 5070 1408 5124 in
1455 5070 1739 5130 Glossario
1768 5085 1826 5134 et

113 5160 423 5216 Girardum
460 5160 723 5216 Vossium
756 5161 834 5214 De
877 5160 1028 5215 vitiis
1071 5159 1369 5224 sermonis,
1410 5167 1516 5214 etc.
1569 5162 1822 5218 Canoni-

116 5263 224 5306 cus
263 5249 661 5303 Laudunensis
694 5248 749 5302 in
785 5247 1070 5301 Chronico
1103 5262 1205 5302 ms.
1261 5247 1338 5300 ita
1373 5246 1596 5304 birrum
1624 5253 1823 5320 expri-

119 5337 224 5392 mit
257 5353 267 5390 :
299 5359 325 5384 ‹‹
383 5337 450 5391 Et
478 5352 606 5391 ecce
654 5337 891 5406 quidam
950 5335 1006 5390 in
1056 5335 1241 5404 specie
1296 5336 1586 5406 peregrini
1645 5337 1820 5406 birro,

121 5427 174 5483 id
205 5433 291 5481 est
319 5432 470 5479 veste
505 5424 982 5494 Hieroslymitana
1014 5424 1270 5485 indutus,
1307 5446 1334 5472 ››
1361 5431 1468 5478 etc.

195 5511 286 5582 (⁸³)
336 5513 468 5569 CAP.
531 5513 622 5569 Vl.
675 5541 746 5554 —
793 5512 969 5583 Apud
1014 5515 1289 5568 Sanctum
1341 5511 1705 5568 Medardum.
1757 5515 1824 5570 In

1938 497 2238 552 scribenda
2269 510 2495 567 operam
2531 511 2598 552 ac
2639 496 2895 552 studium
2946 494 3184 552 collocat
3212 495 3460 551 domnus
3501 495 3640 551 Ilde—

1937 585 2134 640 tonsus
2166 585 2395 656 Vrayet,
2435 585 2588 640 haud
2622 586 2865 655 ignarus
2894 593 3105 638 nostrae
3139 592 3470 654 congregat.
3503 597 3636 653 pre—

1937 674 2169 741 sbyter;
2202 674 2271 729 de
2304 675 2408 729 hac
2433 688 2570 743 ergo
2596 674 2852 728 silemus.

2009 761 2099 831 (3“)
2148 763 2283 816 IBID.
2330 791 2396 800 ——
2437 760 2678 816 Directis
2724 761 2801 814 ad
2836 760 3098 814 abbatem
3147 761 3350 816 Sancti
3401 759 3638 816 Nicasii

1936 865 2006 902 ea
2031 853 2364 920 tempestate
2391 851 2697 905 Joannem.
2729 849 2865 914 Quis
2887 849 2989 904 iste
3013 851 3264 904 Joannes
3281 863 3352 904 ex
3378 847 3636 917 subjecta

1938 937 2198 993 Historiae
2250 939 2576 993 monasterii
2625 938 2812 993 Sancti
2864 937 3077 993 Nicasii
3149 937 3393 1006 epitome
3462 943 3638 1004 atque

1936 1027 2210 1082 abbatum
2257 1027 2402 1081 serie
2452 1027 2638 1096 palam
2712 1027 2824 1081 fiet.
2879 1027 3203 1094 Utrumque
3263 1039 3334 1080 ex
3380 1037 3486 1079 sua
3528 1038 3635 1079 ms.

1936 1114 2237 1169 dioeceseos
2264 1115 2558 1170 Remensis
2606 1114 2854 1168 Historia
2902 1115 3104 1183 (quam
3153 1111 3413 1181 improbo
3446 1111 3637 1167 studio

1934 1210 1988 1258 et
2019 1216 2159 1258 cura
2205 1203 2397 1272 plures
2426 1217 2526 1272 per
2574 1217 2757 1258 annos
2806 1199 3142 1269 elaboravit)
3185 1199 3403 1254 lubenti
3443 1199 3637 1254 animo

1935 1291 2282 1360 deprompsit
2334 1290 2474 1344 mihi
2536 1290 2701 1344 valde
2747 1290 2968 1344 amicus
3011 1288 3258 1343 domnus
3300 1286 3638 1343 Guillelmus

1936 1378 2159 1443 Marlot,
2193 1379 2376 1448 major
2404 1377 2658 1448 ejusdem
2701 1377 2942 1432 coenobii
2983 1377 3157 1444 prior,
3198 1375 3392 1430 doctor
3431 1374 3639 1430 theolo-

1937 1481 2066 1537 gus.
2102 1465 2192 1520 vir
2221 1480 2351 1522 cum
2400 1479 2627 1521 morum
2660 1465 2960 1534 gravitate,
3003 1472 3124 1519 tum
3156 1463 3478 1518 eruditione
3510 1463 3637 1518 sin-

1938 1554 2146 1626 gulari.
2206 1555 2212 1564 ‘

1868 1684 1908 1738 Β
1938 1658 2282 1716 Monasterii
2318 1658 2522 1715 Sancti
2547 1655 2781 1712 Nicasii
2818 1656 3129 1724 Remmis,
3169 1655 3391 1711 ordini:
3438 1655 3637 1713 Sancti

2292 1745 2604 1814 Benedicti,
2635 1745 2809 1800 initia.
2831 1749 2883 1800 et
2908 1761 3274 1818 progressus.

2006 1853 2416 1911 Monasterium
2447 1853 2636 1908 Sancti
2671 1852 2902 1916 Nicasii,
2925 1853 3143 1908 ordinis
3167 1849 3541 1918 Benedictini,
3571 1849 3629 1906 in

1937 1944 2079 2000 urbe
2128 1943 2410 2009 Remensi,
2445 1941 2666 1997 clarum
2709 1941 2930 2011 origine
2979 1948 3034 1996 et
3079 1954 3383 2011 progressu
3413 1939 3634 1995 celebre

1936 2033 2202 2088 habetur.
2253 2031 2426 2087 Vetus
2453 2029 2584 2086 olim
2613 2029 2847 2084 basilica
2887 2029 2994 2084 fuit
3041 2028 3204 2084 titulo
3235 2026 3427 2083 Sancti
3457 2025 3632 2096 Agri—

1935 2120 2092 2186 colae,
2126 2119 2220 2175 cui
2267 2118 2452 2187 primo
2483 2123 2818 2173 consecrata
2860 2117 2985 2184 fuit,
3032 2123 3085 2172 et
3123 2116 3489 2171 Remensium
3539 2127 3632 2168 ar-

1935 2206 2363 2276 chiepiscopum
2420 2205 2717 2274 sepultura
2794 2203 3054 2274 insignis.
3129 2203 3178 2258 A
3229 2202 3454 2268 Jovino,
3516 2201 3632 2256 Ro-

1938 2309 2121 2350 manae
2169 2292 2384 2348 militiae
2425 2292 2708 2360 praefecto,
2742 2305 2895 2346 anno
2934 2292 3058 2355 330,
3091 2297 3145 2344 et
3191 2288 3454 2356 deinceps
3504 2287 3631 2342 illu-

1935 2381 2065 2436 stris
2089 2380 2284 2436 effecta
2324 2379 2632 2436 beatissimi
2681 2379 2892 2435 Nicasii
2938 2379 3186 2444 nomine,
3230 2377 3338 2431 sub
3382 2375 3634 2431 Wanda-

1935 2469 2043 2524 liea
2103 2468 2492 2539 persecutione
2573 2467 2831 2536 martyrii
2899 2466 3096 2521 laurea
3171 2464 3385 2530 donati,
3462 2464 3632 2533 cujus

1935 2556 2320 2612 sacratissima
2364 2555 2604 2626 pignora
2669 2568 2734 2609 ac
2781 2556 2989 2610 sororis
3036 2553 3291 2623 ejusdem
3339 2551 3630 2621 EutrOpiae

1934 2645 2170 2700 feliciter
2200 2645 2423 2713 excepit
2461 2658 2612 2698 anno
2651 2644 2775 2710 407,
2829 2651 2893 2699 ut
2939 2650 3021 2698 est
3060 2641 3217 2712 apud
3247 2639 3629 2696 Flodoardum

1935 2733 2035 2789 lib.
2068 2749 2103 2800 ι,
2136 2747 2260 2803 cap.
2297 2736 2350 2786 6.

2005 2822 2070 2876 In
2105 2822 2209 2877 hac
2238 2821 2434 2876 eadem
2469 2819 2703 2876 basilica
2733 2819 2883 2875 idem
2919 2817 3034 2874 Fla.
3080 2816 3321 2874 Jovinus
3359 2815 3632 2871 fundator

1933 2908 2242 2964 muniﬁcus
2286 2909 2548 2978 quiescit,
2607 2922 2680 2963 ex
2750 2915 3083 2963 testamento
3132 2905 3314 2961 sancti
3362 2903 3626 2972 Remigii,

1934 2953 2241 2964 ..ηυυηηυ
2288 2953 2548 2978 qam“,
2609 2953 2680 2963 ν.-
2751 2953 3081 2963 mnum“-
3132 2953 3314 2961 νην.-
3363 2953 3626 2972 _--__o_-,

1674 2953 1826 3067 Yet:
1864 2976 1904 3032 Ο
1933 2996 2308 3067 (ιυο-ρεινὶῐετ
2357 2995 2765 3065 archiepiscopi
2813 2995 2870 3050 in
2917 3010 2985 3050 ea
3024 2993 3293 3050 tumulati
3340 3005 3632 3048 recensen-

1933 3091 2048 3152 tur,
2082 3084 2169 3138 his
2202 3083 2456 3151 verbis,:
2498 3105 2518 3132 ι
2572 3082 2836 3138 Ecclesiae
2878 3083 3198 3138 Jovinianm
3245 3080 3394 3137 tituli
3437 3079 3628 3136 Sancti

1930 3171 2205 3244 Agricolae
2255 3171 2380 3242 (ubi
2440 3170 2554 3240 ipse
2595 3170 2684 3225 vir
2731 3169 3248 3226 Christianissimus
3284 3168 3527 3224 Jovinus
3573 3174 3628 3223 et

1931 3267 2166 3314 sanctus
2210 3267 2430 3329 martyr
2498 3258 2782 3324 Nicasius,
2839 3274 2972 3315 cum
3039 3257 3301 3327 plurimis
3347 3256 3630 3312 societatis

1933 3361 2053 3402 sua:
2075 3346 2282 3402 Christi
2312 3347 2666 3416 martyribus
2696 3347 3085 3416 requiescunt,
3119 3346 3217 3402 ubi
3250 3345 3421 3401 etiam
3452 3346 3626 3414 quin-

1933 3447 2047 3502 que
2076 3432 2420 3489 confessores
2452 3435 2700 3503 proximi
2746 3442 3126 3490 antecessores
3167 3433 3362 3489 domni
3392 3433 3624 3499 Nicasii,

1930 3535 2063 3576 cum
2097 3521 2455 3577 sanctissima
2477 3523 2702 3593 virgine
2733 3530 2789 3578 et
2812 3531 3063 3592 martyre
3084 3522 3378 3590 Eutropia,
3412 3521 3627 3576 conditi

1931 3613 2090 3678 sunt)
2113 3609 2322 3665 solidos
2344 3619 2473 3666 tres.
2505 3631 2524 3658 ι
2554 3611 2732 3666 Hodie
2755 3609 2962 3666 visitur
2985 3609 3247 3666 tumulus
3267 3623 3625 3664 marmoreus

1927 3697 2115 3752 Jovini
2176 3704 2293 3753 tota
2338 3697 2520 3753 Gallia
2567 3697 2974 3753 celeberrimus
3041 3697 3100 3753 in
3147 3697 3283 3753 navi
3351 3696 3622 3763 ecclesiae,

1924 3785 2096 3856 juxta
2154 3786 2424 3856 parietem
2476 3786 2663 3842 tribus
2711 3786 2993 3841 columnis
3039 3793 3261 3842 erectus
3323 3793 3374 3840 et
3418 3785 3627 3855 promi-

1929 3889 2091 3942 nens,
2127 3875 2185 3930 in
2231 3875 2400 3945 cujus
2439 3875 2714 3930 anteriori
2761 3883 2920 3944 parte
2966 3875 3193 3946 egregie
3233 3873 3453 3944 sculpta
3495 3889 3622 3944 pro-

1927 3970 2039 4018 stat
2082 3962 2300 4034 efﬁgies
2355 3963 2599 4033 insignis
2638 3962 2941 4033 cujusdam
2991 3962 3218 4032 equitis,
3263 3962 3483 4018 leonem
3513 3963 3623 4018 telo

1929 4050 2199 4116 ferientis,
2229 4057 2282 4104 et
2311 4050 2625 4105 multorum
2665 4049 2975 4105 satellitum
3019 4064 3120 4105 seu
3165 4063 3466 4105 servorum
3507 4049 3625 4104 cir-

1927 4137 2360 4203 cumstantium,
2389 4137 2556 4207 cujus
2587 4137 3028 4206 explicationem
3055 4137 3342 4192 curiosam
3367 4135 3542 4207 juxta
3569 4144 3625 4192 et

1926 4225 2212 4282 eruditam
2259 4225 2541 4282 dederunt
2581 4225 2851 4282 Nicotaus
2898 4225 3129 4296 Bergier
3168 4225 3381 4281 Remus
3424 4224 3484 4279 in
3532 4225 3627 4280 do-

1925 4315 2176 4370 ctissimo
2200 4328 2371 4383 opere
2395 4314 2637 4370 Viarum
2675 4314 2916 4384 imperii,
2960 4327 3026 4369 ac
3056 4314 3326 4370 dominus
3372 4313 3620 4369 Tristan-

1998 4402 2182 4469 Quam
2211 4416 2346 4457 vero
2386 4402 2634 4473 eleganti
2683 4410 2979 4458 structura
3032 4401 3178 4457 idem
3209 4402 3447 4457 Jovinus
3480 4415 3621 4470 pra:-

1926 4491 2134 4546 dictam
2191 4491 2488 4547 basilicam
2534 4491 2924 4547 construxerit
2970 4491 3148 4546 codex
3197 4489 3625 4558 manuscriptns

1926 4579 2009 4634 sic
2037 4579 2251 4635 indicat
2284 4595 2295 4632 :
2331 4601 2359 4627 ‹‹
2394 4581 2488 4635 Est
2519 4580 2786 4650 quzedam
2834 4578 3070 4634 ecclesia
3112 4577 3170 4632 in
3201 4575 3482 4632 suburbio
3522 4577 3626 4633 Re-

1929 4667 2108 4723 mensi
2157 4667 2336 4737 (nunc
2406 4668 2685 4737 pommrio
2731 4667 2891 4723 urbis
2967 4665 3201 4720 dilatato
3264 4677 3299 4718 a
3360 4664 3625 4720 trecentis

1928 4755 2115 4821 annis,
2145 4755 2432 4811 moenibus
2460 4756 2772 4821 clauditur)
2810 4753 3013 4824 posita,
3047 4752 3192 4807 miro
3221 4749 3624 4807 columnarum

1927 4850 2154 4909 ornatu,
2201 4845 2473 4908 arcubus,
2526 4858 2671 4900 auro
2727 4851 2782 4899 et
2836 4842 2980 4897 vitro
3034 4840 3242 4910 lapillis
3293 4840 3623 4910 interposito

1929 4931 2295 4998 micantibus,
2345 4946 2377 4987 a
2424 4933 2626 4988 Jovino
2675 4931 2837 4988 urbis
2888 4931 3080 4986 Romae
3127 4929 3388 4999 praefecto
3437 4942 3623 4999 quon-

1929 5019 2062 5075 dam
2113 5019 2358 5090 glorioso
2402 5020 2662 5088 fundata,
2711 5027 2842 5086 etc.,
2888 5033 3063 5090 quam
3110 5018 3198 5074 his
3226 5016 3417 5074 verbis
3448 5029 3623 5090 aureo

1931 5108 2304 5178 prietitulavit
2338 5109 2556 5164 decore.
2595 5131 2616 5156 ι
2658 5111 2743 5164 Ex
2774 5107 3088 5163 Flodoardo
3123 5122 3135 5160 :

2001 5223 2164 5279 Felix
2192 5224 2414 5279 militia:
2440 5223 2692 5294 sumpsit
2719 5224 2918 5278 devota
2939 5221 3182 5278 Jovinus

2000 5311 2274 5383 Cingula,
2302 5312 2578 5366 virtutum
2607 5312 2843 5366 culmen
2866 5315 3160 5380 provectus
3187 5307 3250 5362 in
3273 5307 3481 5374 altum,
3514 5313 3621 5362 etc.

2004 5427 2081 5482 De
2141 5427 2244 5482 hoc
2280 5427 2482 5482 Jovino
2534 5425 2803 5494 prmclare
2846 5425 3186 5480 Ammianus
3237 5421 3622 5488 Marcellinus,

1936 5514 2032 5570 tib.
2087 5530 2199 5580 xv;
2249 5515 2620 5572 Cassiodorus
2674 5513 2731 5569 in
2771 5512 3072 5578 Chronico,
3123 5517 3180 5566 et
3223 5509 3625 5579 Necrologium
