3944 6084
293 256 430 323 1143

1316 260 1412 313 AD
1453 260 1606 314 OPP.
1647 259 1808 315 VEN.
1849 258 2176 315 GUlBERTl
2218 259 2307 317 DE
2345 261 2744 319 NOVIGENTO

3652 264 3797 320 1144

289 390 659 450 Nicasianum
710 392 951 463 septimo
999 392 1365 463 Septembris,
1411 392 1513 463 qui
1538 391 1990 449 'anniversarius
2027 394 2070 448 Α
2170 414 2191 442 ι
2225 393 2466 464 Signum
2496 393 2739 473 Philippi
2770 392 2921 465 regis
2957 394 3327 450 Francorum.
3373 393 3612 465 Signum
3640 394 3792 451 Ger—

283 480 413 538 ‘dies
442 482 568 553 ejus
595 481 785 538 obitus
813 482 1142 538 solemniter
1172 481 1513 537 celebratur.

362 570 586 637 Quanta
633 584 763 626 vero
803 569 1183 641 pracelluerit
1227 568 1504 639 dignitate
1546 576 1710 625 vetus
1754 569 1988 625 basilica

290 658 612 726 Joviniana,
645 674 717 715 ex
743 673 862 730 quo
899 666 1229 714 sanctorum
1276 665 1598 727 martyrum
1652 659 1989 728 pignoribus

291 746 637 817 locupletata
698 754 827 815 est,
894 747 1039 803 satis
1090 760 1382 816 superque
1427 746 1641 802 indicat
1684 747 1985 812 Flodoard,

290 848 416 905 cap.
470 838 555 903 l7,
590 835 686 891 lib.
728 851 766 904 ι,
819 834 931 890 imo
999 836 1323 905 promiscue
1375 834 1540 890 titulo
1618 834 1892 906 Agricola
1934 843 1989 892 et

289 922 499 979 Nicasii
552 923 852 980 colebatur
902 938 936 979 a
1006 923 1287 990 fidelibus,
1359 931 1413 979 et
1462 923 1707 979 abbatia
1756 924 1989 979 nomine

292 1011 581 1081 gaudebat
613 1011 813 1081 primis
844 1012 933 1067 his
964 1011 1208 1077 saculis,
1244 1012 1512 1081 quamvis
1539 1012 1594 1066 in
1620 1025 1689 1067 ea
1715 1026 1830 1067 non
1859 1027 1984 1068 mo-

292 1099 487 1166 nachi,
519 1100 617 1156 sed
650 1099 852 1156 fratres
881 1099 1069 1156 clerici
1104 1099 1302 1156 divina
1350 1099 1538 1155 ofﬁcia
1585 1100 1986 1169 persolverent,

294 1195 359 1243 ut
403 1202 475 1243 ex
513 1188 759 1257 Philippi
796 1187 967 1257 primi
1012 1189 1364 1244 Francorum
1399 1188 1553 1257 regis
1580 1188 1904 1257 diplomate,
1934 1197 1989 1245 et

291 1290 367 1332 ex
391 1290 513 1346 cap.
549 1278 582 1330 8
626 1276 927 1332 Flodoardi
963 1276 1196 1331 abunde
1235 1275 1579 1345 colligimus.
1623 1275 1728 1331 Sed
1774 1290 1986 1346 quam-

295 1363 383 1419 vis
427 1364 660 1431 sensim,
716 1372 779 1420 ut
831 1378 954 1420 sors
1004 1372 1087 1419 est
1135 1377 1327 1419 rerum
1386 1363 1797 1429 humanarum,
1848 1364 1989 1420 forte

292 1450 631 1507 clericorum
700 1451 941 1513 incuria,
1033 1451 1368 1516 decreverit,
1438 1465 1538 1520 per
1601 1452 1988 1523 septingentos

295 1547 484 1595 tamen
516 1554 697 1596 annos
735 1554 921 1609 usque
961 1539 1033 1594 ad
1076 1539 1375 1594 Flcdoardi
1407 1548 1662 1609 tempora
1703 1547 1988 1608 superstes

293 1629 520 1684 mansit.
571 1630 644 1684 At
672 1627 782 1684 sub
815 1628 1058 1683 Henrico
1088 1626 1273 1697 primo
1299 1642 1431 1682 cum
1473 1628 1986 1684 reverendissimus

2094 480 2238 535 vasii
2280 480 2711 552 archiepiscopi.
2776 481 2830 537 S.
2899 481 3166 538 Adelardi
3230 480 3601 537 Suessionum
3664 481 3790 552 epi-

2093 568 2265 638 scopi.
2321 568 2356 624 S
2421 569 2692 624 Ermendi
2754 569 3171 626 Laudunensis.
3231 569 3285 625 S.
3337 570 3539 640 Rogeri
3611 568 3791 624 Cata-

2094 656 2254 713 laun.
2300 657 2354 713 S.
2389 657 2654 713 Balduini
2702 657 3035 714 Noviomen.
3070 658 3123 714 S.
3174 658 3431 715 Widonis
3481 657 3789 713 Belvacen.

2094 747 2147 802 S.
2180 746 2421 802 Leiberti
2452 747 2739 803 Camerac.
2775 748 2810 800 S
2866 747 3093 803 Walteri
3120 747 3358 803 Melden.

2168 857 2195 883 (ι
2226 835 2431 890 Actum
2466 834 2656 889 Remis
2670 848 2821 890 anno
2844 835 3263 891 lu.-arnationis
3284 835 3586 891 millesimo
3618 846 3792 889 sexa-

2095 926 2307 996 gesimo
2336 932 2517 991 sexto,
2570 924 2815 995 Philippi
2870 924 3023 995 regis
3068 925 3326 994 septimo,
3375 922 3634 979 Gervasii
3683 936 3794 977 ar-

2093 1014 2436 1084 chiepiscopi
2483 1027 2657 1081 nono,
2728 1014 2785 1068 in
2827 1012 3065 1069 ecclesia
3126 1021 3456 1069 sanctorum
3505 1010 3795 1082 Agricola

2092 1109 2147 1158 et
2175 1102 2384 1158 Nicasii
2412 1109 2757 1171 martyrum,
2790 1117 2846 1157 IV
2876 1102 3003 1156 Kal.
3035 1100 3311 1157 Octobris.

2166 1212 2195 1239 «
2224 1190 2543 1247 Balduinus
2568 1189 2948 1245 cancellarius
2976 1190 3044 1245 ad
3079 1188 3261 1245 vicem
3299 1188 3555 1245 Gervasii
3593 1186 3797 1242 archi-

2093 1279 2341 1349 episcopi
2371 1278 2726 1347 subscripsit.
2764 1299 2793 1326 »

2166 1369 2253 1423 Ex
2284 1367 2460 1422 veteri
2505 1366 2678 1422 etiam
2712 1364 3106 1434 manuscripto
3150 1363 3428 1420 discimus
3474 1362 3795 1420 illustrissi-

2094 1470 2254 1512 mum
2311 1454 2647 1510 Gervasium
2705 1448 3219 1522 archiepiscopum,
3282 1460 3563 1508 recentem
3642 1456 3703 1507 a'
3741 1466 3798 1508 se

2093 1530 2431 1599 adiﬁcatam
2484 1540 2803 1603 ecclesiam,
2868 1553 3044 1609 quam
3108 1554 3295 1609 nuper
3327 1540 3592 1611 reliquiis
3644 1538 3795 1595 beati

2095 1631 2306 1687 Nicasii
2352 1630 2424 1685 ab
2479 1629 2623 1685 urbe
2668 1628 3010 1684 Tornacensi
3062 1627 3407 1698 postliminio
3471 1629 3793 1698 reportatis,

294 1717 528 1772 antistes
569 1716 895 1779 Gervasius,
946 1730 1019 1771 ex
1064 1715 1390 1786 episcopatu
1456 1716 1869 1772 Cenomanensi
1912 1717 1984 1771 ad
2025 1689 2064 1742 Β
2096 1720 2397 1784 ditaverat,
2449 1730 2813 1774 consecrasse
2859 1716 3064 1787 quinto
3111 1717 3237 1772 Kal.
3284 1716 3561 1784 Octobris,
3602 1731 3683 1771 ac
3738 1716 3795 1771 in

295 1804 484 1859 sedem
538 1805 872 1860 Remensem
924 1804 1155 1874 speciali
1201 1804 1561 1873 providentia
1602 1805 1698 1860 Dei
1755 1812 1989 1860 evectus

292 1899 391 1961 est.
441 1892 582 1947 adeo
634 1899 757 1947 erat
803 1898 1085 1947 vetustate
1126 1891 1319 1947 attrita
1366 1899 1421 1947 et
1467 1893 1746 1949 imbribus
1794 1892 1989 1949 defor—

293 1987 470 2045 mata,
505 1988 569 2035 ut
609 1988 754 2036 tecta
799 1994 867 2036 ac
908 1980 1151 2049 parietes
1191 1980 1449 2050 undique
1488 1990 1842 2047 corruerent,
1884 1996 1984 2037 ve-

295 2066 397 2123 teri
428 2068 723 2137 majestate
753 2081 989 2137 prorsus
1015 2066 1316 2135 exstincta,
1350 2081 1466 2136 quo
1497 2067 1558 2123 ﬁt
1589 2075 1652 2124 ut
1684 2069 1991 2138 pradictus

293 2155 638 2211 venerabilis
664 2155 974 2213 Gervasius
1017 2156 1141 2211 visa
1182 2164 1299 2212 tam
1333 2156 1623 2227 magniﬁci
1673 2159 1861 2226 operis
1905 2157 1987 2212 fa-

293 2242 470 2308 brica,
505 2242 690 2298 ruinis
717 2243 977 2314 undique
1009 2244 1323 2313 fatiscente,
1357 2244 1413 2299 in
1456 2243 1716 2299 animum
1753 2244 1987 2300 induxe-

293 2331 366 2386 rit
391 2344 518 2386 eam
570 2345 605 2386 a
642 2331 1035 2388 fundamentis
1077 2331 1424 2399 instaurare,
1463 2332 1616 2402 quod
1666 2341 1721 2387 et
1762 2333 1991 2403 egregie

294 2419 837 2488 prastitit'asseusu
884 2420 1265 2490 potentissimi
1315 2421 1464 2491 regis
1513 2420 1743 2475 Henrici
1798 2421 1989 2490 primi,

293 2520 361 2562 ac
387 2514 656 2563 conatum
707 2508 835 2579 ejus
882 2508 1058 2579 regali
1119 2508 1552 2579 magniﬁcentia
1621 2516 1991 2578 promovente

295 2595 558 2666 Philippo
596 2595 802 2665 primo,
843 2596 1195 2652 Francorum
1243 2609 1395 2666 rege,
1445 2595 1622 2667 hujus
1671 2595 1995 2665 diplomatis

299 2683 590 2755 pracipua
622 2684 800 2739 verba
827 2684 917 2739 hic
943 2684 1293 2755 praﬁgenda
1322 2691 1477 2739 sunt.

362 2776 510 2826 08!
544 2793 572 2821 «
619 2772 682 2826 In
729 2773 958 2828 nomine
998 2772 1097 2828 Dei
1128 2771 1341 2828 summi
1370 2780 1426 2828 et
1454 2771 1764 2828 Salvatoris
1791 2771 1995 2829 mundi

293 2862 427 2916 Jesu
457 2859 687 2926 Christi,
722 2860 1021 2930 Philippus
1051 2860 1251 2916 divina
1291 2858 1655 2929 dispensante
1692 2860 1995 2917 clementia

299 2949 658 3005 Francorum
689 2961 812 3003 rex.

372 3057 396 3087 ι
425 3035 704 3104 Quoniam
746 3035 1003 3091 fovendis
1065 3034 1333 3091 Ecclesiis
1375 3035 1473 3091 Dei
1541 3034 1868 3092 exaltandis
1939 3043 1995 3092 et

297 3123 660 3195 protegendis
707 3136 937 3192 operam
1004 3123 1162 3191 dare,
1231 3123 1440 3194 regalis
1490 3131 1574 3179 est
1619 3124 1990 3192 excellentia,

297 3226 519 3282 nosque
549 3211 621 3266 ad
666 3212 816 3267 hanc
843 3210 1180 3282 dignitatem
1227 3212 1426 3267 divina
1463 3212 1765 3268 clementia
1807 3212 1995 3269 subli-

292 3312 457 3355 mare
503 3299 740 3369 dignata
784 3306 889 3363 est,
939 3298 983 3353 si
1033 3299 1132 3368 qui
1178 3314 1282 3369 pro
1348 3313 1551 3355 earum
1603 3299 1994 3356 incolumitate

298 3387 576 3458 patimur,
610 3386 665 3442 id
695 3386 798 3452 eis,
850 3394 1021 3456 prout
1059 3394 1284 3457 tempus
1327 3388 1526 3459 exigit,
1574 3388 1752 3458 regali
1800 3395 1996 3444 nostra

297 3474 636 3533 liberalitate
669 3475 927 3531 debetur.
976 3475 1210 3531 Noverit
1252 3475 1431 3547 igitur
1478 3476 1732 3532 ﬁdelium
1784 3484 1997 3532 nostro-

297 3577 432 3621 rum
461 3569 579 3618 tam
612 3575 860 3632 praesens
889 3574 1066 3631 quam
1088 3560 1289 3619 futura
1316 3563 1635 3632 posteritas,
1657 3562 1994 3620 Gervasium

300 3650 688 3708 venerabilem
738 3651 1070 3706 Remensem
1116 3651 1630 3721 archiepiscopum,
1680 3651 1995 3722 quamdam

300 3740 593 3798 abbatiam
642 3739 701 3794 in
751 3738 1246 3808 archiepiscopatu
1295 3753 1401 3795 suo
1465 3738 1873 3807 construxisse,
1941 3746 1996 3794 et

302 3843 433 3899 qua
464 3842 570 3884 suo
612 3827 802 3883 labore
826 3834 881 3882 et
912 3827 1194 3883 industria
1219 3826 1502 3897 acquisita
1531 3834 1686 3894 sunt,
1720 3834 1785 3883 ut
1811 3827 1994 3882 eidem

302 3924 515 3973 nostra
556 3914 1006 3971 confirmationis
1066 3914 1277 3984 scripto
1372 3916 1823 3983 corroboremus,
1894 3930 1996 3970 no-

301 4014 480 4063 stram
550 4006 767 4077 regiam
831 4005 1192 4061 serenitatem
1262 4006 1460 4062 sedulo
1520 4006 1825 4076 postulare.
1900 4008 1998 4063 Est

302 4096 457 4152 enim
498 4094 736 4149 ecclesia
802 4094 858 4148 in
928 4093 1208 4150 suburbio
1276 4093 1540 4149 Remensi
1593 4094 1791 4162 posita,
1855 4096 1997 4151 miro

304 4196 474 4252 opere
522 4181 812 4251 quondam
861 4195 897 4236 a
950 4182 1154 4236 Jovmo
1205 4181 1468 4250 praefecto
1518 4181 1816 4250 adiﬁcata,
1867 4197 1998 4253 qua

2093 1822 2161 1864 ea
2207 1820 2418 1863 novam
2469 1805 2760 1862 abbatiam
2829 1805 3239 1861 monachorum
3287 1804 3793 1860 Benedictinorum

2095 1896 2428 1961 instituisse,
2468 1909 2646 1965 quam
2686 1894 2891 1964 amplis
2938 1892 3406 1962 possessionibus,
3437 1899 3492 1947 et
3523 1892 3790 1946 innume-

2096 1985 2375 2041 rabilibus
2420 1983 2651 2050 divitiis,
2704 1982 2965 2053 quandiu
2996 1981 3161 2049 vixit,
3200 1981 3422 2037 studuit
3484 1993 3790 2044 exornare,

2097 2073 2195 2128 sed
2239 2072 2382 2128 ﬁlios
2429 2071 2687 2142 proprios
2731 2084 2847 2126 non
2889 2069 3196 2125 habentem
3245 2067 3537 2124 extraneis
3582 2080 3793 2135 procu-

2097 2161 2389 2217 ratoribus
2434 2160 2738 2229 utriusque
2799 2157 3147 2214 conditionis
3192 2156 3488 2212 monachis
3538 2154 3794 2223 compul-

2098 2264 2228 2305 sum
2279 2248 2452 2304 fuisse
2503 2246 2876 2313 committere,
2938 2252 3046 2300 etc.
3097 2243 3320 2307 Quibus
3367 2240 3559 2298 verbis
3612 2240 3795 2310 liquet

2097 2335 2458 2404 Gervasium,
2493 2334 2718 2390 nullum
2764 2332 3028 2388 abbatem
3061 2345 3281 2388 creasse
3310 2329 3609 2400 (quamvis
3640 2330 3794 2399 regio

2099 2424 2403 2495 diplomate
2452 2423 2593 2494 quid
2643 2422 2901 2478 facturus
2946 2427 3113 2486 esset,
3163 2419 3208 2474 si
3254 2419 3357 2474 diu
3389 2417 3693 2474 mansisset
3739 2417 3793 2471 in

2097 2511 2266 2578 vivis,
2319 2511 2625 2579 referatur)
2672 2509 2768 2564 sed
2818 2521 3024 2563 nomen
3088 2506 3314 2562 abbatis
3354 2505 3461 2561 sibi
3513 2513 3796 2574 tanquam

2099 2599 2393 2657 fundatori
2443 2611 2758 2654 reservasse
2797 2596 3085 2668 (externos
3133 2602 3532 2665 procuratores
3577 2593 3692 2649 sub
3741 2607 3800 2647 se

2100 2686 2514 2751 constituendo,
2556 2693 2622 2741 ut
2666 2684 2857 2741 tenelli
2903 2683 3057 2740 illius
3104 2683 3316 2755 gregis,
3376 2696 3443 2738 ac
3508 2682 3609 2737 vix
3664 2680 3803 2736 adn-

2101 2775 2243 2844 nati,
2313 2782 2606 2845 paternam
2682 2786 2883 2829 curam
2943 2771 3205 2843 gereret),
3267 2771 3363 2827 sed
3425 2784 3491 2826 eo
3546 2770 3801 2825 obeunte

2100 2877 2267 2931 onus,
2321 2862 2640 2934 legitimum
2687 2861 2983 2918 ductorem
3030 2875 3145 2916 non
3190 2860 3483 2926 habentes,
3533 2859 3603 2914 ad
3660 2872 3803 2928 pro-

2031 2977 2074 3034 c
2104 2952 2229 3022 pria
2276 2950 2396 3005 loca
2444 2948 2706 3013 redeunt,
2756 2946 3139 3034 possessiones
3186 2960 3220 3001 a
3264 2946 3536 3002 Gervasio
3582 2945 3801 3001 relicta

2102 3051 2137 3092 a
2185 3036 2466 3106 perversis
2504 3035 2836 3091 hominibus
2881 3033 3306 3101 distrahuntur,
3356 3039 3411 3088 et
3458 3046 3658 3087 recens
3691 3032 3798 3086 ab-

2102 3126 2258 3183 batia
2301 3125 2357 3180 in
2397 3132 2512 3179 tam
2552 3123 2831 3179 infelicem
2868 3130 3081 3178 statum
3128 3122 3359 3177 redacta
3404 3127 3508 3187 est,
3567 3127 3631 3175 ut
3675 3121 3798 3189 ipsa

2103 3216 2409 3270 missarum
2450 3212 2747 3275 solemnia,
2814 3211 3042 3268 nemine
3104 3210 3165 3267 in
3218 3208 3455 3266 ecclesia
3513 3208 3799 3264 existente

2104 3303 2206 3374 qui
2251 3303 2355 3358 hoc
2396 3302 2583 3371 ipsum
2629 3300 2904 3370 expleret,
2957 3313 2991 3354 a
3036 3298 3357 3354 forensibus
3400 3296 3797 3353 sacerdotibus

2102 3391 2550 3456 celebrarentur,
2619 3388 2775 3444 hora
2838 3388 3008 3443 etiam
3074 3386 3368 3458 regulares
3441 3399 3476 3440 a
3540 3385 3796 3455 quodam

2099 3481 2314 3551 juvene
2356 3478 2588 3534 nomine
2648 3478 2923 3542 Joranno,
2992 3475 3053 3530 in
3117 3475 3314 3531 eodem
3378 3474 3505 3529 loco
3552 3473 3795 3539 nutrito,

2103 3568 2499 3624 recitabantur
2528 3565 2715 3636 potius
2739 3578 2916 3635 quam
2950 3563 3375 3633 cantabantur;
3409 3562 3569 3618 hunc
3606 3561 3799 3617 statim

2104 3655 2376 3713 abbatiali
2424 3655 2721 3726 dignitate,
2784 3660 2841 3709 et
2886 3653 3145 3710 Romana
3210 3664 3471 3722 purpura
3528 3657 3803 3705 ornatum

2101 3744 2448 3802 videbimus.

2177 3832 2280 3888 Sed
2320 3829 2598 3886 Rainaldo
2643 3829 2828 3899 primo
2876 3826 3356 3897 archiepiscopale
3397 3827 3627 3882 culmen
3678 3825 3809 3881 ade-

2105 3927 2200 3990 pto
2228 3927 2351 3989 post
2382 3918 2720 3983 Manassem,
2753 3906 2856 3986 qui
2903 3929 3067 3971 sacra
3099 3915 3455 3985 profanaque
3496 3914 3809 3970 conculca-

2108 4015 2287 4074 verat,
2338 4020 2491 4063 nova
2538 4005 2643 4061 lux
2692 4003 2911 4076 regioni
2942 4002 3308 4060 Remensium
3362 4004 3484 4058 visa
3529 4010 3615 4058 est
3668 4016 3808 4057 exo-

2104 4096 2225 4152 riri.
2276 4096 2420 4152 Nam
2461 4094 2553 4150 hic
2597 4094 2851 4162 dispersa
2892 4099 2947 4148 et
2995 4091 3377 4147 exterminata
3421 4104 3805 4161 congregans,

2107 4190 2162 4238 et
2212 4180 2485 4249 dissipata
2522 4185 2872 4243 rcstaurans,
2925 4175 3271 4232 venerabilis
3308 4175 3562 4231 Gervasii
3601 4188 3811 4230 exem-

304 4269 360 4324 in
406 4267 714 4339 primordio
775 4267 1296 4338 archiepiscopatus
1343 4269 1454 4336 sui,
1522 4269 1596 4324 ab
1641 4282 1709 4324 eo
1766 4270 1997 4326 iuventa
2034 4271 2079 4325 D
2109 4267 2271 4339 plum
2308 4273 2560 4331 secutus,
2612 4264 2762 4319 inter
2805 4262 2919 4318 alia
2960 4262 3257 4332 prafatam
3301 4262 3596 4318 ecclesiam
3644 4262 3807 4317 Jovi-

302 4365 387 4414 est
414 4364 695 4413 vetustate
723 4363 780 4412 et
810 4356 1052 4423 incuria,
1083 4370 1297 4427 magna
1323 4371 1395 4412 ex
1443 4364 1603 4425 parte
1632 4366 1991 4428 consumpta.

309 4448 376 4501 Et
422 4445 563 4516 quia
604 4444 673 4500 de
723 4445 953 4500 nomine
1016 4445 1195 4500 sancti
1258 4452 1527 4513 martyris
1573 4444 1995 4516 appellabatur,

304 4547 644 4605 quanquam
691 4532 793 4603 qui
841 4532 1024 4603 primo
1080 4532 1443 4598 fundaverat,
1491 4532 1601 4588 sub
1659 4532 1820 4590 titulo
1870 4548 1996 4591 eam

307 4622 496 4679 Sancti
565 4620 845 4693 Agricola
915 4620 1278 4687 condidisset,
1346 4620 1418 4676 ob
1465 4634 1716 4676 amorem
1782 4623 1878 4678 Dei
1945 4629 2004 4679 et

306 4709 488 4765 sancti
520 4708 951 4779 pradecessoris
989 4709 1101 4773 sui,
1142 4709 1365 4764 studuit
1407 4724 1539 4779 qua
1568 4712 1625 4765 in
1659 4725 1726 4766 eo
1766 4711 2000 4767 omnino

307 4803 649 4851 corruerant
697 4809 731 4849 a
786 4794 1176 4851 fundamentis
1241 4802 1584 4863 restaurare,
1652 4811 1783 4867 qua
1832 4797 1999 4854 semi-

307 4890 479 4953 rupta
509 4882 829 4953 pendebant
874 4881 1114 4937 artiﬁcio
1161 4883 1416 4952 quodam
1462 4884 1833 4953 reintegrare,
1874 4897 2000 4939 eam

305 4970 550 5042 speciem
599 4969 734 5025 novi
778 4969 962 5039 operis
1007 4970 1300 5026 ruinosam
1368 4971 1663 5027 ecclesiam
1732 4972 2005 5028 decentis-

307 5061 449 5115 sime
503 5058 826 5113 reformare.
859 5058 941 5112 Ad
992 5058 1113 5114 hac
1161 5060 1543 5127 refcctorium,
1579 5059 2000 5121 dormitorium,

307 5156 363 5204 et
413 5155 619 5203 catera
666 5145 997 5202 habitacula
1045 5161 1345 5203 servorum
1399 5148 1495 5203 Dei
1555 5148 1759 5203 usibus
1819 5162 2004 5203 neces-

308 5236 477 5303 saria,
514 5249 646 5305 qua
685 5242 854 5291 antea
874 5234 950 5290 ibi
976 5249 1283 5305 nunquam
1315 5236 1562 5300 fuerant,
1589 5234 1799 5306 insigni
1831 5250 2003 5305 opere

308 5323 723 5393 superaddidit,
759 5323 1075 5395 fratresque
1105 5325 1212 5379 sub
1245 5324 1452 5380 abbate
1494 5332 1549 5379 et
1581 5322 1782 5393 regula
1811 5322 2001 5378 Sancti

311 5411 613 5477 Benedicti,
668 5412 905 5467 Domino
953 5412 1264 5468 militantes
1334 5412 1543 5469 ibidem
1606 5412 1999 5482 congregavit,

308 5504 365 5553 et
413 5496 631 5554 reditus
660 5498 813 5554 unde
842 5499 1102 5554 viverent
1146 5498 1498 5554 sufficienter
1544 5496 1847 5568 delegavit,
1892 5503 1999 5554 etc.

2104 4357 2337 4413 nianam
2369 4354 2440 4409 ad
2471 4353 2780 4424 pristinum
2827 4358 3042 4406 statum
3086 4363 3355 4406 revocare
3397 4357 3636 4406 conatus
3683 4351 3808 4405 est;

2105 4452 2160 4501 et
2206 4444 2496 4515 profectus
2526 4440 2597 4497 ad
2639 4439 2824 4496 solum
2863 4444 3190 4495 Arvenense
3228 4438 3287 4494 in
3331 4438 3609 4494 comitatu
3655 4438 3816 4510 regis

2080 4531 2517 4607 'monasterium
2581 4528 2870 4584 Casa-Dei
2931 4527 3092 4592 adiit,
3147 4540 3336 4596 nuper
3394 4525 3730 4581 institutum
3780 4540 3815 4581 a

2108 4628 2304 4677 sancto
2351 4618 2612 4685 Roberto,
2666 4630 2732 4671 ac
2784 4614 3026 4686 insignis
3068 4622 3210 4670 tunc
3273 4614 3652 4670 observantia
3699 4616 3817 4671 sub

2110 4705 2425 4764 venerabili
2473 4704 2742 4776 Seguino,
2794 4703 2945 4759 beati
2987 4702 3216 4758 Roberti
3261 4700 3590 4757 fundatoris
3627 4699 3816 4755 disci-

2112 4795 2267 4867 pulo,
2317 4802 2371 4850 et
2418 4800 2585 4849 nacta
2633 4792 2948 4858 occasione,
3001 4790 3337 4859 pradictum
3388 4789 3647 4844 abbatem
3714 4788 3815 4843 Se—

2111 4883 2357 4955 guinum
2383 4880 2624 4937 summis
2653 4880 2918 4950 precibus
2945 4877 3285 4950 efﬂagitavit
3320 4885 3382 4933 ut
3409 4877 3651 4932 delectos
3699 4876 3815 4932 sibi

2110 4970 2420 5027 monachos
2467 4968 2819 5034 concederet,
2866 4981 2999 5022 cum
3038 4973 3277 5035 experto
3324 4972 3560 5030 rectore,
3605 4964 3679 5019 ad
3712 4978 3817 5019 re-

2111 5061 2370 5131 gularem
2400 5057 2764 5127 disciplinam
2796 5057 2852 5112 in
2900 5055 3242 5110 monasterio
3290 5053 3598 5110 Nicasiano
3628 5055 3813 5110 resti—

2112 5148 2402 5204 tuendam.
2454 5145 2615 5213 Quod
2656 5152 2712 5200 et
2756 5143 3023 5209 obtinuit,
3074 5150 3141 5198 ut
3186 5156 3260 5197 ex
3302 5142 3504 5198 charta
3545 5141 3817 5212 ejusdem

2113 5234 2374 5292 Rainaldi
2426 5231 2693 5303 colligere
2732 5230 2881 5287 licet.
2938 5254 2962 5275 ιι
3010 5229 3204 5285 Visum
3246 5238 3331 5284 est
3401 5229 3586 5295 nobis,
3634 5237 3694 5285 et
3744 5239 3819 5286 ut

2112 5323 2418 5388 credimus,
2481 5319 2761 5375 divinitus
2818 5317 3185 5387 inspiratam,
3249 5318 3642 5373 venerandum
3705 5317 3813 5373 Se-

2113 5411 2359 5482 guinum
2389 5408 2654 5465 abbatem
2686 5405 3036 5473 monasterii,
3068 5406 3224 5476 quod
3275 5405 3489 5462 dicitur
3514 5405 3813 5471 Casa-Dei,

2112 5496 2476 5567 compellare,
2519 5501 2583 5551 ut
2613 5507 2717 5564 pro
2762 5493 2874 5549 Deo
2916 5492 3172 5548 laborem
3222 5490 3589 5548 restituenda
3629 5490 3819 5561 ipsius
