3944 6084
224 264 360 318 1145

1494 263 1714 319 DOMNI
1753 264 1813 318 L.
1857 261 2206 320 D’ACHERY
2245 265 2472 322 NOTAE.

3584 269 3717 321 1146

216 400 463 456 abbatiae
493 399 788 457 nobiscum
839 399 1172 468 susciperet,
1225 405 1281 456 et
1310 412 1383 456 ex
1430 413 1538 455 sua
1593 411 1908 470 congrega-
1946 401 2296 468 Aratorum,
2352 401 2498 458 nulli
2547 401 2983 472 permanserint,
3029 400 3133 471 qui
3197 415 3395 473 regere
3451 401 3539 458 vel
3596 403 3717 473 regi

216 488 368 544 tione
395 489 624 544 fratrem
662 489 733 543 ad
767 487 1194 558 praeficiendum
1228 487 1518 556 idoneum,
1563 487 1818 558 aliosque
1857 487 1914 542 in

216 576 326 632 hoc
376 576 555 647 ipsius
611 583 1005 646 cooperatores
1061 575 1353 645 dirigeret,
1415 589 1676 643 exorare,
1731 598 1750 623 ι
1804 583 1910 630 etc.

217 665 336 721 Hoc
381 665 649 735 praeclare
707 671 953 733 cleptum
1009 663 1266 719 Rainaldi
1324 665 1744 720 confirmarunt
1803 663 1915 719 Pa—

214 753 478 807 schasius
539 753 845 819 secundus,
895 760 950 807 et
1001 751 1262 806 Calixtus
1331 751 1541 808 summi
1599 752 1911 822 pontifices,

214 854 481 896 concessa
527 840 696 895 etiam
758 841 1053 896 monachis
1113 839 1383 895 facultate
1443 839 1690 912 eligendi
1738 841 1911 896 abba-

211 934 326 984 tem
387 928 443 983 in
496 928 768 997 capitulo,
828 943 863 984 a
926 929 1188 984 Remensi
1242 927 1664 998 archiepiscopo
1711 942 1914 983 conse-

211 1017 517 1072 crandum.

283 1104 375 1160 Sic
407 1104 586 1175 igitur
629 1111 904 1160 renovata
961 1103 1212 1174 regulari
1262 1103 1628 1160 observantia
1674 1119 1911 1160 venera-

207 1192 341 1248 bilis
371 1193 490 1262 ipse
538 1192 826 1262 Seguinus
875 1191 1129 1262 regimen
1184 1192 1434 1261 suscepit
1476 1192 1826 1256 animarum,
1859 1201 1914 1249 et

208 1283 334 1337 suis
395 1281 679 1351 quasdam
753 1280 1046 1348 discipulis
1119 1280 1392 1350 imposuit
1464 1281 1910 1349 observationes,

208 1383 243 1424 a
274 1369 556 1424 Casa-Dei
612 1375 925 1434 mutuatas,
990 1379 1054 1423 ut
1097 1369 1167 1423 ab
1207 1369 1335 1423 aliis
1376 1369 1725 1425 monasticen
1774 1384 1913 1440 pro-

208 1458 505 1513 fitentibus
535 1465 814 1526 tanquam
846 1465 1056 1513 tessera
1084 1459 1446 1525 discerneret,
1503 1473 1649 1528 quas
1702 1459 1915 1515 multos

207 1560 392 1601 annos
420 1551 570 1600 638
606 1545 994 1611 retinuerunt,
1041 1545 1222 1601 donec
1280 1545 1685 1615 languescente
1736 1547 1913 1601 disci-

207 1633 368 1703 plina
426 1632 933 1689 constitutionibus
991 1632 1248 1704 Gregorii
1302 1634 1399 1700 IX,
1451 1633 1666 1690 Nicolai
1715 1635 1802 1701 IV,
1855 1642 1910 1690 et

207 1722 495 1778 Benedicti
527 1723 652 1789 XII,
691 1722 896 1792 partim
931 1736 964 1776 a
994 1721 1354 1777 Cluniacensi
1398 1722 1598 1778 ordine
1640 1723 1910 1792 deprom-

209 1809 340 1879 ptis,
375 1816 429 1864 et
454 1812 661 1878 partim
693 1809 762 1865 de
792 1824 938 1864 novo
991 1809 1254 1875 conditis,
1291 1809 1535 1864 abbatiaa
1594 1810 1906 1877 Remensis,

206 1904 262 1952 et
309 1897 656 1952 Senonensis
707 1896 1138 1966 provinciarum
1200 1897 1524 1952 reformatae
1587 1905 1742 1952 sunt.
1790 1899 1911 1953 Ha-

205 1984 363 2040 bitus
392 1985 564 2040 etiam
591 1985 1050 2051 Nicasianorum,
1087 1985 1356 2055 quamvis
1389 1987 1445 2040 in
1477 1986 1744 2055 pluribus
1775 2000 1906 2042 cum

206 2073 334 2129 aliis
362 2074 713 2139 conveniret,
775 2073 881 2127 hoc
913 2072 1197 2142 peculiare
1239 2072 1456 2138 habuit,
1493 2074 1646 2143 quod
1679 2073 1907 2130 dalmu-

207 2161 302 2218 tiis
351 2161 420 2217 de
469 2160 714 2231 pellibus
751 2161 951 2232 nigris,
1003 2160 1368 2230 caputiorum
1418 2161 1558 2228 loco,
1609 2169 1910 2218 uterentur

207 2248 303 2320 (de
333 2248 548 2318 quibus
587 2248 716 2304 vide
757 2247 1193 2319 Clementinam)
1229 2256 1284 2304 et
1326 2249 1472 2304 botis
1519 2249 1810 2317 foderatis,
1846 2259 1910 2307 ut

207 2337 394 2402 aiunt,
441 2336 511 2392 de
560 2344 724 2392 nocte
769 2350 903 2392 cum
946 2337 1017 2391 ad
1057 2337 1372 2392 matutinas
1409 2346 1734 2409 surgerent,
1775 2354 1907 2395 cum

207 2425 426 2496 quibus
453 2424 625 2479 etiam
657 2432 780 2495 post
800 2431 1041 2479 mortem
1074 2424 1516 2493 sepeliebantur.

280 2514 453 2568 Porro
509 2513 738 2582 vigente
782 2512 1150 2568 observantia
1206 2512 1481 2584 regulari,
1522 2520 1577 2569 et
1632 2513 1906 2570 virtutem

207 2601 506 2658 monachis
596 2600 1005 2668 excolentibus,
1083 2602 1296 2657 sensim
1379 2601 1650 2658 ditescere
1737 2603 1909 2672 cmpit

207 2689 546 2743 asceterium
599 2688 991 2755 Nicasianum,
1063 2689 1397 2760 factumque
1453 2696 1578 2744 octo
1630 2689 1905 2746 cellarum

207 2789 436 2846 parens,
491 2783 545 2831 et
597 2776 1012 2832 monachorum
1064 2791 1372 2834 numerum
1431 2778 1568 2834 satis
1615 2779 1904 2848 copiosum

205 2863 568 2934 aluit,quem
625 2863 804 2920 abbas
832 2865 1105 2920 canonice
1155 2865 1367 2921 electus
1423 2865 1633 2923 additis
1681 2867 1791 2923 sub
1849 2881 1908 2922 se

2023 496 2268 558 possent.
2301 490 2408 560 (Ex
2439 489 2738 545 Chronico.
2775 503 2878 544 ms.
2915 503 2949 543 a
2977 497 3262 544 coaetaneo
3293 498 3525 546 auctore
3573 505 3718 546 con—

2021 578 2276 648 scripto.)
2317 579 2421 635 Sed
2465 587 2520 634 et
2564 578 2973 634 monasterium
3022 577 3228 647 amplis
3272 578 3719 646 possessionibus

2022 682 2056 723 a
2086 668 2386 724 fundatore
2418 668 2661 723 ditatum
2691 668 2869 722 instar
2915 667 3160 722 cornicis
3218 666 3434 721 Horatii
3473 675 3715 722 exutum

2021 765 2076 813 et
2106 757 2409 827 spoliatum
2444 764 2546 821 est,
2596 755 2890 821 Manassis,
2937 763 2997 809 ut
3029 753 3217 819 credo,
3251 753 3309 808 in
3371 753 3559 809 sedem
3608 755 3716 810 Re-

2021 861 2271 902 mensem
2320 853 2442 916 post
2480 845 2814 901 Gervasium
2848 843 3076 910 intrusi,
3135 843 3324 898 omnia
3377 843 3487 898 late
3539 843 3718 912 depo-

2020 935 2272 1005 pulantis
2300 935 2622 1005 tyrannide,
2656 934 2764 990 sub
2822 948 2938 1003 quo
2970 932 3186 1002 pariter
3233 931 3557 988 coenobium
3613 931 3719 986 Re-

2020 1024 2340 1093 migianum
2400 1022 2596 1077 eadem
2645 1020 3035 1091 persecutione
3083 1033 3364 1089 pressum,
3398 1018 3714 1088 legitimum

2020 1112 2280 1167 abbatem
2343 1109 2596 1164 nancisci
2654 1123 2766 1164 non
2825 1108 3096 1178 potuisse,
3155 1121 3228 1162 ex
3286 1105 3536 1176 epistolis
3575 1105 3718 1161 Gre-

2020 1198 2162 1269 gorii
2216 1197 2314 1252 VII
2393 1196 2685 1262 discimus,
2748 1195 2926 1252 multo
2970 1195 3161 1250 minus
3216 1193 3344 1248 aliis
3403 1191 3716 1262 providere.

2017 1286 2176 1341 Adde
2229 1285 2382 1356 quod
2438 1285 2751 1340 Guibertus
2792 1284 2862 1339 de
2911 1283 3248 1353 Novigento,
3299 1282 3368 1336 de
3416 1279 3718 1350 posteriore

2021 1376 2264 1431 Henrico
2295 1375 2468 1431 verba
2516 1373 2748 1437 faciens,
2794 1373 2967 1428 trium
3008 1371 3371 1427 abbatiarum
3434 1375 3714 1437 pastorem

2018 1463 2298 1526 nominat,
2349 1461 2536 1517 Sancti
2586 1460 2850 1530 Remigii,
2882 1459 3094 1515 scilicet
3151 1455 3609 1521 Humiliarensis,
3665 1461 3719 1508 et

2017 1551 2342 1621 Novigenti,
2397 1558 2455 1606 at
2515 1563 2804 1619 nusquam
2871 1547 3060 1602 Sancti
3115 1545 3344 1609 Nicasii,
3391 1543 3543 1613 quod
3602 1555 3716 1596 non

2022 1640 2310 1695 tacuisset.
2403 1639 2529 1694 Dies
2589 1639 2778 1694 obitus
2852 1634 3105 1692 Gervasii
3173 1630 3614 1701 archiprzesulis,
3663 1645 3718 1685 IV

2020 1728 2153 1784 Julii
2186 1729 2243 1782 in
2273 1727 2572 1784 Nicasiano
2601 1725 2934 1795 Necrologio
2968 1723 3194 1794 legitur,
3237 1736 3353 1791 quo
3412 1720 3502 1774 die
3543 1717 3715 1774 anni-

2019 1816 2340 1873 versarium
2381 1816 2632 1870 solemne
2661 1827 2694 1868 a
2725 1812 3020 1868 monachis
3049 1810 3374 1865 celebratur
3407 1809 3561 1862 1068.

2093 1905 2161 1958 Il.
2219 1906 2277 1958 Β.
2332 1902 2617 1973 Seguinus
2659 1916 2732 1957 ex
2785 1900 2990 1955 abbate
3020 1898 3334 1963 Casaa-Dei,
3387 1897 3447 1951 fit
3497 1895 3717 1964 primus

2020 1992 2200 2048 abbas
2249 1991 2533 2062 regularis
2588 1989 2777 2045 Sancti
2813 1987 3047 2053 Nicasii,
3094 1999 3246 2040 anno
3293 1986 3447 2038 1086.
3509 1983 3639 2038 Fuit
3669 1982 3718 2036 is

2019 2081 2335 2150 discipulus
2408 2079 2590 2134 sancti
2646 2077 2896 2144 Roberti,
2950 2089 3123 2146 quem
3172 2072 3490 2129 Rainaldus
3544 2072 3566 2125 Ι
3616 2071 3718 2125 Re-

2019 2169 2232 2225 mensis
2271 2167 2732 2237 archiepiscopus
2757 2165 3037 2230 evocavit,
3091 2176 3223 2218 cum
3273 2159 3577 2216 duodecim
3633 2172 3718 2213 re-

2018 2258 2252 2329 ligiosis,
2317 2265 2379 2312 ut
2429 2255 2858 2311 Benedictinum
2911 2253 3170 2308 ordinem
3249 2249 3590 2312 restitueret,
3640 2260 3714 2302 ex

2017 2347 2218 2402 charta
2245 2345 2500 2416 ejusdem
2549 2343 2831 2400 Rainaldi.
2872 2343 3222 2398 Memoratur
3266 2339 3324 2393 in
3366 2335 3715 2391 cbartulario

2021 2436 2213 2492 Sancti
2249 2434 2602 2502 Theodorici,
2638 2447 2791 2488 anno
2849 2434 3004 2498 1093,
3038 2430 3193 2501 quod
3248 2428 3546 2493 abdicans,
3606 2424 3711 2480 Ca-

2017 2525 2262 2580 sam-Dei
2322 2537 2587 2578 reversus
2617 2529 2700 2578 est
2736 2529 2859 2591 post
2888 2528 3100 2590 septem
3158 2531 3341 2574 annos
3392 2514 3710 2586 regiminis,

2012 2612 2183 2683 eique
2209 2611 2500 2668 suffectus.

2086 2701 2192 2756 III.
2239 2698 2506 2755 Nicolaus
2558 2699 2600 2764 Ι,
2629 2696 2798 2752 etiam
2835 2710 2904 2751 ex
2930 2692 3272 2750 monasterio
3329 2688 3631 2748 Cassa-Dei.
3659 2695 3713 2742 et

2016 2787 2165 2842 beati
2198 2785 2425 2841 Roberti
2474 2783 2808 2853 discipulus,
2867 2783 3076 2853 legitur
3106 2780 3320 2850 pariter
3356 2777 3416 2832 in
3473 2777 3714 2832 chartu-

2015 2876 2156 2930 lario
2204 2873 2461 2929 asceterii
2497 2870 2666 2928 'beati
2709 2870 3040 2926 Theodorici
3109 2882 3282 2939 prope
3347 2867 3548 2922 Remos
3613 2877 3708 2917 an.

206 2959 463 3022 quatuor
492 2951 741 3017 decanis,
801 2967 903 3008 seu
942 2953 1232 3022 prioribus
1285 2953 1712 3022 claustralibus,
1773 2955 1902 3010 lau-
1944 2982 1986 3036 ο
2023 2964 2172 3017 1093.

206 3039 472 3095 dabiliter
502 3041 646 3095 rexit
677 3055 862 3110 usque
892 3041 964 3095 ad
997 3042 1269 3096 moderna
1296 3049 1572 3112 tempora,
1606 3058 1738 3098 cum
1775 3044 1908 3099 sub-

205 3127 338 3185 latis
380 3125 754 3183 electionibus
793 3129 932 3184 ordo
981 3129 1352 3186 monachicus
1401 3144 1501 3200 per
1546 3138 1723 3186 totam
1771 3131 1907 3187 Gal-

207 3215 346 3272 liam
377 3229 604 3284 pessum
639 3215 800 3283 abiit,
835 3231 903 3272 ac
931 3217 1214 3288 regularis
1237 3218 1623 3286 observantia,
1657 3220 1908 3275 maxime

202 3302 266 3362 In
296 3301 713 3372 campestribus
769 3305 925 3371 locis,
986 3305 1241 3376 neglecta
1269 3313 1369 3361 est.
1413 3305 1595 3368 Quam
1654 3315 1845 3362 tamen
1873 3321 1908 3362 a

205 3389 494 3447 sexdecim
549 3391 716 3448 annis
760 3393 1012 3448 seniores
1057 3393 1344 3462 monachi,
1387 3407 1488 3462 pro
1543 3407 1611 3449 ea
1655 3407 1907 3464 propen-

205 3479 364 3534 sione
408 3479 585 3534 animi
629 3494 805 3550 quam
858 3481 1072 3536 habent
1118 3493 1259 3551 erga
1315 3488 1574 3536 sanctam
1622 3482 1902 3551 regulam,

208 3581 434 3622 summo
465 3567 654 3623 studio
702 3581 980 3624 renovare
1035 3568 1218 3622 conati
1250 3575 1409 3636 sunt,
1461 3569 1710 3623 evocatis
1751 3583 1908 3624 reve-

206 3654 402 3712 rendis
433 3655 700 3711 Patrtbus
752 3655 1213 3727 congregationis
1258 3655 1449 3712 Sancti
1503 3657 1713 3719 Mauri,
1767 3656 1904 3726 qui-

208 3741 338 3809 bus,
365 3757 480 3798 non
519 3743 573 3799 vi
619 3745 816 3811 coacti,
861 3745 958 3800 sed
1014 3745 1269 3814 ingenua
1304 3751 1359 3800 et
1417 3744 1659 3814 simplici
1711 3744 1895 3800 chari-

205 3838 338 3895 tate,
369 3832 665 3888 ecclesiam
707 3833 885 3888 sacris
941 3832 1390 3903 supellectilibus
1448 3832 1737 3900 refertam,
1781 3849 1902 3889 om-

206 3932 306 3974 nes
336 3919 553 3975 reditus
600 3921 952 3985 claustrales,
981 3929 1036 3976 et
1059 3922 1215 3990 jura.
1265 3935 1396 3990 quae
1452 3921 1731 3977 hactenus
1759 3921 1904 3978 illaa-

206 4020 270 4062 sa
291 4017 716 4076 conservarant,
774 4010 971 4079 paucis
1020 4008 1251 4064 omnino
1281 4009 1529 4064 contenti
1588 4017 1900 4076 cesserunt,

207 4102 274 4151 ut
310 4103 463 4151 sarta
498 4101 642 4152 tecta
688 4098 745 4152 in
795 4105 1137 4167 perpetuum
1171 4104 1473 4164 tueantur;
1507 4097 1642 4152 hinc
1689 4098 1902 4154 factum

206 4191 290 4238 est
321 4191 382 4239 ut
411 4185 640 4241 abbatia
672 4186 999 4246 Nicasiana,
1030 4201 1162 4256 quae
1196 4186 1472 4241 hactenus
1517 4186 1906 4255 independens

2090 3048 2180 3104 IV.
2215 3046 2462 3101 Joannes
2507 3047 2549 3112 Ι,
2581 3060 2653 3101 ex
2683 3044 2879 3100 eodem
2925 3043 3176 3098 claustro
3222 3039 3464 3096 selectus
3507 3051 3714 3093 memo-

2016 3144 2182 3192 ratur
2215 3134 2366 3204 apud
2400 3133 2738 3189 Guibertum
2770 3131 2838 3186 de
2867 3129 3204 3200 Novigento.
3246 3129 3345 3182 Hic
3371 3125 3470 3181 vix
3509 3125 3714 3193 adepto

2015 3221 2295 3293 regimine
2350 3222 2405 3275 in
2489 3227 2695 3275 terram
2763 3226 3021 3273 sanctam
3078 3216 3363 3287 profectus
3417 3221 3520 3280 est,
3580 3226 3713 3268 cum

2014 3312 2141 3367 aliis
2171 3310 2496 3376 abbatibus,
2536 3307 2808 3373 eremitis,
2843 3315 2898 3362 et
2948 3305 3206 3372 reclusis,
3265 3303 3365 3372 qui
3411 3300 3714 3358 domiciliis

2015 3399 2134 3454 suis
2170 3415 2284 3454 non
2333 3399 2468 3453 satis
2515 3399 2802 3467 sapienter
2851 3396 3082 3463 relictis,
3139 3395 3216 3449 ire
3245 3392 3399 3448 viam
3454 3403 3715 3460 perrexe-

2014 3495 2172 3549 runt,
2206 3486 2285 3542 ait
2311 3486 2618 3542 0rdericus
2662 3485 2866 3543 Vitalis
2917 3485 2995 3539 De
3057 3483 3256 3538 itinere
3311 3475 3712 3547 Hierosolymi-

2017 3582 2168 3630 tano.

2086 3662 2154 3718 V.
2205 3661 2385 3716 Guido
2434 3662 2478 3725 I,
2530 3661 2852 3731 pacificavit
2902 3675 3035 3716 cum
3107 3657 3336 3715 Nicolao
3383 3653 3612 3710 domino
3646 3652 3715 3708 de

2015 3749 2307 3819 Rumigni,
2340 3763 2442 3818 pro
2471 3750 2703 3805 decimis
2730 3749 2984 3818 ejusdem
3035 3746 3136 3802 loci
3170 3759 3323 3800 anno
3377 3744 3532 3797 1100.
3569 3739 3716 3797 Iluic

2015 3837 2298 3891 Manasses
2391 3837 2457 3903 ll,
2552 3837 3012 3906 archiepiscopus
3102 3831 3394 3890 Remensis
3467 3830 3715 3884 decimas

2010 3925 2212 3980 Montis
2274 3924 2480 3980 Valesii
2549 3925 2827 3980 concessit
2891 3924 3274 3978 instrumento
3321 3918 3595 3982 confecto,
3653 3931 3712 3970 v1

2012 4013 2396 4082 pontiﬁcatus,
2439 4013 2592 4083 quod
2621 4013 2702 4068 sic
2762 4010 2958 4082 incipit
2991 4027 3004 4064 :
3039 4033 3060 4059 ι
3091 4009 3301 4066 Curam
3360 4020 3464 4060 nos
3518 4016 3714 4074 gerere

2014 4113 2356 4168 pauperum,
2428 4106 2482 4154 et
2558 4097 2892 4167 episcopalis
2954 4094 3211 4164 exposcit
3290 4089 3578 4152 sanctitas,
3659 4096 3714 4144 et

2014 4183 2222 4237 animae
2247 4183 2418 4238 simul
2464 4183 2668 4237 invitat
2717 4181 2953 4244 utilitas,
2987 4186 3276 4249 quatenus
3323 4177 3497 4245 juxta
3555 4173 3714 4242 Apo—

208 4269 281 4324 ab
312 4269 534 4340 origine
561 4272 875 4337 exstiterat,
908 4271 1170 4340 exemplo
1202 4271 1482 4342 regalium
1541 4272 1904 4328 abbatiarum
1945 4275 1988 4328 D
2021 4269 2203 4326 stolici
2290 4285 2505 4337 vocem,
2566 4271 2647 4326 sic
2729 4269 2960 4325 illorum
3015 4265 3265 4336 inopiam
3325 4270 3521 4318 nostra
3575 4273 3712 4327 sup—

206 4356 371 4426 regni
406 4357 663 4412 Francia;
704 4358 760 4412 in
806 4357 1078 4413 omnibus
1133 4357 1426 4424 innovata,
1491 4359 1626 4415 huic
1677 4374 1909 4430 congre-

208 4442 446 4513 gationi,
508 4446 846 4502 auctoritate
899 4446 1112 4502 summi
1142 4447 1424 4516 pontificis
1475 4455 1692 4515 erecta,
1747 4448 1910 4503 unita

207 4530 298 4595 sit,
341 4532 434 4586 cui
491 4547 829 4602 prosperum
857 4542 911 4590 et
969 4535 1185 4590 felicem
1215 4549 1541 4590 successum
1583 4549 1906 4605 precamur,

206 4618 509 4676 Caeterum.

585 4707 833 4764 Abbates
861 4708 1215 4778 praefuerunt
1242 4710 1352 4765 hac
1383 4710 1549 4765 serie.

278 4795 319 4848 I.
349 4794 678 4862 Gervasius,
744 4796 1016 4852 fundator
1065 4797 1302 4854 illustris
1329 4805 1383 4854 et
1438 4797 1658 4867 primus
1708 4799 1907 4866 abbas,

209 4881 356 4936 rexit
388 4883 798 4938 monasterium
831 4899 931 4954 per
954 4893 1221 4941 externos
1273 4894 1671 4954 procuratores
1715 4901 1908 4956 quan—

208 4970 310 5025 diu
339 4970 505 5037 vixit,
534 4979 595 5027 ut
625 4981 748 5027 erat
802 4974 1158 5029 consuetudo
1217 4975 1392 5044 hujus
1443 4975 1655 5029 szeculi.
1715 4979 1784 5029 At
1817 4975 1908 5028 in-

208 5065 362 5114 certa
435 5060 700 5128 quaedam
777 5061 1053 5117 abbatum
1121 5063 1292 5117 series
1359 5062 1521 5117 nobis
1583 5063 1904 5132 Remigium

208 5146 541 5216 quemdam,
571 5155 626 5202 et
673 5157 795 5217 post
825 5149 980 5204 hunc
1022 5149 1372 5215 Albericum,
1406 5157 1460 5205 et
1493 5149 1800 5204 Henricum
1835 5163 1906 5204 ex

208 5234 458 5290 claustro
502 5235 837 5306 Remigiano
873 5238 1258 5294 emendicatos
1287 5237 1595 5293 obtrudere
1644 5245 1907 5305 conatur,

209 5320 303 5375 sed
353 5321 482 5376 ﬁcta
537 5329 592 5376 et
648 5320 910 5379 fabulosa
966 5331 1072 5387 est,
1131 5339 1262 5380 cum
1321 5325 1568 5381 obeunte
1616 5323 1904 5385 Gervasio,

210 5422 326 5463 non
380 5416 492 5464 tam
583 5412 909 5466 monasterii
984 5412 1155 5468 facies
1235 5413 1533 5468 immutata
1592 5412 1681 5474 sit,
1730 5426 1906 5481 quam

210 5496 486 5567 dissipata
515 5499 903 5570 congregatio,
941 5507 996 5556 et
1047 5501 1272 5556 incuria
1301 5501 1388 5557 vel
1421 5515 1644 5556 recessu
1697 5513 1909 5570 procu-

2019 4359 2169 4428 pleat
2197 4358 2573 4425 abundantia,
2626 4365 2691 4413 ut
2739 4371 2812 4412 ex
2843 4356 3073 4411 illorum
3106 4349 3464 4409 abundantia
3520 4353 3716 4401 nostra

2019 4447 2076 4502 in
2111 4447 2307 4502 futuro
2340 4446 2676 4516 suppleatur
2700 4445 2893 4514 inopia
2924 4445 3018 4509 (ΙΙ
3036 4443 3159 4498 Cor.
3192 4455 3309 4508 vm,
3356 4437 3462 4507 14).
3497 4458 3524 4484 ››
3556 4436 3714 4489 Prae-

2014 4533 2126 4590 fuit
2155 4541 2408 4603 quatuor
2434 4533 2622 4589 annis.

2090 4624 2173 4676 VI.
2206 4624 2498 4678 Jorannus
2524 4621 2581 4676 in
2607 4621 2948 4677 monasterio
2987 4619 3174 4675 Sancti
3217 4615 3424 4674 Nicasii
3455 4628 3489 4669 a
3520 4609 3715 4682 pueris

1944 4692 1950 4697 ’
2017 4707 2315 4774 educatus,
2349 4715 2403 4763 et
2451 4709 2724 4763 tenaciter
2777 4705 3158 4763 observantiae
3209 4703 3461 4776 regulari
3519 4700 3711 4756 adhae-

2019 4809 2168 4860 rens,
2196 4795 2367 4850 etiam
2415 4804 2538 4864 post
2566 4795 2785 4851 obitum
2841 4795 3116 4861 Gervasii,
3178 4793 3388 4848 meruit
3436 4792 3508 4848 ob
3562 4805 3712 4860 prae—

2018 4879 2203 4935 claras
2230 4880 2444 4950 ingenii
2477 4881 2652 4948 dotes,
2685 4890 2740 4938 et
2791 4881 3110 4952 singularia
3169 4880 3388 4946 merita,
3451 4880 3520 4933 ad
3561 4892 3710 4947 prae-

2020 4968 2288 5036 posituraa
2321 4969 2657 5038 dignitatem
2689 4970 2890 5039 primo,
2934 4979 3053 5025 tum
3088 4969 3156 5023 ad
3191 4967 3533 5024 abbatialem
3581 4980 3710 5035 pro-

2020 5055 2256 5121 moveri,
2310 5070 2484 5126 quam
2528 5058 2610 5111 sic
2659 5058 3024 5113 laudabiliter
3074 5065 3263 5127 gessnt,
3300 5065 3363 5110 ut
3415 5056 3539 5110 aliis
3564 5061 3708 5108 esset

2019 5151 2184 5199 recta:
2231 5143 2363 5197 vitae
2407 5145 2725 5212 speculum,
2774 5154 2828 5200 et
2889 5145 3198 5201 salutifera:
3261 5141 3712 5198 conversationis

2016 5230 2366 5300 exemplum.
2405 5234 2570 5288 Hunc
2597 5234 2911 5289 Rainaldus
2950 5235 3281 5303 archiepisc.
3339 5237 3491 5285 039
3549 5237 3712 5285 vocat

2023 5342 2042 5369 α
2079 5321 2270 5376 virum
2305 5322 2623 5376 sanctitatis
2677 5323 2877 5378 merito
2923 5324 3192 5378 omnibus
3245 5323 3408 5379 bonis
3460 5319 3708 5376 imitabi-

2018 5407 2145 5464 lem.
2184 5427 2211 5459 η
2246 5409 2324 5463 Eo
2387 5417 2635 5479 regente,
2667 5424 2740 5464 ex
2789 5411 3063 5465 asceterio
3115 5410 3412 5465 Nicasiano
3457 5408 3710 5478 insignes

2017 5498 2127 5554 viri
2187 5500 2542 5568 prodierunt,
2605 5499 2677 5555 ad
2752 5499 3073 5570 regularem
3131 5499 3486 5568 disciplinam
3544 5498 3708 5566 longe
