3924 6090
245 272 381 325 1147

1272 265 1364 318 AD
1405 265 1560 319 OPP.
1596 263 1752 318 VEN.
1786 261 2123 318 GUIBEHTI
2166 261 2254 316 DE
2295 259 2694 316 NOVIGENTO

3609 256 3771 312 1148

238 408 466 479 lateque
533 403 996 476 propagandam;
1057 402 1205 456 inter
1283 415 1427 470 quos
1487 406 1921 454 memorantur:
1963 400 2260 453 Actorum
2323 412 2388 452 ac
2455 396 2899 466 praecedentium
2968 395 3248 451 abbatum
3300 396 3358 450 in
3410 394 3771 464 Necrologio

238 496 425 566 Drogo
459 494 613 564 prior
667 490 1009 553 claustralis,
1054 489 1156 558 qui
1211 488 1468 558 expulsis
1534 487 1878 542 monialibus
1907 500 1937 541 e

237 580 581 638 monasterio
649 577 838 633 Sancti
910 577 1145 631 Joannis
1195 575 1610 640 Laudunensis,
1684 579 1937 644 tempore

240 667 642 724 Bartholomaei
719 665 991 736 episcopi,
1069 665 1348 720 coloniam
1397 665 1809 719 monachorum
1877 663 1936 718 in

237 771 434 812 earum
493 756 684 810 locum
719 754 954 820 invexit,
1010 768 1258 824 quorum
1293 754 1412 822 ipse
1462 753 1665 808 ductor
1721 752 1828 806 fuit
1883 758 1937 806 et

239 844 457 914 primus
541 843 738 909 abbas,
811 849 932 896 tum
1013 840 1322 895 cardinalis
1389 840 1682 900 Ostiensis.
1768 840 1938 910 cujus

234 940 422 988 exstat
460 931 694 1000 epistola
751 931 828 985 De
881 936 1238 984 sacramento
1280 928 1584 983 Dominicaa
1638 928 1932 996 passionis,

238 1029 371 1076 tom.
408 1022 450 1074 II
508 1019 870 1074 Bibliothecze
930 1018 1194 1085 Patrum;
1239 1016 1432 1071 Simon
1498 1025 1790 1084 reparator
1848 1017 1935 1070 la-

239 1123 354 1177 psae
407 1106 796 1178 regularitatis
845 1106 901 1160 in
952 1105 1298 1160 monasterio
1363 1104 1550 1160 Sancti
1605 1105 1814 1160 Nicolai
1866 1105 1936 1160 de

237 1197 430 1262 Bosco,
500 1195 670 1264 cujus
732 1193 990 1248 meminit
1067 1193 1132 1246 D.
1191 1191 1515 1246 Bernardus
1587 1192 1749 1260 epist.
1831 1195 1930 1262 83;

235 1285 436 1339 beatus
492 1282 828 1351 Arnulplus,
906 1289 1098 1351 postea
1166 1279 1486 1334 monachus
1549 1279 1935 1336 Cisterciensis

235 1373 389 1442 apud
451 1371 811 1442 Signiacum;
860 1368 1198 1424 Godefridus
1247 1368 1373 1422 item
1408 1368 1561 1436 prior
1590 1367 1644 1422 S.
1699 1368 1929 1436 Nicasii,

235 1460 541 1531 agentibus
613 1457 838 1513 Calixto
901 1457 949 1510 II
1005 1463 1060 1511 et
1113 1455 1396 1510 Ludovico
1438 1456 1529 1522 VI,
1579 1456 1930 1512 Francorum

234 1563 388 1618 rege,
444 1547 756 1603 translatus
812 1545 881 1600 ad
927 1544 980 1600 S.
1047 1543 1380 1600 Medardum
1445 1543 1928 1609 Suessionensem,

235 1649 336 1705 pro
375 1642 528 1690 statu
575 1634 788 1704 regulae
821 1633 1158 1703 reparando.
1208 1633 1285 1687 De
1331 1647 1452 1703 quo
1496 1632 1668 1687 etiam
1721 1632 1774 1688 S.
1804 1634 1932 1687 Ber-

235 1721 454 1776 nardus
481 1720 644 1790 epist.
681 1723 767 1787 66,
809 1728 863 1776 et
918 1719 1014 1774 alii
1046 1719 1257 1788 plures.
1314 1719 1506 1774 Multis
1536 1719 1705 1774 etiam
1766 1721 1933 1775 auxit

234 1808 397 1864 bonis
484 1808 892 1864 monasterium
970 1809 1279 1873 Jorannus,
1371 1807 1568 1862 multis
1626 1807 1928 1875 altaribus,

233 1895 404 1962 cellis,
440 1909 539 1950 seu
595 1894 962 1964 prioratibus,
1012 1902 1130 1949 tam
1177 1893 1234 1948 in
1285 1894 1391 1949 hoc
1447 1908 1624 1965 regno
1669 1909 1844 1964 quam
1875 1895 1932 1950 in

236 1985 536 2048 Flandria;
573 1983 666 2038 sed
701 1983 928 2038 tandem
986 1983 1188 2053 majori
1229 1982 1527 2038 devotione
1589 1982 1934 2038 intrinsecus

235 2079 388 2128 tactu
469 2072 779 2139 abdicavit,
843 2079 898 2127 et
956 2070 1214 2127 ordinem
1278 2071 1793 2127 Carthusianorum
1850 2070 1935 2126 in-

233 2173 461 2230 gressus
511 2167 594 2214 est
625 2173 720 2213 an.
777 2161 932 2225 I138,
1009 2166 1071 2214 ut
1138 2158 1350 2214 habent
1396 2174 1498 2214 ms.
1555 2160 1762 2215 Montis
1809 2161 1928 2227 Dei,

235 2247 334 2302 ubi
364 2261 423 2302 se
454 2255 567 2302 tam
605 2246 875 2316 praeclare
905 2246 1096 2317 gessit,
1148 2255 1212 2302 ut
1249 2247 1305 2301 in
1358 2262 1666 2303 numerum
1712 2261 1934 2318 purpu-

231 2343 487 2390 ratorum
513 2343 813 2405 coaptatus
843 2334 1013 2390 fuerit
1044 2335 1116 2390 ab
1149 2335 1476 2392 Innocentio
1507 2336 1776 2391 secundo.

304 2423 424 2479 VII.
450 2423 720 2479 Nicolaus
753 2423 822 2486 II,
854 2422 1065 2493 legitur
1093 2422 1151 2477 in
1182 2423 1536 2479 chartulario
1587 2438 1739 2479 anno
1773 2427 1929 2479 1139.

233 2511 336 2567 Hic
365 2512 589 2568 favente
615 2513 780 2568 beato
815 2512 1102 2567 Bernardo
1129 2511 1377 2566 obtinuit
1408 2511 1725 2581 prioratum
1754 2512 1932 2569 beatae

231 2600 424 2655 Maria
444 2601 626 2657 Castri
673 2599 958 2667 Porciani,
994 2613 1144 2654 anno
1179 2601 1333 2666 1143,
1363 2600 1499 2655 obiit
1525 2601 1593 2652 28
1647 2598 1926 2668 Septemb.

236 2689 388 2753 1144,
437 2695 556 2757 post
609 2688 938 2757 quindecim
997 2701 1178 2743 annos
1243 2687 1607 2757 praelationis.
1665 2687 1819 2742 Jacet
1871 2685 1930 2740 in

231 2772 491 2840 prioratu
524 2772 592 2827 de
630 2772 792 2827 Finia
824 2786 996 2841 prope
1029 2771 1268 2827 insulas.

302 2860 440 2914 VIII.
485 2859 824 2916 Guillelmus
854 2860 1114 2916 interfuit
1148 2859 1507 2916 translationi
1550 2859 1926 2929 reliquiarum

232 2946 415 3004 sancti
441 2946 721 3013 Gibriani,
758 2947 912 3016 apud
944 2946 1217 3002 Sanctum
1247 2946 1594 3015 Remigium,
1624 2947 1732 3002 sub
1763 2947 1926 3003 Sam-

230 3049 368 3090 sone
424 3034 869 3104 archiepiscopo,
938 3048 1130 3090 mense
1196 3034 1377 3102 Aprili
1435 3035 1584 3088 1145.
1647 3035 1812 3090 Rexit
1875 3037 1930 3090 in

231 3124 385 3179 omni
421 3124 684 3179 doctrina
712 3131 767 3179 et
801 3123 1056 3179 bonitate
1098 3122 1281 3179 tribus
1313 3124 1498 3191 annis,
1537 3132 1600 3180 ut
1629 3123 1839 3195 legitur
1871 3124 1930 3180 in

229 3211 583 3282 Necrologio,
609 3213 668 3264 21
706 3210 862 3266 Julii.

301 3299 401 3353 IX.
452 3299 696 3354 Joannes
747 3300 794 3353 II
849 3298 1058 3369 recepit
1130 3298 1342 3355 bullam
1398 3298 1639 3370 Eugenii
1688 3300 1781 3363 III,
1830 3315 1930 3370 pro

232 3387 444 3442 unione
489 3388 779 3456 prioratus
847 3387 1027 3443 Castri
1106 3387 1382 3443 Porciani.
1435 3388 1584 3444 Obiit
1636 3392 1653 3442 I
1731 3389 1926 3456 Octob,

233 3477 566 3532 1158.1acet
599 3491 773 3546 prope
827 3477 1008 3532 altare
1065 3479 1321 3548 pulchrae
1377 3478 1607 3548 capellae
1668 3478 1830 3535 dictae
1870 3479 1932 3533 ια

239 3564 444 3630 Verde,
479 3565 588 3620 sub
621 3565 844 3621 tumulo
873 3566 1114 3637 lapideo.

300 3653 372 3707 Χ.
404 3652 585 3708 Guido
618 3654 685 3708 II.
740 3653 828 3708 Ex
888 3654 1173 3708 monacho
1221 3653 1575 3725 Remigiano.
1635 3655 1778 3710 Vide
1823 3655 1933 3711 Sir-

229 3739 506 3796 mondum
538 3741 596 3794 in
620 3740 780 3796 Notis
812 3742 880 3796 ad
910 3741 1008 3796 lib.
1039 3754 1075 3797 v
1102 3742 1250 3796 Petri
1297 3741 1584 3796 Cellensis.
1647 3742 1750 3797 Hic
1801 3755 1930 3797 con-

229 3828 407 3883 traxit
438 3827 760 3884 societatem
795 3843 924 3884 cum
972 3828 1324 3898 Remigianis
1351 3837 1406 3884 et
1439 3829 1594 3884 viam
1644 3830 1930 3884 universae

230 3915 421 3970 carnis
449 3915 742 3986 ingressus
769 3925 852 3973 est
885 3921 914 3970 5
940 3917 1135 3973 Octob.
1174 3919 1331 3971 I179.

302 4002 405 4056 XI.
440 4003 676 4058 Pontius
705 4011 1057 4058 memoratur
1087 4004 1389 4060 undecimo
1436 4005 1593 4061 Junii
1622 4006 1680 4060 in
1725 4019 1931 4060 necro-

232 4089 411 4158 logio;
441 4097 497 4145 et
529 4091 758 4158 praefuit
780 4090 1007 4146 duobus
1040 4091 1226 4146 annis.
1249 4094 1434 4163 Hujus
1461 4094 1719 4149 nondum
1748 4093 1927 4163 {dum-

233 4182 390 4230 taxat
420 4189 626 4230 nomen
661 4177 906 4232 invenio.

2045 487 2324 542 conscribi
2400 488 2646 552 curavit,
2708 493 2771 540 ut
2837 484 3103 540 monachi
3152 484 3288 552 ipsis
3330 481 3772 538 satisfaciendis

2045 577 2192 632 serio
2223 576 2654 641 incumberent;
2695 573 2789 629 sed
2823 588 2954 628 cum
3005 572 3242 642 justitiae
3271 571 3522 627 consulit
3576 570 3766 639 proli—

2045 665 2236 720 xiores
2271 671 2478 720 cantus
2511 661 2848 726 inducendo,
2884 675 2951 714 ac
3005 675 3248 730 pensum
3306 659 3570 714 divinum
3640 672 3770 713 au-

2047 754 2249 825 gendo,
2285 766 2481 808 ansam
2521 749 2765 820 praebuit
2799 749 3122 804 remittondi
3153 748 3388 818 Lregulaa
3443 748 3772 804 observan-

2044 843 2202 899 tiam.
2239 841 2341 896 Hic
2388 839 2687 896 renovavit
2720 838 3042 894 societatem
3076 851 3207 893 cum
3268 836 3646 907 Remigianis,
3712 843 3770 891 et

2045 930 2182 984 obiit
2215 932 2278 983 18
2311 927 2584 984 Novemb.
2623 929 2786 993 1221;
2816 926 2966 995 jacet
2996 927 3049 978 in
3083 924 3354 993 capitulo.

2116 1019 2264 1073 XVI.
2312 1016 2504 1072 Simon
2546 1015 2614 1067 de
2687 1013 2861 1068 Lions
2916 1013 3264 1068 instauravit
3329 1011 3632 1067 ecclesiam
3699 1026 3771 1066 eo

2041 1107 2347 1169 schemate,
2381 1119 2496 1174 quo
2526 1118 2684 1158 nunc
2736 1117 2853 1158 non
2885 1102 3008 1157 sine
3052 1100 3429 1156 admiratione
3459 1100 3768 1169 conspici-

2042 1200 2156 1258 tur,
2183 1193 2239 1246 in
2271 1192 2453 1246 forma
2499 1190 2708 1256 crucis,
2743 1189 2974 1258 longam
3030 1187 3199 1256 pedes
3230 1189 3352 1251 305,
3412 1186 3588 1240 latam
3627 1187 3766 1254 130,

2041 1280 2214 1335 altam
2249 1293 2282 1334 a
2313 1278 2642 1348 pavimento
2695 1277 2764 1332 ad
2826 1275 3103 1331 fornicem
3162 1278 3248 1340 95,
3300 1274 3588 1330 columnis
3656 1289 3771 1330 seu

2042 1369 2174 1439 pilis
2203 1366 2503 1423 suffultam
2529 1365 2628 1435 28;
2660 1365 2861 1420 vitreis
2894 1363 3156 1419 fenestris
3204 1363 3772 1432 incomparabilibus

2040 1470 2112 1510 ex
2137 1455 2286 1511 dono
2309 1467 2507 1523 regum
2544 1460 2598 1508 et
2629 1466 2928 1522 procerum
2982 1451 3330 1516 decoratam,
3383 1451 3561 1506 choro
3591 1452 3770 1506 vario

2041 1555 2324 1596 marmore
2357 1546 2554 1601 strato,
2592 1539 2645 1593 in
2679 1553 2793 1608 quo
2817 1541 2954 1593 sunt
2983 1537 3182 1592 sedilia
3211 1551 3283 1592 ex
3317 1545 3568 1606 utraque
3598 1546 3769 1606 parte

2041 1632 2127 1683 76.
2161 1629 2352 1684 Simon
2375 1627 2602 1698 praefuit
2628 1635 2752 1683 octo
2781 1625 2968 1681 annis.
3001 1627 3157 1680 Jacet
3191 1625 3247 1679 in
3294 1624 3548 1680 claustro
3580 1624 3770 1695 juxta

2041 1717 2380 1786 capitulum.

2111 1806 2270 1862 XVII.
2307 1804 2500 1860 Simon
2526 1805 2592 1868 II,
2645 1803 2716 1857 de
2759 1801 3121 1873 Dampierre,
3155 1801 3528 1857 nobilissimis
3551 1815 3767 1870 paren-

2043 1894 2216 1959 tibus,
2250 1893 2400 1948 rexit
2447 1892 2745 1948 duodecim
2779 1891 2967 1946 annis.
3010 1890 3112 1946 Hic
3164 1890 3411 1946 obtinuit
3457 1890 3764 1946 licentiam

2041 1982 2294 2053 augendi
2320 1994 2626 2036 numerum
2653 1978 3065 2035 monachorum
3099 1992 3286 2047 usque
3323 1977 3395 2032 ad
3447 1979 3765 2047 sexaginta

2042 2071 2115 2126 ab
2146 2068 2472 2125 Innocentio
2526 2067 2637 2135 IV;
2667 2067 2816 2137 jacet
2849 2066 2905 2120 in
2969 2065 3188 2135 capella
3229 2065 3484 2120 claustri.
3533 2065 3762 2122 Verum

2041 2158 2336 2214 deficiente
2404 2157 2585 2226 primo
2668 2154 2961 2225 religionis
3033 2153 3258 2220 ardore,
3322 2154 3524 2224 regula
3588 2153 3762 2208 novis

2039 2244 2543 2302 constitutionibus
2601 2241 2810 2298 vallata
2855 2249 2939 2298 est
2979 2256 3012 2296 a
3083 2241 3358 2312 Gregorio
3425 2243 3527 2305 IX.
3599 2255 3760 2297 anno

2044 2337 2196 2402 I233,
2232 2342 2286 2389 et
2308 2333 2544 2403 posthac
2568 2332 2804 2387 Nicolao
2839 2332 2926 2397 IV,
2961 2338 3016 2386 et
3060 2330 3361 2386 Benedicto
3423 2331 3553 2386 XII.
3606 2330 3758 2396 Qui-

2041 2425 2150 2479 bus
2173 2422 2389 2492 priores
2419 2421 2697 2486 adauctaa,
2742 2420 2916 2475 aliam
2969 2419 3204 2474 vivendi
3260 2432 3522 2474 normam
3575 2433 3759 2489 pepe-

2039 2518 2261 2568 rerunt.
2298 2511 2414 2564 Imo
2443 2517 2497 2564 et
2529 2508 2793 2564 habitum
2852 2507 3168 2574 diversum,
3201 2514 3268 2562 ut
3323 2507 3555 2576 opinor;
3614 2521 3757 2561 nam

2038 2607 2242 2669 praeter
2330 2611 2501 2653 usum
2560 2597 2726 2652 bireti
2793 2595 2967 2651 etiam
3023 2594 3277 2650 almutiis
3341 2594 3524 2665 nigris
3573 2603 3760 2663 caput

2040 2695 2341 2752 texerunt;
2412 2685 2567 2755 quod
2627 2684 2886 2740 Clemens
2938 2683 2980 2734 V
3029 2683 3331 2738 confirmat
3379 2683 3464 2737 his
3502 2679 3756 2738 verbis:

2042 2797 2070 2825 «
2099 2774 2368 2830 Almutiis
2394 2773 2758 2843 caputiorum
2790 2771 2911 2826 loco
2943 2771 3191 2827 contenti
3223 2771 3336 2826 sint
3378 2772 3683 2826 monachi.
3727 2793 3755 2820 υ

2110 2863 2310 2919 XVIII.
2347 2861 2541 2917 Simon
2573 2861 2665 2927 III,
2696 2859 2767 2913 de
2805 2857 3240 2927 Marmoustier,
3293 2859 3654 2915 benedicitur
3681 2860 3758 2914 ab

1971 2953 2304 3022 cepiscopo
2397 2947 2807 3015 Suessionensi,
2887 2947 3018 3003 sede
3111 2947 3584 3017 archiepiscopali
3657 2963 3759 3002 va-

2037 3048 2201 3097 cante
2232 3052 2384 3093 anno
2437 3038 2589 3091 1242.
2645 3036 2744 3091 Hic
2807 3036 3303 3092 confirmationem
3361 3036 3757 3092 immunitatis

2039 3129 2262 3198 agestis
2290 3134 2346 3182 et
2375 3123 2877 3194 procurationibus
2905 3125 3158 3181 obtinuit
3209 3138 3243 3179 a
3273 3124 3756 3180 reverendissimo

2039 3214 2259 3269 Thoma
2287 3215 2356 3269 de
2387 3214 2688 3269 Beaumets
2717 3213 3052 3283 archiepisc.
3086 3227 3239 3268 anno
3312 3215 3464 3280 1249,
3509 3222 3567 3268 et
3624 3223 3754 3282 post

2043 3305 2106 3357 14
2138 3317 2321 3357 annos
2375 3299 2671 3372 regiminis
2730 3300 2845 3355 fato
2887 3299 3120 3356 functus
3171 3305 3316 3356 ests
3358 3301 3552 3358 Nonas
3611 3302 3752 3364 Julii

2046 3392 2205 3445 1254.

2110 3479 2260 3535 XIX.
2292 3477 2583 3534 Gerardus
2626 3477 2696 3530 de
2727 3475 2986 3548 Cernay,
3047 3477 3135 3532 vel
3182 3478 3380 3549 Cerny.
3434 3477 3496 3532 Ei
3537 3479 3749 3534 confir-

2038 3568 2218 3624 mavit
2291 3565 2592 3636 privilegia
2660 3565 2989 3621 Alexander
3056 3566 3150 3631 IV,
3218 3575 3274 3622 et
3337 3567 3618 3632 concedit,
3690 3574 3752 3622 ut

2039 3658 2244 3713 festum
2290 3654 2440 3710 beati
2496 3653 2705 3710 Nicasii
2755 3654 3084 3710 solemniter
3144 3655 3484 3721 celebretur,
3540 3663 3660 3710 tam
3719 3670 3752 3710 a

2037 3744 2188 3801 clero
2228 3756 2403 3814 quam
2437 3756 2470 3796 a
2519 3742 2731 3811 populo
2787 3742 2844 3796 in
2904 3741 3198 3811 provincia
3249 3743 3535 3807 Remensi,
3580 3745 3748 3798 Inno-

2038 3833 2260 3888 centius
2309 3830 2614 3901 permittit,
2665 3835 2819 3885 640
2866 3838 2928 3886 ut
2976 3830 3225 3901 religiosi
3277 3838 3501 3900 possent
3557 3844 3753 3885 succe-

2037 3921 2170 3976 dere
2232 3919 2395 3975 bonis
2471 3918 2744 3987 paternis,
2801 3933 2907 3974 nec
2959 3927 3184 3988 possent
3227 3919 3749 3979 excommunicari.

2038 4017 2141 4065 aut
2174 4007 2462 4078 prohiberi
2494 4007 2782 4062 celebrare
2808 4007 3006 4062 divina
3055 4006 3245 4063 officia
3276 4015 3531 4076 tempore
3584 4008 3754 4062 inter-

2038 4098 2172 4152 dicti
2201 4095 2398 4166 januis
2434 4095 2662 4151 clausis.
2724 4094 2960 4151 Gerardi
3006 4103 3258 4165 tempore
3311 4094 3377 4150 lis
3426 4103 3585 4150 mota
3639 4105 3747 4158 est,

2041 4199 2142 4255 pro
2194 4184 2626 4240 conservatione
2703 4183 2952 4239 clavium
3026 4192 3202 4252 portae
3273 4182 3542 4250 civitatis,
3613 4199 3749 4253 qua:

303 4259 426 4314 XII.
489 4261 839 4332 Reginaldus
890 4264 1102 4320 electus
1131 4265 1236 4321 rite
1265 4275 1318 4322 et
1370 4267 1697 4323 solemniter
1728 4281 1762 4322 a
1792 4283 1926 4323 con-
1968 4265 2011 4318 D
2043 4273 2233 4328 Sancti
2261 4271 2470 4328 Nicasii
2502 4271 2816 4327 dicebatur.
2851 4271 3001 4327 Obiit
3032 4273 3097 4325 I7
3124 4270 3252 4326 Maii
3288 4273 3440 4326 I263.

230 4347 506 4404 fratribus
537 4351 834 4422 religiosis,
867 4367 1020 4409 anno
1055 4357 1208 4409 1181.
1242 4356 1306 4410 Ei
1339 4356 1642 4411 conﬁrmat
1692 4357 1930 4426 privile-

231 4436 325 4503 gia
356 4435 615 4492 Clemens
646 4439 742 4505 III,
774 4447 828 4494 et
859 4441 1110 4497 obtinuit
1158 4442 1428 4498 unionem
1462 4443 1749 4512 prioratus
1797 4445 1928 4499 Ber-

230 4523 506 4580 bacensis.
541 4525 776 4582 Abdicat
806 4542 960 4584 anno
992 4532 1153 4598 III—33;
1181 4532 1331 4600 jacet
1360 4531 1418 4586 in
1446 4533 1716 4601 capitulo.

301 4614 448 4669 XIII.
539 4616 820 4684 Galterus,
889 4627 1011 4687 post
1081 4618 1499 4674 abdicationem
1565 4621 1932 4690 przecedentis

227 4700 457 4766 electus,
488 4703 593 4759 fuit
615 4705 745 4760 vitae
774 4713 828 4760 et
858 4706 1133 4761 doctrinae
1167 4707 1530 4776 venerabilis,
1574 4709 1742 4780 cujus
1782 4711 1933 4766 fama

230 4803 332 4857 per
372 4799 544 4847 totam
597 4794 919 4861 percrebuit
973 4793 1354 4862 Provinciam,
1387 4811 1560 4866 quem
1612 4799 1767 4866 apud
1830 4814 1932 4856 nos

228 4891 336 4932 sua
405 4879 727 4948 loquuntur
795 4894 987 4949 opera,
1055 4895 1125 4936 ex
1180 4883 1418 4951 epistola
1459 4884 1702 4942 fratrum
1741 4886 1930 4943 Sancti

228 4965 466 5021 Amandi
501 4966 558 5022 in
595 4967 828 5034 Pabulo,
865 4967 965 5038 qui
1004 4977 1059 5024 et
1090 4967 1250 5024 illum
1309 4973 1499 5027 statim
1554 4973 1612 5027 in
1669 4973 1930 5029 abbatem

230 5054 620 5122 postularunt;
657 5056 808 5110 unde
840 5057 1038 5124 paucis
1058 5059 1228 5112 annis
1262 5059 1504 5127 praefuit.

300 5141 441 5195 XIV.
489 5142 830 5197 Hardericus
862 5144 1270 5199 nominaturin
1311 5148 1576 5202 societate
1613 5148 1754 5203 inita
1795 5164 1927 5204 cum

229 5229 553 5283 reverendis
583 5229 857 5285 fratribus
889 5232 1076 5286 Sancti
1107 5235 1371 5298 Amandi.
1417 5239 1567 5290 II93.
1612 5236 1714 5290 Hic
1759 5238 1926 5292 etiam

228 5324 427 5383 Sponte
461 5318 771 5385 abdicavit,
808 5329 931 5390 post
962 5329 1076 5376 tres
1109 5335 1290 5378 annos
1321 5325 1692 5393 praefecturae.

295 5404 410 5459 XV.
451 5406 659 5475 Drogo,
712 5409 807 5462 Dei
862 5424 1054 5465 amore
1115 5409 1600 5481 ﬂagrantissimus
1631 5429 1697 5470 ac
1727 5415 1928 5471 litteris

229 5489 566 5549 liberalibus
593 5497 849 5564 apprime
899 5498 1181 5566 eruditus,
1239 5501 1636 5559 anniversaria
1693 5503 1927 5561 benefa-

2113 4360 2228 4416 XX.
2257 4360 2384 4414 Milo
2424 4358 2715 4414 Croissart
2763 4358 2998 4430 eligitur
3026 4373 3059 4413 a
3105 4359 3321 4415 Joanne
3377 4360 3446 4414 de
3510 4359 3752 4416 Courta-

2043 4450 2173 4504 naio
2199 4448 2622 4517 archiepiscopo
2657 4448 2939 4514 Remensi,
2973 4448 3096 4503 sine
3140 4448 3474 4519 praejudicio
3517 4448 3749 4516 jurium

2042 4546 2095 4593 et
2142 4537 2422 4593 libertatis
2475 4535 2824 4602 monasterii,
2880 4544 2944 4591 ut
2993 4536 3109 4605 ipse
3161 4537 3411 4592 declarat
3446 4537 3503 4590 in
3543 4537 3751 4592 charta

2044 4625 2272 4695 proprio
2328 4624 2514 4695 sigillo
2571 4625 2816 4679 munita.
2860 4624 3092 4680 Praefuit
3143 4625 3404 4694 quinque
3444 4626 3637 4690 annis,
3697 4636 3751 4683 et

2040 4713 2180 4768 obiit
2199 4716 2266 4768 26
2293 4712 2551 4768 Octobris
2577 4712 2739 4766 1269.

2112 4802 2240 4856 XXI.
2271 4802 2518 4856 Joannes
2547 4801 2622 4854 III
2673 4800 2859 4855 dictus
2898 4800 2967 4854 de
3005 4799 3211 4855 Sancto
3273 4799 3533 4855 Ferreolo
3592 4817 3746 4872 pra:-

2041 4887 2150 4943 fuit
2203 4887 2374 4942 unico
2414 4900 2585 4942 anno.
2646 4885 2891 4941 Notatur
2955 4884 3013 4939 in
3059 4884 3392 4955 Necrologio
3466 4888 3526 4940 21
3611 4889 3742 4944 Au-

2041 4975 2214 5045 gusti.

2109 5063 2291 5118 XXII.
2326 5062 2636 5116 Guibertus
2684 5060 3237 5116 administrationem
3269 5062 3513 5130 sumpsit
3575 5066 3745 5133 I270;

2042 5151 2135 5206 hic
2163 5150 2387 5219 excepit
2443 5149 2771 5218 Philippum
2826 5156 2880 5203 et
2927 5150 3161 5203 ll.ariam
3223 5151 3480 5219 reginam
3522 5166 3584 5205 IIl
3642 5168 3746 5208 suo

2040 5239 2403 5306 monasterio,
2451 5239 2669 5307 quibus
2729 5237 2894 5292 valde
2946 5237 3160 5292 cbarus
3207 5247 3348 5293 erat.
3391 5239 3749 5310 Recognovit

2038 5329 2326 5384 abbatiam
2349 5328 2550 5383 essein
2603 5326 2866 5396 guardia,
2916 5340 3020 5381 seu
3077 5327 3424 5396 protectione
3467 5330 3748 5401 archiepi'

2037 5417 2193 5487 scopi
2229 5417 2390 5484 1284;
2422 5415 2562 5470 obiit
2607 5422 2728 5484 post
2787 5415 2854 5470 18
2903 5427 3088 5469 annos
3139 5414 3455 5485 regiminis,
3495 5414 3655 5485 jacet
3691 5419 3744 5472 in

2039 5504 2258 5576 capella
2285 5503 2538 5561 claustri.
