3932 6084
209 259 340 313 1149

1446 258 1668 315 DOMNI
1697 259 1756 313 L.
1799 255 2153 315 D’ACHERY
2192 259 2410 314 ΝΟΤιΕ.

3574 262 3708 316 1150

270 388 478 445 XXIII.
508 388 627 444 Odo
656 388 710 443 le
746 388 899 456 Plat,
932 389 1144 445 Remus
1173 387 1444 444 canonice
1480 395 1534 443 et
1567 386 1896 444 solemniter
1935 390 1976 442 A
2077 388 2315 444 XXXII.
2371 387 2566 444 Simon
2627 387 2886 443 Maubert
2931 389 3264 460 Trecensis;
3325 390 3708 446 obedientiam

197 475 431 542 electus,
468 475 821 532 benedicitur
851 490 885 531 a
927 476 1091 531 Petro
1131 475 1581 546 archiepiscopo,
1627 476 1727 545 qui
1769 476 1896 545 ejus

198 563 459 619 electioni
508 572 889 630 consenserat.
933 563 1296 619 Theobaldus
1335 563 1456 618 dux
1510 563 1898 633 Lotbaringize

199 652 253 708 ei
299 653 622 709 hominium
684 653 814 708 facit
873 653 932 708 in
1005 652 1242 707 ecclesia
1307 652 1494 706 Sancti
1553 650 1784 721 Sulpitii
1831 653 1899 706 de

202 740 566 810 Ruminiaco,
601 755 700 810 pro
736 741 914 796 feodis
952 754 986 795 a
1035 740 1375 796 monasterio
1421 740 1895 810 dependentibus.

200 831 380 899 C(epit
409 843 560 884 anno
595 832 767 896 1289;
809 829 973 885 desiit
1020 843 1157 884 vero
1192 831 1346 883 1297.
1391 829 1548 885 Iacet
1589 829 1646 883 in
1677 828 1898 898 capella

205 917 400 972 Sancti
432 917 710 984 Quintini.

279 1007 471 1062 XXIV.
503 1006 770 1075 1Egidius
800 1006 842 1071 Ι,
873 1005 942 1058 de
967 1005 1218 1070 Landre,
1251 1005 1397 1060 rexit
1426 1005 1657 1061 duobus
1688 1005 1902 1060 mensi-

209 1094 318 1148 bus
347 1109 479 1149 cum
506 1093 760 1148 dimidio.
794 1093 1062 1163 Sepultus
1086 1093 1142 1147 in
1175 1093 1390 1163 capella
1420 1093 1571 1148 dicta
1603 1093 1663 1147 la
1697 1093 1901 1159 Verde,

213 1183 368 1236 1298.

279 1269 446 1326 XXV.
480 1269 758 1339 Rogerius
787 1269 845 1324 in
878 1269 1029 1324 vivis
1059 1269 1264 1339 agebat
1295 1282 1446 1324 anno
1480 1271 1654 1333 1299;
1696 1267 1907 1338 legitur

208 1356 268 1410 in
317 1370 586 1425 processu
621 1356 1081 1423 Nicasianorum,
1128 1369 1230 1425 pro
1268 1355 1400 1425 jure
1437 1356 1634 1412 tuendi
1665 1355 1908 1411 chorum

211 1445 269 1499 in
327 1443 740 1513 supplicatione
787 1444 858 1499 ad
912 1453 1175 1499 sanctum
1237 1445 1594 1499 Mauritium.
1647 1445 1801 1500 Iacet
1851 1445 1909 1500 in

209 1532 430 1603 capella
481 1533 699 1588 Sancta:
749 1533 941 1590 Mariaa
995 1533 1146 1588 dicta
1175 1533 1244 1588 de
1286 1535 1494 1602 Coucy.
1549 1534 1628 1588 Eo
1655 1541 1847 1588 autem
1878 1548 1910 1588 e

212 1621 358 1676 vivis
383 1621 629 1678 sublato.

281 1718 490 1774 XXVI.
538 1717 803 1788 1Egidius
850 1718 894 1772 Il
945 1717 1015 1773 de
1063 1717 1258 1771 Monte
1302 1718 1558 1783 Cornuto,
1622 1731 1696 1772 ex
1743 1724 1908 1788 gente
1951 1688 1988 1740 Β

213 1807 551 1873 Castilonea,
583 1807 816 1876 eligitur
867 1819 1018 1860 anno
1052 1808 1205 1860 1303.
1249 1805 1579 1862 Societatem
1625 1805 1912 1861 contraxit

213 1909 346 1949 cum
389 1893 730 1948 monasterio
768 1891 821 1947 S.
862 1891 1007 1946 Petri
1044 1890 1477 1946 Catalaunensis
1516 1893 1668 1946 1310.
1719 1890 1914 1945 Domi-

213 1996 328 2037 nus
367 1981 739 2046 Castiloneus,
779 1994 967 2035 comes
1008 1979 1190 2035 Castri
1229 1979 1524 2034 Porcensis
1555 1986 1611 2034 et
1655 1986 1912 2034 conesta-

216 2069 478 2125 bularius
521 2066 793 2135 Francize,
850 2067 900 2122 ei
947 2067 1268 2122 hominium
1316 2066 1447 2122 facit
1495 2081 1596 2136 pro
1639 2066 1798 2122 {eode
1845 2067 1914 2121 de

215 2156 513 2228 Rumigni,
549 2165 778 2226 propter
809 2155 1047 2210 Mariam
1079 2169 1342 2224 sponsam
1375 2169 1540 2211 suam
1570 2169 1722 2210 anno
1755 2157 1909 2210 1313.

214 2245 405 2315 Ipsius
448 2253 699 2314 tempore
745 2244 1027 2299 Robertus
1081 2244 1151 2298 de
1207 2244 1542 2300 Courtenais
1585 2245 1916 2313 recognovit

218 2333 492 2404 reliquias
522 2332 703 2388 sancti
733 2331 944 2388 Nicasii
991 2346 1093 2401 per
1140 2339 1469 2401 aperturam
1519 2346 1725 2402 capsae,
1770 2346 1914 2401 prae-

217 2428 375 2477 sente
411 2421 649 2492 Rogerio
681 2419 871 2476 Sancti
901 2419 1140 2490 Remigii
1183 2420 1408 2475 abbate.
1432 2421 1586 2475 Iacet
1614 2421 1670 2474 in
1697 2419 1917 2489 capella

225 2512 414 2568 Sancti
494 2510 774 2577 Quintini,
857 2509 1126 2564 decorata
1197 2509 1522 2580 insignibus
1581 2509 1917 2566 Castiloneae

220 2600 470 2666 familiae,
504 2607 556 2654 et
587 2599 901 2664 Barrensis,
934 2598 993 2653 in
1025 2598 1233 2654 vitreis.

293 2689 498 2746 XXVII.
541 2688 838 2757 Philippus
875 2687 936 2740 la
981 2688 1174 2758 Coque
1203 2685 1438 2757 eligitur
1469 2700 1564 2742 an.
1606 2687 1763 2741 1316.
1817 2686 1918 2742 Vir

226 2777 473 2848 ingentis
504 2776 702 2844 animi,
744 2783 800 2831 et
838 2790 1079 2832 summze
1124 2775 1476 2845 prudentia};
1509 2775 1556 2830 ei
1600 2775 1916 2831 hominium

227 2865 359 2921 facit
391 2865 653 2920 Ferricus
685 2865 804 2920 dux
840 2864 1244 2934 Lotharingize,
1280 2878 1382 2933 pro
1421 2863 1595 2918 fecdis
1625 2864 1692 2919 de
1724 2862 1920 2919 Rumi-

2004 477 2430 546 archiepiscopo
2477 477 2634 532 vovit
2683 491 2874 532 mense
2911 478 3233 534 Iannuario
3281 481 3416 534 1392
3486 494 3605 549 quo
3653 487 3710 534 et

2007 565 2412 620 benedictionis
2438 579 2652 621 munus
2693 566 2765 621 ab
2797 566 2990 621 eodem
3045 575 3388 622 consecutus
3427 577 3528 622 est.
3564 567 3708 623 Huic

2007 654 2292 709 Florentia
2330 653 2399 708 de
2441 653 2762 718 Ribemont,
2806 653 3038 708 domina
3072 654 3141 708 de
3173 654 3355 718 Chini,
3399 663 3453 710 et
3480 655 3548 710 de
3579 655 3711 711 Ger-

2008 743 2204 814 migni,
2263 742 2578 797 hominium
2653 743 2781 799 fecit
2841 758 2940 813 pro
3011 743 3187 798 feodis
3225 757 3298 798 ex
3367 743 3710 799 monasterio

2007 831 2481 900 dependentibus,
2564 832 2620 886 in
2689 831 2990 902 praesentia
3068 831 3353 888 Guillelmi
3441 832 3710 887 Fillastrii

2007 920 2205 975 vicarii
2256 920 2537 990 generalis
2585 923 2719 976 1398
2775 921 2926 976 Obiit
2961 924 3023 975 19
3061 921 3318 976 Ianuarii
3368 923 3520 974 1405'.
3553 921 3710 975 Iacet

2012 1008 2069 1063 in
2095 1009 2312 1079 capella
2343 1010 2524 1064 Beatze
2564 1008 2776 1076 Mariae,
2811 1009 2960 1066 dicta
2997 1009 3060 1063 Ia
3110 1009 3305 1075 Verde,
3339 1017 3491 1064 retro
3523 1008 3710 1078 majus

2011 1097 2212 1154 altare.

2082 1187 2338 1242 XXXIII.
2386 1186 2648 1257 {Egidius
2684 1187 2782 1252 III,
2811 1187 3085 1253 Jennarf,
3135 1187 3515 1243 obedientiam
3574 1200 3713 1255 prae-

2013 1276 2153 1332 stitit
2178 1275 2442 1331 Ecclesiae
2475 1277 2755 1343 Remensi,
2791 1278 2858 1329 24
2889 1275 3075 1331 Martii
3110 1278 3265 1342 1406,
3292 1289 3446 1330 more
3474 1273 3710 1330 Gallico.

2013 1365 2164 1421 Obiit
2194 1363 2423 1419 Parisiis
2457 1368 2518 1418 18
2551 1364 2739 1419 Martii
2775 1365 2928 1418 1408.

2084 1453 2349 1510 XXXIV.
2399 1453 2667 1508 Nicolaus
2737 1453 2964 1507 Duc/tet
3018 1466 3091 1508 ex
3147 1450 3449 1522 prteposito
3517 1450 3711 1506 Sancti

2017 1540 2278 1612 Remigii,
2321 1549 2374 1597 et
2422 1541 2624 1596 abbate
2660 1540 2851 1596 Sancti
2904 1540 3112 1608 Basoli,
3163 1539 3411 1595 obtinuit
3443 1537 3714 1593 unionem

2020 1631 2308 1700 prioratus
2342 1629 2410 1685 de
2455 1629 2636 1694 Finia,
2681 1629 2738 1684 in
2782 1629 3032 1683 favorem
3078 1642 3288 1682 mensae
3333 1625 3635 1682 abbatialis
3663 1632 3718 1680 et

2019 1723 2354 1775 conventus.
2406 1718 2542 1773 Fato
2593 1717 2826 1773 functus
2871 1717 2944 1772 22
2991 1715 3316 1772 Decembris
3360 1716 3514 1769 1430.
3564 1715 3720 1769 Iacet

2021 1821 2191 1876 prope
2211 1805 2528 1862 sacrarium
2557 1806 2616 1860 in
2646 1807 2782 1860 navi
2814 1806 3060 1860 ecclesiae
3090 1819 3163 1860 ex
3194 1803 3545 1874 Necrologio.

2093 1894 2325 1950 XXXV.
2382 1894 2628 1949 Iacobus
2667 1895 2710 1960 Ι,
2755 1893 3056 1960 Gueularl,
3085 1892 3363 1947 canonice
3403 1891 3617 1946 electus
3662 1889 3720 1945 in

2019 1983 2289 2052 capitulo,
2331 1982 2725 2052 juramentum
2776 1981 3005 2037 solitum
3063 1981 3130 2036 de
3194 1979 3516 2035 obedientia
3568 1992 3722 2048 prae-

2020 2071 2224 2126 standa
2250 2071 2512 2126 Ecclesiae
2544 2071 2806 2126 Remensi
2837 2069 3014 2125 edidit
3050 2071 3120 2123 28
3150 2068 3306 2124 Iunii
3344 2067 3499 2121 1430.
3533 2067 3720 2122 Iudex

2023 2159 2316 2229 delegatus
2347 2172 2380 2212 a
2407 2173 2632 2213 summo
2672 2157 2959 2227 pontiﬁce,
3013 2170 3116 2226 pro
3149 2155 3346 2211 litibus
3383 2154 3722 2210 dirimendis

2027 2247 2172 2300 inter
2205 2253 2435 2301 curatos
2474 2246 2636 2301 urbis
2684 2245 2997 2312 Remensis,
3047 2253 3101 2301 et
3153 2243 3447 2314 religiosos
3492 2241 3722 2297 mendi-

2025 2343 2236 2400 cantes.
2300 2334 2468 2390 Rexit
2519 2336 2578 2387 21
2626 2335 2813 2400 annis,
2864 2333 3128 2402 sepultus
3180 2334 3244 2386 19
3295 2330 3509 2400 Aprilis
3563 2331 3718 2384 1451.

2025 2421 2158 2477 Post
2184 2422 2476 2477 decessum
2516 2421 2697 2492 ipsius
2728 2421 3026 2477 conﬂictus
3057 2419 3288 2476 emersit
3335 2420 3482 2474 inter
3504 2417 3723 2474 ofﬁcia-

2026 2510 2139 2566 rios
2191 2510 2394 2580 regios,
2435 2518 2490 2565 et
2548 2511 2847 2566 baillivum
2911 2508 3359 2579 archiepiscopi,
3414 2513 3555 2562 ou
3621 2521 3722 2576 pro

2025 2599 2279 2655 Guardia
2307 2613 2407 2654 seu
2457 2599 2801 2668 protectione
2833 2598 3114 2654 bonorum
3153 2595 3550 2666 temporalium
3599 2608 3724 2649 mo-

2027 2686 2286 2742 nasterii.

2099 2775 2363 2830 XXXVI.
2413 2774 2663 2829 Iacobus
2734 2773 2800 2839 lI,
2855 2770 3190 2842 Champion,
3259 2770 3407 2826 rexit
3456 2767 3724 2825 undecim

2027 2861 2196 2917 annis
2243 2875 2375 2917 cum
2427 2869 2681 2930 quatuor
2729 2860 3038 2925 mensibus,
3094 2861 3155 2911 15
3196 2857 3540 2927 Septembris
3590 2857 3725 2910 1462

227 2954 344 3024 gni,
399 2953 456 3008 in
506 2954 631 3008 vico
701 2952 984 3020 Remensi,
1047 2952 1198 3007 dicto
1272 2951 1327 3005 le
1389 2952 1705 3005 Barbastre
1762 2954 1915 3018 1318,
1956 2982 1996 3038 ο
2031 2959 2313 3005 mortuus.
2362 2951 2491 3038 Post
2516 2949 2893 3038 obitumgejus
2917 2946 3261 3038 Guillelmus
3305 2945 3519 3038 Bouille
3548 2957 3726 2999 cano-

229 3048 531 3110 postquam
581 3039 918 3095 declarasset
970 3039 1228 3108 praestari
1277 3039 1483 3094 debere
1519 3039 1576 3093 in
1627 3039 1810 3109 burgo
1854 3039 1923 3095 de

229 3128 522 3199 Rumigni.
567 3128 865 3197 Philippus
904 3129 1190 3183 contraxit
1223 3128 1544 3183 societatem
1591 3142 1722 3184 cum
1770 3128 1921 3197 capi-

227 3217 346 3273 tulo
379 3217 660 3281 Remensi,
696 3218 756 3272 in
786 3231 905 3286 qua
933 3216 1139 3272 modus
1172 3216 1467 3271 incedendi
1505 3217 1562 3271 in
1612 3217 1916 3287 processio-

227 3305 399 3360 nibus
435 3304 678 3374 publicis
725 3304 1137 3374 praescribitur.
1191 3303 1537 3358 Memoratur
1568 3304 1625 3359 in
1675 3305 1923 3361 Historia

229 3391 418 3457 Leod.,
471 3390 563 3444 fol.
621 3391 742 3444 384.
795 3390 990 3446 Univit
1039 3390 1326 3459 prioratus
1377 3391 1446 3446 de
1515 3392 1679 3458 Ham,
1747 3400 1800 3447 et
1855 3393 1923 3448 de

227 3478 566 3533 Betencourt
593 3491 803 3531 mensa
830 3477 1144 3543 abbatiali;
1177 3490 1329 3532 anno
1374 3478 1509 3532 1346
1540 3478 1698 3533 senio
1741 3479 1924 3533 confe-

227 3574 355 3621 ctus
383 3565 690 3621 abdicavit.
725 3566 792 3620 In
821 3565 1026 3620 sacello
1057 3565 1277 3620 Sanctae
1302 3566 1594 3634 Eutropiae
1640 3566 1919 3634 sepultus,

229 3668 381 3709 anno
413 3654 566 3708 1348.

301 3744 539 3798 XXVIII.
589 3743 774 3800 Guido
824 3743 1029 3797 Morel.
1075 3744 1478 3799 Iuramentum
1533 3743 1791 3812 praestitit
1841 3757 1926 3798 ec-

232 3831 415 3886 clesim
464 3833 726 3887 Remensi
768 3840 891 3902 post
926 3845 1091 3887 suam
1137 3831 1486 3898 electionem,
1520 3833 1551 3884 8
1600 3831 1925 3886 Decembris

238 3922 389 3986 1349,
444 3929 498 3975 et
542 3920 679 3995 jura
743 3921 1070 3975 monasterii
1132 3934 1407 3991 generose
1457 3920 1641 3975 tuitus
1706 3927 1809 3987 est,
1859 3933 1925 3974 ac

233 4010 639 4077 possessionem
707 4009 1085 4078 reliquiarum
1143 4008 1323 4063 sancti
1389 4007 1598 4062 Nicasii
1647 4009 1926 4062 adversus

235 4095 552 4164 capitulum
601 4096 892 4151 Remense.
945 4095 1094 4150 Obiit
1147 4099 1177 4148 5
1227 4094 1489 4149 Januarii
1542 4097 1694 4158 1363,
1761 4101 1815 4149 et
1867 4094 1923 4148 in

233 4183 452 4252 capella
494 4183 562 4237 de
611 4183 908 4250 Couciaco,
955 4197 1058 4238 seu
1107 4183 1285 4238 beatze
1334 4182 1528 4238 Mariae
1579 4182 1648 4238 de
1705 4182 1924 4237 Laetitia

233 4271 526 4340 sepelitur.

306 4359 514 4415 XXIX.
563 4359 767 4415 Petrus
814 4359 1117 4429 Cocquelet
1184 4358 1470 4415 abbatiam
1537 4358 1778 4429 adeptus
1831 4372 1930 4428 per

234 4448 676 4518 resignationem
736 4447 994 4516 praestitit
1048 4447 1426 4502 obedientiam
1477 4447 1925 4516 archiepiscopo,

234 4539 264 4589 6
301 4537 431 4591 Maii
475 4539 630 4590 1364.
673 4535 739 4589 Ei
790 4535 1062 4591 Urbanus
1106 4535 1174 4592 V.
1223 4535 1588 4590 confirmavit
1629 4534 1930 4605 privilegia

235 4625 582 4680 monasterii.
651 4625 804 4678 Iacet
867 4623 925 4677 in
971 4622 1190 4692 capella
1240 4624 1308 4678 de
1361 4623 1636 4678 Couciaco
1689 4634 1814 4691 post
1867 4625 1926 4675 17

233 4726 369 4767 ann.
404 4711 718 4782 regiminis.
754 4712 834 4765 Eo
861 4724 996 4766 vero
1027 4711 1315 4765 hominem
1341 4718 1608 4766 exuente.

303 4801 458 4855 XXX.
497 4800 837 4856 Guillelmus
867 4798 937 4853 de
964 4797 1188 4852 Illiniis
1227 4813 1297 4853 ex
1345 4798 1550 4854 abbate
1590 4797 1778 4853 Sancti
1822 4799 1928 4854 Ba-

233 4887 335 4942 soli
375 4901 473 4955 per
516 4888 761 4957 gratiam
789 4888 1231 4957 exspectativam
1266 4895 1636 4956 promovetur
1692 4889 1819 4942 1381
1879 4899 1934 4945 et

235 4982 360 5043 post
390 4983 514 5030 octo
543 4989 724 5030 annos
753 4977 1099 5044 praefectura:
1132 4975 1191 5030 Iit
1221 4977 1526 5045 episcopus
1555 4975 1931 5046 Vivariensis,

234 5062 482 5118 omissus
528 5077 560 5117 a
607 5064 848 5118 Claudio
898 5065 1162 5120 Roberto.
1201 5064 1546 5119 Nominatur
1594 5065 1652 5118 in
1701 5066 1937 5120 consilio

237 5151 389 5222 regis
420 5165 571 5205 anno
609 5154 757 5205 1398.
805 5153 867 5205 In
923 5153 1169 5207 Historia
1211 5153 1728 5208 Montmorenciaca
1778 5153 1933 5222 apud

238 5240 366 5296 And
377 5254 547 5295 rzeam
578 5241 894 5295 Duchesne.

312 5329 503 5384 XXXI.
539 5329 916 5384 Iosserandus
953 5328 1024 5382 de
1069 5327 1304 5396 Iliiniis,
1350 5343 1451 5398 per
1495 5329 1935 5400 resignationem

244 5417 614 5486 praecedentis
660 5417 887 5486 praefuit
927 5416 1109 5472 tribus
1158 5417 1362 5482 annis;
1415 5424 1678 5473 mortuus
1727 5421 1792 5472 28
1824 5418 1936 5474 De-

243 5506 485 5562 cembris
517 5509 671 5560 1392.

2030 3038 2195 3093 nicus
2261 3037 2650 3092 Noviomensis
2706 3035 2955 3092 obtinuit
3000 3033 3288 3089 abbatiam
3344 3033 3400 3087 in
3445 3045 3728 3087 commen-

2030 3123 2182 3191 dam,
2219 3138 2319 3193 per
2367 3123 2583 3177 litteras
2629 3121 2993 3194 apostolicas,
3041 3120 3258 3190 quibus
3302 3118 3518 3174 scabini
3567 3117 3729 3172 urbis

2031 3227 2162 3267 cum
2214 3211 2510 3267 monachis
2557 3212 3018 3274 intercesserunt,
3069 3218 3131 3265 ut
3175 3223 3247 3263 ex
3297 3208 3454 3262 Actis
3493 3205 3727 3275 capituli

2029 3301 2279 3356 ecclesiw
2307 3299 2652 3356 cathedralis
2696 3306 2917 3354 constat
2965 3300 3028 3352 14
3079 3296 3374 3353 Februarii
3413 3298 3565 3349 1465.
3601 3295 3730 3350 Post

2033 3390 2187 3444 hunc
2217 3388 2541 3444 Richardus
2569 3389 2638 3443 de
2674 3386 2944 3457 Longueil
2994 3385 3302 3441 cardinalis
3335 3382 3728 3438 Constantien-

2031 3477 2108 3531 sis
2159 3479 2568 3546 possessionem
2621 3477 2789 3544 ctepit
2837 3476 3051 3529 virtute
3097 3474 3418 3529 litterarum
3458 3485 3557 3540 per
3589 3483 3728 3542 gra-

2034 3566 2169 3620 tiam
2200 3565 2645 3634 exspectativam
2690 3565 3079 3628 obtentarum,
3125 3564 3222 3617 sed
3270 3561 3522 3632 resignat
3555 3559 3613 3614 in
3646 3559 3728 3613 fa-

2033 3667 2226 3709 vorem
2255 3655 2567 3723 sequentis.

2102 3742 2386 3797 XXXVII.
2417 3743 2663 3797 Ioannes
2698 3740 2792 3809 IV,
2824 3739 3126 3812 Jacquier,
3161 3753 3260 3808 per
3285 3736 3730 3808 resignationem

2032 3844 2133 3885 seu
2207 3838 2575 3898 spontaneam
2643 3830 3046 3885 demissionem
3144 3826 3474 3893 cardinalis,
3557 3837 3729 3894 quem

2035 3921 2240 3975 iterum
2288 3919 2554 3975 Nicolaus
2602 3920 2818 3975 Bouille
2879 3917 3305 3989 protonotarius
3375 3925 3429 3972 et
3481 3915 3733 3969 decanus

2033 4007 2446 4074 Noviomensis,
2503 4009 2693 4062 turbat
2755 4009 2809 4062 in
2889 4007 3128 4077 pacifica
3192 4004 3562 4075 possessione,
3634 4000 3732 4056 sed

2036 4094 2153 4163 ipse
2194 4095 2572 4150 conlirmatur
2623 4109 2656 4148 a
2707 4095 2884 4150 Paulo
2934 4097 3002 4160 II,
3056 4097 3210 4149 1467.
3258 4096 3358 4150 Hic
3408 4092 3732 4148 societatem

2036 4182 2202 4237 inivit
2230 4197 2360 4237 cum
2418 4183 2714 4238 monachis
2743 4183 2932 4238 Sancti
2983 4183 3227 4240 Cornelii
3268 4180 3734 4252 Compendiensis

1966 4272 2196 4327 D1471.
2246 4271 2396 4326 Obiit
2449 4273 2512 4325 14
2553 4271 2688 4327 Iulii
2745 4274 2898 4336 1483,
2949 4272 3058 4327 sub
3117 4271 3340 4326 tumulo
3413 4269 3620 4341 ngidii
3665 4268 3734 4323 de

2035 4359 2383 4414 Montcornet
2412 4360 2687 4428 sepultus.

2109 4448 2424 4505 XXXVIII.
2458 4448 2704 4502 Joannes
2725 4447 2793 4513 V,
2824 4444 3172 4516 Fransquin.
3226 4444 3646 4510 thesaurarius,
3679 4450 3734 4498 et

2039 4537 2233 4592 doctor
2264 4537 2318 4590 in
2363 4537 2622 4602 decretis,
2665 4535 2937 4590 canonice
2983 4533 3219 4604 eligitur
3249 4547 3440 4588 mense
3490 4531 3735 4603 Augusti

2042 4627 2215 4693 1483;
2250 4626 2347 4680 sed
2377 4624 2630 4681 turbavit
2656 4638 2789 4679 eum
2823 4637 2922 4692 per
2969 4635 3187 4676 annum
3231 4622 3514 4677 Robertus
3545 4623 3738 4677 Lescot

2039 4713 2436 4769 vicedominus
2485 4713 2733 4769 ecclesiae
2783 4710 3096 4767 Remensis.
3138 4708 3287 4766 Obiit
3316 4712 3349 4762 2
3394 4709 3524 4763 Iulii
3578 4711 3734 4774 1500,

2041 4808 2164 4871 post
2216 4804 2279 4854 17
2327 4815 2507 4857 annos
2562 4800 2877 4870 regiminis.
2948 4800 3100 4853 Iacet
3167 4797 3224 4851 in
3293 4795 3496 4850 sacello
3560 4797 3738 4851 beatae

2043 4889 2257 4955 Mariae,
2290 4889 2438 4944 dicto
2469 4889 2530 4942 la
2582 4887 2790 4955 Ve'rde,
2847 4902 3006 4942 nunc
3036 4885 3167 4940 Boni
3225 4882 3445 4940 Nuntii.
3498 4883 3739 4939 Vacavit

2042 4977 2275 5032 abbatia
2302 4985 2414 5032 tres
2445 4990 2681 5032 menses.

2114 5065 2381 5120 XXXIX.
2416 5067 2660 5120 Ioannes
2691 5065 2788 5132 VI,
2822 5062 3132 5123 Willemet.
3168 5060 3505 5125 Retellinus,
3555 5059 3736 5113 virtu-

2045 5154 2114 5208 tis
2159 5162 2213 5207 et
2278 5153 2548 5207 doctrina:
2611 5152 3103 5206 commendatione
3171 5149 3380 5214 clarus,
3442 5147 3739 5202 ecclesiam

2046 5239 2242 5296 multis
2305 5240 2658 5295 ornamentis
2725 5240 3034 5307 decoravit,
3093 5237 3379 5308 pulpitum
3433 5236 3634 5302 erexit,
3686 5242 3759 5310 et.

2045 5329 2303 5384 redditus
2346 5328 2698 5382 sufficienter
2754 5328 2985 5397 reliquit
3037 5342 3136 5396 pro
3199 5324 3593 5380 anniversario
3651 5323 3741 5377 die

2046 5417 2236 5472 obitus
2283 5417 2639 5481 celebrando,
2695 5416 2914 5471 decimo
2963 5416 3222 5471 Octobris
3273 5416 3425 5471 1521.
3472 5411 3739 5486 Sepultus

2048 5507 2106 5562 in
2140 5506 2327 5562 medio
2358 5504 2511 5562 chori
2538 5505 2702 5575 juxta
2732 5504 2988 5576 aquilam
3011 5517 3249 5560 teneam.
