3944 6084
176 255 306 310 1153

1417 255 1637 311 DOMNI
1677 258 1736 312 L.
1782 256 2126 314 D’ACHERY
2165 259 2390 316 NOTIE.

3542 267 3679 322 1154

167 383 416 439 dendum
443 391 544 450 est,
574 384 826 440 domine.
863 404 890 437 η
912 392 1021 442 etc.
1056 383 1201 440 Vide
1217 385 1368 440 inter
1387 387 1575 458 Opera
1605 388 1871 444 Amelmi
1909 395 1955 445 A
1984 391 2138 446 citati
2171 405 2302 462 pag.
2337 393 2440 446 505
2469 399 2525 448 et
2571 391 2730 447 alibi.
2764 393 2900 449 Iiem
2944 394 3268 452 Hermanus
3303 395 3400 452 lib.
3453 411 3489 463 ι,
3544 409 3676 467 pag.

167 471 566 526 Laudunensis
603 473 682 527 ad
701 491 796 527 an.
841 477 995 541 1117,

235 564 473 614 643-6
520 561 540 614 l
549 569 601 616 ta
627 561 1017 617 eruditissima
1038 561 1291 617 Anselmi
1311 562 1572 632 epistola,
1598 579 1730 634 qua
1750 565 1874 622 diu-

165 649 280 704 tius
311 649 593 717 tenebras,
621 658 814 719 utpote
841 651 991 706 lectu
1015 651 1353 722 dignissima
1375 652 1488 720 pati
1513 667 1625 708 non
1649 653 1867 710 debuit.

233 736 416 803 Quam
450 739 696 809 turpiter
721 739 1171 804 hallucinentur,
1205 741 1305 810 qui
1340 742 1494 796 hunc
1534 743 1868 798 Anselmum

165 825 513 881 monachum
563 827 785 894 volunt,
834 842 908 883 ex
966 828 1233 898 superius
1290 829 1496 895 allatis,
1530 838 1583 886 et
1634 830 1701 886 iis
1739 845 1870 901 qua

165 913 364 968 scribit
392 913 719 977 Guibertus,
755 916 1106 986 relinquitur
1155 917 1309 972 haud
1375 918 1530 974 ullus
1567 919 1870 975 dubitandi

165 1000 372 1057 locus:
406 1005 637 1060 errandi
681 1011 873 1060 autem
923 1019 1122 1061 ansam
1174 1006 1469 1076 prabuere
1529 1008 1723 1077 plures
1766 1008 1872 1064 hoc

165 1090 421 1147 Anselmi
454 1093 708 1159 nomine,
739 1094 935 1149 eadem
969 1102 1301 1164 tempestate
1345 1095 1631 1166 insigniti;
1667 1111 1870 1166 nempe

166 1179 494 1236 Anselmms
521 1181 970 1249 Cantuariensis,
1017 1185 1186 1253 cujus
1227 1183 1318 1239 ille
1348 1185 1581 1240 auditor
1632 1185 1867 1252 exstitit,

163 1275 218 1323 et
249 1268 554 1325 Anselmus
579 1285 651 1326 ex
692 1271 898 1326 abbate
931 1271 986 1327 8.
1024 1271 1305 1328 Vincentii
1332 1273 1515 1329 Laud.
1572 1273 1873 1344 episcopus

164 1357 561 1414 Tornacensis.

235 1446 581 1503 Tumulatus
618 1447 724 1504 fuit
781 1449 1055 1519 magister
1103 1448 1409 1505 Anselmus
1464 1449 1520 1505 in
1575 1449 1873 1507 San-Vin-

162 1533 426 1589 centiano
478 1535 704 1605 templo.
765 1536 1135 1606 Epitaphium
1192 1538 1454 1607 sepulcro
1520 1539 1870 1609 insculptum

162 1623 335 1678 refert
371 1623 627 1680 Andreas
656 1624 975 1692 Duchesne,
1007 1634 1120 1682 not.
1163 1626 1234 1680 ad
1286 1626 1672 1683 Abaelardum
1734 1641 1864 1698 pag.

165 1714 322 1778 1163,
366 1713 466 1783 qui
515 1720 569 1769 et
627 1713 894 1782 pluribus
962 1713 1160 1770 laudat
1201 1715 1468 1770 eumdem
1526 1691 1866 1770 Anselmuin
1908 1691 1948 1745 Β
1979 1691 2097 1768 sem
2155 1691 2480 1770 civitatem-
2523 1691 2828 1782 intulisset,
2894 1739 2915 1765 «

161 1800 301 1856 ibid.
328 1807 383 1856 et
430 1815 560 1872 pag.
611 1801 764 1868 1147,
816 1802 1194 1872 corrigendus
1249 1810 1439 1858 tamen
1487 1811 1571 1858 est
1617 1804 1674 1858 in
1730 1805 1870 1859 cita-

166 1889 318 1943 tione
367 1888 617 1944 historia
680 1889 942 1945 canonici
1009 1891 1336 1960 cujusdam,
1407 1905 1604 1946 revera
1664 1891 1871 1946 etenim

167 1984 374 2032 auctor
402 1991 717 2048 germanus
741 1992 775 2033 a
825 1979 989 2033 nobis
1034 1979 1349 2049 evulgatur
1379 1980 1702 2035 Hermanus
1753 1994 1872 2035 mo-

166 2065 429 2120 machus.
478 2065 618 2122 Vide
649 2066 1036 2136 Appendicem
1085 2067 1155 2121 ad
1190 2069 1327 2122 Vita
1359 2067 1617 2123 Guiberti
1649 2068 1748 2124 lib.
1781 2083 1869 2124 ιιι.

310 2156 663 2208 Decanorum
691 2154 1086 2209 Laudunensis
1114 2155 1388 2210 Ecclesia
1411 2157 1729 2228 catalogus.

238 2241 717 2312 Quandoquidem
783 2243 852 2299 de
901 2245 1168 2300 Anselmo
1226 2245 1442 2300 decano
1501 2245 1874 2302 Laudunensi

167 2331 467 2401 attigimus
486 2331 791 2398 nonnulla,
813 2339 867 2387 et
887 2332 1199 2389 Guibertus
1220 2334 1336 2402 ipse
1357 2341 1532 2402 atque
1554 2334 1876 2390 Hermanus

168 2420 460 2490 plerisque
493 2419 550 2476 in
577 2418 717 2476 locis
745 2421 1009 2476 eumdem
1039 2421 1181 2477 mire
1209 2421 1468 2483 laudant,
1495 2430 1550 2477 et
1578 2422 1646 2478 de
1674 2423 1874 2478 Eccle-

164 2509 251 2564 sia
313 2508 677 2564 Laudunensi
709 2508 890 2564 multa
932 2517 1220 2572 attexunt,
1255 2510 1411 2566 haud
1464 2511 1571 2566 erit
1627 2511 1873 2566 otiosum

165 2596 494 2667 catalogum
564 2595 822 2666 ejusdem
887 2596 1154 2653 Ecclesia
1211 2598 1560 2654 decanorum
1618 2599 1878 2654 maxima

166 2692 328 2754 parte
357 2685 429 2740 ab
460 2685 622 2740 docto
682 2685 934 2740 Antonio
975 2685 1227 2751 Bellotte,
1279 2686 1380 2755 qui
1438 2701 1595 2741 nunc
1649 2686 1873 2742 dierum

165 2771 478 2828 decanatus
527 2771 798 2842 praclare
830 2771 976 2843 gerit
1015 2787 1184 2841 onus,
1217 2788 1287 2828 ex
1343 2773 1599 2842 antiquis
1654 2773 1878 2829 schedis

167 2859 493 2929 collectum,
523 2875 596 2916 ex
634 2860 991 2917 chartulario
1030 2861 1388 2930 potissimum
1437 2863 1592 2932 quod
1629 2863 1876 2918 Jacobus

167 2946 238 3002 de
286 2947 476 3004 Trecis
524 2948 839 3004 canonicus
889 2955 944 3004 et
999 2949 1442 3005 archidiaconus
1499 2949 1870 3006 Laudunens.
1913 2981 1953 3035 ε

168 3037 532 3105 postmodum
563 3037 636 3092 ad
666 3051 954 3093 summam
984 3037 1249 3093 Ecclesia
1282 3037 1702 3108 prafecturam,
1744 3054 1874 3095 sor-

164 3124 310 3180 titus
337 3124 550 3181 Urbani
582 3125 662 3182 IV
694 3139 926 3193 nomen,
957 3133 1038 3182 est
1078 3130 1328 3193 evectus,
1369 3126 1568 3182 conﬁci
1626 3127 1873 3194 curavit,

165 3213 379 3268 nostris
416 3212 914 3269 observationibus
973 3228 1130 3270 more
1211 3222 1403 3270 nostro
1461 3215 1874 3271 concinnatum

167 3314 491 3356 accensere.

242 3387 347 3444 Sed
381 3403 513 3444 vero
564 3403 697 3444 cum
746 3388 909 3444 nulla
959 3403 1196 3458 prorsus
1227 3390 1603 3445 vetustiorum
1661 3405 1873 3447 monu-

167 3485 495 3533 mentorum
527 3476 791 3532 Ecclesia
852 3477 1252 3533 Laudunensis
1297 3477 1536 3548 vestigia
1592 3478 1876 3548 reliquere

169 3565 345 3632 cives,
378 3566 517 3622 dum
558 3579 718 3621 more
761 3565 1066 3634 duellium,
1116 3565 1287 3633 cade,
1338 3566 1636 3636 sanguine,
1703 3574 1879 3636 atque

169 3653 308 3722 igne
330 3653 661 3709 universam
699 3667 876 3722 prope
931 3652 1221 3708 civitatem
1269 3653 1626 3721 destruxere,
1684 3663 1875 3709 vasta-

165 3755 322 3808 vere,
357 3741 848 3810 quemadmodum
882 3741 1215 3810 posteritati,
1251 3740 1563 3797 Guibertus
1610 3743 1688 3798 De
1748 3741 1879 3798 Vita

166 3843 296 3894 sua,
358 3828 456 3885 lib.
507 3845 586 3896 ιιι,
637 3832 692 3885 et
751 3829 1077 3884 Hermanus
1129 3829 1227 3884 lib.
1280 3843 1336 3885 vx
1368 3831 1444 3885 De
1495 3829 1791 3886 miraculis
1819 3830 1874 3885 8.

166 3917 362 3973 Maria
413 3917 675 3973 Laudun.
721 3917 822 3972 ubi
856 3931 1052 3986 supra,
1088 3917 1370 3974 tradidere
1406 3932 1418 3971 :
1470 3932 1584 3973 non
1642 3919 1735 3973 hic
1765 3932 1881 3974 mo-

165 4019 372 4061 ramur
401 4005 751 4075 antiquiora,
776 4005 872 4061 sed
905 4006 1103 4061 media
1128 4006 1312 4061 atatis
1340 4005 1627 4062 duntaxat
1668 4005 1879 4076 scripta

167 4093 228 4148 in
277 4093 525 4149 texendo
573 4095 926 4149 decanorum
983 4094 1232 4163 prafata
1297 4093 1562 4149 Ecclesia
1620 4092 1878 4164 catalogo

169 4181 476 4254 vestigare,
529 4197 730 4252 nempe
784 4183 1090 4238 exordium
1121 4196 1155 4237 a
1186 4180 1396 4238 celebri
1447 4181 1542 4238 illo
1601 4183 1878 4254 magistro

168 4271 442 4326 Anselmo
465 4271 777 4341 capiemus.

243 4359 287 4414 Ι.
321 4359 623 4416 Anselmus
675 4359 930 4417 decanus
977 4368 1031 4415 et
1096 4359 1536 4416 archidiaconus
1575 4374 1748 4430 quem
1797 4359 1878 4415 sic

169 4447 532 4504 commendat
561 4447 872 4505 Guibertus
901 4448 1097 4514 abbas,
1134 4448 1615 4504 Bartholomaum
1661 4447 1878 4517 episco-

170 4551 312 4606 pum
339 4535 600 4592 Laudun.
632 4537 934 4607 alloquens
959 4537 1232 4606 proamio
1262 4537 1333 4591 ad
1363 4536 1640 4593 Geneseos
1661 4549 1880 4604 ,mora-

171 4624 359 4681 litates
387 4640 398 4680 :
439 4646 461 4674 ι
497 4625 709 4680 lndidit
743 4633 897 4680 tanto
929 4626 1079 4680 Deus
1109 4625 1279 4694 capiti
1313 4625 1458 4680 duos
1489 4625 1685 4680 oculos
1731 4624 1880 4680 side-

170 4713 336 4769 ribus
385 4713 672 4781 clariores,
708 4713 844 4768 dum
878 4725 912 4766 a
958 4711 1176 4767 dextris
1206 4712 1380 4766 habes
1432 4712 1766 4766 Anselmum
1797 4719 1878 4766 to-

172 4802 290 4858 tius
313 4801 498 4856 Latini
524 4802 680 4857 orbis
731 4799 1059 4870 magisterio
1118 4799 1513 4869 pradicatum,
1559 4799 1730 4870 cujus
1764 4808 1880 4856 tam

173 4889 400 4945 sincera
426 4897 510 4944 est
542 4889 598 4944 in
627 4889 1058 4958 Scripturarum
1101 4903 1168 4944 ac
1194 4888 1324 4943 fidei
1382 4888 1696 4944 assertione
1723 4903 1880 4944 seve-

173 4977 336 5041 ritas,
372 4984 434 5031 ut
459 4977 652 5046 plures
674 4989 838 5033 veros
867 4976 988 5032 suis
1014 4976 1289 5044 probetur
1321 4975 1680 5032 documentis
1709 4976 1883 5032 fuisse

173 5063 504 5130 catholicos,
537 5079 714 5134 quam
769 5063 1080 5120 instituisse
1124 5063 1371 5133 potuerit
1399 5077 1674 5120 erroneus
1715 5065 1882 5134 quis-

171 5154 327 5224 piam
371 5153 640 5222 temporis
696 5153 872 5224 hujus
923 5152 1246 5220 hareticos;
1281 5151 1622 5208 altrinsecus
1668 5153 1885 5208 Badul-

175 5242 379 5313 phum,
443 5262 464 5288 ι
517 5248 624 5296 etc.
669 5241 738 5297 Et
783 5241 882 5296 lib.
939 5255 997 5296 ιιι
1063 5240 1142 5295 Da
1195 5240 1322 5297 Vita
1374 5255 1501 5307 sua,
1547 5255 1679 5311 pag.
1726 5242 1879 5296 498:

179 5349 210 5382 α
241 5329 513 5400 Magister
543 5329 814 5386 Ansellus
844 5329 934 5385 vir
988 5328 1163 5384 totius
1206 5328 1479 5395 Francia,
1535 5329 1648 5384 imo
1697 5328 1883 5385 Latini

177 5415 334 5473 orbis
384 5415 579 5472 lumen
608 5417 666 5472 in
702 5415 1036 5472 liberalibus
1081 5414 1418 5484 disciplinis,
1452 5422 1506 5472 et
1557 5414 1885 5486 tranquillis

182 5505 458 5562 moribus.
497 5526 518 5552 ι
556 5505 731 5562 Plura
761 5505 819 5560 in
859 5505 1015 5562 hunc
1063 5504 1302 5560 modum
1348 5503 1496 5560 idem
1543 5510 1748 5560 auctor
1776 5501 1884 5558 loci

1978 481 2100 546 528,
2133 487 2188 535 et
2217 480 2312 536 lib.
2347 495 2426 547 ιιι,
2457 495 2588 552 pag.
2648 483 2772 549 558,
2805 483 3002 537 multis
3033 484 3302 540 laudibus
3345 485 3680 541 Anselmum

1977 569 2257 624 cumulat.
2307 569 2554 625 Anselmi
2621 569 2942 626 doctrinam
3009 572 3342 638 magnificat
3389 574 3683 644 Rupertus

1977 657 2286 713 Tuitiensis
2356 658 2500 713 libro
2554 658 2622 714 de
2685 659 3107 728 Omnipotentia
3159 661 3279 726 Dei,
3329 675 3454 731 cap.
3513 666 3560 729 1,
3610 662 3678 717 de

1977 745 2250 801 Anselmo
2289 745 2532 816 loquens
2563 746 2650 801 his
2676 748 2868 802 verbis
2901 764 2913 801 :
2945 769 2973 798 «
2997 749 3304 806 Anselmus
3334 751 3680 806 Laudunen-

1977 831 2056 885 sis
2088 831 2333 900 Lucifer,
2371 854 2392 880 ι
2435 841 2585 903 etc.;
2633 842 2688 890 et
2716 850 2842 905 cap.
2873 839 2941 889 26
2976 852 2988 890 :
3021 858 3041 884 ι
3092 837 3188 892 llle
3237 837 3407 908 cujus
3456 837 3594 892 ﬁdes
3627 844 3684 892 et

1978 919 2216 974 scientia
2267 933 2383 988 pra
2439 923 2658 978 cateris
2706 923 2854 978 bono
2899 924 3177 980 hactenus
3225 939 3357 980 cum
3404 925 3574 980 odore
3621 926 3682 981 in

1977 1007 2229 1062 Ecclesia
2277 1009 2488 1064 Christi
2534 1010 2860 1078 fructificat,
2919 1011 3325 1067 Laudunensis
3380 1012 3682 1068 Anselmus

1977 1108 2085 1150 sua
2114 1095 2260 1162 illos,
2295 1105 2359 1152 ut
2407 1099 2685 1154 veraciter
2730 1101 3136 1169 comperimus,
3179 1101 3520 1156 auctoritate
3557 1115 3681 1157 cor-

1979 1183 2229 1246 roborat,
2292 1206 2320 1234 »
2369 1194 2475 1241 etc.
2547 1188 2804 1257 Denique
2852 1189 2947 1244 lib.
3002 1203 3018 1244 ι
3065 1189 3121 1244 in
3172 1189 3432 1260 regulam
3489 1188 3680 1245 Sancti

1985 1271 2290 1341 Benedicti,
2348 1281 2481 1329 ante
2529 1275 2811 1344 medium;
2863 1276 2923 1331 in
2978 1276 3223 1332 Galliam
3281 1276 3524 1343 venisse,
3565 1291 3682 1347 quo

1979 1373 2098 1415 sese
2127 1359 2275 1416 inter
2301 1368 2477 1431 atque
2507 1360 2876 1419 Guillelmum
2925 1363 3403 1420 Catalaunensem
3431 1365 3678 1436 episcop.

1981 1447 2049 1503 de
2089 1448 2262 1504 libera
2314 1449 2412 1504 Dei
2461 1450 2755 1506 voluntate
2803 1452 3155 1522 conferrent;
3205 1454 3300 1509 sed
3347 1455 3682 1510 Anselmum

1982 1544 2030 1603 (α
2067 1539 2273 1607 quovis
2334 1539 2617 1609 episcopo,
2689 1540 2895 1610 inquit,
2983 1542 3336 1607 famesioem,
3412 1543 3683 1612 quamvis

1985 1625 2101 1694 ipse
2132 1640 2246 1682 non
2266 1635 2410 1682 esset
2430 1629 2726 1698 episcopus
2763 1629 2812 1698 »)
2851 1629 2952 1684 ubi
3004 1631 3200 1700 pedem
3250 1629 3308 1685 in
3340 1631 3684 1686 Laudunen-

2995 1718 3266 1775 ultimum
3362 1719 3682 1774 trahentem

1982 1802 2247 1871 spiritum
2280 1823 2308 1851 ››
2342 1804 2637 1873 reperisse,
2675 1805 2882 1860 innuit.

2056 1891 2308 1960 Denique
2335 1892 2673 1948 Anselmum
2731 1892 2925 1949 ferunt
2972 1909 3198 1950 summa
3237 1895 3415 1950 animi
3467 1895 3684 1950 demis-

1981 1975 2137 2032 sione
2207 1977 2600 2046 episcopatum
2675 1979 3115 2036 Laudunensem
3196 1989 3428 2037 strenue
3509 1995 3683 2038 recu-

1981 2076 2041 2118 sa
2048 2077 2152 2118 886.

2053 2151 2401 2222 Subscripsit
2428 2153 2642 2209 charta
2673 2153 3070 2210 Bartholomai
3103 2155 3502 2212 Laudunensis
3535 2157 3683 2213 data

1981 2253 2135 2296 anno
2189 2243 2320 2294 1113
2359 2242 2512 2310 apud
2581 2243 2936 2299 Hemeraum
3002 2245 3282 2314 Augusta
3344 2245 3680 2302 Viromand.

1983 2327 2188 2383 illustr.
2222 2342 2351 2398 pag.
2391 2331 2508 2383 140.
2548 2351 2569 2378 ι
2628 2330 2748 2400 Ego
2781 2330 3046 2386 Ausellus
3074 2330 3129 2385 8.
3192 2332 3384 2388 Maria
3443 2333 3684 2389 Laudu-

1984 2417 2196 2471 mensis
2225 2417 2605 2473 cancellarius
2632 2417 2804 2489 relegi
2836 2427 2891 2474 et
2923 2419 3255 2489 subscripsi.
3285 2439 3313 2472 ιι

2053 2505 2099 2558 E
2145 2504 2354 2560 scholis
2403 2505 2773 2562 Laudunens.
2823 2516 3040 2563 rectore
3087 2509 3370 2577 Anselmo,
3417 2509 3685 2579 permulti

1982 2591 2194 2647 eximia
2220 2591 2498 2660 doctrina,
2528 2594 2826 2664 sapientia,
2863 2597 2963 2666 qui
3009 2596 3246 2652 Galliam
3296 2597 3682 2666 illustrarunt,

1986 2680 2449 2750 prodiere;quos
2479 2683 2625 2739 inter
2681 2684 3292 2754 Petrus-Abaelardus,
3345 2685 3686 2742 Guillelmus

1984 2769 2052 2824 de
2080 2769 2382 2838 Campellis
2410 2771 2721 2828 archidiac.
2769 2773 2971 2840 Paris,
2999 2782 3123 2843 post
3153 2775 3454 2844 episcopus
3509 2775 3685 2830 Cata-

1985 2858 2272 2926 launens.,
2359 2859 2660 2916 Albericus
2754 2862 3123 2917 Bituricensis
3194 2862 3680 2933 archiepiscopus,

1982 2945 2324 3003 Guillelmus
2389 2947 2788 3005 Cantuariens.
2849 2950 3332 3020 archiepiscopus,
3398 2949 3687 3007 Gilbertus

1982 3034 2328 3092 Porretanus
2359 3036 2705 3093 Pictavensis
2750 3037 3070 3108 episcopus,
3119 3037 3367 3109 Algarus
3414 3039 3534 3095 sive
3580 3039 3685 3095 Al-

1982 3123 2200 3193 gardus
2228 3123 2524 3181 Constant.
2555 3127 2869 3196 episcopus.

2052 3211 2118 3265 In
2150 3211 2489 3280 prafectura
2517 3215 2848 3271 scholarum
2881 3215 3153 3271 successit
3206 3214 3546 3285 Radulphus
3576 3219 3688 3271 An-

1981 3298 2142 3354 selmi
2169 3315 2502 3370 germanus,
2534 3312 2596 3359 ut
2627 3304 2782 3358 testis
2817 3307 2902 3359 est
2934 3304 3258 3360 Hermanus
3290 3304 3386 3359 lib.
3418 3319 3498 3370 ιιι,
3555 3318 3680 3375 cap.

1980 3389 2014 3440 4
2049 3403 2061 3442 :
2100 3407 2128 3439 α
2167 3389 2298 3445 Post
2345 3404 2563 3462 paucos
2609 3392 2727 3447 dies
2777 3392 2989 3461 (habet)
3049 3393 3140 3448 vir
3201 3391 3299 3448 Dei
3370 3392 3686 3448 Norbertus

1983 3477 2334 3535 Laudunum
2398 3481 2636 3536 veniens
2713 3482 2968 3536 scholam
3047 3481 3305 3552 magistri
3373 3481 3684 3552 Radulphi,

1984 3566 2085 3634 qui
2117 3580 2390 3636 germano
2419 3568 2689 3624 Anselmo
2719 3569 2989 3626 defuncto
3029 3578 3399 3638 successerat,
3433 3571 3684 3642 ingredi-

1986 3661 2100 3720 tur,
2141 3675 2161 3700 ι
2197 3664 2300 3710 etc.

2055 3737 2128 3792 II.
2165 3737 2351 3794 Guido
2379 3752 2483 3796 seu
2536 3739 2704 3796 Wido
2738 3741 2806 3796 de
2853 3743 3026 3808 Anco,
3061 3741 3118 3796 in
3176 3741 3427 3798 Anselmi
3495 3742 3687 3800 locum

1985 3824 2260 3882 suffectus
2279 3833 2400 3882 est:
2436 3847 2463 3875 «
2492 3827 2680 3884 JEtate
2711 3829 2943 3898 quidem
2970 3829 3223 3900 juvenis,
3275 3830 3372 3884 sed
3430 3831 3688 3888 moribus

1986 3927 2179 3981 senex,
2221 3936 2248 3963 »
2298 3913 2468 3970 refert
2513 3915 2751 3972 historia
2793 3919 3206 3988 manuscripta.
3258 3919 3432 3972 Item:
3468 3939 3497 3968 «
3547 3919 3687 3976 dum

1985 4010 2128 4057 esset
2157 4002 2410 4058 decanus
2438 4004 2714 4059 castitatis
2759 4013 2999 4072 amator,
3032 4013 3086 4061 et
3141 4005 3502 4062 ecclesiastici
3553 4007 3686 4062 ofti-

1985 4089 2056 4144 cii
2082 4091 2352 4146 assiduus
2391 4090 2804 4162 frequentator.
2843 4113 2864 4140 ι
2915 4094 3176 4150 Decanus
3226 4094 3438 4164 pariter
3482 4103 3537 4151 et
3586 4109 3686 4150 ar-

1987 4177 2358 4236 chidiaconus
2388 4179 2516 4236 fuit.
2551 4183 2674 4250 [pse
2696 4183 2786 4253 (ut
2807 4183 2998 4240 ferunt
3035 4184 3248 4240 charta
3288 4184 3687 4242 Laudunensis

1912 4274 1955 4327 D
1990 4267 2277 4337 Ecclesia)
2311 4290 2338 4317 ‹‹
2385 4269 2512 4324 fecit
2574 4278 2635 4325 ut
2699 4272 3156 4341 supprimeretur
3239 4287 3453 4328 munus
3510 4273 3688 4343 quod-

1987 4356 2120 4412 dam
2156 4357 2461 4426 prapositi,
2497 4359 2648 4428 quod
2690 4373 2899 4430 magno
2947 4361 3104 4416 oneri
3144 4365 3290 4416 esset
3322 4361 3441 4431 {ipsi
3489 4361 3686 4416 Eccle-

1989 4459 2107 4499 sua.
2142 4466 2170 4494 ))

2059 4532 2314 4588 Abbatia
2377 4532 2565 4590 Sancti
2646 4535 2930 4591 Vincentii
2988 4536 3352 4592 Laudunensi
3417 4537 3685 4608 quadam

1989 4621 2230 4676 contulit
2258 4621 2329 4676 ad
2361 4621 2518 4677 hunc
2564 4622 2818 4678 modum.
2844 4643 2872 4670 ‹‹
2925 4624 3046 4694 Ego
3077 4623 3242 4680 Wido
3281 4633 3490 4680 sancta
3530 4626 3684 4682 Lau-

1991 4709 2268 4764 dunensis
2297 4710 2562 4766 Ecclesia
2602 4711 2874 4779 decanus,
2907 4719 2961 4768 et
2986 4720 3141 4769 totus
3185 4721 3524 4775 conventus,
3574 4723 3681 4770 etc.

1989 4797 2199 4852 Notum
2251 4797 2511 4865 facimus,
2551 4807 2681 4867 etc.,
2731 4801 2886 4870 quod
2930 4815 3063 4856 cum
3119 4801 3176 4856 in
3211 4802 3497 4858 territorio
3537 4803 3686 4858 villa

1991 4893 2215 4948 nostra,
2241 4900 2418 4955 quam
2454 4887 2757 4943 Brisseium
2788 4896 3014 4957 vocant,
3055 4903 3256 4946 versus
3305 4891 3685 4959 Mecbaniam,

1993 4976 2050 5029 in
2076 4974 2197 5030 loco
2229 4973 2328 5030 ubi
2369 4974 2582 5030 dicitur
2639 4977 2867 5046 Report,
2902 4985 3113 5033 terram
3137 4978 3412 5033 incultam
3452 4979 3688 5034 habere-

1995 5075 2141 5127 mus,
2175 5060 2438 5116 Anselmo
2486 5062 2678 5118 abbati
2726 5072 2781 5119 et
2811 5065 3107 5121 monachis
3149 5065 3202 5121 8.
3260 5065 3541 5122 Vincentii
3582 5069 3685 5137 qui

1993 5150 2051 5204 in
2084 5149 2204 5218 ipsa
2230 5149 2527 5204 Mechania
2558 5157 2777 5206 curtem
2821 5166 2995 5207 unam
3029 5153 3262 5221 habent,
3309 5155 3378 5210 de
3411 5162 3560 5210 terra
3591 5155 3687 5210 illa

1993 5237 2139 5292 duas
2171 5245 2473 5292 carucatas
2521 5237 2589 5292 ad
2620 5251 2819 5293 omnes
2854 5239 3007 5310 rigas
3045 5241 3117 5296 ad
3161 5241 3476 5312 terragium
3520 5256 3685 5298 nona

1995 5325 2204 5397 gerba,
2230 5325 2308 5380 ita
2339 5325 2532 5392 libere,
2557 5326 2705 5381 sicut
2725 5335 2779 5382 et
2806 5327 2912 5396 ipsi
2940 5329 3360 5398 obtinebamus,
3415 5339 3686 5402 perpetuo

1988 5415 2122 5485 jure
2153 5415 2568 5482 concessimus;
2613 5421 2667 5470 et
2698 5415 2976 5484 quoniam
3026 5417 3262 5487 prafata
3305 5419 3367 5474 B.
3419 5419 3689 5491 Martyris

1995 5501 2248 5557 Ecclesia
2317 5500 2636 5571 specialiter
2701 5501 2964 5558 Ecclesia
3021 5513 3226 5560 nostra
3286 5504 3404 5560 filia
3447 5519 3570 5563 esse
3608 5507 3690 5564 di-
