3944 6084
282 249 417 303 1155

1304 244 1396 298 AD
1439 243 1592 298 OPP.
1639 244 1793 298 VEN.
1836 243 2170 300 GUIBERTI
2213 243 2301 297 DE
2342 243 2744 300 NOVIGENTO

3637 251 3783 302 1156

279 375 595 443 gnoscitur,
627 382 679 430 et
710 389 812 429 nos
846 372 950 442 ipsi
983 371 1039 426 in
1083 373 1204 441 ipsa
1243 372 1464 440 sepeliri
1502 379 1784 438 tenemur,
1839 385 1979 425 con-
2019 383 2064 432 Α
2093 378 2351 426 nostrum
2402 385 2532 426 cum
2595 370 2825 441 propria
2875 378 3113 427 vectura
3170 372 3509 440 conducent,
3566 375 3797 444 ipsique

279 469 553 519 cessimus
611 464 868 533 ejusdem
933 461 1195 516 Ecclesiae
1251 461 1525 516 fratribus
1576 461 1862 529 quidquid
1919 460 1976 514 in

279 553 549 609 Ecclesiis
587 551 794 606 nostris
843 550 1125 605 hactenus
1177 549 1593 620 acquisierunt,
1627 557 1680 604 et
1713 550 1979 618 deinceps

279 643 602 711 acquirent,
661 648 717 694 et
769 639 1056 709 quidquid
1122 639 1367 708 episcopi
1444 639 1853 694 Laudunenses
1897 638 1979 693 eis

281 728 669 794 contulerunt,
707 727 794 782 vel
832 727 888 781 in
923 735 1210 796 posterum
1243 726 1552 792 conferent,
1591 726 1764 781 libere
1808 727 1978 795 possi-

279 817 554 873 dendum.
612 818 816 872 Actum
877 815 934 869 in
983 817 1234 884 capitulo
1291 823 1503 879 nostro,
1556 829 1709 870 anno
1753 816 1976 870 Domini

284 909 440 961 1139.
476 926 505 956 ››
538 906 622 960 Ita
651 904 1094 960 cbartularium.

352 993 566 1050 Verum
625 1007 759 1048 cum
832 991 1150 1047 sanctitatis
1210 991 1337 1061 ejus
1392 999 1447 1047 et
1501 990 1774 1047 doctrinae
1825 991 1979 1045 fama

281 1082 498 1152 ubique
541 1088 892 1150 personaret,
948 1081 1019 1136 ad
1066 1080 1453 1150 episcopatum
1504 1080 1978 1135 Calalaunensem

281 1185 434 1227 anno
490 1172 626 1226 1140
688 1178 787 1226 aut
859 1171 992 1224 1142
1067 1169 1400 1225 assumitur.
1464 1169 1830 1224 Hermannus
1877 1169 1977 1238 qui

279 1274 457 1330 supra
489 1259 586 1315 lib.
621 1275 697 1327 III,
727 1272 852 1328 cap.
889 1261 1010 1313 352.

350 1349 447 1404 Ill.
477 1347 784 1404 Gualterus
813 1347 880 1402 de
903 1345 1244 1402 Mauritania
1271 1359 1424 1400 anno
1450 1347 1604 1398 H52.
1638 1344 1760 1412 Hic,
1793 1359 1982 1399 exem-

280 1437 374 1507 plo
397 1437 666 1492 Ludovici
684 1436 781 1490 VII
811 1435 959 1505 regis
981 1435 1352 1499 Francorum,
1385 1434 1485 1503 qui
1511 1435 1610 1503 jus
1629 1425 1796 1488 omne
1825 1433 1976 1502 quod

281 1525 341 1581 in
393 1525 776 1580 Molendinum
834 1522 1166 1592 d’Argentré
1215 1522 1480 1586 habebat,
1537 1521 1787 1576 ecclesia;
1829 1521 1978 1576 Prae-

281 1613 682 1669 monstratensi
714 1612 966 1675 dederat,
1001 1626 1131 1666 cum
1164 1610 1414 1680 capitulo
1456 1625 1560 1665 suo
1595 1610 1690 1680 jus
1743 1624 1977 1679 quoque

281 1714 454 1756 suum
482 1701 539 1755 in
571 1700 907 1769 praedictum
948 1699 1334 1754 Molendinum
1396 1699 1656 1764 contulit,
1689 1711 1753 1752 ea
1803 1698 1980 1766 potis—

282 1789 493 1844 simum
525 1789 593 1844 de
625 1802 820 1855 causa,
851 1808 879 1837 «
911 1786 1070 1853 Quod
1102 1787 1253 1842 dicta
1280 1786 1525 1848 ecclesia
1575 1786 1983 1840 Prmmonstra-

285 1876 457 1932 tensis
483 1877 556 1932 ab
587 1876 725 1945 ipsis
757 1877 973 1931 decano
1010 1883 1064 1930 et
1097 1873 1347 1944 capitulo
1387 1882 1680 1943 procreata
1717 1881 1878 1939 esset,
1931 1880 1986 1928 et

283 1963 342 2017 in
376 1963 558 2018 medio
597 1977 716 2018 suae
741 1963 949 2018 domus
977 1971 1039 2018 ut
1072 1962 1187 2018 ﬁlia
1236 1971 1509 2017 maneret.
1545 1984 1565 2010 ι
1601 1961 1781 2018 Verba
1806 1961 1982 2016 dona-

282 2051 452 2107 tionis
480 2065 632 2106 anno
667 2052 800 2105 1149
834 2051 1012 2106 factm.

354 2141 478 2208 Ipse
541 2147 706 2194 etiam
736 2139 1175 2208 capitulumque
1204 2152 1270 2193 ea
1315 2138 1465 2194 bona
1513 2138 1806 2205 concessit,
1853 2151 1984 2206 quae

287 2228 844 2282 Prmmonstratensis
891 2227 1124 2282 abbatia
1190 2227 1436 2296 possidet
1484 2228 1541 2281 in
1613 2227 1982 2296 Valiscurto;

283 2315 437 2385 quod
464 2322 613 2384 patet
633 2329 704 2370 ex
736 2315 888 2370 hisce
919 2315 1118 2370 litteris
1151 2316 1287 2370 anni
1325 2317 1477 2370 H53.

364 2425 384 2451 ι
419 2404 482 2458 In
533 2404 763 2459 nomine
792 2411 1002 2459 sanctze
1031 2410 1086 2458 et
1138 2401 1448 2458 individuze
1494 2403 1804 2459 Trinitatis.
1839 2403 1986 2469 Quia

283 2495 508 2544 naturae
541 2489 835 2544 mutabilis
854 2488 1122 2558 exigente
1144 2488 1386 2554 delectu,
1416 2490 1708 2559 generatio
1737 2488 1987 2558 praeterit

282 2583 338 2632 et
368 2577 658 2646 generatio
688 2576 940 2642 advenit,
991 2575 1178 2644 sitque
1211 2583 1272 2630 ut
1316 2585 1572 2631 vetustas
1618 2576 1983 2642 oblivionem,

283 2664 496 2719 oblivio
542 2663 933 2720 confusionem
977 2665 1163 2733 pariat
1203 2671 1257 2719 et
1298 2665 1740 2730 contentionem,
1792 2676 1986 2719 neces-

285 2752 433 2807 sarie
481 2767 602 2808 mos
655 2753 886 2808 inolevit
925 2760 989 2808 ut
1029 2753 1304 2808 beneficia
1359 2752 1447 2808 vel
1476 2753 1853 2821 possessiones
1903 2763 1989 2807 ec"

288 2839 594 2896 clesiarum
638 2841 848 2910 scripto
906 2841 1232 2907 tradantur,
1285 2849 1340 2896 et
1394 2841 1860 2896 transmittantur
1915 2841 1988 2895 ad

2086 459 2462 514 conductores
2493 459 2606 514 duo
2633 461 2702 514 ad
2731 475 2991 528 currum,
3030 477 3182 517 unus
3215 462 3282 516 ad
3308 463 3567 530 rhedam,
3601 477 3666 518 ea
3700 465 3796 517 die

2087 548 2222 603 siin
2266 547 2560 603 refectorio
2612 549 3030 604 comederimus
3085 551 3300 605 victum
3353 565 3386 605 a
3436 552 3599 606 nobis
3648 553 3798 607 acci-

2087 637 2262 706 pient.
2293 636 2711 692 Persolvuntur
2739 637 2909 692 etiam
2946 639 3107 694 nobis
3150 640 3453 694 annuatim
3488 654 3520 693 a
3553 641 3798 710 praefata

2088 725 2613 779 Przemonstratensi
2652 725 2904 780 Ecclesia
2951 727 3215 796 quinque
3256 726 3418 781 solidi
3460 728 3621 782 bonae
3672 743 3796 783 mo-

2087 819 2248 873 netae,
2282 826 2383 880 pro
2415 813 2667 882 quadam
2698 814 2951 882 portione
2973 823 3137 870 terrm
3173 815 3328 871 illius
3367 830 3495 886 quae
3530 819 3800 886 prmscri-

2087 907 2184 969 pta
2210 908 2313 966 est,
2355 900 2423 955 de
2451 915 2569 970 qua
2600 901 2746 956 inter
2793 917 2895 958 nos
2933 909 2988 958 et
3054 905 3364 960 monachos
3419 904 3610 960 Sancti
3661 905 3804 960 Vin-

2085 987 2512 1058 centiiquerela
2546 988 2890 1059 aliquandiu
2933 991 3150 1058 habita,
3184 1000 3238 1048 et
3269 993 3375 1048 sub
3424 993 3803 1048 adnotatione

2085 1075 2340 1145 ejusdem
2374 1091 2580 1133 census
2600 1077 2786 1133 fuerat
2814 1078 3136 1135 terminata.
3170 1079 3475 1135 Sciendum
3519 1088 3806 1149 praeterea

2088 1163 2236 1218 inter
2266 1177 2369 1218 nos
2395 1165 2728 1221 convenisse
2757 1164 2910 1234 quod
2948 1165 2992 1220 si
3039 1165 3306 1221 monachi
3351 1165 3538 1221 Sancti
3575 1166 3804 1222 Nicolai

2086 1251 2153 1306 de
2185 1251 2366 1307 Pratis
2392 1259 2604 1308 terram
2640 1253 2710 1308 de
2760 1253 2978 1321 Tuscis,
3029 1267 3204 1324 quam
3252 1267 3285 1308 a
3330 1255 3493 1310 nobis
3549 1268 3806 1310 censua-

2087 1339 2216 1394 liter
2263 1347 2475 1407 tenent,
2532 1341 3015 1404 renuntiaverint,
3058 1342 3630 1398 Praemonstratenses
3688 1343 3804 1398 sub

2085 1428 2278 1483 eodem
2309 1442 2486 1484 censu
2534 1444 2650 1498 quo
2681 1436 2735 1484 et
2788 1428 2887 1495 illi,
2925 1430 3130 1501 viginti
3176 1430 3390 1486 scilicet
3423 1431 3629 1500 galetis
3677 1432 3806 1486 {ru-

2087 1517 2258 1570 menti
2290 1517 2360 1571 ad
2395 1531 2723 1572 mensuram
2749 1517 3212 1584 Laudunensem,
3239 1532 3365 1574 eam
3404 1519 3709 1589 accipient.
3745 1519 3800 1579 Si

2091 1605 2221 1672 quis
2251 1603 2427 1674 igitur
2456 1619 2552 1660 eos
2587 1618 2760 1674 super
2789 1605 2876 1659 his
2921 1607 3348 1675 inquietaverit,
3381 1607 3484 1678 qui
3508 1606 3803 1676 justitiam

2092 1691 2520 1762 subterfugerit,
2542 1707 2644 1747 nos
2676 1707 2777 1762 pro
2805 1708 3004 1749 eorum
3025 1693 3375 1763 liberatione,
3407 1695 3581 1750 etiam
3609 1710 3804 1765 usque

2093 1780 2163 1834 ad
2194 1780 2526 1836 Remensem
2559 1782 2780 1836 curiam
2812 1796 2942 1837 cum
2974 1797 3171 1838 eorum
3204 1784 3469 1853 expensis
3513 1783 3805 1839 laborabi-

2093 1881 2243 1934 mus,
2294 1877 2348 1923 et
2380 1869 2426 1923 si
2471 1869 2698 1939 longius
2749 1870 2830 1924 ire
2874 1885 3102 1926 necesse
3155 1871 3347 1937 fuerit,
3398 1872 3705 1928 consilium
3749 1880 3803 1927 et

2093 1956 2380 2012 auxilium
2409 1957 2532 2012 sine
2580 1958 2844 2026 expensis
2888 1960 3096 2014 nostris
3119 1959 3541 2015 exhibebimus.
3574 1959 3628 2014 Si
3667 1973 3803 2014 vero

2095 2044 2524 2100 malefactorum
2551 2046 2902 2101 audientiam
2945 2047 3376 2118 subterfugerit,
3429 2063 3533 2103 nos
3554 2063 3693 2104 cum
3726 2049 3804 2103 eis

2089 2133 2348 2188 eamdem
2375 2133 2658 2203 justitiam
2689 2147 2866 2204 quam
2893 2135 2961 2190 de
2985 2137 3233 2206 propriis
3256 2137 3464 2192 nostris
3481 2137 3804 2192 redditibus

2093 2220 2279 2277 facere
2310 2222 2734 2289 consuevimus,
2767 2237 3174 2293 exsequemur.
3229 2224 3388 2290 Quod
3427 2233 3491 2281 ut
3518 2234 3719 2280 ratum
3751 2233 3802 2279 et

2094 2309 2500 2366 inconvulsum
2545 2319 2898 2380 permaneat,
2957 2320 3011 2367 et
3049 2311 3210 2382 prius
3257 2312 3490 2383 quidem
3547 2329 3650 2383 per
3701 2327 3802 2368 nos

2095 2397 2364 2467 praedicta
2393 2399 2579 2454 alodia
2618 2400 2726 2455 sub
2775 2401 3077 2468 praesentia
3107 2408 3162 2457 et
3195 2402 3512 2458 testimonio
3557 2402 3806 2458 circum.

2093 2487 2453 2542 manentium
2511 2489 2952 2544 terminavimus
2997 2497 3051 2544 et
3092 2489 3342 2545 ecclesiae
3396 2491 3805 2547 Praemonstra-

2103 2575 2246 2629 tensi
2320 2575 2762 2645 assignavimus.
2825 2576 3083 2642 Quorum
3147 2578 3383 2632 nomina
3449 2579 3570 2634 hzec
3619 2589 3800 2635 sunt:

2097 2662 2424 2718 Bernardus
2479 2664 2710 2720 Villicus
2777 2665 2846 2721 de
2905 2665 3202 2734 Monceles,
3263 2667 3556 2723 Wibertus
3646 2668 3806 2724 ﬁlius

2096 2749 2414 2806 Constantii
2446 2750 2696 2817 Siuvart,
2726 2753 2996 2823 Paganus
3041 2755 3111 2810 de
3168 2756 3348 2823 Derci,
3394 2756 3510 2812 Odo
3565 2757 3802 2823 Aldent,

2097 2839 2411 2894 Herbertus
2439 2841 2506 2895 de
2538 2840 2804 2896 Boisuero
2851 2850 2906 2896 et
2935 2842 3004 2897 de
3037 2843 3259 2908 Parem,
3295 2843 3413 2899 Odo
3464 2845 3642 2911 miles,
3683 2846 3807 2900 Ro—

288 2927 549 2983 notitiam
583 2936 962 2998 posterorum.
1021 2929 1102 2984 Ea
1157 2936 1388 2998 propter
1426 2943 1530 2999 ego
1576 2927 1838 2984 Galterus
1895 2929 1985 2984 Dei
2028 2961 2068 3015 C
2099 2926 2295 2982 bertus
2358 2927 2606 2994 villicus,
2656 2928 2979 2984 Ricbardus
3021 2939 3075 2985 et
3121 2930 3274 2986 [ilius
3322 2932 3466 3000 ejus.
3533 2933 3808 2987 Terricus

285 3016 476 3087 gratia
505 3016 725 3071 Sanctae
758 3016 950 3070 Mariae
982 3017 1382 3072 Laudunensis
1416 3016 1680 3072 Ecclesiae
1713 3016 1983 3080 decanus,

285 3112 560 3175 totusque
588 3104 825 3174 capituli
874 3104 1055 3159 nostri
1101 3112 1438 3171 conventus,
1472 3113 1672 3160 notum
1725 3105 1845 3160 ﬁeri
1883 3119 1990 3161 vo-

286 3191 503 3260 lumus,
530 3201 644 3248 tam
679 3192 888 3247 futuris
930 3207 1105 3263 quam
1152 3193 1550 3262 praesentibus,
1582 3193 1737 3263 quod
1789 3202 1990 3249 contu-

288 3279 462 3335 limus
512 3281 762 3335 ecclesize
807 3281 1332 3337 Praemonstratensi
1379 3282 1486 3338 sub
1535 3283 1774 3338 anuuali
1815 3296 1990 3337 censu

287 3368 477 3424 alodia
532 3369 601 3424 de
662 3368 962 3425 Valescurt
1009 3385 1140 3425 cum
1192 3370 1538 3439 appenditiis
1579 3371 1718 3438 suis,
1778 3371 1992 3426 scilicet

286 3457 432 3512 silva
463 3457 532 3513 de
589 3457 802 3524 Mesloi,
861 3465 917 3513 et
957 3457 1188 3514 cultura
1235 3473 1367 3528 quae
1403 3466 1487 3514 est
1538 3459 1596 3514 in
1646 3459 1894 3514 conﬁnio
1923 3458 1991 3514 de

291 3545 612 3613 Landerfai,
640 3553 694 3600 et
735 3546 956 3601 caeteris
1011 3545 1280 3602 omnibus
1333 3547 1707 3616 pertinentiis,
1740 3555 1794 3603 et
1856 3547 1994 3603 alta-

288 3634 375 3689 ria
403 3647 537 3688 cum
586 3633 818 3690 dotibus
857 3634 996 3704 suis,
1039 3643 1095 3691 et
1141 3635 1397 3702 decimis,
1439 3643 1555 3692 tam
1598 3636 1655 3690 in
1707 3637 1993 3692 territorio

287 3722 358 3777 de
389 3721 636 3778 Moncels
687 3737 862 3793 quam
919 3724 987 3778 de
1036 3724 1220 3780 Murci
1259 3731 1312 3780 et
1359 3725 1428 3780 de
1472 3724 1784 3789 Valescurt,
1835 3733 1891 3780 et
1935 3726 1991 3779 in

287 3809 498 3866 eisdem
554 3810 692 3866 locis
739 3810 1155 3880 impositionem
1207 3813 1566 3869 sacerdotum
1635 3812 1991 3880 idoneorum,

289 3912 439 3968 quos
465 3898 728 3954 videlicet
759 3898 817 3953 in
867 3899 1173 3968 prasentia
1205 3907 1400 3955 nostra
1434 3902 1720 3957 adducent
1772 3900 1994 3970 ipsique

291 3986 622 4043 ﬁdelitatem
702 3986 867 4042 nobis
935 3987 1142 4044 facient
1224 4003 1341 4058 quo
1414 3989 1666 4058 justitias
1748 3996 1992 4055 nostras,

293 4080 406 4128 tam
443 4073 706 4142 proprias
753 4087 928 4142 quam
953 4088 1302 4142 communes,
1340 4089 1442 4145 pro
1483 4090 1644 4144 posse
1692 4091 1796 4133 suo
1840 4085 1994 4133 tene-

290 4159 466 4228 bunt;
511 4174 578 4215 ea
633 4161 917 4230 siquidem
974 4163 1320 4231 conditione,
1385 4165 1541 4234 quod
1585 4165 1782 4220 eadem
1847 4166 1992 4220 Prae-

2099 3015 2489 3084 Wascelinus;
2535 3031 2601 3072 ac
2675 3017 3036 3086 postmodum
3113 3019 3479 3090 chirographi
3549 3022 3807 3076 conscri-

2100 3103 2314 3173 ptione,
2360 3111 2414 3159 et
2474 3104 2860 3175 legitimarum
2922 3106 3148 3162 testium
3199 3109 3505 3178 utriusque
3562 3110 3804 3178 capituli

2096 3191 2484 3258 adnotatione,
2515 3207 2619 3248 nec
2653 3207 2765 3248 non
2799 3195 2969 3249 etiam
3004 3196 3308 3266 utriusque
3339 3197 3506 3266 sigilli
3566 3197 3806 3266 impres-

2097 3281 2276 3346 sione,
2332 3289 2664 3350 praesentem
2717 3283 2987 3351 paginam
3038 3285 3378 3340 communiri
3421 3285 3682 3340 fecimus.
3729 3287 3802 3340 Si-

2098 3381 2280 3435 gnum
2316 3368 2548 3423 Walteri
2582 3370 2913 3425 Laudunen.
2948 3371 3213 3440 episcopi.
3262 3372 3316 3427 S.
3353 3373 3642 3437 Richardi,
3697 3381 3798 3427 etc.

2099 3455 2169 3510 Et
2188 3463 2381 3511 actum
2421 3456 2708 3522 Lauduni,
2746 3471 2918 3527 anno
2962 3460 3246 3515 lncarnati
3297 3460 3466 3517 Verbi
3505 3461 3803 3516 millesimo

2098 3543 2404 3599 centesimo
2454 3545 2944 3616 quinquagesimo
2992 3549 3179 3610 tertio,
3240 3549 3548 3604 indictione
3595 3550 3800 3620 prima.

2097 3639 2297 3701 epacta
2334 3631 2608 3687 vicesima
2630 3633 2816 3702 tertia,
2847 3644 3222 3692 concurrente
3253 3638 3436 3692 tertio.
3468 3659 3497 3687 »

2172 3719 2403 3776 Dedisse
2429 3728 2484 3776 et
2525 3721 2636 3776 alia
2666 3723 2932 3792 quaedam
2983 3725 3328 3782 monasterio
3364 3725 3550 3781 Sancti
3583 3727 3804 3782 Nicolai

2101 3807 2170 3864 de
2209 3807 2382 3876 Silva,
2431 3809 2628 3866 eodem
2683 3811 2963 3868 decanum
3011 3821 3235 3884 agente,
3288 3814 3606 3884 capitulum
3667 3816 3806 3871 Lau-

2101 3896 2377 3964 dunense,
2429 3905 2630 3954 notant
2672 3907 2892 3955 veteres
2966 3902 3316 3958 membrana
3377 3917 3515 3959 ann.
3579 3904 3804 3959 Domini

2106 3987 2263 4050 1151,
2301 3988 2386 4050 55,
2418 3988 2505 4055 56,
2537 3989 2601 4040 57
2631 3994 2686 4043 et
2717 3990 2785 4042 59
2816 3998 3090 4046 exarata.
3154 4024 3165 4034 ι

2175 4072 2306 4129 Vita
2349 4073 2545 4130 functo
2572 4075 2794 4132 Galtero
2851 4077 2920 4133 de
2949 4077 3156 4135 Sancto
3186 4080 3460 4136 Mauricio
3499 4081 3808 4152 episcopus

2106 4161 2509 4219 Laudunensis
2557 4164 2772 4220 electus
2850 4167 3092 4223 Romam
3160 4169 3558 4238 proﬁciscitur,
3629 4178 3808 4240 atque

290 4249 727 4304 monstratensis
804 4249 1055 4305 Ecclesia
1139 4253 1418 4320 persolvet
1509 4253 1672 4308 nobis
1748 4253 1993 4323 singulis
2031 4249 2075 4303 D
2105 4249 2312 4306 ibidem
2343 4251 2678 4322 episcopatu
2713 4257 2848 4308 1155
2879 4255 3300 4327 inauguratur;
3333 4259 3582 4314 Joannes
3610 4273 3644 4313 a
3674 4260 3809 4315 Gui.

291 4337 460 4392 annis
521 4337 764 4393 circatas
808 4338 866 4393 in
916 4339 1135 4408 synodo
1198 4339 1268 4396 de
1339 4341 1522 4396 Murci
1577 4348 1631 4397 et
1701 4341 1770 4396 de
1833 4341 1994 4398 Vale-

292 4432 470 4493 scurt,
525 4432 580 4481 et
631 4433 843 4495 septem
893 4426 1130 4494 modios,
1177 4435 1232 4483 et
1301 4436 1553 4498 quatuor
1612 4429 1827 4500 galetos
1877 4429 1993 4484 fru-

292 4514 491 4580 menti,
549 4521 603 4569 et
656 4514 912 4570 modium
952 4529 1136 4571 unum
1184 4515 1437 4585 pisorum
1470 4518 1539 4574 ad
1573 4531 1900 4574 mensuram
1934 4517 1993 4573 in

291 4602 523 4658 civitate
601 4603 969 4659 Laudunensi
1027 4618 1093 4660 eo
1161 4612 1414 4674 tempore
1483 4621 1598 4676 quo
1671 4606 1793 4662 haec
1868 4614 1996 4662 acta

293 4696 430 4745 sunt
460 4697 818 4761 currentem;
867 4690 1023 4760 quod
1084 4698 1398 4761 utrumque
1445 4693 1566 4748 sine
1613 4692 1996 4749 diminutione

293 4777 385 4832 vel
413 4778 884 4849 augmentatione
930 4779 1279 4834 servabitur.
1328 4780 1447 4836 Hoc
1484 4788 1677 4836 autem
1735 4781 1994 4838 frumen-

294 4872 418 4922 tum
467 4867 575 4922 tale
643 4866 890 4922 solvitur
955 4868 1128 4937 quale
1195 4868 1256 4923 in
1318 4869 1563 4936 duobus,
1633 4870 1724 4926 vel
1787 4871 1993 4936 tribus,

297 4961 398 5011 aut
464 4953 729 5023 pluribus
812 4955 1093 5022 mercatis,
1161 4970 1277 5011 uno
1345 4970 1583 5013 nummo
1657 4958 1852 5014 minus
1897 4971 1997 5013 va-

296 5043 406 5099 leat
455 5043 690 5108 cariore,
755 5043 1055 5112 reperitur.
1125 5043 1254 5098 Pisa
1296 5058 1530 5114 quoque
1594 5044 1828 5101 denario
1877 5059 1997 5100 uno

297 5132 493 5188 minus
539 5131 790 5187 valentia
841 5131 1161 5187 carioribus
1207 5132 1629 5202 persolvuntur.
1694 5132 1997 5189 Terminus

297 5233 434 5274 vero
487 5219 848 5288 persolvendi
879 5226 963 5275 est
1001 5233 1035 5274 a
1091 5218 1229 5275 festo
1281 5220 1471 5276 Sancti
1525 5220 1764 5290 Remigii
1812 5236 1997 5292 usque

300 5306 373 5360 ad
444 5308 689 5363 mediam
744 5307 1276 5378 Quadragesimam,
1353 5307 1504 5364 intra
1565 5323 1736 5378 quem
1810 5309 1998 5365 termi-

298 5405 465 5459 num,
500 5408 853 5465 quocunque
879 5395 989 5460 die,
1023 5395 1112 5450 vel
1143 5402 1398 5464 tempore
1428 5394 1717 5451 voluerint
1748 5401 1849 5451 aut
1891 5409 1998 5464 po-

300 5481 537 5548 tuerint,
572 5480 812 5547 solvent,
851 5489 908 5540 et
961 5482 1116 5553 apud
1165 5483 1516 5540 Laudunum
1567 5482 1638 5538 ad
1692 5482 1992 5540 cellarium

2101 4339 2185 4394 sia
2220 4339 2318 4394 lib.
2353 4355 2514 4404 xxw,
2549 4356 2677 4412 cap.
2719 4345 2782 4412 3;
2842 4343 3181 4415 Sigibertus,
3239 4354 3293 4402 et
3331 4348 3809 4419 Martyrologium

2101 4427 2367 4484 Ecclesiae
2401 4431 2558 4486 Laud
2569 4431 2818 4488 unensis.

2170 4516 2252 4572 Ne
2284 4518 2341 4572 in
2364 4527 2656 4587 posterum
2688 4535 2791 4590 pro
2833 4535 2989 4577 more
3018 4523 3284 4590 nefando,
3322 4539 3454 4595 qum
3503 4525 3812 4595 episcopa-

2100 4604 2188 4660 tui
2227 4606 2576 4676 acquisierat
2623 4608 2772 4664 bona
2798 4610 3102 4679 permulta,
3150 4613 3310 4683 regia
3347 4621 3590 4682 potestas
3637 4628 3815 4670 usur-

2101 4701 2283 4763 paret,
2316 4708 2350 4750 a
2379 4709 2511 4766 rege
2544 4697 2898 4753 Francorum
2942 4699 3227 4755 Ludovico
3277 4700 3399 4768 Vll,
3447 4702 3615 4757 hocce
3659 4715 3816 4771 prae-

2102 4789 2331 4851 ceptum
2363 4782 2582 4839 obtinet
2603 4783 2711 4840 hac
2739 4784 2941 4841 forma.
2978 4807 3007 4836 ‹‹
3033 4787 3156 4858 Ego
3187 4788 3514 4845 Ludovicus
3566 4790 3821 4848 Franco-

2104 4883 2234 4925 rum
2296 4885 2420 4938 rex,
2496 4871 2722 4929 Galtero
2801 4874 3173 4932 Laudunensi
3237 4877 3522 4947 episcopo,
3562 4879 3819 4951 ejusque

2103 4959 2527 5016 successoribus
2583 4960 2640 5016 in
2702 4970 3077 5034 perpetuum;
3129 4965 3569 5022 sollicitudinem
3630 4983 3818 5038 quam

2103 5045 2361 5102 videntes
2441 5049 2696 5119 gerimus
2760 5061 2862 5120 pro
2925 5051 3193 5108 Ecclesiis
3254 5054 3440 5125 regni,
3497 5063 3621 5126 post
3677 5059 3819 5114 vitae

2106 5133 2402 5201 praesentis
2427 5135 2734 5191 decursum
2781 5150 3059 5206 apparere
3111 5139 3381 5196 volumus
3436 5141 3697 5211 posteris,
3756 5145 3820 5200 in

2107 5220 2469 5277 Laudunensi
2495 5223 2748 5280 Ecclesia
2797 5227 3005 5295 praesul
3035 5237 3159 5284 erat
3201 5230 3476 5300 magister
3525 5230 3818 5301 Galterus,

2105 5307 2206 5378 qui
2237 5309 2408 5380 longo
2449 5317 2700 5382 tempore
2733 5313 2986 5370 decanus
3031 5316 3187 5372 illius
3231 5318 3548 5386 exstiterat,
3588 5327 3646 5375 et
3694 5325 3822 5392 epi-

2105 5398 2292 5467 scopis
2318 5397 2411 5454 sui
2445 5401 2716 5470 temporis
2755 5403 3190 5472 quamplurima
3238 5406 3462 5462 viderat
3499 5407 3819 5479 defecisse;

2105 5487 2368 5556 exemplo
2397 5486 2758 5546 decessorum
2809 5503 3050 5549 suorum
3080 5493 3337 5564 territus,
3371 5502 3425 5552 et
3454 5495 3560 5552 sibi
3601 5511 3824 5566 praeca-
