3924 6090
194 236 328 286 H57

1452 235 1674 290 DOMNI
1715 238 1776 290 L.
1826 236 2167 294 D’ACHERY
2209 238 2432 295 ΝΟΤιΕ.

3556 250 3693 304 1158

191 379 349 430 vens,
381 364 758 433 pontiﬁcalem
794 364 1047 420 insidens
1083 365 1431 428 cathedram.
1465 367 1620 421 dedit
1647 381 1878 436 operam
1917 373 1962 425 Α
1996 383 2172 438 quam
2211 369 2635 439 cambitionem,
2688 378 2749 426 ut
2798 373 3001 429 amodo
3041 382 3166 431 rata
3213 387 3564 447 permaneat,
3616 381 3694 435 si-

189 455 578 524 agriculturae,
616 463 721 510 etc.
748 459 946 510 Actum
981 455 1205 525 publice
1239 456 1470 512 Parisiis
1501 471 1655 511 anno
1683 459 1883 512 Incar-

189 543 436 598 nationis
466 545 695 598 Domini
728 547 884 610 1158,
917 544 1077 614 regni
1110 559 1242 600 vero
1273 545 1452 600 nostri
1481 559 1619 600 xxu.
1653 564 1682 596 ν

259 631 494 686 Interest
539 630 833 700 episcopus
880 631 1118 686 concilio
1175 631 1492 687 Turonensi
1547 645 1698 687 anno
1750 635 1883 700 1163

185 718 468 774 celebrato
503 720 573 775 ad
621 719 949 775 Alexandro
982 719 1144 774 tertio
1175 733 1401 774 summo
1450 719 1732 788 pontilice,
1768 734 1885 775 una

187 820 318 861 cum
366 805 609 861 Henrico
649 821 752 862 suo
788 805 1244 874 metropolitano,
1288 806 1522 860 minime
1572 820 1707 862 vero
1751 822 1882 862 cum

185 894 505 963 Guillelmo,
569 902 630 950 ut
678 894 805 950 vult
854 894 1136 950 Robertus
1187 895 1243 950 in
1301 893 1485 949 Gallia
1520 894 1878 960 Christiana;

187 983 525 1040 Guillelmus
553 985 835 1053 siquidem
869 998 1024 1039 anno
1045 991 1267 1039 tantum
1303 987 1438 1038 1177
1469 997 1541 1039 ex
1570 983 1882 1040 Senonensi

185 1071 255 1126 ad
297 1072 628 1127 Remensem
683 1072 996 1128 translatus
1042 1080 1124 1128 est
1177 1073 1401 1140 sedem;
1473 1079 1529 1128 at
1576 1072 1882 1129 concilium

187 1159 328 1215 illud
357 1167 618 1216 coactum
651 1175 804 1216 anno
839 1163 994 1215 1163.

255 1248 560 1305 Gualterus
593 1263 745 1304 anno
779 1252 914 1304 1173
945 1255 1168 1305 naturae
1196 1249 1490 1306 concessit.

255 1337 346 1393 IV.
380 1337 673 1393 Liziardus
705 1337 1013 1406 praeﬁcitur
1062 1341 1196 1392 H53
1230 1346 1292 1394 ut
1321 1352 1392 1393 ex
1424 1337 1664 1394 diversis
1709 1337 1881 1394 char-

182 1425 254 1480 tis
294 1425 520 1496 colligo,
567 1425 783 1495 quibus
830 1425 1167 1496 subscripsit
1208 1427 1328 1495 ipse
1379 1426 1630 1482 decanus
1671 1426 1742 1481 ad
1773 1440 1882 1482 an-

181 1527 322 1568 num
357 1528 540 1582 usque
573 1515 727 1568 1168.

254 1602 407 1656 Inter
440 1601 552 1656 alia
596 1601 792 1657 istbzec
825 1601 1086 1658 instituta
1135 1603 1318 1658 visere
1345 1611 1428 1657 est
1473 1619 1486 1656 :
1522 1625 1548 1652 α
1585 1601 1877 1658 Sancitum

1993 458 2111 528 gilli
2145 459 2343 524 nostri,
2389 467 2444 515 et
2488 459 2659 530 sigilli
2701 461 2891 515 Sancti
2934 464 3159 519 Martini
3214 466 3604 536 impressione,
3641 477 3696 524 et

1992 546 2396 617 chirographo,
2441 562 2506 603 ac
2556 550 2784 604 testium
2833 551 3252 622 subscriptione
3298 555 3515 610 muniri
3559 556 3693 612 feci-

1991 649 2141 692 mus.
2199 635 2439 705 Signum
2506 637 2717 692 Galteri
2773 638 3080 695 thesurarii
3136 641 3553 699 Laudunensis.
3603 645 3694 700 Si-

1993 736 2171 790 gnum
2222 723 2471 791 Roberti,
2515 734 2620 780 etc.
2665 732 2869 782 Actum
2914 729 3281 784 Laudunens.
3339 731 3396 785 in
3440 732 3693 801 capitulo

1993 819 2183 866 nostro
2236 826 2386 868 anno
2460 814 2747 870 Incarnati
2801 816 2963 870 Verbi
3017 817 3318 874 millesimo
3386 821 3692 876 centesimo

1990 903 2348 968 sexagesimo
2381 901 2602 970 quinto.
2645 925 2665 951 -

2065 988 2344 1058 «Agotus
2416 991 2650 1047 cancell.
2732 992 2950 1063 relegit,
3006 993 3256 1064 scripsit,
3315 1002 3370 1051 et
3436 996 3687 1053 subscri-

1993 1075 2120 1144 psit.
2156 1095 2184 1124 »

2063 1163 2132 1220 V.
2161 1165 2468 1222 Anselmus
2506 1167 2738 1238 signum
2773 1171 3039 1240 apposuit
3077 1173 3292 1228 chartae
3322 1172 3532 1230 Galteri
3564 1175 3690 1244 epi-

1990 1253 2142 1322 scopi
2182 1253 2580 1310 Laudunensis
2609 1270 2727 1327 qua
2767 1258 3129 1315 donationem
3163 1260 3688 1319 San-Vincentiano

1989 1342 2331 1397 monasterio
2364 1343 2569 1398 factam
2602 1345 2902 1401 conﬁrmat
2932 1361 3084 1403 anno
3119 1351 3272 1403 tt68.

2059 1431 2146 1484 VI.
2197 1431 2478 1488 Robertus
2519 1432 2664 1488 sedit
2702 1434 2774 1489 ab
2817 1449 2968 1490 anno
3003 1439 3137 1490 H72
3166 1437 3236 1492 ad
3270 1452 3488 1494 annum
3527 1443 3683 1495 H73.

1990 1518 2420 1575 Chartularium
2455 1520 2822 1576 Laudunens.
2857 1524 3142 1579 Ecclesiae.

2068 1607 2190 1663 VII.
2243 1608 2543 1677 Raynerus
2581 1609 2873 1675 decanus;
2927 1613 3097 1680 cujus
3144 1627 3351 1668 nomen
3385 1623 3688 1671 exaratum

177 1695 263 1744 est
291 1691 463 1745 etiam
489 1690 643 1760 quod
676 1690 874 1746 nullus
904 1691 1012 1745 nisi
1042 1698 1410 1761 personatum
1452 1691 1736 1758 habuerit,
1779 1698 1879 1747 aut
1920 1671 1960 1724 Β
1995 1695 2050 1750 in
2078 1671 2600 1765 antiquis'schedis,
2634 1711 2784 1752 anno
2816 1671 3076 1755 videlicet
3109 1703 3244 1755 1178
3277 1703 3578 1771 reperitur.

177 1777 387 1847 viginti
428 1777 690 1848 quinque
731 1793 1019 1834 annorum
1060 1778 1251 1845 fuerit,
1304 1786 1614 1849 antequam
1647 1779 1880 1835 subdia-

176 1879 358 1920 conus
410 1866 502 1932 sit,
544 1867 614 1922 ad
665 1867 853 1922 sedem
897 1867 1381 1922 subdiaconorum
1424 1882 1725 1923 ascensum
1773 1868 1879 1922 ha-

176 1953 348 2008 bebit.
387 1955 496 2009 Nec
522 1961 714 2009 autem
757 1954 1088 2024 hujusmodi
1121 1955 1400 2010 institutio
1434 1955 1506 2010 ab
1535 1955 1729 2024 aliquo
1759 1969 1880 2010 mu-

179 2042 285 2096 tari
332 2042 421 2097 vel
465 2041 702 2113 infringi
756 2043 949 2112 possit,
1025 2042 1198 2113 sigilli
1247 2042 1426 2098 nostri
1489 2042 1876 2112 impressione,

175 2137 230 2185 et
275 2131 722 2200 approbantium
761 2131 1182 2200 subscriptione
1232 2131 1448 2186 muniri
1495 2131 1750 2186 fecimus.
1789 2130 1879 2187 Si-

177 2233 359 2289 gnum
407 2219 623 2274 domini
673 2218 884 2274 Galteri
931 2219 1199 2288 episcopi,
1252 2227 1306 2275 et
1365 2219 1606 2274 Liziardi
1652 2219 1876 2286 decani,

174 2315 282 2363 etc.
327 2311 534 2363 Actum
573 2307 840 2364 Lauduni
878 2307 934 2362 in
973 2307 1244 2378 capitulo,
1279 2321 1430 2363 anno
1463 2308 1878 2364 Incarnationis

179 2395 344 2450 Verbi
379 2397 535 2448 1159.
577 2416 596 2442 ι

249 2483 408 2538 Illius
437 2497 582 2553 opus
611 2491 696 2539 est
726 2483 869 2540 liber
898 2484 1079 2540 stallis
1111 2483 1510 2540 incathenatus
1532 2484 1588 2539 in
1621 2483 1875 2540 inferiori

179 2580 340 2641 parte
370 2572 550 2640 chori,
584 2572 760 2643 vulgo
803 2571 1144 2628 Ordinarius
1188 2573 1330 2628 liber
1378 2581 1636 2638 vocatus,
1671 2573 1729 2627 in
1759 2588 1876 2644 quo

173 2660 282 2716 rite
330 2661 674 2716 ordinantur
724 2675 855 2731 qum
904 2661 1228 2731 antiquitus
1292 2662 1364 2716 ad
1413 2663 1780 2717 cmremonias
1821 2668 1875 2717 et

179 2748 434 2804 ofﬁcium
465 2747 729 2804 divinum
761 2748 1016 2818 ejusdem
1063 2749 1328 2805 Ecclesiae
1372 2749 1723 2819 spectabant.
1774 2749 1873 2819 Sy-

175 2837 363 2892 nodus
390 2837 825 2908 Andegavensis
853 2852 989 2892 ann.
1025 2840 1151 2892 t26t
1187 2839 1273 2894 his
1303 2839 1526 2894 verbis:
1559 2839 1874 2894 Statuimus

2061 1783 2210 1840 VIII.
2245 1785 2527 1840 Robertus
2566 1787 2612 1841 II
2651 1787 3243 1844 San-Viscentianum
3277 1789 3684 1845 monasterium

1984 1873 2083 1942 jus
2131 1874 2202 1928 ad
2253 1873 2348 1928 illa
2396 1881 2651 1942 tempora
2695 1875 2927 1930 ﬁrmum
2972 1877 3290 1947 stabileqne
3336 1887 3684 1946 servaverat,

1994 1969 2055 2015 ut
2107 1960 2344 2016 ecclesia
2416 1960 2470 2016 S.
2545 1961 2829 2018 Vincentii
2885 1983 2912 2014 (ι
2977 1964 3325 2021 inviolabilis
3389 1966 3687 2036 sepultura

1989 2049 2405 2118 episcoporum,
2463 2052 2892 2119 canonicorum,
2938 2060 2993 2107 et
3049 2062 3374 2108 casatorum
3427 2054 3687 2110 Ecclesiae

1991 2137 2392 2193 Laudunensis
2444 2161 2464 2186 ι
2504 2139 2911 2209 appellaretur.
2965 2139 3146 2207 (Quod
3193 2149 3246 2196 et
3292 2157 3405 2197 non
3450 2143 3528 2197 ita
3562 2143 3686 2212 pri-

1989 2225 2115 2280 dem
2158 2226 2394 2282 ecclesia
2433 2226 2484 2282 S.
2529 2227 2764 2282 Joannis
2806 2227 3071 2284 Laudun.
3119 2229 3468 2297 obtinuerat)
3508 2243 3684 2284 cano-

1987 2313 2099 2368 nici
2149 2314 2547 2382 nihilominus,
2591 2316 2792 2370 decani
2841 2316 2982 2371 dum
3017 2317 3218 2372 munia
3259 2316 3438 2372 obiret
3471 2317 3684 2373 Rober-

1987 2409 2100 2469 tus,
2145 2402 2253 2458 sibi
2296 2405 2682 2460 cmmeterium
2727 2404 2945 2474 erigere
2983 2411 3320 2473 tentarunt;
3366 2405 3503 2461 hinc
3539 2406 3682 2474 lites,

1986 2492 2502 2562 contentionesque
2548 2493 2891 2561 multiplices
2936 2501 3170 2548 exortae.
3222 2493 3346 2559 Qua
3397 2495 3466 2550 de
3509 2508 3686 2551 causa

1985 2579 2189 2635 arbitri
2234 2583 2523 2637 communi
2575 2583 2828 2650 partium
2877 2595 3116 2637 assensu
3166 2582 3328 2637 electi
3378 2591 3534 2638 sunt.
3566 2584 3684 2650 Ho-

1986 2682 2118 2724 rum
2165 2663 2344 2739 Hugo'
2364 2669 2544 2725 abbas
2585 2669 2774 2724 Sancti
2820 2669 3096 2726 Vincentii
3140 2671 3259 2725 suis
3293 2670 3493 2726 litteris
3523 2671 3682 2725 arbi—

1987 2756 2159 2812 trium
2208 2756 2472 2826 patefacit
2523 2757 2581 2812 in
2628 2757 2784 2812 hunc
2836 2757 3118 2812 modum:
3177 2779 3198 2805 «
3250 2757 3685 2814 Venerabilibus

1984 2843 2260 2899 fratribus
2321 2851 2375 2900 et
2436 2845 2655 2911 amicis,
2737 2845 2981 2900 Roberto
3019 2845 3256 2914 decano,
3326 2855 3381 2902 et
3434 2846 3684 2917 capitulo

174 2926 333 3017 quod
355 2926 445 3017 _in_
467 2925 710 3017 singulis
741 2925 992 2982 ecclesiis
1022 2926 1188 3017 liber,
1234 2927 1336 2997 qui
1379 2927 1590 2983 dicitur
1619 2927 1871 3017 Ordina-
1915 2963 1954 3017 Ο
1987 2933 2376 2999 Laudunensi,
2422 2933 2588 3002 Hugo
2620 2933 2855 2988 humilis
2898 2932 3077 2989 abbas
3118 2935 3177 2989 Β.
3209 2934 3495 2990 Vincentii
3533 2937 3684 2991 Lau-

173 3013 322 3081 rius,
355 3014 656 3081 habeatur,
693 3013 752 3069 in
787 3029 902 3085 quo
932 3015 1248 3084 respiciunt
1278 3017 1596 3072 sacerdotes
1627 3014 1872 3086 singulis

174 3102 380 3158 diebus
422 3110 553 3159 ante
602 3116 971 3172 vesperarum
1022 3102 1419 3190 inceptionem,
1466 3110 1531 3158 ut
1579 3103 1729 3172 ipsas
1769 3117 1871 3158 ve-

174 3205 392 3261 speras,
419 3191 752 3257 matutinas,
797 3198 852 3247 et
879 3191 1133 3246 ofﬁcium
1161 3189 1280 3246 ’diei
1313 3191 1604 3260 sequentis
1635 3189 1868 3259 faciant,

172 3289 226 3335 et
279 3287 676 3350 exsequantur
724 3280 896 3350 juxta
938 3280 1290 3335 ordinariam
1344 3279 1796 3334 instructionem.
1840 3299 1868 3328 »

175 3370 248 3426 Ut
296 3376 379 3424 est
442 3370 498 3423 in
566 3368 710 3423 libro
781 3368 1140 3423 decretorum
1205 3367 1468 3423 Ecclesize
1538 3367 1866 3435 Gallicana),

175 3457 477 3512 collectore
524 3456 832 3512 Laurentio
863 3456 1128 3512 Bochello
1164 3456 1261 3511 lib.
1311 3471 1346 3523 ι,
1392 3455 1474 3511 tit.
1524 3458 1610 3521 19,
1641 3469 1764 3525 cap.
1818 3459 1866 3510 I.

168 3545 308 3612 Quae
338 3553 528 3601 autem
569 3546 642 3601 ab
675 3547 778 3600 hoc
810 3545 1065 3599 Liziardo
1101 3545 1329 3600 redacta
1359 3551 1495 3599 sunt
1523 3545 1577 3598 in
1630 3545 1734 3598 hoc
1760 3544 1858 3600 Or-

170 3631 400 3687 dinario
431 3633 502 3688 ad
532 3632 716 3689 solum
749 3633 1022 3688 feriarum
1068 3637 1123 3688 et
1154 3631 1585 3687 Dominicarum
1616 3631 1870 3688 ofﬁcium

169 3721 460 3789 pertinent
519 3736 531 3775 :
585 3737 714 3792 quae
764 3735 934 3792 porro
980 3722 1051 3776 ad
1096 3721 1215 3776 dies
1263 3721 1428 3776 festos
1477 3728 1732 3789 spectant
1781 3721 1871 3790 (de

169 3808 388 3879 quibus
417 3809 589 3881 infra)
634 3811 706 3866 ab
739 3811 851 3866 alio
880 3811 1093 3867 decano
1137 3817 1270 3865 sunt
1303 3812 1663 3865 concinnata.
1698 3809 1867 3866 Com—

170 3898 416 3954 mutatio
478 3899 744 3968 quredam
806 3899 1062 3954 Liziardo
1134 3899 1348 3955 decano
1414 3898 1562 3953 facta
1627 3906 1711 3954 est
1761 3898 1872 3953 hac

171 3986 356 4041 forma
389 4003 402 4040 :
437 4009 457 4035 ι
497 3987 560 4042 In
592 3987 821 4043 nomine
859 3995 1070 4043 sanctae
1107 3995 1162 4042 et
1204 3987 1515 4042 individuae
1555 3986 1866 4042 Trinitatis.

168 4074 252 4130 Ad
285 4089 386 4130 nos
418 4075 662 4144 pertinet
690 4090 822 4145 quae
849 4075 908 4131 in
956 4077 1256 4145 praesentia
1301 4085 1494 4131 nostra
1539 4076 1685 4132 ﬁunt
1720 4082 1870 4131 atte-

168 4163 330 4230 stari,
359 4170 412 4219 et
444 4178 516 4218 ne
547 4163 819 4219 oblivioni
854 4164 1178 4230 tradantur,
1218 4165 1426 4233 scripto
1447 4164 1864 4220 commendare.

1983 3020 2124 3076 dun.
2149 3028 2201 3076 et
2235 3027 2386 3076 totus
2415 3021 2669 3091 ejusdem
2705 3021 2970 3076 Ecclesiae
2996 3031 3313 3078 conventus
3343 3024 3399 3078 in
3441 3023 3680 3078 Domino

1979 3108 2242 3164 salutem.
2299 3108 2568 3165 Noverint
2615 3109 2873 3165 universi
2917 3111 3070 3179 quod
3113 3118 3238 3166 orta
3286 3111 3431 3166 inter
3475 3125 3578 3166 nos
3622 3118 3677 3167 et

1978 3211 2081 3252 vos
2114 3197 2464 3253 dissensione
2504 3212 2680 3268 super
2721 3198 3042 3254 clemeterio
3089 3207 3301 3267 nostro,
3349 3199 3505 3270 quod
3537 3213 3681 3256 con—

1981 3292 2067 3340 tra
2093 3286 2189 3355 jus
2223 3294 2503 3353 nostrum,
2532 3294 2586 3340 et
2609 3287 2906 3356 antiquam
2940 3287 3410 3344 consuetudinem
3433 3289 3501 3343 de
3530 3303 3680 3344 novo

1979 3373 2367 3428 construxisse
2437 3373 2808 3440 videbamini,
2895 3375 3120 3429 tandem
3215 3375 3270 3428 in
3376 3375 3676 3431 dominum

1978 3460 2375 3515 Willhclmum
2419 3461 2749 3517 Remensem
2780 3461 3298 3531 archiepiscopum,
3344 3463 3428 3517 tit.
3463 3462 3680 3517 Sancta:

1978 3547 2202 3603 Sabinae
2248 3549 2618 3615 cardinalem,
2673 3549 2996 3618 apostolicae
3044 3549 3193 3604 sedis
3241 3549 3541 3620 legatum;
3588 3549 3676 3605 Si-

1979 3650 2204 3692 monem
2256 3637 2410 3692 Beati
2450 3637 2690 3707 Remigii
2740 3638 3031 3692 Remensis
3070 3637 3374 3706 abbatem;
3405 3644 3460 3693 et
3489 3638 3680 3709 magi-

1979 3731 2161 3780 strum
2213 3724 2501 3781 Meliorem
2552 3726 2847 3781 Remensis
2899 3725 3148 3781 ecclesiae
3195 3726 3318 3781 vice
3337 3726 3676 3793 dominum;

1980 3810 2116 3866 hinc
2187 3811 2317 3867 inde
2389 3812 2498 3868 ﬁde
2577 3812 2911 3882 interposita
2975 3812 3490 3882 compromisimus.
3564 3813 3679 3883 Ipsi

1980 3913 2115 3954 vero
2142 3899 2455 3954 deliberato
2486 3901 2633 3955 inter
2658 3915 2736 3966 se,
2785 3899 2976 3955 debita
3029 3898 3378 3966 maturitate,
3421 3899 3676 3967 consilio,

1980 4001 2081 4056 pro
2116 3987 2264 4042 bono
2291 3988 2446 4056 pacis
2478 3988 2626 4043 inter
2655 4002 2758 4044 nos
2787 3998 2841 4044 et
2871 4002 2990 4054 vos,
3022 3987 3208 4043 taliter
3237 3996 3677 4058 transegerunt;

1979 4076 2247 4131 Vestrum
2295 4075 2578 4146 siquidem
2626 4077 3010 4133 cmmeterium
3058 4076 3219 4132 vobis
3251 4077 3309 4131 in
3336 4083 3679 4147 perpetuum

1982 4162 2228 4220 liberum
2277 4165 2632 4230 remanebit;
2679 4165 2759 4220 ita
2801 4165 2954 4236 quod
3010 4174 3122 4221 tam
3179 4165 3460 4235 episcopis
3499 4179 3678 4235 quam

169 4250 487 4321 Eapropter
517 4266 622 4322 ego
655 4251 946 4307 Liziardus
987 4252 1083 4306 Dei
1125 4254 1311 4323 gratia
1349 4253 1604 4308 decanus
1636 4253 1866 4308 Laudu-
1907 4257 1950 4311 D
1978 4252 2270 4308 canonicis
2312 4259 2366 4307 et
2417 4253 2625 4307 casatis
2678 4251 2946 4307 Ecclesiae
2995 4260 3216 4319 vestrae,
3267 4261 3322 4309 et
3366 4253 3494 4308 aliis
3541 4252 3678 4322 qui-

168 4339 380 4407 nensis,
409 4347 611 4396 notum
661 4340 903 4396 facimus
934 4355 1108 4410 quam
1151 4341 1361 4397 futuris
1405 4349 1518 4397 tam
1569 4342 1867 4411 praesenti—

167 4429 295 4495 bus,
330 4429 486 4498 quod
514 4429 806 4484 communi
849 4429 1087 4499 capituli
1133 4430 1311 4485 nostri
1363 4443 1599 4485 assensu
1629 4437 1864 4498 terram,

167 4530 346 4587 quam
379 4524 546 4572 terrae
572 4517 822 4572 ecclesiae
870 4517 924 4573 S.
967 4518 1195 4575 Martini
1230 4517 1298 4572 de
1328 4517 1608 4573 suburbio
1644 4518 1867 4574 Laudu-

161 4605 327 4661 nensi
377 4604 710 4676 contiguam
783 4605 1116 4671 habuimus,
1183 4619 1314 4675 qua
1387 4619 1553 4660 muro
1609 4606 1864 4676 ejusdem

162 4695 416 4750 ecclesiae
462 4695 686 4750 inclusa
725 4702 830 4760 est,
873 4708 1004 4764 qua)
1046 4702 1101 4749 et
1155 4695 1223 4749 de
1267 4695 1396 4750 dote
1427 4694 1626 4750 altat-Ls
1674 4694 1864 4750 Sancti

161 4783 328 4839 Cirici
361 4791 502 4850 erat,
537 4788 592 4838 et
621 4783 766 4838 duos
797 4797 1066 4839 nummos
1104 4782 1402 4838 censuales
1431 4782 1594 4837 nobis
1632 4797 1864 4838 annua-

161 4871 261 4929 tim
294 4873 570 4939 solvebat,
604 4886 734 4928 cum
760 4871 1008 4942 justitia,
1042 4870 1316 4935 districto,
1349 4878 1403 4926 et
1429 4871 1862 4927 venditionibus

161 4959 416 5030 ejusdem
463 4968 646 5028 terrae,
689 4961 936 5016 ecclesiae
985 4959 1133 5016 Beati
1185 4958 1410 5017 Martini
1463 4959 1639 5015 libere
1678 4959 1861 5029 possi-

161 5048 408 5104 dendam
475 5048 532 5103 in
598 5048 998 5104 concambium
1056 5048 1336 5116 dedimus,
1397 5062 1500 5117 pro
1566 5047 1862 5104 medietate

161 5137 349 5206 campi
373 5136 580 5193 subtus
611 5145 862 5192 montem
905 5137 1246 5192 clericorum
1297 5138 1409 5204 siti,
1457 5151 1556 5192 sex
1595 5151 1861 5192 nummos

160 5225 456 5282 censuales
489 5225 788 5281 annuatim
811 5225 1209 5294 persolventes.
1232 5225 1412 5292 Quam
1457 5240 1588 5281 cum
1616 5226 1856 5295 justitia,

160 5314 435 5381 districto,
488 5321 542 5370 et
573 5313 1004 5370 venditionibus
1050 5315 1307 5385 ejusdem
1354 5313 1672 5370 medietatis
1709 5329 1860 5384 prie-

159 5403 292 5459 dicti
327 5403 536 5473 campi,
571 5403 823 5459 Garinus
855 5402 1035 5458 abbas
1066 5403 1316 5473 prmfatze
1335 5402 1594 5458 Ecclesiae
1625 5417 1859 5460 assensu

159 5492 398 5564 capituli
433 5492 519 5548 sui
557 5491 720 5548 nobis
747 5491 1001 5548 vicissim
1025 5491 1082 5548 in
1109 5491 1623 5548 concambitionem
1669 5491 1856 5562 dedit;

1974 4341 2224 4397 buslibet
2267 4341 2520 4410 personis
2569 4348 2682 4396 tam
2727 4341 2949 4397 clericis
2975 4355 3151 4411 quam
3192 4341 3370 4408 laicis,
3425 4341 3672 4396 liberum

1971 4432 2044 4486 sit
2078 4431 2286 4486 ibidem
2323 4430 2534 4500 eligere
2580 4430 2959 4498 sepulturam.
3009 4429 3170 4496 Quod
3202 4429 3248 4485 si
3298 4429 3430 4499 quis
3476 4443 3677 4484 eorum

1971 4527 2297 4574 casatorum
2330 4518 2466 4574 alibi
2497 4531 2672 4588 quam
2718 4517 2872 4587 apud
2905 4531 3008 4572 vos
3036 4525 3090 4572 et
3121 4531 3225 4572 nos
3253 4517 3516 4586 sepultus
3547 4517 3676 4572 fue-

1972 4607 2062 4674 rit,
2114 4609 2211 4677 jus
2255 4615 2516 4663 nostrum
2563 4614 2618 4662 et
2662 4615 2914 4661 vestrum
2957 4604 3362 4661 communibus
3413 4604 3676 4674 expensis

1970 4703 2024 4750 et
2068 4695 2361 4751 laboribus
2382 4708 2838 4765 prosequemur;
2871 4701 2926 4749 et
2968 4693 3421 4749 emolumentum
3468 4707 3673 4763 aequa-

1972 4782 2100 4838 liter
2144 4783 2431 4851 patiemur
2474 4783 2622 4838 bona
2679 4782 2808 4848 ﬁde,
2858 4781 3150 4837 canonicis
3191 4796 3326 4837 vero
3367 4782 3593 4848 vestris,
3621 4790 3676 4838 et

1970 4871 2125 4940 apud
2157 4885 2258 4926 vos
2302 4879 2358 4926 et
2407 4871 2563 4941 apud
2609 4885 2730 4938 nos,
2764 4878 2817 4927 et
2857 4869 3193 4940 ubicunque
3238 4869 3528 4926 voluerint
3567 4870 3675 4926 erit

1970 4959 2213 5015 liberum
2244 4959 2489 5030 sepeliri.
2524 4960 2638 5016 Vos
2676 4960 2854 5030 igitur
2888 4960 2942 5014 in
2989 4959 3378 5029 recognitione
3416 4959 3674 5029 antiquae

1968 5048 2402 5105 consuetudinis
2433 5057 2640 5104 nostrae
2666 5047 2963 5104 duodecim
3011 5048 3275 5103 denarios
3325 5047 3672 5104 Laudunen-

1968 5138 2045 5193 sis
2075 5146 2315 5194 monetze
2347 5137 2510 5193 nobis
2557 5137 2614 5192 in
2655 5137 2791 5192 festo
2824 5137 3005 5191 sancti
3050 5136 3337 5193 Vincentii
3370 5136 3671 5192 annuatim

1967 5226 2319 5297 persolvetis.
2364 5226 2545 5293 Quod,
2595 5233 2658 5282 ut
2718 5233 2910 5280 ratum
2979 5232 3331 5294 permaneat,
3407 5225 3671 5280 chartam

1969 5317 2135 5372 istam
2178 5315 2346 5386 sigilli
2403 5314 2580 5371 nostri
2635 5313 3004 5384 impressione
3053 5314 3269 5369 muniri
3313 5313 3670 5370 curavimus.

1969 5407 2170 5460 Actum
2215 5417 2366 5459 anno
2415 5402 2708 5458 Incarnati
2768 5401 2946 5459 Verbt
3000 5401 3300 5458 millesimo
3365 5403 3673 5459 centesimo

1966 5492 2354 5563 octuagesimo
2383 5492 2568 5549 tertio.
2599 5514 2627 5542 »
