3944 6084
281 237 425 292 1159

1315 235 1408 291 ΑΙ)
1449 236 1602 290 ΟΡΡ.
1644 235 1803 289 VEN.
1849 235 2178 292 GUIBERTI
2218 236 2309 290 DE
2349 235 2743 292 NOVIGENTO

3651 242 3798 294 1160

359 370 726 442 Privilegium
768 369 979 425 decano
1020 369 1390 425 Laudunensi
1437 370 1508 425 ab
1557 369 1884 425 Innocentio
1928 370 1976 424 II
2015 373 2063 425 Α
2091 384 2222 426 cum
2257 371 2474 427 feretris
2518 385 2694 440 super
2741 371 3135 440 pavimentum
3173 372 3530 443 deponenda,
3572 383 3627 431 et
3678 378 3797 446 spi-

286 473 639 526 concessuin,
706 458 1044 513 Guillelmus
1130 457 1222 512 ille
1309 458 1772 528 archiepiscopus
1861 459 1982 513 vice

287 549 499 605 summi
547 546 830 617 pontiﬁcis
880 545 1133 616 repetitis
1180 546 1368 601 verbis
1415 547 1710 602 declarat:
1753 569 1780 595 ‹‹
1826 548 1982 602 Pra-

289 645 441 691 terea
485 633 850 688 concedimus
896 633 1078 700 vobis,
1129 633 1283 702 quod
1321 641 1377 689 et
1429 633 1532 703 pia
1575 633 1981 689 recordationis

289 724 656 778 Innocentius
704 735 848 791 papa
902 721 1060 776 vobis
1099 720 1360 786 indulsit,
1411 729 1473 776 ut
1515 722 1634 776 sive
1685 733 1975 790 prasente,

286 816 405 868 sive
448 811 680 867 absente
731 811 994 880 episc0po
1058 818 1268 876 vestro,
1323 809 1713 865 malefactores
1764 819 1981 866 vestros

284 898 801 962 excommunicare,
837 898 924 952 vel
965 898 1261 953 absolvere
1293 897 1534 966 possitis,
1586 905 1640 953 et
1685 912 1817 953 cum
1867 898 1980 953 ali-

285 989 418 1060 quis
473 1002 507 1044 a
550 987 710 1043 vobis
755 987 1291 1042 excommunicatus
1331 985 1517 1050 fuerit,
1561 986 1773 1041 nemini
1817 986 1980 1041 liceat

284 1077 597 1143 absolvere,
658 1075 765 1132 nisi
845 1077 1005 1145 prius
1082 1074 1333 1144 prastita
1406 1074 1807 1140 satisfactione,
1868 1083 1974 1130 etc.

283 1168 489 1222 Actum
522 1179 674 1220 anno
708 1163 1127 1219 Incarnationis
1163 1165 1309 1217 H79.
1352 1185 1370 1210 ι

357 1255 667 1310 Robertum
699 1254 769 1308 ad
800 1267 1021 1308 annum
1065 1254 1202 1309 1190
1237 1252 1419 1322 egisse
1456 1251 1737 1308 decanum
1777 1259 1978 1309 notant

284 1343 540 1413 antiqua
572 1341 938 1397 membrana.

356 1433 452 1487 IX.
503 1431 852 1486 Gislebertus
906 1430 1040 1483 1199
1092 1429 1192 1483 vix
1245 1442 1396 1483 anno
1435 1427 1749 1484 decanatus
1792 1427 1976 1482 officio

284 1521 537 1576 functus.

353 1608 428 1663 Χ.
481 1606 717 1663 Michael
767 1605 835 1661 de
872 1605 1135 1661 Corbolio
1177 1606 1352 1660 frater
1387 1604 1685 1676 Reginaldi
1731 1605 1800 1659 de
1838 1603 1971 1659 Cor-

283 1695 433 1751 bolio
460 1709 652 1749 Lxxvu
679 1693 1084 1763 archiepiscopi
1118 1693 1451 1748 Parisiensis
1475 1711 1488 1759 ;
1513 1693 1764 1762 primum
1795 1706 1971 1747 cano-

283 1784 450 1840 nicus
495 1781 867 1850 Parisiensis;
929 1781 1133 1836 deinde
1197 1781 1452 1836 decanus
1518 1779 1838 1847 Meldensis,
1910 1793 1977 1833 ac

283 1871 512 1927 tandem
539 1869 957 1934 Laudunensis,
990 1871 1143 1923 1191.
1175 1871 1246 1924 At
1276 1883 1406 1924 cum
1440 1876 1564 1938 post
1595 1869 1702 1923 hac
1732 1868 1974 1923 Michae-

286 1959 396 2015 lem
443 1959 551 2014 sibi
602 1960 660 2013 in
684 1959 965 2013 decanum
1008 1957 1354 2012 Parisienses
1398 1964 1770 2026 cooptassent,
1801 1955 1975 2011 obsti-

284 2056 399 2104 tere
452 2047 899 2115 Laudunenses;
932 2046 1169 2116 quibus,
1213 2053 1276 2100 ut
1317 2045 1477 2100 illum
1519 2046 1802 2112 cederent,
1834 2045 1974 2100 scri-

282 2137 392 2207 psit
461 2135 755 2206 epistolam
848 2134 1172 2204 Stephanus
1251 2135 1650 2190 Tornacensis.
1733 2134 1976 2189 Demqu

281 2225 552 2283 doctrina
603 2224 943 2294 pietatisque
1006 2223 1161 2278 fama
1243 2223 1408 2293 longe
1467 2223 1692 2292 lateque
1779 2237 1975 2292 perso—

281 2322 478 2381 nante,
514 2312 844 2383 patriarcha
870 2325 942 2368 ex
973 2311 1189 2367 decano
1226 2311 1529 2366 Parisiensi
1567 2311 1840 2382 eligitur;
1874 2325 1972 2366 ve-

281 2418 413 2460 rum
451 2403 509 2458 in
546 2403 742 2458 itinere
773 2401 992 2470 positus
1021 2400 1090 2454 ad
1123 2399 1321 2455 Sedem
1350 2398 1728 2454 Senonensem
1763 2399 1978 2455 invitus

281 2492 526 2562 rapitur.
572 2490 901 2546 Michaelem
946 2489 1095 2544 inter
1131 2487 1590 2557 archiepiscopus
1627 2487 1978 2543 Senonenses

280 2585 667 2635 annumerant
693 2578 938 2633 Iacobus
969 2590 1002 2630 a
1033 2575 1243 2642 Guisia,
1271 2583 1325 2631 et
1358 2576 1753 2631 Demochares.

351 2665 452 2719 XI.
726 2663 980 2717 decanus
1009 2661 1296 2730 reperitur
1325 2662 1479 2714 1193.

351 2753 474 2808 XII.
823 2748 1132 2818 paciscitur
1210 2763 1343 2804 cum
1419 2748 1712 2804 monachis
1784 2748 1976 2804 Sancti

281 2840 517 2897 Joannis
548 2837 946 2894 Laudunensis
979 2838 1134 2890 H93.

352 2928 497 2983 XIII.
533 2927 715 2982 Adam
745 2927 813 2981 de
843 2925 1209 2991 Cortlandon,
1251 2925 1341 2980 vir
1384 2922 1592 2980 nobilis
1635 2924 1691 2978 in
1721 2925 1846 2980 vico
1877 2939 1976 2980 co—

275 3014 510 3071 mitatus
549 3013 863 3080 Boussiaci,
915 3011 1187 3068 Fismensi
1220 3012 1350 3068 urbi
1389 3011 1742 3067 contermino
1780 3021 1971 3068 natus.

275 3104 339 3157 In
397 3117 462 3159 eo
529 3109 740 3171 septem
786 3099 1122 3169 prabendas
1169 3099 1454 3167 fundavit,
1512 3113 1579 3155 ea
1628 3099 1769 3170 lege,
1817 3108 1879 3155 ut
1928 3101 1973 3156 si

277 3191 512 3261 quando
541 3189 801 3245 canonici
837 3189 1136 3258 persistere
1170 3203 1284 3243 non
1325 3195 1570 3257 possent,
1599 3201 1799 3244 earum
1833 3188 1976 3243 redi-

275 3287 369 3334 tus
411 3279 662 3335 Ecclesia
705 3275 1110 3333 Laudunensis
1148 3277 1473 3346 possideret.
1523 3279 1747 3331 Hostem
1787 3277 1972 3332 infen-

275 3367 563 3424 sissimum
635 3366 838 3422 habuit
905 3367 1013 3421 hac
1079 3372 1410 3435 tempestate
1465 3365 1663 3420 eadem
1721 3365 1974 3422 Ecclesia

275 3457 692 3528 Ingelrannum
724 3455 792 3510 de
823 3454 1120 3522 Couciaco,
1153 3454 1256 3524 qui
1289 3453 1483 3509 omnia
1517 3452 1748 3509 ditionis
1777 3455 1973 3511 Eccle-

274 3546 372 3602 sia
404 3545 572 3610 bona,
609 3557 798 3615 agros,
847 3543 1022 3609 vicos,
1067 3549 1198 3609 etc.,
1242 3556 1398 3598 more
1439 3541 1837 3598 immanissimi
1880 3551 1973 3614 ty-

274 3633 445 3690 ranni
493 3632 752 3701 diripuit,
806 3629 1104 3700 expilavit.
1157 3630 1439 3686 decanum
1490 3629 1707 3686 carceri
1751 3631 1971 3687 manci-

274 3723 454 3794 pavit,
481 3729 537 3778 et
565 3723 638 3777 ad
668 3734 953 3778 summam
985 3720 1369 3775 calamitatem
1404 3719 1708 3776 canonicos
1733 3720 1967 3790 redegit.

273 3809 657 3878 Quamobrem
713 3823 746 3864 a
784 3807 994 3864 divinis
1041 3807 1311 3863 laudibus
1358 3807 1588 3878 siluere,
1633 3807 1971 3878 prafatum-

274 3913 388 3970 que
429 3898 842 3969 Ingelrannum
881 3897 1244 3952 anathemate
1284 3909 1613 3965 percussere
1647 3903 1700 3952 et
1735 3896 1972 3952 Laudu-

274 3987 471 4043 nensis
515 3995 570 4043 et
627 3985 920 4041 Remensis
987 3984 1301 4054 provincia
1362 3984 1642 4040 antistites
1690 3984 1967 4053 universi,

273 4076 375 4145 qui
399 4089 562 4145 opem
588 4087 787 4129 omnes
818 4079 871 4128 et
896 4072 1148 4128 solamen
1181 4071 1662 4128 Laudunensibus
1698 4071 1966 4128 offerunt.

275 4162 551 4232 Locuples
596 4161 840 4232 hujusce
896 4160 975 4215 rei
1023 4159 1407 4216 testimonium
1481 4160 1776 4230 proferunt
1821 4161 1971 4216 inter

273 4251 388 4307 alia
437 4251 637 4306 littera
686 4247 1094 4304 cauonicorum
1163 4249 1459 4304 Remensis
1505 4249 1808 4316 Ecclesia;
1867 4251 1967 4305 ha-

272 4340 407 4396 bent
432 4339 511 4395 ita
544 4353 556 4392 :
600 4358 620 4386 ι
652 4336 804 4393 Viris
837 4335 1203 4403 venerandis,
1235 4343 1289 4390 et
1332 4335 1532 4390 amicis
1568 4337 1970 4392 reverendissi-

272 4429 398 4496 mis,
448 4427 664 4482 Adamo
719 4425 936 4480 decano
986 4424 1202 4494 totique
1259 4424 1660 4479 Laudunensis
1703 4424 1967 4482 Ecclesia

272 4515 542 4586 capitulo,
589 4514 662 4571 M.
714 4512 1074 4584 prapositus,
1127 4512 1193 4565 II.
1245 4519 1464 4578 cantor,
1509 4511 1814 4582 caterique
1853 4514 1968 4570 Re-

273 4604 486 4661 mensis
536 4602 800 4658 Ecclesia
845 4602 1068 4667 fratres,
1110 4599 1376 4666 salutem,
1415 4607 1470 4654 et
1513 4614 1716 4655 verum
1757 4608 1810 4656 et
1839 4617 1969 4658 con-

271 4700 516 4749 stantem
561 4691 798 4745 siucera
839 4687 1157 4744 dilectionis
1203 4684 1491 4742 affectum.
1538 4689 1703 4744 Novit
1749 4690 1967 4760 cogita-

271 4781 494 4837 tionum
537 4785 590 4834 et
633 4791 870 4847 operum
920 4781 1204 4831 scrutator
1245 4781 1300 4829 et
1337 4775 1596 4845 cognitor
1624 4776 1774 4831 Deus
1812 4775 1968 4846 quod

272 4869 548 4938 injuriam
577 4881 708 4937 qua
741 4865 898 4921 illata
921 4871 1005 4920 est
1035 4862 1216 4929 vobis,
1247 4870 1353 4918 etc.
1388 4861 1608 4917 Scimus
1629 4862 1782 4917 enim
1812 4861 1967 4932 quod

271 4955 567 5027 negotium
639 4953 786 5008 istud
864 4951 1161 5008 universas
1229 4949 1508 5004 Ecclesias
1586 4948 1969 5005 communiter

270 5044 473 5113 tangit,
521 5050 574 5099 et
623 5055 723 5112 per
771 5038 1169 5110 impunitatem
1220 5038 1358 5094 tanti
1415 5037 1618 5108 ﬂagitii
1663 5050 1967 5093 commune

272 5132 532 5188 imminet
593 5128 911 5200 periculum
958 5126 1354 5183 ecclesiastica
1399 5124 1694 5181 libertatis.
1743 5124 1847 5180 Sed
1896 5139 1967 5180 ne

271 5221 434 5276 vobis
476 5233 680 5290 parum
736 5218 889 5288 quod
935 5217 1215 5272 hactenus
1259 5213 1497 5270 fecimus
1548 5214 1832 5280 videatur,
1894 5213 1965 5268 ad

273 5309 665 5378 prastaudum
701 5305 862 5362 vobis
910 5304 1143 5376 aliquod
1183 5302 1586 5359 consolationis
1624 5301 1962 5369 remedium,

269 5401 326 5450 et
373 5394 684 5450 tollendam
724 5394 794 5449 de
832 5392 1100 5448 cordibus
1130 5390 1336 5447 vestris
1382 5389 1788 5460 suspicionem,
1834 5404 1966 5446 cor-

273 5495 414 5554 pora
440 5490 791 5550 sanctorum,
826 5495 957 5552 qua
997 5480 1054 5536 in
1085 5478 1320 5536 ecclesia
1349 5486 1543 5536 nostra
1575 5479 1964 5550 requiescunt,

2089 459 2178 514 nis
2209 459 2566 515 decrevimus
2599 461 3032 528 circumdanda,
3076 468 3130 516 et
3165 470 3298 517 ante
3328 463 3793 520 sacratissimum

2091 560 2304 615 corpus
2350 556 2404 602 et
2465 548 2807 617 sanguinem
2874 547 3098 603 Domini
3155 549 3336 604 nostri
3395 550 3523 605 Jesu
3577 551 3794 606 Christi

2089 641 2287 688 contra
2327 635 2629 704 pradictos
2679 642 3066 704 persecutores
3114 644 3328 692 vestros
3369 635 3614 707 singulis
3662 639 3795 694 die-

2089 721 2198 777 bus
2229 721 2474 778 humiles
2509 722 3013 792 proclamabimus,
3059 731 3113 779 et
3143 726 3430 794 prostrati.
3479 727 3544 781 Et
3579 726 3622 780 si
3665 728 3795 796 jam

2087 809 2303 865 dictum
2357 811 2769 880 Ingelrannum
2833 813 2889 866 iu
2934 811 3193 879 ecclesia,
3243 813 3331 868 vel
3379 813 3606 870 civitate
3673 816 3794 870 Be-

2089 898 2268 953 mensi
2335 898 2667 954 noverimus
2731 913 2852 955 esse
2919 908 3274 969 prasentem,
3340 901 3694 957 cessabimus
3756 916 3795 957 a

2087 985 2318 1040 divinis.
2359 1007 2380 1033 ιι

2157 1073 2376 1136 Quibus
2453 1074 2598 1129 adde
2657 1073 2872 1130 litteras
2941 1075 3186 1145 episcopi
3259 1083 3313 1130 et
3372 1077 3791 1132 cauouicorum

2086 1161 2351 1217 Ecclesia
2383 1161 2804 1218 Suessionensis
2832 1163 3018 1218 relatu
3050 1163 3205 1219 haud
3239 1165 3508 1234 indignas
3537 1181 3550 1218 :
3589 1187 3614 1212 α
3651 1166 3789 1220 Hu-

2087 1265 2157 1319 go
2188 1250 2285 1305 Dei
2319 1249 2506 1321 gratia
2544 1251 2863 1320 episcopus,
2915 1251 2970 1306 S.
3022 1251 3380 1321 prapositus,
3409 1253 3471 1307 G.
3505 1253 3788 1318 decanus,

2087 1345 2385 1408 totumque
2425 1340 2625 1394 matris
2664 1339 2928 1395 Ecclesia
2979 1340 3398 1396 Suessionensis
3436 1342 3784 1411 capitulum,

2087 1426 2226 1482 viris
2273 1426 2714 1492 venerabilibus,
2762 1435 2816 1483 et
2866 1427 2925 1482 iu
2983 1429 3207 1484 Christo
3252 1429 3622 1495 charissiinis,
3679 1431 3788 1484 de-

2084 1529 2248 1582 cano,
2308 1524 2364 1570 et
2410 1516 2664 1585 capitulo
2708 1516 3091 1583 Laudunensi,
3142 1517 3423 1586 salutem;
3467 1527 3520 1573 et
3561 1533 3665 1586 pro
3719 1518 3786 1572 li-

2089 1603 2303 1658 bertate
2347 1605 2611 1660 Ecclesia
2650 1613 2800 1660 stare
2839 1605 3100 1670 viriliter,
3149 1618 3252 1660 nec
3293 1605 3528 1661 deficere
3576 1607 3633 1661 in
3690 1606 3788 1660 ad-

2087 1691 2286 1746 versis.
2323 1693 2468 1748 Cum
2509 1691 2565 1746 in
2600 1693 2934 1762 hujusmodi
2975 1692 3281 1748 volutabro
3317 1692 3534 1748 nullam
3563 1703 3786 1748 certam

2084 1781 2460 1836 habuerimus
2490 1782 2864 1849 mansionem,
2898 1797 3004 1837 nec
3029 1783 3221 1838 adhuc
3241 1782 3411 1838 etiam
3436 1783 3783 1848 habeamus,

2082 1876 2184 1923 etc.
2215 1869 2452 1924 Turbati
2499 1883 2703 1925 sumus
2749 1869 3033 1939 siquidem
3080 1879 3134 1926 et
3172 1870 3448 1938 dolemus,
3493 1871 3649 1941 quod
3685 1873 3790 1927 Ec-

2082 1956 2252 2012 clesia
2298 1957 2438 2013 tanti
2491 1957 2758 2025 nominis,
2841 1965 3011 2014 tanta
3071 1958 3387 2029 dignitatis,
3453 1974 3585 2028 qua
3655 1961 3788 2015 aliis

2082 2045 2349 2100 Ecclesiis
2399 2045 2458 2100 iu
2504 2045 2739 2101 consilio
2786 2053 2840 2101 et
2888 2046 3106 2102 auxilio
3155 2054 3529 2102 consueverat
3568 2048 3785 2104 subve-

2082 2133 2228 2200 nire,
2287 2141 2342 2189 et
2405 2134 2809 2190 consolationis
2874 2135 3055 2190 ubera
3139 2136 3429 2206 porrigere
3490 2136 3784 2202 desolatis,

2082 2222 2292 2277 nostris
2328 2222 2681 2291 temporibus
2713 2223 2834 2292 jam
2881 2224 3171 2292 prasentit
3203 2223 3586 2293 praambulos
3612 2226 3785 2280 Auti-

2082 2311 2299 2366 christi.
2357 2310 2518 2366 Unde
2567 2310 2638 2365 ad
2684 2311 3146 2380 supportandum
3194 2326 3343 2368 onus
3397 2322 3679 2379 vestrum,
3732 2323 3786 2370 et

2082 2399 2487 2455 desolationem
2529 2407 2798 2466 vestram,
2840 2401 2950 2455 imo
2989 2408 3264 2468 nostram,
3305 2401 3525 2456 ardenti
3561 2402 3783 2468 animo,

2083 2494 2138 2541 et
2168 2485 2405 2540 ferventi
2445 2484 2740 2552 desiderio,
2782 2486 2957 2542 corda
2996 2494 3051 2542 et
3089 2500 3329 2556 corpora
3369 2495 3581 2553 nostra,
3615 2489 3788 2544 vobis

2083 2573 2370 2630 universis
2439 2581 2494 2629 et
2555 2574 2798 2644 singulis
2855 2574 3220 2643 exponimus,
3273 2581 3327 2630 et
3392 2589 3482 2630 res
3530 2584 3784 2640 nostras.

2084 2668 2351 2732 rogantes
2398 2676 2498 2717 vos
2545 2677 2678 2718 cum
2723 2669 2943 2732 quanta
2991 2676 3294 2732 possumus
3359 2661 3677 2732 affectione,
3731 2672 3786 2720 et

2083 2749 2191 2804 sub
2225 2749 2433 2805 fadere
2473 2750 2792 2806 dilectionis
2819 2758 2874 2806 et
2921 2750 3206 2806 firmitatis
3250 2752 3398 2806 inter
3435 2765 3538 2806 nos
3581 2760 3637 2807 et
3681 2767 3787 2807 vos

2085 2836 2142 2891 in
2185 2845 2473 2907 posterum
2511 2838 2939 2905 conservanda,
2994 2838 3367 2894 attentissime
3403 2839 3782 2908 requirimus,

2016 2946 2056 3000 ρ
2085 2932 2374 2994 quatenus
2423 2925 2636 2980 intuitu
2673 2923 2989 2980 dilectionis
3028 2935 3264 2992 mutua,
3301 2934 3355 2982 et
3394 2927 3530 2996 quia
3572 2942 3783 2983 sumus

2083 3011 2154 3067 ad
2195 3012 2440 3068 invicem
2479 3012 2780 3078 debitores,
2822 3012 2970 3068 bona
3013 3022 3209 3068 nostra
3248 3029 3379 3084 qua
3418 3015 3578 3070 vobis
3606 3029 3784 3085 expo-

2081 3101 2278 3157 nimus
2320 3109 2598 3172 tauquam
2648 3108 2838 3157 vestra
2890 3101 3122 3172 propria
3166 3103 3456 3173 accipiatis
3493 3104 3786 3160 conﬁden-

2084 3196 2164 3244 ter
2196 3197 2250 3244 et
2292 3203 2510 3254 secure,
2541 3197 2596 3244 et
2621 3189 2703 3244 eis
2744 3179 2828 3245 u‘ti
2871 3189 3054 3244 velitis
3097 3191 3153 3244 in
3187 3191 3457 3246 omnibus
3495 3199 3779 3261 tauquam

2079 3279 2301 3346 vestris,
2335 3287 2389 3333 et
2420 3279 2465 3333 si
2507 3278 2667 3334 vobis
2708 3278 2986 3348 placuerit
3022 3279 3092 3334 ad
3136 3294 3239 3335 nos
3279 3280 3578 3347 divertere,
3618 3283 3781 3337 vobis

2080 3367 2265 3436 parati
2295 3381 2498 3423 sumus
2528 3381 2848 3435 occurrere,
2884 3375 2940 3422 et
2979 3382 3112 3422 cum
3151 3369 3307 3423 omni
3347 3368 3558 3425 honore
3587 3370 3776 3425 debito

2079 3459 2133 3507 et
2162 3452 2364 3507 devoto
2400 3452 2457 3508 in
2487 3452 2758 3508 domibus
2795 3453 3008 3509 nostris
3038 3468 3140 3509 vos
3177 3453 3487 3510 honorifice
3525 3456 3778 3525 recipere

2077 3547 2131 3596 et
2159 3539 2465 3596 liberaliter
2492 3549 2854 3610 pertractare.
2888 3564 2916 3590 ››

2149 3628 2351 3684 Solitos
2398 3637 2590 3685 autem
2641 3629 2814 3686 fuisse
2861 3630 3266 3687 ecclesiasticos
3313 3632 3463 3687 viros
3509 3645 3542 3686 a
3588 3631 3778 3701 preci-

2080 3716 2189 3772 bus
2237 3716 2501 3784 horariis,
2556 3725 2610 3774 et
2657 3732 2691 3774 a
2747 3718 2944 3774 divino
2995 3719 3278 3775 sacrificio
3335 3720 3546 3787 feriari,
3599 3720 3780 3776 donec

2079 3804 2230 3859 bona
2276 3804 2558 3875 dirempta
2604 3807 3047 3864 restituerentur
3090 3807 3356 3878 indigitat
3401 3809 3498 3864 Ivo
3541 3808 3775 3864 Carnot.

2077 3893 2315 3963 epistola
2333 3893 2458 3947 121.

2147 3982 2399 4038 Tandem
2451 3982 2656 4038 mentis
2703 3991 3024 4053 compotem
3075 3983 3287 4040 factum
3337 3984 3776 4054 Ingelrannum,

2074 4077 2129 4126 et
2175 4069 2450 4126 scelerum
2521 4071 2909 4140 pauitantem,
2977 4072 3302 4142 Stephanus
3350 4071 3772 4141 Noviomensis,

2075 4167 2130 4216 et
2158 4159 2458 4216 Auselmus
2491 4159 2895 4216 Laudunensis
2934 4161 3204 4231 episcopi,
3246 4175 3280 4216 a
3317 4176 3542 4218 summo
3582 4163 3778 4232 ponti-

2007 4242 2048 4295 E
2080 4248 2183 4304 fice
2215 4247 2478 4318 delegati,
2509 4248 2850 4304 criminibus
2877 4249 3127 4305 solvunt.

2150 4336 2432 4391 Caterum
2470 4336 2650 4392 Adam
2689 4337 3017 4393 societatem
3059 4338 3186 4393 iniit
3227 4353 3360 4394 cum
3405 4337 3458 4394 S.
3491 4338 3777 4395 Vincentii

2077 4424 2375 4481 canobitis
2401 4437 2556 4480 anno
2589 4427 2743 4480 H96.
2777 4425 3035 4493 Librum,
3055 4425 3150 4481 cui
3170 4425 3374 4482 titulus
3402 4425 3779 4482 Ordinarium

2077 4511 2360 4580 Ecclesia,
2412 4512 2532 4568 sive
2579 4513 2728 4569 Ordo
2773 4513 2954 4568 divini
3000 4513 3191 4581 officii,
3239 4513 3297 4568 in
3356 4529 3470 4584 quo
3519 4517 3781 4582 praescri-

2077 4599 2298 4656 huntur
2352 4615 2483 4670 qua
2538 4608 2675 4658 sunt
2729 4601 2933 4658 diebus
2997 4601 3152 4659 festis
3215 4602 3594 4670 observanda,
3652 4618 3784 4659 con-

2074 4687 2317 4757 scripsit.

2145 4775 2232 4831 Ad
2259 4789 2479 4833 annum
2515 4791 2700 4848 usque
2737 4780 2891 4847 1223,
2923 4779 3206 4835 decanum
3245 4779 3428 4850 egisse
3451 4786 3675 4835 constat
3703 4793 3783 4835 ex

2076 4863 2438 4919 Chartulario
2469 4865 2725 4936 ejusdem
2755 4865 3025 4922 ecclesia.

2146 4951 2298 5008 XIV.
2349 4951 2609 5008 Galterus
2651 4953 2721 5008 de
2758 4952 3041 5022 Chambli,
3083 4954 3252 5024 cujus
3297 4953 3512 5009 familia
3555 4953 3615 5008 in
3662 4956 3785 5025 epi-

2075 5046 2313 5109 scopatu
2336 5040 2708 5097 Laudunensi
2737 5041 3056 5098 clarissima
3083 5051 3167 5099 est
3199 5043 3496 5114 hodieque,
3533 5044 3784 5100 Romam

2077 5128 2329 5196 perrexit
2365 5129 2705 5199 rescriptum
2750 5130 3158 5201 inquisitionis,
3201 5139 3265 5187 ut
3308 5139 3534 5199 vocant,
3575 5132 3785 5200 petitu-

2075 5230 2178 5272 rus
2205 5217 2480 5272 adversus
2500 5218 2828 5288 episcopum
2861 5219 3324 5287 Laudunensem,
3359 5220 3512 5291 quod
3551 5234 3784 5276 succes-

2039 5359 2042 5362 .
2074 5318 2170 5360 sor
2197 5305 2461 5361 obtinuit.
2492 5306 2538 5360 E
2567 5307 2684 5363 vita
2706 5308 2917 5378 migrat
2940 5310 3095 5363 1229.

2147 5393 2274 5450 XV.
2320 5393 2645 5464 Stephanus
2692 5395 2761 5452 de
2803 5397 2954 5464 Bria,
3023 5396 3324 5466 prafatum
3382 5396 3785 5467 inquisitionis

2075 5481 2415 5551 rescriptum
2483 5482 2590 5553 ipsi
2637 5485 2915 5542 concessit
2973 5484 3269 5542 Romanus
3334 5484 3610 5555 pontifex,
3659 5501 3784 5558 quo
