3944 6084
119 282 228 335 1161

1357 273 1577 332 DOMNI
1617 277 1674 331 L.
1716 275 2072 334 D’ACIIERY
2109 275 2331 333 NOT/E.

3461 288 3598 341 1162

108 410 436 468 sententiam
475 408 1089 466 excommunicationis
1123 408 1182 464 in
1211 407 1495 464 decanum
1535 415 1589 464 et
1627 406 1790 478 capi-
1828 409 1871 464 Δ
1904 408 2185 479 pontiﬁcis
2248 416 2610 480 perspectum
2684 410 2949 468 habetur.
3025 434 3047 462 α
3103 414 3189 471 Tu
3265 415 3600 486 hujusmodi

113 500 283 558 tulum
313 499 591 570 prolatam
624 498 806 570 coegit
833 497 1160 569 episcopum
1184 511 1472 554 revocare.

176 590 248 645 De
292 588 578 658 Stephano
625 588 967 643 mentionem
1011 586 1145 643 facit
1181 586 1612 643 Chartularium
1652 586 1796 642 Lau-

110 680 356 735 dunense
417 676 488 733 ab
537 689 691 731 anno
733 676 874 732 1230
918 690 1105 746 usque
1150 676 1222 731 ad
1270 676 1425 745 1232,
1471 674 1792 746 additque:

1903 496 2149 568 gratiose
2194 497 2295 555 tibi
2344 498 2553 555 factam
2584 512 2619 555 a
2667 499 2834 556 nobis
2876 500 3122 572 gratiam
3163 510 3461 572 gratanter
3512 518 3600 562 re-

1904 584 2120 655 cipiens
2149 592 2203 641 et
2233 592 2533 655 paternam
2563 600 2740 657 quam
2775 587 2846 644 ad
2878 594 2931 645 te
2961 589 3218 659 gerimus
3254 591 3604 649 benevolen-

1905 674 2044 730 tiam
2074 689 2146 732 ex
2194 674 2302 731 hoc
2330 676 2557 746 plenius
2598 680 3039 753 recognoscensj
3071 681 3454 750 provisioncm
3487 682 3604 738 hu-

112 766 372 838 Stephani
435 764 754 822 testamenti
811 772 1111 821 exsecutor
1165 763 1383 820 exstitit
1427 764 1673 820 Iacobus
1729 763 1797 819 de
1901 762 2153 833 jusmodi
2221 765 2542 836 receptasti,
2610 774 2665 823 ct
2738 768 2969 825 tandem
3032 784 3134 839 per
3180 777 3311 827 tuas
3366 771 3601 839 litteras,

109 855 308 925 Trecis,
380 854 566 910 dictus
638 853 969 920 Pantaleon,
1055 867 1158 909 seu
1235 853 1305 908 de
1377 850 1795 921 Gnatopalatio,

110 945 412 1001 canonicus
456 943 875 1010 Laudunensis,
910 941 1272 1012 postmodum
1302 955 1567 998 summus
1609 940 1796 1012 ponti-

112 1034 200 1090 fex
230 1032 446 1089 Urbani
475 1032 553 1090 IV
572 1031 823 1087 nomine.

177 1122 324 1180 XVI.
358 1121 543 1178 Guido
577 1120 644 1177 dc
674 1123 869 1176 Castro
894 1117 1218 1176 Portuensi.
1254 1140 1275 1167 ι
1302 1117 1407 1185 Qui
1436 1117 1635 1190 (verba
1665 1118 1804 1173 sunt

110 1210 473 1277 Chartularii)
512 1209 627 1265 fere
668 1222 770 1280 per
799 1223 1019 1264 annum
1062 1214 1116 1264 et
1151 1207 1402 1277 amplius
1453 1220 1555 1277 pro
1586 1207 1802 1262 decano

111 1314 168 1355 se
193 1313 383 1371 gerere
404 1297 608 1365 noluit,
643 1297 882 1367 ideoque
904 1296 1135 1353 sedebat
1156 1295 1474 1366 capitulum
1498 1306 1803 1366 suppresso

112 1388 340 1444 nomine
381 1387 601 1444 decani.
642 1408 663 1435 »
701 1385 804 1441 Sed
844 1386 946 1442 ubi
985 1385 1326 1441 decanatum
1359 1384 1698 1453 abdicasset,
1745 1383 1804 1438 in

113 1477 438 1549 episcopum
471 1475 935 1531 Suessioncnsem
964 1481 1197 1530 evectus
1224 1480 1327 1529 est.

185 1566 363 1623 XVII.
405 1564 590 1621 Guido
621 1565 690 1620 de
731 1562 1046 1634 Triangulo
1083 1576 1154 1618 ex
1191 1560 1595 1617 archidiacono
1629 1560 1807 1631 hujus

114 1654 376 1711 Ecclesiae
428 1654 698 1721 decanus,
759 1666 911 1708 anno
956 1654 1108 1720 1234,
1175 1666 1364 1707 mense
1412 1651 1580 1709 Maio.

118 1832 301 1890 tuensi
360 1829 712 1888 renuntiavit
757 1828 1083 1897 decanatui,
1137 1835 1192 1884 et
1248 1827 1355 1883 fuit
1413 1827 1471 1882 in
1526 1827 1808 1883 decanum

114 1922 326 1978 electus
350 1919 618 1975 dominus
647 1916 832 1974 Guido
854 1917 922 1972 de
950 1916 1284 1987 Triangulo.
1323 1937 1344 1963 ι
1375 1913 1808 1972 Chartularium

114 2024 263 2080 saepe
295 2008 663 2079 productum.
698 2007 752 2061 Is
781 2012 975 2061 autem
1008 2004 1319 2061 decessoris
1346 2011 1581 2060 secutus
1609 2016 1811 2058 exem-

118 2098 297 2170 plum,
345 2110 477 2152 cum
528 2109 629 2165 per
676 2108 897 2150 annum
944 2093 1200 2150 decanus
1228 2091 1486 2159 sedisset,
1522 2090 1707 2147 medio
1754 2089 1808 2144 in

116 2185 367 2257 capitulo
405 2198 473 2240 ea
502 2198 560 2239 se
590 2183 865 2253 dignitate
896 2182 1157 2253 deposuit
1187 2194 1339 2237 anno
1364 2179 1624 2237 videlicet
1652 2178 1811 2234 1235.

119 2276 275 2333 Idem
306 2271 758 2331 Chartularium.

190 2362 400 2419 XVIII.
445 2362 629 2417 Iterus
657 2359 726 2415 de
757 2358 1061 2425 Malonido,
1094 2358 1269 2414 frater
1300 2356 1553 2414 Anselmi
1583 2356 1816 2413 Laudu-

119 2450 315 2508 nensis
344 2448 633 2514 antistitis,
684 2447 1144 2514 archidiaconus,
1184 2445 1477 2502 communi
1516 2445 1817 2502 canonico-

124 2556 253 2597 rum
285 2537 562 2611 suffragio
608 2537 861 2594 decanus
902 2535 1159 2606 eligitur.
1205 2535 1339 2590 Iniit
1389 2549 1527 2591 ann.
1566 2536 1700 2590 1236
1748 2535 1817 2590 ad

122 2630 283 2685 1238.
317 2627 529 2684 Prodiit
560 2626 681 2683 haec
706 2624 1158 2692 Chartularium,
1211 2623 1370 2680 velut
1417 2631 1472 2679 et
1506 2625 1654 2679 Itero
1686 2637 1822 2679 mu-

125 2718 556 2775 nia'decanatus
578 2715 846 2783 obeunte,
868 2713 1114 2769 Iacobus
1135 2712 1205 2768 de
1224 2711 1415 2768 Trecis
1446 2711 1823 2782 (cujussupra

126 2804 514 2875 meminimus)
564 2802 788 2870 litteris,
847 2802 981 2873 jure
1032 2800 1390 2873 potissimum
1439 2800 1715 2857 canonico
1770 2806 1825 2855 et

126 2892 412 2966 theologia
460 2891 717 2962 apprime
759 2890 1044 2957 eruditus,
1087 2889 1402 2945 canonicus
1443 2897 1498 2945 et
1539 2888 1823 2944 archidia-

1906 852 2177 922 expositis
2208 854 2558 923 quibusdam
2592 855 2707 912 tuis
2736 857 3181 914 rationabilibus
3210 860 3607 916 excusationi-

1910 941 2037 1007 bus,
2069 940 2401 1011 supplicasti
2430 943 2595 999 nobis
2620 944 2919 1003 humiliter
2939 952 3003 1002 ut
3024 946 3425 1004 excusationes
3454 948 3606 1019 ipsas

1908 1028 2229 1098 admittere,
2262 1036 2433 1103 teque
2459 1045 2493 1087 a
2522 1032 2845 1102 provisione
2873 1048 3190 1091 exonerare
3218 1036 3511 1105 praedicta,
3552 1046 3608 1093 et

1910 1116 2251 1173 decanatum
2302 1119 2568 1175 eumdem
2626 1120 2884 1178 conferre
2932 1122 3028 1178 alii
3081 1137 3339 1193 personae
3391 1124 3609 1181 idoneae

1910 1218 2268 1261 curaremus.
2302 1205 2419 1262 Nos
2439 1206 2635 1277 igitur,
2670 1229 2696 1258 »
2728 1216 2834 1266 etc.

1983 1293 2166 1349 XXII.
2201 1297 2451 1351 Joannes
2479 1310 2551 1351 ex
2592 1298 2893 1367 praeposito
2928 1298 3439 1356 Torlatensianno
3472 1300 3611 1357 1263

1913 1381 1986 1439 ab
2018 1382 2249 1439 Urbano
2296 1396 2444 1453 papa
2467 1384 2773 1442 sufﬁcitur.
2817 1387 2944 1444 Fuit
2990 1387 3232 1459 insignis
3274 1388 3611 1445 litteratura:

1913 1478 1969 1527 et
2007 1472 2234 1541 pietatis
2285 1471 2341 1527 in
2381 1472 2683 1529 Parisiensi
2725 1475 3018 1531 academia
3059 1477 3359 1547 theologia:
3404 1478 3614 1548 profes-

1915 1575 2026 1628 sor,
2059 1561 2558 1635 'quemadmodum
2603 1564 2860 1633 pontifex
2894 1564 2987 1620 ille
3034 1564 3316 1634 signiﬁcat
3348 1580 3360 1619 :
3429 1586 3455 1616 (ι
3489 1567 3615 1621 Per-

1642 1672 1662 1698 ι
1718 1650 1807 1707 Sic
1840 1712 1875 1723 n
1915 1663 2137 1717 sonam,
2182 1649 2392 1720 inquit,
2447 1649 2728 1723 insignem
2787 1666 2917 1708 cum
2979 1666 3191 1722 magna
3233 1653 3615 1710 sollicitudine

114 1744 262 1801 enim
321 1757 387 1799 eo
431 1712 697 1813 tempore,
731 1739 1037 1811 praedictus
1086 1712 1269 1796 Guido
1306 1740 1376 1795 de
1422 1740 1618 1795 Castro
1664 1738 1807 1793 Por-
1840 1712 1878 1765 Β

1918 1753 1950 1808 q
1964 1745 2259 1804 uaerentes,
2285 1752 2417 1808 quae
2436 1739 2720 1796 virtutum
2747 1741 3011 1813 insigniis
3033 1742 3318 1807 decorata,
3342 1742 3401 1797 in
3417 1743 3612 1799 eadem

1915 1825 2154 1882 ecclesia
2197 1826 2565 1883 Laudunensi
2613 1842 2713 1897 per
2759 1830 2956 1885 multae
3004 1829 3313 1899 diligentiae
3358 1831 3612 1887 studium

1917 1913 2261 1984 multiplicet
2298 1924 2641 1972 ornamenta
2687 1917 2927 1983 decoris,
2977 1918 3049 1973 ad
3099 1918 3368 1974 dilectum
3432 1920 3615 1975 ﬁlium

1920 2003 2259 2074 magistrum
2291 2004 2567 2060 Joannem
2615 2005 2986 2075 praepositum
3015 2005 3399 2063 'I‘orlatensem
3440 2008 3617 2064 Mori-

1921 2092 2115 2147 nensis
2170 2091 2446 2161 dioecesis,
2494 2094 2857 2163 capellanum
2902 2102 3183 2163 nostrum,
3236 2102 3513 2165 tanquam
3544 2096 3619 2152 ad

1922 2180 2114 2237 virum
2144 2180 2295 2236 fama
2323 2181 2686 2252 praeclarum,
2717 2190 2774 2238 et
2800 2182 3015 2250 virum,
3047 2185 3195 2240 sicut
3220 2198 3256 2239 a
3293 2183 3401 2240 ﬁde
3429 2183 3621 2255 dignis

1926 2268 2224 2337 habemus,
2266 2269 2519 2340 probatae
2549 2270 2800 2339 virtutis,
2833 2278 2888 2327 et
2919 2271 3218 2349 probitatis
3247 2280 3517 2343 expertae,
3553 2285 3620 2327 ac

1926 2365 2215 2428 regentem
2261 2358 2494 2415 Parisiis
2538 2359 2595 2414 in
2655 2359 2975 2431 Theologiae
3023 2359 3333 2429 Facultate,
3389 2368 3621 2432 aposto-

1926 2447 2102 2504 licunt
2123 2447 2512 2504 convertimus
2538 2447 2835 2515 intuitum,
2874 2470 2895 2497 ι
2929 2456 3036 2505 etc.

1997 2538 2217 2593 Joanne
2242 2551 2317 2593 ex
2343 2536 2568 2592 mortali
2595 2536 2715 2593 vita
2746 2537 2973 2594 sublato
2999 2537 3159 2605 1268,
3186 2537 3307 2594 sive
3339 2539 3494 2605 1269,

1999 2626 2213 2682 XXIII.
2255 2624 2592 2681 Guillelmus
2621 2625 2689 2681 de
2719 2625 3025 2683 Matiscone
3057 2626 3245 2683 locum
3273 2626 3456 2696 ipsius
3498 2641 3627 2682 sor-

1932 2714 2074 2770 titur
2102 2714 2171 2769 ad
2203 2728 2426 2770 annum
2453 2713 2681 2770 circiter
2711 2717 2867 2769 12‘7I.
2900 2715 3115 2771 Deinde
3146 2716 3218 2772 ad
3248 2714 3625 2785 episcopalem

1933 2800 2336 2858 Ambianensis
2391 2802 2658 2858 Ecclesiae
2695 2803 2885 2859 sedem
2914 2811 3203 2872 evocatus,
3271 2803 3329 2858 in
3381 2803 3626 2874 gratiam

1934 2888 2406 2945 Laudunensium
2464 2902 2615 2944 anno
2668 2888 2811 2945 1279
2867 2888 2996 2945 tulit
3051 2889 3422 2959 sententiam;
3483 2890 3649 2946 inter‘

127 2999 311 3041 conus
359 2979 780 3048 Laudunensis,
837 2978 1216 3049 capellaniam
1263 2978 1322 3033 in
1359 2977 1480 3034 aede
1516 2991 1624 3033 sua
1659 2977 1822 3032 clau-
1856 3010 1894 3065 ο
1933 2986 2139 3034 caetera
2182 2976 2356 3033 habet
2404 2977 2554 3033 ista:
2608 2998 2635 3027 «
2673 2978 2788 3034 Nos
2838 2977 3180 3035 Guillelmus
3225 2977 3632 3035 Ambianensis

126 3072 285 3130 strali
335 3070 639 3127 aediﬁcavit
682 3077 737 3125 et
776 3067 1072 3138 fundavit;
1113 3066 1283 3137 cujus
1329 3065 1685 3122 conferendae
1728 3067 1828 3137 jus
1934 3066 2250 3137 episcopus,
2297 3072 2427 3133 etc.,
2477 3066 2833 3125 attendentes
2869 3066 3042 3123 etiam
3087 3066 3340 3138 qualiter
3377 3080 3444 3124 eo
3490 3073 3631 3123 tem—

128 3161 201 3217 ad
232 3160 534 3225 decanum,
569 3158 688 3213 sive
718 3156 789 3212 ad
819 3171 950 3213 eum
978 3156 1079 3226 qui
1113 3155 1310 3210 divina
1340 3154 1529 3210 ofﬁcia
1557 3154 1823 3221 celebrat,

129 3247 647 3307 hebdomadarium
690 3244 868 3316 vulgo
911 3243 1245 3312 vocitatum,
1295 3243 1516 3298 attinet.
1553 3243 1640 3297 En
1680 3242 1825 3298 litte-

129 3351 334 3396 rarum
363 3334 644 3405 Ipericope
691 3331 1063 3388 fundationis.
1114 3348 1143 3382 α
1182 3330 1477 3387 Universis
1520 3338 1831 3400 praesentes

129 3420 353 3477 litteras
410 3418 770 3489 inspecturis.
822 3420 1008 3475 Iterus
1058 3418 1331 3486 decanus,
1399 3426 1454 3475 et
1511 3419 1827 3489 capitulum

133 3508 540 3576 Laudunense,
601 3508 659 3563 in
720 3507 922 3564 salutis
978 3508 1227 3563 Auctore
1283 3506 1547 3563 salutem.
1600 3507 1834 3563 Noverit

131 3596 485 3655 universitas
540 3602 748 3662 vestra,
816 3595 973 3666 quod
1028 3610 1160 3652 cum
1222 3595 1466 3651 dilectus
1522 3595 1836 3651 canonicus

135 3689 331 3742 noster
372 3684 640 3741 dominus
687 3684 935 3740 Iacobus
982 3684 1050 3740 de
1099 3684 1290 3740 Trecis
1320 3684 1375 3740 in
1406 3684 1575 3740 domo
1622 3698 1730 3740 sua
1776 3682 1834 3738 in

133 3775 389 3832 claustro
432 3772 821 3841 Laudunensi,
873 3786 1050 3844 quam
1079 3772 1129 3841 ζει
1159 3772 1327 3829 nobis
1358 3773 1430 3828 ad
1462 3764 1639 3829 vitam
1671 3785 1835 3829 suam

134 3870 374 3927 emerat,
404 3863 735 3919 aediﬁcasset
764 3862 834 3918 de
864 3876 1032 3929 novo,
1067 3876 1182 3917 non
1209 3862 1499 3918 modicum
1529 3869 1838 3932 sumptuo-

134 3966 282 4019 sam,
315 3966 419 4007 nos
447 3951 824 4019 attendentes,
857 3958 962 4007 etc.
998 3951 1205 4006 Actum
1237 3965 1391 4007 anno
1423 3950 1647 4007 Domini
1679 3952 1836 4017 1237,

134 4054 333 4098 mense
360 4040 532 4104 Julio,
569 4039 710 4095 feria
733 4039 898 4097 tertia
926 4047 1051 4111 post
1082 4039 1468 4096 Pentecosten.
1507 4060 1528 4087 ι

208 4129 367 4186 XIX.
409 4129 702 4185 Garnerus
748 4128 1001 4185 decanus
1029 4142 1103 4185 ex
1151 4128 1557 4184 archidiacono
1607 4128 1837 4185 Laudu-

136 4217 327 4284 nensi,
375 4217 579 4274 deinde
611 4217 913 4289 episcopus
940 4217 1201 4289 ejusdem
1242 4217 1511 4274 Ecclesiae
1547 4216 1604 4272 in
1650 4217 1838 4274 locum

1937 3168 2072 3225 pore
2106 3168 2225 3225 quo
2262 3152 2323 3209 in
2351 3153 2537 3210 ofﬁcio
2563 3153 2781 3211 fuimus
2805 3155 3119 3212 decanatus
3150 3169 3255 3212 nos
3285 3154 3373 3211 usi
3404 3154 3634 3225 paciﬁce

1938 3242 2154 3298 fuimus
2184 3243 2243 3298 in
2271 3242 2576 3313 praedictis,
2617 3265 2639 3293 ι
2671 3250 2780 3300 etc.

2008 3331 2217 3388 XXIV.
2258 3332 2505 3388 Joannes
2516 3332 2850 3402 Raynaldus
2871 3331 3186 3388 canonicus
3208 3330 3632 3398 Laudunensis,

1939 3433 2114 3489 quem
2155 3419 2436 3475 decanum
2467 3419 2776 3491 Gregorius
2815 3434 2966 3491 papa
2999 3420 3050 3476 X
3082 3419 3336 3476 declarat
3364 3420 3435 3474 ad
3482 3419 3640 3475 hunc

1942 3506 2222 3562 modum:
2282 3528 2303 3556 ι
2355 3507 2665 3576 Gregorius
2711 3506 3033 3578 episcopus,
3091 3522 3294 3564 servus
3329 3521 3638 3564 servorum

1942 3594 2062 3663 Dei,
2108 3594 2311 3650 dilecto
2356 3595 2469 3651 ﬁlio
2512 3594 2784 3667 magistro
2827 3597 3034 3653 Joanni
3080 3596 3397 3667 Raynaldo,
3445 3594 3642 3667 capel-

1944 3683 2075 3739 lano
2106 3690 2317 3751 nostro,
2358 3691 2465 3740 etc.
2512 3682 2655 3739 Hinc
2685 3690 2767 3741 est
2792 3685 2949 3756 quod
2981 3699 3084 3741 nos
3125 3699 3431 3756 personam
3474 3691 3636 3741 tuam

1943 3773 2016 3829 ob
2050 3779 2283 3828 tuorum
2317 3771 2651 3829 meritorum
2684 3773 3129 3844 praerogativam
3162 3774 3354 3830 favore
3383 3772 3641 3843 specialis

1943 3861 2141 3933 gratiae
2154 3867 2576 3931 prosequentes,
2592 3861 2938 3919 decanatum
2955 3862 3223 3919 Ecclesiae
3237 3861 3645 3918 Laudunensis

1946 3964 2080 4006 cum
2119 3949 2239 4007 suis
2281 3948 2531 4020 juribus,
2581 3950 2961 4019 libertatibus,
3011 3959 3066 4008 et
3113 3950 3492 4022 pertinentiis,
3542 3964 3644 4020 per

1947 4039 2185 4096 liberam
2224 4037 2667 4109 resignationem
2708 4039 2895 4097 dilecti
2928 4040 3027 4097 ﬁlii
3065 4040 3324 4113 magistri
3356 4039 3647 4096 Guillelmi

1949 4129 2018 4185 de
2056 4128 2386 4195 Matiscone,
2441 4134 2581 4184 tunc
2619 4127 2801 4199 ipsius
2847 4128 3113 4186 Ecclesia:
3163 4129 3385 4197 decani,
3429 4128 3488 4185 in
3531 4142 3650 4185 ma-

1948 4217 2118 4274 nibus
2163 4216 2373 4273 nostris
2407 4215 2643 4288 factam;
2694 4217 2798 4274 tibi
2844 4217 3028 4288 ipsius
3064 4218 3327 4274 Ecclesiae
3376 4217 3653 4274 canonico

139 4306 392 4362 Anselmi
449 4305 725 4363 suffectus
781 4313 885 4362 est.
952 4305 1145 4362 Rebus
1210 4306 1484 4363 humanis
1544 4313 1846 4376 exemptus
1876 4311 1919 4366 D
1950 4307 2019 4363 de
2047 4306 2236 4378 gratia
2277 4305 2507 4376 speciali
2556 4306 2948 4375 concedimus,
3000 4307 3373 4377 providemus
3431 4306 3531 4363 tibi
3580 4307 3650 4362 de

141 4408 301 4450 anno
334 4393 495 4460 1249,
542 4394 765 4464 primus
815 4393 1076 4451 omnium
1130 4394 1491 4464 sepulturam
1544 4394 1732 4450 medio
1785 4393 1846 4449 in

141 4480 322 4536 choro
364 4480 708 4536 cathedralis
758 4480 1009 4537 ecclesiae
1059 4481 1344 4538 sortitur:
1382 4481 1666 4552 siquidem
1717 4490 1849 4537 ante

141 4569 257 4625 hac
276 4569 522 4639 episc0pi
547 4568 603 4624 in
638 4568 1170 4627 San-Vincentiana
1187 4570 1425 4627 ecclesia
1456 4569 1639 4640 (quod
1671 4584 1851 4641 supra

144 4664 413 4713 notatum
442 4655 546 4727 est)
572 4656 1014 4713 funerabantur.

218 4745 337 4801 XX.
379 4744 721 4801 Guillelmus
766 4744 1062 4801 Remensis
1117 4744 1563 4801 archidiaconus
1601 4745 1853 4802 Garnero

144 4833 207 4889 in
233 4833 567 4903 episcopum
606 4832 826 4898 allecto,
858 4832 1113 4888 decanus
1168 4839 1251 4888 est
1289 4832 1647 4904 designatus.
1706 4832 1854 4889 Sub-

146 4921 380 4991 scripsit
411 4919 634 4989 litteris,
666 4934 741 4977 an
778 4922 930 4977 1244.
967 4923 1047 4977 Ac
1076 4920 1308 4978 demum
1337 4935 1633 4993 purpureo
1663 4920 1856 4993 galero

147 5009 225 5065 ab
259 5007 492 5065 Urbano
516 5022 663 5079 papa
684 5009 763 5066 IV
788 5009 1039 5066 donatur
1069 5010 1227 5063 1263.

222 5096 383 5153 XXI.
426 5094 617 5152 Helias
647 5096 715 5153 de
743 5099 987 5154 Caturco
1016 5097 1105 5153 vir
1132 5112 1359 5155 morum
1389 5097 1671 5168 probitate
1686 5098 1860 5169 juxta

150 5193 332 5257 atque
384 5182 636 5241 scientiis
692 5184 918 5255 clarus;
979 5185 1237 5257 primum
1304 5186 1621 5245 canonicus
1677 5187 1856 5255 Paris,

151 5273 363 5330 deinde
410 5287 445 5328 a
491 5286 719 5330 summo
749 5274 1014 5330 Ecclesiae
1066 5274 1369 5330 hierarcha
1418 5274 1673 5331 decanus
1705 5274 1862 5332 Lau-

154 5356 439 5418 dunensis
495 5361 772 5418 asseritur
822 5364 955 5418 1261
1006 5361 1098 5419 vel
1162 5362 1319 5416 I262.
1376 5363 1428 5417 Is
1482 5361 1865 5418 nihilominus

156 5463 346 5521 pauco
390 5456 515 5519 post
549 5456 798 5521 tempore
840 5450 894 5506 id
927 5450 1186 5508 muneris
1219 5463 1381 5520 papae
1415 5449 1659 5507 reddidit
1697 5449 1861 5506 alteri

156 5536 597 5606 conferendum,
650 5539 806 5610 quod
855 5539 942 5595 his
989 5553 1061 5596 ex
1102 5537 1307 5595 litteris
1347 5536 1581 5594 bullatis
1606 5537 1861 5607 ejusdem

499 5634 791 5697 PATROL.
839 5635 1053 5698 CLVI.

1956 4395 2069 4464 illo,
2122 4403 2177 4452 et
2229 4401 2281 4451 te
2326 4409 2427 4465 per
2475 4394 2764 4452 annulum
2820 4403 3083 4453 nostrum
3133 4395 3494 4462 investimus,
3541 4401 3649 4450 etc.

1958 4485 2163 4541 Datum
2196 4484 2349 4554 apud
2380 4484 2589 4541 Urbem
2620 4487 2889 4552 veterem,
2924 4484 3176 4541 secundo
3197 4483 3336 4539 Idus
3368 4482 3654 4550 Januarii,

1960 4571 2324 4642 pontiﬁcatus
2379 4573 2557 4629 nostri
2608 4586 2762 4629 anno
2817 4573 3034 4643 primo;
3073 4593 3094 4621 ι
3153 4570 3257 4641 qui
3316 4569 3377 4626 in
3434 4584 3657 4628 annum

1958 4659 2160 4715 incidit
2187 4662 2342 4714 1271.

2031 4747 2211 4804 XXV.
2253 4746 2577 4816 Stephanus
2623 4748 2693 4804 de
2731 4747 2878 4805 Villa
2928 4746 3111 4804 Mauri
3141 4745 3481 4818 subscripsit
3524 4747 3658 4817 qui-

1964 4833 2206 4891 busdam
2234 4834 2459 4891 schedis
2490 4834 2651 4891 1290.

2034 4922 2240 4981 XXVI.
2282 4922 2429 4979 Milo.
2467 4924 2544 4980 De
2589 4938 2706 4995 quo
2739 4924 2861 4982 haec
2904 4924 3117 4982 habent
3161 4924 3405 4982 litterae:
3462 4945 3484 4973 ι
3533 4924 3669 4981 Uni-

1962 5010 2146 5067 versis
2190 5018 2497 5081 praesentes
2543 5011 2763 5068 litteras
2818 5013 3184 5084 inspecturis,
3233 5012 3363 5071 Milo
3412 5011 3668 5069 decanus

1964 5106 2020 5157 et
2046 5098 2365 5169 capitulum
2396 5099 2797 5169 Laudunense,
2831 5101 3074 5159 salutem
3104 5102 3164 5158 in
3197 5100 3449 5176 domino.
3478 5100 3667 5157 Nove-

1966 5186 2093 5243 ritis
2131 5187 2288 5258 quod
2333 5201 2468 5244 cum
2507 5201 2611 5244 nos
2647 5201 2800 5245 anno
2836 5189 2979 5244 1295
3016 5189 3108 5246 die
3138 5189 3297 5246 Jovis
3330 5196 3465 5245 ante
3501 5188 3669 5244 Nati-

1967 5276 2201 5333 vitatem
2223 5275 2372 5332 beati
2395 5275 2632 5332 Joannis
2664 5276 2948 5346 Baptista,
2974 5278 3119 5335 hora
3137 5277 3395 5349 capituli,
3441 5277 3672 5348 pulsata

1969 5378 2270 5435 campana,
2309 5372 2478 5435 prout
2525 5365 2700 5421 moris
2737 5373 2841 5435 est,
2889 5381 3144 5424 essemus
3172 5367 3233 5423 in
3264 5372 3459 5422 nostro
3506 5366 3672 5436 capi-

1970 5453 2092 5510 tulo
2122 5452 2376 5524 generali
2409 5454 2702 5510 constituti
2724 5453 2794 5511 de
2817 5462 3002 5514 status
3029 5454 3433 5514 reformatione
3460 5462 3672 5513 nostrae

1974 5539 2374 5597 Laudunensis
2403 5540 2686 5609 Ecclesiae,
2727 5563 2748 5589 ι
2782 5550 2888 5599 etc.

3291 5642 3367 5700 37
