3924 6090
348 230 486 286 1163

1374 223 1465 279 AD
1505 223 1653 281 OPP.
1699 223 1852 278 VEN.
1895 222 2230 280 GUIBERTI
2273 225 2360 279 DE
2403 224 2808 281 NOVIGENTO.

3720 226 3856 277 1164

413 362 650 420 XXVII.
694 361 860 429 Hugo
921 358 990 414 de
1050 354 1406 412 Castellione.
1466 353 1611 410 Huic
1673 353 1932 410 Clemens
1987 353 2104 410 VA
2219 355 2485 410 XXXIX.
2552 357 2801 412 Joannes
2875 355 3195 426 Marteguin
3269 355 3437 420 annis
3522 357 3852 412 14214426.

341 467 510 524 papa,
567 458 690 506 tum
747 445 985 520 Pictavii
1034 445 1267 515 degens,
1319 441 1684 513 privilegium
1736 441 2033 508 concessit,

343 541 431 598 sui
476 536 840 610 pontificatus
884 537 1036 588 anno
1083 531 1354 599 secundo,
1405 537 1694 601 quatenus
1726 531 1774 584 'a
1804 529 2034 585 Laudu-

343 627 500 685 nensi
552 622 802 682 Ecclesia
857 621 928 677 ob
981 620 1248 690 quaedam
1301 620 1525 688 privata
1570 618 1797 688 negotia
1852 625 2038 687 posset

341 718 557 772 abesse.
608 713 694 769 Ab
750 726 904 768 anno
963 709 1105 764 1298
1147 709 1491 764 decanatum
1551 706 1725 778 gessit
1789 707 1859 762 ad
1927 721 2035 761 an-

341 805 674 945 Πυιῗέςιὲιιιῖί
717 885 1028 942 Garnerius
1063 899 1135 940 ex
1157 883 1382 939 familia
1409 883 1478 938 de
1505 881 1762 950 Thoulis,
1799 889 1862 938 ut
1894 896 2034 937 con—

337 987 446 1035 stat
498 992 570 1033 ex
619 975 982 1032 instrumenti
1042 973 1283 1044 hujusce
1337 971 1576 1027 verbis:
1636 993 1656 1019 ι
1707 975 1868 1026 Anno
1917 971 2035 1025 Do-

339 1068 479 1123 mini
511 1069 669 1133 1312,
703 1072 915 1136 quarta
947 1063 1036 1119 die
1067 1061 1279 1118 mensis
1320 1059 1661 1127 Decembris,
1705 1060 1796 1113 vir
1824 1059 2033 1113 discre-

339 1160 451 1218 tus,
485 1151 754 1207 dominus
784 1148 1097 1205 Garnerius
1116 1147 1184 1202 de
1213 1145 1467 1212 Thoulis,
1492 1144 1745 1200 decanus
1769 1142 2034 1197 Ecclesize

338 1238 752 1304 Laudunensis,
824 1259 844 1285 ι
893 1245 999 1292 etc.
1058 1237 1099 1290 A
1161 1233 1432 1289 Garnerio
1485 1233 1700 1288 obtinet
1753 1231 2034 1287 Robertus

337 1329 405 1385 de
450 1327 850 1398 Martigniaco,
891 1333 956 1380 ut
998 1324 1119 1393 ipsa
1155 1323 1244 1377 die
1274 1321 1616 1376 Parasceves
1647 1320 1827 1389 (quod
1863 1327 2032 1373 antea

334 1416 582 1472 insolens
633 1416 842 1483 fuerat)
874 1411 1282 1482 possessionem
1331 1409 1519 1476 iniret,
1562 1416 1736 1478 atque
1786 1408 1844 1462 in
1876 1407 2030 1476 capi-

337 1507 455 1561 tulo
486 1504 903 1569 admitteretur,
937 1515 1090 1556 anno
1117 1499 1272 1554 I313.
1303 1498 1560 1553 Excessit
1591 1512 1742 1551 anno
1770 1496 1922 1552 1322.

403 1594 616 1650 XXIX.
658 1593 906 1648 Joannes
934 1591 1187 1645 decanus
1218 1587 1290 1642 ad
1322 1601 1542 1642 annum
1578 1585 1732 1639 1326.

403 1682 587 1737 XXX.
631 1680 815 1736 Adam
861 1679 930 1733 de
974 1676 1326 1748 Bugnivilla,
1374 1675 1770 1745 praefecturam
1803 1673 1917 1744 egit
1956 1673 2024 1730 ad
2061 1663 2097 1716 Β

333 1783 552 1824 annum
582 1767 711 1836 plus
739 1765 933 1820 minus
961 1765 1120 1820 1329.

403 1856 614 1911 XXXI.
661 1854 865 1910 Guido.
915 1853 1057 1909 Cum
1097 1853 1299 1908 decani
1347 1852 1467 1922 ipse
1497 1865 1712 1906 munus
1751 1848 2023 1919 expleret,

330 1946 529 2002 multae
575 1952 712 2000 sunt
770 1944 896 1999 lites
951 1951 1184 2008 exortae,
1245 1941 1399 2012 quod
1453 1937 1908 2010 jurisdictionem
1968 1937 2026 1992 in

330 2033 653 2099 canonicos,
701 2039 1051 2101 caeterosque
1096 2031 1332 2086 clericos
1375 2028 1774 2084 Laudunensis
1828 2026 2026 2081 Eccle-

329 2124 446 2190 size,
482 2130 537 2178 et
573 2135 774 2177 eorum
802 2120 1094 2175 ministros
1125 2119 1397 2175 Albertus
1442 2117 1511 2172 de
1541 2117 1697 2185 Roya
1727 2115 2029 2185 episcopus

329 2211 729 2282 praetenderet,
773 2209 870 2265 sed
907 2207 1120 2279 profuit
1148 2207 1324 2274 nihil;
1359 2205 1569 2276 quippe
1611 2203 1687 2259 ita
1723 2204 1824 2274 jus
1853 2217 2025 2258 suum

329 2307 607 2370 perpetuo
635 2297 897 2353 canonici
939 2303 1375 2360 conservarunt,
1409 2303 1470 2350 ut
1515 2307 1750 2363 prorsus
1790 2292 1862 2346 ab
1900 2291 2026 2361 epi-

328 2390 479 2458 scopi
515 2396 788 2458 potestate
816 2387 1092 2442 hactenus
1113 2384 1465 2440 eximantur.

395 2477 618 2532 XXXII.
665 2475 970 2545 Dionysius
1013 2474 1080 2530 de
1128 2472 1452 2540 Quadrollis
1511 2484 1663 2526 anno
1709 2468 1861 2524 I350.
1917 2469 2025 2524 Ro-

324 2565 551 2622 bcrtum
604 2565 1044 2620 Laudunensem
1093 2564 1427 2632 episcopum
1486 2559 1902 2629 inauguratum
1961 2558 2022 2612 in

322 2655 531 2722 sedem,
605 2669 721 2724 quo
783 2653 1194 2722 possessionem
1252 2650 1687 2720 adipisceretur,
1759 2647 2022 2716 induxit;

324 2743 495 2798 habet
539 2750 703 2798 vetus
733 2741 914 2796 codex
946 2739 1444 2806 caeremoniarum,
1476 2739 1636 2793 Liber
1676 2737 1832 2790 albus
1865 2734 2026 2792 voci—

326 2837 499 2886 tatus.

393 2915 884 3016 XXXIII.‘-Adam
939 2914 1162 3016 Decola.
1209 2914 1276 2969 In
1325 2913 1564 3016 chhorum
1597 2911 1812 3011 pariter
1859 2910 2018 2966 Gau-
2046 2963 2083 3016 Ε

321 3004 534 3061 fridum
567 3005 618 3060 le
663 3003 919 3073 Maingre
966 3017 1038 3058 ex
1087 3002 1301 3057 decano
1331 2999 1649 3056 Turonensi
1687 2999 2012 3069 episcopum

323 3093 670 3149 Laudunens
693 3092 951 3147 deduxit.
977 3091 1222 3147 Vacasse
1248 3088 1448 3144 decani
1480 3088 1668 3144 sedem
1706 3101 1844 3142 ann.
1880 3087 2016 3142 I370

319 3181 537 3237 indicat
567 3179 1022 3236 Chartularium.

391 3269 655 3326 XXXIV.
717 3268 1043 3338 Stephanus
1097 3266 1444 3322 Leseaillart.
1509 3266 1595 3320 Ex
1650 3265 1854 3321 litteris
1892 3265 2012 3321 Cle-

317 3356 524 3412 mentis
583 3369 745 3425 papae
802 3355 906 3412 VII
977 3353 1267 3410 Avenione
1332 3353 1558 3423 scriptis
1630 3353 1765 3408 I389
1826 3353 2012 3408 sedem

314 3458 622 3514 occupasse
681 3449 936 3514 apparet.
989 3442 1262 3498 Summus
1318 3441 1572 3511 pontifex
1629 3441 1805 3497 isdem
1861 3442 2012 3497 Mar-

315 3532 596 3589 cheiensis
625 3530 911 3602 parochiae
942 3530 1216 3596 redditus,
1252 3530 1320 3584 ad
1344 3530 1776 3586 instaurandam
1801 3531 2008 3599 ventis,

314 3621 645 3691 pluviisque
696 3620 1017 3676 infcstatam
1083 3632 1306 3674 sacram
1369 3617 1685 3686 basilicam,
1748 3617 2011 3674 Ecclesize

314 3709 684 3764 Laudunensi
715 3708 1004 3763 consessit.
1034 3707 1194 3764 Vixit
1221 3705 1448 3762 circiter
1476 3706 1544 3761 ad
1579 3721 1686 3775 an.
1710 3704 1864 3760 I396.

383 3797 617 3854 XXXV.
660 3797 980 3853 Balduinus
1011 3795 1080 3851 de
1119 3796 1278 3865 Mepa
1327 3795 1480 3850 I397.
1538 3795 1863 3866 Begistrum
1908 3794 2009 3849 Ec-

309 3885 513 3942 clesiae.

380 3974 642 4030 XXXVI.
688 3975 934 4030 Joannes
988 3973 1058 4029 de
1111 3972 1402 4030 Choisiaco
1434 3973 1687 4029 decanus
1710 4013 1725 4040 ,
1757 3972 2002 4028 necdum

307 4062 487 4116 sacris
545 4061 805 4117 initiatus
870 4075 904 4115 a
976 4061 1278 4117 Benedicto
1342 4075 1489 4132 papa
1555 4062 1687 4117 XIII
1752 4069 2000 4117 creatur.

311 4173 332 4198 ι
377 4150 758 4216 Quamobrem
806 4148 1125 4218 capitulum
1174 4149 1260 4220 (ut
1287 4158 1369 4206 est
1408 4149 1686 4218 scriptum
1720 4150 1774 4204 in
1807 4149 2000 4205 eodem

303 4237 570 4308 registro)
606 4237 767 4292 tertio
799 4244 852 4292 ct
885 4237 1065 4306 pridie
1091 4238 1228 4293 Idus
1251 4238 1406 4294 Junii
1439 4252 1590 4294 anno
1611 4237 1836 4293 Domini
1862 4237 2003 4292 1398
2035 4267 2073 4318 υ

301 4339 370 4382 ea
394 4324 720 4380 conditione
750 4324 1170 4382 investiendum
1203 4327 1446 4394 censuit,
1477 4334 1560 4393 ut,
1594 4325 1733 4381 dum
1761 4325 2005 4381 installa-

302 4421 458 4468 retur
491 4420 546 4468 et
593 4412 758 4468 Iidem
805 4414 1137 4483 juramento
1186 4420 1502 4483 praestaret,
1553 4413 1863 4469 almutium
1900 4427 2001 4468 seu

299 4501 671 4557 armilansam
709 4501 826 4570 ipse
856 4515 970 4558 non
1013 4501 1267 4570 haberet,
1303 4501 1400 4557 sed
1438 4501 1493 4556 in
1529 4515 1736 4557 manus
1765 4501 2002 4558 buticu-

300 4589 426 4644 larii
459 4590 581 4646 sive
615 4590 834 4659 sy.ndici
865 4589 1028 4645 dictze
1058 4590 1307 4646 ecclesiae
1339 4590 1666 4659 deponeret,
1697 4604 1814 4661 quo
1853 4589 2000 4646 facto

297 4692 424 4734 eam
473 4679 715 4749 gratiam
770 4692 803 4733 a
852 4679 1102 4748 capitulo
1141 4678 1485 4747 impetravit,
1531 4686 1594 4735 ut
1645 4677 1754 4734 sibi
1791 4679 2001 4736 dehinc

296 4768 487 4824 liceret
521 4767 602 4823 uti
643 4766 981 4838 hujusmodi
1019 4766 1353 4834 armilansa,
1389 4768 1470 4822 sic
1501 4777 1688 4823 tamen
1735 4774 1800 4823 ut
1843 4767 1995 4822 illam

293 4857 351 4911 in
397 4856 633 4911 brachio
684 4855 944 4922 deferret,
989 4868 1104 4909 non
1153 4869 1288 4911 vero
1322 4854 1478 4910 illam
1508 4857 1598 4925 (ut
1637 4863 1777 4911 tunc
1824 4855 1998 4911 moris

288 4945 428 5013 erat)
463 4951 711 5014 gestaret
750 4943 809 4999 in
841 4943 1044 5012 capite.
1091 4943 1164 5000 Ut
1201 4950 1389 4999 autem
1435 4944 1541 5000 hoc
1572 4943 1622 4999 ei
1663 4944 1996 5000 concederet

289 5033 636 5103 capitulum,
697 5030 894 5099 movit,
954 5031 1110 5101 quod
1168 5045 1418 5102 praesens
1472 5046 1588 5087 non
1643 5038 1789 5087 esset
1828 5031 1994 5088 adfu-

286 5131 460 5179 turus
492 5137 504 5177 :
542 5121 648 5191 ipsi
683 5119 838 5176 enim
870 5119 1047 5176 curiae
1092 5120 1255 5176 ducis
1285 5120 1639 5192 Burgundiaa
1680 5120 1991 5177 adhaerenti

290 5212 546 5280 pontifex
577 5209 971 5266 assiduitatem
1006 5209 1268 5266 Ecclesiae
1299 5209 1548 5266 debitam
1591 5209 1906 5266 remiserat.
1964 5230 1984 5258 ι

285 5298 413 5354 Post
442 5313 668 5355 menses
696 5313 856 5363 xvm,
890 5297 1142 5368 capitulo
1178 5297 1522 5354 decanatum
1553 5297 1817 5354 reddidit.

359 5387 654 5443 XXXVII.
696 5387 899 5443 Petrus
926 5387 995 5443 de
1025 5387 1234 5442 Bieura
1263 5387 1354 5444 die
1381 5401 1477 5444 xxr
1506 5386 1664 5444 Junii
1694 5401 1789 5443 an.
1829 5387 1980 5444 I400.

281 5473 344 5528 Id
374 5473 630 5530 muneris
654 5474 849 5531 obibat
876 5474 1068 5530 adhuc
1106 5477 1262 5530 I4I2.

2148 445 2410 500 Decanus
2437 445 2765 501 exhibetur.

2215 533 2331 587 XL.
2376 533 2576 588 Petrus
2596 533 2953 589 Goudeman.
2979 533 3269 589 Sententia
3289 533 3610 589 decretoria
3635 537 3850 589 summi

2145 628 2379 677 senatus
2410 621 2761 688 Parisiensis,
2785 623 2949 678 Petro
2969 623 3204 690 decano,
3237 623 3306 678 tle
3337 622 3432 677 lite
3461 624 3613 678 inter
3637 623 3856 693 episco-

2145 723 2281 778 pum
2315 709 2756 764 Laudunensem
2785 711 3025 780 ejusque
3058 710 3335 766 vicarium
3373 711 3718 781 episcopum
3754 714 3854 781 Ap-

2145 797 2492 868 pamiarum,
2553 797 2669 853 lata
2723 805 2804 854 est
2865 799 2922 853 in
2971 799 3214 868 gratiam
3274 799 3534 870 capituli,
3600 800 3701 855 die
3761 816 3853 856 xix

2143 886 2482 962 Novembris
2503 886 2642 942 anni
2675 887 2830 941 1442.

2215 975 2354 1030 XLI.
2398 975 2598 1031 Petrus
2623 975 2691 1031 de
2721 975 2992 1046 Longolio
3023 975 3192 1030 annis
3221 977 3553 1031 I45I-1455.

2213 1063 2385 1117 XLII.
2427 1064 2671 1120 Joannes
2695 1065 2898 1119 Dixme
2926 1066 3274 1134 permutavit
3301 1065 3849 1122 archidiaconatum

2142 1151 2428 1206 Terraseze
2459 1151 2654 1222 (vulgo
2703 1153 3012 1222 Thie’rache)
3060 1169 3193 1208 cum
3240 1154 3402 1209 Petro
3434 1155 3502 1210 de
3552 1157 3852 1225 Longolio,

2143 1253 2294 1294 anno
2345 1241 2496 1294 I456.
2533 1241 2619 1295 Ex
2673 1242 2824 1311 regis
2877 1242 3148 1297 mandato
3200 1243 3458 1298 interfuit
3515 1258 3666 1307 una,
3722 1260 3851 1299 cum

2142 1329 2388 1383 Antonio
2410 1329 2478 1383 de
2507 1329 2736 1399 Crespin
2770 1331 2891 1385 sive
2921 1330 3130 1400 Crespy
3162 1331 3426 1401 episcopo
3468 1333 3851 1388 Laudunensi

2142 1417 2507 1486 generalibus
2549 1417 2744 1473 Galliae
2792 1419 3035 1473 comitiis
3076 1419 3132 1474 in
3172 1419 3377 1489 oppido
3408 1420 3846 1491 Montargiensi.

2212 1506 2411 1560 XLIII.
2455 1507 2698 1562 Thomas
2722 1507 2789 1562 de
2811 1507 3090 1563 Poissiaco
3125 1509 3279 1563 I480.
3317 1509 3671 1580 Defungitur
3693 1511 3845 1576 I463,

2139 1593 2357 1648 decimo
2379 1602 2538 1649 sexto
2571 1595 2694 1649 Kal.
2732 1595 3047 1651 Februarii.

2209 1681 2406 1738 XLIV.
2449 1682 2688 1738 Carolus
2736 1683 2802 1738 de
2852 1684 3262 1755 Luxemburgo
3315 1685 3635 1741 canonicus
3694 1687 3844 1742 Lau-

2137 1766 2412 1820 dunensis
2477 1767 2737 1821 unanitni
2785 1769 3191 1823 eanonicorum
3243 1783 3522 1824 consensu
3589 1771 3843 1825 decanus

2135 1854 2425 1924 excipitur
2454 1854 2544 1910 die
2576 1869 2695 1910 xvu
2724 1857 2848 1911 Jan.
2894 1858 3043 1912 I463.
3078 1857 3303 1913 Patrem
3337 1858 3540 1914 habuit
3571 1857 3842 1914 Carolum

2136 1941 2204 1996 de
2236 1941 2644 2014 Luxemburgo
2691 1958 2724 1998 a
2768 1944 2820 1998 S.
2865 1944 3042 1999 Paulo
3091 1945 3374 2014 comitem,
3428 1953 3680 2001 matrem
3715 1961 3841 2000 vero

2135 2030 2414 2085 Joannam
2445 2031 2513 2086 de
2544 2031 2656 2086 Bar
2688 2031 2860 2086 tiliam
2892 2032 3086 2087 Mariae
3114 2033 3182 2088 de
3213 2034 3512 2090 Com-iace.

2208 2118 2446 2174 Carolus
2475 2119 2544 2174 de
2576 2121 2980 2190 Luxemburgo
3012 2121 3285 2177 electione
3326 2122 3572 2177 ultimus
3617 2136 3654 2176 a
3687 2123 3840 2192 capi-

2138 2207 2255 2262 tulo
2286 2208 2342 2262 in
2373 2209 2702 2278 episcopum
2737 2209 3000 2265 Laudun.
3033 2218 3364 2280 assumptus
3392 2219 3477 2266 est
3515 2210 3678 2266 1472.

2208 2296 2377 2352 XLV.
2421 2296 2759 2353 Guillelmus
2807 2297 2875 2352 de
2913 2298 3140 2354 Armire
3181 2307 3348 2354 antea
3389 2300 3840 2356 archidiaconus

2137 2383 2511 2452 Ebroicensis,
2548 2385 2888 2441 decanatum
2935 2401 3088 2442 anno
3123 2389 3259 2442 1472
3298 2402 3328 2442 a
3371 2388 3501 2443 sede
3533 2388 3842 2457 apostolica

2135 2473 2370 2541 obtinet,
2409 2474 2510 2529 s.d
2541 2475 2613 2530 ob
2646 2475 2835 2530 varias
2867 2475 3027 2532 illum
3065 2476 3211 2531 inter
3257 2484 3311 2532 et
3340 2477 3671 2547 capitulum
3708 2492 3809 2532 con

2137 2565 2440 2615 troversias
2500 2561 2694 2617 abesse
2762 2569 2936 2633 atque
3003 2563 3339 2635 dignitatem
3399 2564 3684 2621 abdicare
3748 2581 3842 2620 co-

2137 2648 2314 2719 gitur.

2205 2735 2400 2793 XLVI.
2460 2736 2796 2807 ,Stephanus
2856 2739 3090 2810 Marque
3157 2739 3460 2796 Guillelmo
3529 2741 3844 2797 abdicante

2134 2824 2385 2880 decanus
2445 2839 2518 2880 ex
2575 2840 2855 2882 consensu
2910 2827 3144 2896 capituli
3195 2828 3396 2896 Iactus,
3455 2843 3611 2885 anno
3679 2832 3840 2887 1479.

2134 2913 2377 2968 Moritur
2406 2913 2496 2969 die
2521 2915 2724 2985 quinta
2750 2915 2905 2971 Junii
2945 2917 3096 2972 I480.

2196 3003 2410 3059 XLVII.
2453 3004 2733 3074 Polyenus
2793 3006 2911 3060 sive
2979 3005 3195 3062 Pollius
3271 3005 3510 3061 Claudet
3585 3009 3716 3078 regi
3773 3010 3844 3064 ab

2122 3087 2511 3157 cleemosynis,
2554 3088 2785 3144 arbitris
2840 3103 2874 3144 a
2924 3089 3178 3159 capitulo
3237 3090 3424 3145 tribus
3479 3095 3840 3156 constitutis,

2123 3177 2437 3247 prteiicitur
2466 3177 2556 3232 die
2587 3191 2700 3232 xxx
2730 3177 2988 3234 Octobris
3034 3179 3189 3244 I480,
3237 3185 3301 3234 ut
3341 3187 3425 3234 est
3457 3179 3512 3234 in
3557 3180 3840 3251 subjectis

2124 3265 2348 3336 litteris.
2404 3289 2423 3313 α
2461 3265 2573 3320 Nos
2622 3273 2748 3335 post
2795 3266 3051 3322 diversos
3101 3274 3379 3323 tractatus
3419 3267 3835 3337 multiplicium

2121 3367 2522 3423 personarum,
2592 3351 2842 3410 ﬁnaliter
2897 3354 3095 3410 divina
3153 3356 3378 3410 favente
3426 3356 3638 3425 gratia,
3693 3367 3831 3420 etc,

2120 3441 2453 3497 reducentes
2512 3443 2581 3497 ad
2653 3442 2987 3498 memoriam
3052 3443 3270 3499 litteras
3331 3445 3834 3500 commendatitias

2119 3529 2330 3584 domini
2384 3530 2560 3586 nostri
2612 3531 2967 3586 Francorum
3011 3532 3164 3602 regis
3194 3547 3295 3602 pro
3338 3547 3589 3603 persona
3639 3535 3833 3589 scien-

2122 3617 2256 3674 tilici
2307 3618 2417 3673 viri
2466 3617 2728 3689 magistri
2777 3617 2912 3687 Poly
2965 3617 3221 3686 Claudet,
3273 3620 3330 3674 in
3377 3620 3652 3675 eumdem
3707 3636 3832 3677 ma-

2119 3709 2363 3776 gistrum
2432 3707 2566 3776 Poly
2621 3707 2864 3762 Claudet
2916 3706 3235 3763 direximus
3285 3709 3650 3764 concorditer
3699 3719 3831 3764 vota

2116 3804 2330 3861 nostra,
2374 3795 2567 3851 virum
2615 3796 2813 3866 utique
2843 3796 3147 3864 providum
3200 3803 3255 3853 et
3287 3796 3636 3863 discretum;
3692 3798 3835 3853 liutL

2116 3897 2314 3939 rarum
2342 3884 2599 3951 scientia,
2634 3883 2771 3946 vita,
2804 3891 2859 3939 et
2891 3883 3148 3940 moribus
3176 3884 3377 3939 merito
3417 3885 3835 3940 commendan-

2114 3971 2283 4041 dum;
2327 3972 2383 4027 in
2428 3973 2606 4028 sacris
2633 3973 2960 4028 ordinibus
3001 3980 3059 4028 et
3102 3980 3269 4029 relate
3299 3973 3555 4043 legitima
3606 3976 3834 4029 consti—

2113 4067 2329 4130 tutum;
2402 4075 2468 4116 ac
2533 4061 2601 4116 de
2668 4061 2920 4132 legitimo
2983 4061 3348 4117 matrimonio
3416 4071 3829 4131 procreatum:

2111 4148 2324 4204 domini
2369 4150 2552 4206 nostri
2584 4151 2933 4206 Francorum
2982 4151 3133 4222 regis
3179 4150 3740 4221 elcemosyuarium;
3770 4155 3827 4206 in

2113 4236 2514 4305 spiritualibus
2554 4245 2609 4294 et
2665 4239 3079 4308 temporalibus
3133 4239 3525 4308 multipliciter
3574 4241 3832 4296 circum-

2113 4333 2392 4394 spectum.
2458 4349 2484 4376 υ
2541 4327 2865 4382 Canonicus
2940 4335 3134 4384 autem
3193 4327 3427 4383 minime
3483 4343 3621 4384 cum
3681 4339 3825 4384 esset

2114 4413 2361 4482 Pollyus,
2397 4415 2761 4484 praebendam
2807 4414 2913 4485 ipsi
2959 4416 3201 4472 contulit
3247 4416 3570 4486 cpiscopus,
3627 4431 3701 4472 ac
3747 4419 3826 4473 sic

2113 4500 2344 4556 demum
2372 4502 2683 4558 canonicus
2712 4509 2795 4558 est
2825 4511 3113 4572 acceptus.

2180 4589 2436 4648 XLVIII.
2486 4593 2734 4647 Joannes
2787 4592 3094 4660 Godefridi,
3149 4606 3340 4662 quem,
3393 4591 3526 4647 licet
3565 4591 3822 4648 alterum

2108 4692 2141 4732 a
2174 4693 2306 4750 rege
2353 4681 2816 4736 commendatum
2862 4680 3158 4746 haberent,
3209 4680 3339 4736 forti
3388 4681 3587 4736 animo
3627 4682 3822 4753 elege-

2105 4774 2244 4823 runt
2301 4767 2582 4835 canonici,
2638 4769 2815 4824 veluti
2882 4769 3142 4838 perhibet
3193 4769 3427 4839 epistola
3472 4772 3822 4827 eorumdem

2105 4855 2177 4910 ad
2207 4869 2397 4927 regem
2428 4856 2641 4912 directa
2672 4871 2823 4913 anno
2857 4860 2992 4912 I483
3018 4857 3076 4912 in
3103 4857 3259 4913 hunc
3290 4858 3524 4913 modum
3562 4873 3575 4912 :
3615 4881 3639 4906 ι
3672 4859 3822 4925 Quia

2102 4944 2414 5000 decanatus
2455 4945 2796 5002 beneficium
2839 4953 2922 5002 est
2961 4946 3200 5002 maximi
3252 4945 3539 5015 ponderis,
3589 4947 3820 5004 habens

2102 5045 2301 5089 curam
2332 5032 2660 5089 animarum
2685 5034 2947 5090 omnium
2969 5033 3400 5090 habituatorum
3420 5034 3589 5091 dicta:
3623 5035 3819 5092 Eccle-

2099 5121 2216 5190 siae,
2249 5129 2302 5177 et
2331 5122 2502 5177 etiam
2533 5122 2780 5193 dirigere
2804 5129 2859 5178 et
2888 5131 3232 5193 supportare
3261 5122 3454 5179 omnia
3481 5131 3539 5180 et
3573 5125 3816 5196 singula

2098 5224 2291 5277 onera,
2343 5217 2461 5266 tam
2511 5211 2567 5266 in
2610 5210 3014 5281 spiritualibus
3059 5225 3234 5282 quam
3285 5211 3343 5266 in
3387 5213 3817 5282 temporalibus

2096 5296 2260 5354 dictae
2298 5298 2588 5364 Ecclesiae,
2640 5298 2744 5368 ipsi
2791 5299 3010 5355 nomini
3059 5299 3442 5369 capitulantes
3488 5300 3651 5356 dicta
3703 5302 3810 5366 die.

2095 5385 2386 5443 Altissimo
2436 5387 2680 5456 favente,
2737 5387 2927 5444 taliter
2987 5387 3294 5444 intendunt
3353 5390 3692 5459 procedere,
3761 5399 3810 5447 et

2095 5475 2424 5547 hujusmodi
2484 5475 2817 5534 electionem
2874 5476 3194 5534 secundum
3259 5489 3458 5534 eorum
3507 5479 3808 5535 conscien-
