3944 6084
88 237 99 284 l
128 236 220 284 165

1367 229 1578 286 DOMNI
1623 231 1677 282 L.
1715 226 2058 284 D'ACHERY
2105 229 2310 285 NOT/E

3453 233 3586 286 1166

61 367 205 422 tiam
255 366 584 438 adimplere,
639 365 794 436 quod
852 365 1127 437 praefatus
1184 380 1287 422 rex
1346 366 1547 422 merito
1602 365 1838 422 debe-A
1947 366 2086 421 LXI.
2151 367 2400 422 Joannes
2465 365 2698 421 Bellotte
2753 367 3043 422 communi
3102 367 3274 424 totius
3349 369 3584 438 capituli

59 455 147 510 bit
201 457 535 512 contenlari.
581 477 601 504 ι
671 457 939 512 Humana
996 454 1228 526 reliquit
1275 457 1520 511 Joannes
1570 469 1764 510 mense

58 545 246 614 Aprili
279 547 434 601 1494.

133 633 332 690 XLIX.
383 636 626 689 Joannes
675 633 742 689 de
791 633 904 689 l'Or
955 639 1300 689 secretorum
1353 631 1761 702 sulfragiorum

57 721 158 776 via
223 721 564 778 decanatum
631 722 871 778 sortitur
933 736 1033 778 χιχ
1088 721 1223 777 Julii
1291 721 1426 775 1495
1482 720 1555 777 ad
1613 720 1759 776 diem

61 824 144 864 χιι
175 809 306 864 Maii
343 811 494 877 1516,
525 825 641 881 quo
672 810 803 866 fatis
826 811 1058 866 Iunctus
1083 817 1184 865 est.

138 899 196 954 L.
258 898 572 955 Gaul‘ridus
619 899 688 954 de
735 898 1062 954 Bonavalle.
1122 897 1348 955 Crebris
1406 898 1463 954 in
1513 897 1760 968 gratiam

59 985 240 1055 ipsius
278 987 427 1042 datis
469 989 538 1044 ad
579 987 895 1057 capitulum
943 987 1145 1043 litteris
1191 1001 1322 1043 cum
1367 1000 1399 1042 a
1439 1001 1591 1056 rege,
1638 993 1761 1041 tum

59 1087 94 1128 a
123 1075 268 1130 duce
302 1075 718 1141 Vindocinensi,
745 1083 868 1130 tum
899 1076 1073 1130 etiam
1103 1089 1137 1129 a
1167 1073 1446 1130 cardinali
1479 1071 1763 1128 Ludovico

62 1162 352 1218 Borbonio
412 1177 480 1218 ea
527 1171 860 1232 tempestate
907 1161 1278 1219 Laudunensi
1322 1162 1605 1231 episcopo,
1658 1159 1761 1230 qui

58 1252 291 1306 tandem
334 1252 549 1308 arbiter
587 1253 934 1308 constitutus
967 1251 1250 1308 decanum
1292 1249 1630 1306 Gaufridum
1665 1249 1760 1304 de-

54 1339 299 1396 claravit
323 1341 477 1406 1517,
501 1339 610 1407 die,
635 1354 714 1395 χιι
738 1339 1009 1410 Augusti.
1035 1340 1108 1395 At
1127 1337 1360 1394 nomine
1373 1338 1563 1408 potius
1583 1351 1759 1407 quam

54 1441 115 1482 re
149 1428 320 1497 gessit
345 1428 765 1498 praefecturam.

128 1517 217 1571 LI.
273 1516 595 1572 Valeranus
649 1517 720 1572 de
775 1517 830 1572 la
877 1518 1031 1586 Ilaye
1086 1515 1340 1572 decanus
1382 1515 1638 1572 noscitnr
1688 1515 1761 1570 ab

49 1619 210 1660 anno
256 1607 389 1661 1522
429 1605 498 1661 ad
534 1619 754 1662 annum
799 1605 956 1672 1530,
1003 1605 1236 1661 cessisse
1266 1618 1404 1660 vero
1443 1619 1516 1660 ex
1547 1604 1761 1660 tabulis

50 1693 302 1750 ahbatize
343 1694 530 1750 Sancti
581 1695 818 1750 Joannis
860 1693 1260 1750 Laudunensis
1307 1701 1567 1750 constare
1607 1693 1761 1749 vide-

49 1789 182 1850 tur;
248 1781 534 1852 siquidem
593 1783 841 1838 Joannes
912 1781 1220 1836 cardinalis
1296 1795 1330 1836 a
1386 1781 1762 1851 Lotharingia

51 1871 353 1925 Bernensis
401 1870 885 1940 archiepiscopus,
936 1870 1350 1925 Vallerannum
1410 1869 1761 1924 constituens

49 1958 340 2014 vicarium
376 1959 698 2028 generalem
745 1959 875 2014 dicti
917 1957 1245 2012 monasterii
1285 1956 1476 2028 (cujus
1517 1965 1638 2012 erat
1668 1956 1762 2012 ille

51 2047 238 2102 abbas
267 2046 814 2114 commendatarius)
858 2046 1194 2101 canonicum
1236 2059 1304 2099 ac
1336 2044 1761 2101 thesaurarium

55 2135 459 2191 Laudunensis
517 2135 785 2190 Ecclesiae
836 2134 1125 2190 duntaxat
1157 2132 1426 2203 appellat.
1486 2133 1648 2189 Adde
1706 2139 1762 2190 et

51 2225 368 2291 Regestum
430 2223 685 2293 ejusdem
742 2221 1002 2278 Ecclesiae
1057 2222 1213 2292 quod
1273 2221 1364 2278 his
1423 2222 1562 2292 ipsis
1626 2235 1760 2279 eum

49 2313 242 2369 titulis
265 2319 424 2369 notat
454 2313 528 2368 ab
559 2326 710 2368 anno
741 2313 875 2366 1537
905 2312 977 2367 ad
1012 2313 1165 2366 1542.

127 2401 248 2456 LII.
282 2401 556 2457 Claudius
581 2400 914 2471 Carpentier
946 2399 1101 2456 153'7.

123 2489 268 2544 LIII.
321 2489 623 2560 Philippus
664 2490 900 2560 Esmery
959 2489 1032 2545 ab
1077 2503 1230 2546 anno
1292 2488 1429 2545 1548
1479 2489 1551 2545 ad
1600 2490 1758 2545 1554.

43 2579 177 2646 Quo
209 2579 460 2647 cedente,

120 2667 266 2724 LIV.
319 2667 646 2724 Anthonius
691 2667 760 2724 de
813 2667 1046 2735 Herbes,
1110 2667 1306 2723 doctor
1362 2668 1636 2736 medicus,
1701 2667 1757 2722 in

45 2756 306 2826 capitulo
354 2756 682 2812 admittitur
725 2757 815 2812 die
862 2771 997 2812 xxrv
1040 2757 1368 2812 Decembris
1398 2757 1585 2828 [1554,
1629 2763 1684 2813 et
1729 2771 1760 2814 e

45 2845 172 2899 vita
203 2844 438 2901 decessit
471 2847 624 2902 1556.

123 2933 236 2989 LV.
273 2933 714 3003 Christophorus
738 2933 806 2990 de
827 2933 1128 2990 Hericourt
1157 2933 1247 2990 die
1275 2948 1417 3002 χχιι(
1441 2933 1596 2989 Junii
1623 2933 1758 2989 1556

1941 2965 2241 3034 montium,
2292 2967 2335 3023 Β

49 3021 462 3091 possessionem
499 3021 684 3077 inivit.
730 3021 834 3079 Vir
859 3021 966 3078 fuit
996 3021 1168 3078 nobili
1209 3036 1414 3093 genere
1447 3021 1503 3076 in
1535 3020 1758 3077 dioecesi
1799 3020 1811 3022 ἡ
1865 3063 2002 3116 vero
2033 3020 2245 3125 Optimé
2841 3020 3263 3126 {Ab—n‘té‘giiﬁm’

47 3109 427 3164 Laudunensi
485 3117 664 3176 ortus,
733 3117 788 3166 et
831 3109 1068 3165 scientia
1135 3109 1427 3180 praeditus.
1473 3111 1759 3178 Compen-

44 3197 294 3252 diariam
355 3198 662 3253 Historiam
720 3198 788 3253 de
833 3199 969 3254 Jesu
997 3197 1207 3254 Christi
1253 3197 1565 3267 triumpho,
1614 3201 1758 3254 Lau-

43 3285 197 3342 duni
228 3286 422 3341 habito
454 3286 730 3342 adversus
759 3287 1074 3342 daemonem
1111 3285 1467 3342 muliercula:
1509 3285 1757 3342 Nicolaze

41 3373 238 3430 Obrize
313 3373 684 3430 Vervinensis
735 3387 943 3444 corpus
1009 3375 1344 3443 agitantem,
1403 3375 1754 3443 conscripsit.

39 3463 324 3518 Eamdem
375 3463 683 3518 Historiam
735 3461 934 3517 Carolo
979 3463 1045 3517 IX
1092 3463 1448 3517 Francorum
1498 3463 1619 3532 regi
1665 3463 1759 3518 de-

39 3551 222 3607 dicat.
256 3551 317 3606 Id
348 3558 540 3606 autem
572 3549 839 3606 miraculi
870 3549 1107 3620 contigit
1140 3551 1294 3604 1565.

121 3639 477 3695 Decanatum
526 3639 708 3708 primo
758 3638 1228 3694 archidiaconatu
1280 3638 1543 3694 mutavit.
1597 3638 1762 3694 Ditis-

40 3726 255 3782 simam
312 3727 712 3783 bibliothecam
760 3726 1126 3783 Laudunensi
1171 3726 1437 3782 Ecclesia;
1493 3727 1753 3793 contulit,

43 3829 117 3870 ac
149 3815 380 3871 tandem
415 3814 684 3887 migravit
712 3830 742 3871 e
770 3817 890 3871 vita
918 3817 1062 3872 1570
1089 3822 1144 3871 et
1173 3815 1474 3885 sepultura
1512 3815 1760 3871 donatus

44 3903 109 3959 in
141 3903 264 3972 ipso
293 3903 450 3959 chori
481 3905 764 3974 ingressu.

122 3992 262 4048 LVI.
329 3992 621 4047 Firminus
673 3991 724 4048 le
776 3991 1090 4059 Normand,
1151 3991 1293 4047 alias
1323 3991 1391 4047 de
1447 3990 1756 4057 Trouville,

43 4079 248 4136 doctor
314 4081 648 4150 theologus;
717 4079 1136 4150 permutatione
1197 4079 1348 4135 facta
1413 4080 1762 4135 archidiaco-

46 4175 227 4223 natus
269 4183 402 4224 cum
453 4169 756 4236 decanatu,
803 4168 860 4223 in
912 4168 1320 4238 possessionem
1364 4168 1638 4224 inductus
1677 4177 1760 4225 est

42 4255 211 4310 1549.
261 4256 524 4313 Ecclesiae
574 4257 888 4313 canonicus
931 4256 1282 4313 ecclesiastes
1323 4257 1542 4313 exstitit
1592 4272 1756 4329 egre-
1785 4262 1830 4318 D

48 4343 205 4412 gius.
234 4342 386 4398 Obiit
417 4343 506 4399 die
537 4358 634 4399 χιχ
665 4343 925 4400 Octobris
952 4343 1111 4401 1578.

124 4432 288 4487 LVII.
324 4433 528 4488 Petrus
567 4435 792 4489 Emotte
835 4433 1256 4500 Laudunensis,
1301 4432 1546 4490 doctoris
1601 4434 1758 4490 theo-

49 4518 168 4589 logi
222 4521 387 4577 titulo
433 4521 778 4592 insignitus;
829 4521 1081 4578 animam
1127 4523 1244 4594 egit
1287 4522 1472 4592 primo
1517 4521 1758 4593 Augusti

55 4612 75 4662 1
91 4607 215 4664 580.

126 4696 315 4752 LVIII.
360 4700 608 4753 Joannes
653 4697 952 4763 Bertrand,
1005 4697 1220 4752 electus
1271 4711 1346 4751 xx
1377 4696 1469 4752 die
1515 4697 1762 4753 Novem-

50 4783 176 4838 bris
205 4787 360 4850 1580,
387 4799 626 4840 munere
656 4784 889 4839 Iunctus
916 4783 1005 4838 vel
1035 4797 1217 4838 annos
1247 4782 1474 4853 viginti.

124 4873 248 4928 LIX.
297 4872 566 4928 Nicolaus
605 4872 822 4942 Triplot
863 4873 1010 4928 inter
1043 4871 1303 4928 doctores
1346 4872 1526 4942 hujus
1565 4871 1762 4927 saeculi

43 4961 218 5018 facile
273 4961 558 5030 princeps,
617 4969 671 5017 et
730 4961 1128 5016 haereticorum
1179 4968 1548 5032 expugnator
1597 4960 1762 5016 inde-

39 5051 254 5105 fessus.
291 5049 381 5103 Ex
424 5041 829 5104 archidiacono
875 5049 1288 5105 canonicorum
1335 5049 1596 5105 omnium
1645 5049 1761 5105 cal-

44 5137 185 5194 culo
214 5137 272 5192 in
303 5136 588 5192 decanum
621 5145 917 5206 cooptatus
943 5138 1032 5192 die
1061 5152 1196 5193 χχχι
1229 5136 1481 5208 Augusti
1525 5136 1662 5192 1600
1696 5150 1762 5193 ac

43 5225 227 5296 paulo
261 5233 387 5295 post
418 5225 526 5280 hac
554 5239 614 5280 se
643 5225 917 5295 dignitate
941 5226 1251 5281 abdicavit.

127 5313 242 5368 LX.
278 5313 586 5383 Dionysius
616 5313 872 5383 Hangart
908 5313 1223 5369 canonicus
1262 5312 1664 5369 Laudunensis
1707 5320 1762 5370 et

46 5403 251 5459 doctor
279 5401 596 5473 theologus,
629 5401 973 5458 decanatum
1004 5401 1134 5458 sede
1172 5401 1480 5472 episcopali
1521 5409 1762 5458 vacante

46 5503 128 5546 ex
162 5490 320 5560 regio
347 5489 654 5559 diplomate
709 5490 954 5560 adeptus
991 5497 1073 5546 est
1119 5505 1258 5546 xxv:
1303 5489 1562 5546 Octobris
1603 5491 1758 5546 1601.

1871 454 2146 525 suffragio
2175 463 2230 512 et
2268 455 2553 525 applausu
2582 454 2816 524 cligitur
2847 454 2938 510 die
2984 469 3119 510 χχχι
3160 458 3397 527 Augusti
3445 465 3587 522 anrl

1873 543 2097 598 Domini
2148 544 2314 610 1605;
2356 542 2622 613 prodesse
2663 543 2868 613 sategit
2900 544 3082 614 magis
3123 559 3300 614 quam
3353 547 3583 604 laudem

1871 631 1981 687 sibi
2009 645 2360 701 comparare.
2403 630 2756 688 Przedicatur
2798 633 2945 688 inter
2993 633 3136 688 alias
3179 633 3423 692 virtutes
3469 636 3575 691 im-

1873 719 2075 789 primis
2119 719 2412 789 inculpata
2462 718 2640 788 ipsius
2686 719 2912 790 religio,
2965 719 3146 776 effusa
3198 721 3255 776 in
3301 735 3582 792 pauperes

1871 807 2126 878 largitas,
2188 815 2362 877 atque
2419 807 2476 862 in
2531 807 2846 863 decanatus
2900 807 3397 865 administratione
3437 825 3577 881 pru-

1870 894 2081 962 dentia,
2152 895 2345 966 legum
2413 895 2650 964 insuper
2709 895 3226 952 ecclesiasticarum
3306 899 3580 956 inviolata

1869 982 2149 1045 custodia,
2181 989 2236 1038 et
2267 982 2326 1037 in
2358 982 2568 1038 divinis
2597 982 2930 1040 ministeriis
2955 985 3175 1040 rituum
3211 986 3282 1040 ad
3303 989 3577 1043 amussim

1870 1071 2214 1128 observatio.
2270 1071 2430 1127 Unde
2482 1084 2548 1127 ea
2595 1071 2910 1141 disciplinae
2939 1072 3171 1129 claritas
3217 1074 3274 1129 in
3326 1076 3580 1132 Ecclesia

1871 1159 2241 1215 Laudunensi
2293 1158 2507 1215 effulsit
2552 1167 2617 1216 ut
2665 1160 2782 1226 vix,
2840 1160 2898 1214 in
2955 1168 3070 1216 toto
3121 1161 3411 1218 Gallicano
3440 1165 3578 1220 orbe

1871 1248 2277 1304 canonicorum
2307 1247 2622 1319 {collegium
2669 1249 2922 1318 reperias
2966 1250 3120 1319 quod
3168 1264 3299 1306 cum
3347 1252 3576 1309 Laudu-

1870 1336 2031 1394 nensi
2061 1336 2470 1393 conferendum
2510 1337 2796 1393 videatur.
2838 1337 3236 1394 Nosocomium
3278 1341 3440 1396 urbis
3490 1341 3576 1396 in-

1871 1426 2142 1493 staurari,
2211 1432 2266 1481 et
2330 1425 2401 1480 ad
2467 1425 2850 1482 Christianam
2899 1426 3164 1496 pietatem
3232 1429 3576 1498 postliminio

1871 1514 2128 1570 revocari
2161 1515 2407 1570 curavit.
2441 1517 2678 1570 Annum
2709 1529 2886 1586 prope
2916 1530 3094 1586 agens
3121 1519 3575 1588 oetuagesimum

1872 1616 2161 1672 generose,
2205 1610 2268 1658 ut
2315 1603 2450 1658 cieri
2493 1603 2885 1660 immunitates
2936 1619 3002 1659 ac
3049 1605 3350 1677 privilegia
3401 1607 3577 1664 illaesa

1870 1699 2288 1760 permanerent,
2319 1691 2654 1758 elaboravit,
2690 1693 3017 1762 multosque
3046 1693 3270 1748 labores
3309 1708 3372 1750 ea
3406 1695 3474 1750 de
3519 1710 3577 1752 re

1869 1786 1950 1834 est
1982 1793 2305 1848 perpessus.
2341 1780 2473 1836 Haec
2496 1787 2547 1836 et
2579 1781 2692 1836 alia
2734 1789 3064 1850 operantem
3098 1790 3576 1841 remuneraturus

1870 1865 1938 1920 ad
1973 1880 2031 1920 se
2061 1867 2214 1922 Deus
2246 1867 2509 1924 evocavit
2539 1868 2630 1923 die
2659 1883 2756 1924 vnt
2788 1868 3132 1938 Septembris
3160 1870 3311 1925 1650.

1941 1970 2115 2025 LXII.
2150 1971 2432 2028 Antonius
2463 1973 2713 2040 Bellotte,
2746 1974 2981 2029 Joannis
3009 1989 3204 2044 nepos,
3236 1975 3384 2046 juris
3425 1991 3570 2046 pon-

1868 2057 2026 2114 tiﬁcii
2059 2058 2275 2126 doctor,
2309 2061 2623 2117 canonicus
2652 2061 3070 2130 Laudunensis,
3104 2071 3273 2119 antea
3319 2064 3574 2120 vicarius

1869 2147 2153 2218 generalis
2184 2148 2552 2205 illustrissimi
2583 2163 2650 2205 ac
2693 2150 3148 2207 reverendissimi
3183 2151 3398 2207 domini
3447 2153 3574 2208 Phi-

1869 2235 2057 2291 liberti
2096 2237 2164 2292 de
2205 2238 2605 2295 Brichanteau.
2652 2239 2974 2296 Decanatus
3017 2240 3075 2295 in
3113 2240 3238 2311 ejus
3277 2241 3568 2311 humeros,

1869 2325 2211 2396 priusquam
2245 2341 2317 2383 ex
2355 2327 2464 2382 hac
2508 2329 2627 2384 vita
2655 2335 2901 2398 patruus
2941 2329 3238 2400 migraret,
3281 2344 3430 2386 onus
3472 2331 3568 2386 de-

1870 2413 2057 2483 posuit
2085 2415 2387 2485 (abdicatio
2409 2418 2638 2474 interim
2668 2432 2702 2472 a
2723 2431 2948 2474 summo
2970 2418 3235 2489 pontifice
3261 2418 3568 2475 confirma-

1869 2501 1986 2570 tur)
2019 2515 2086 2557 ac
2116 2505 2475 2573 postmodum
2498 2520 2531 2560 a
2550 2505 2802 2576 capitulo
2823 2506 2913 2561 die
2941 2521 3037 2561 xvr
3063 2506 3410 2576 Septembris
3437 2507 3570 2563 1550

1867 2589 2118 2660 eligitur.
2146 2592 2247 2648 Vir
2270 2602 2354 2649 est
2384 2609 2611 2650 morum
2646 2594 2970 2664 integritate
3009 2601 3062 2650 et
3102 2595 3385 2666 gravitate
3424 2611 3569 2666 prte-

1867 2676 2042 2749 ditus,
2075 2693 2142 2734 ac
2173 2683 2361 2750 patrui
2385 2683 2667 2738 virtutum
2698 2682 2958 2752 proxime
2980 2681 3266 2739 inhzcreus
3292 2683 3569 2755 vestigiis,

1868 2780 1972 2822 nec
2003 2783 2116 2823 non
2148 2778 2202 2826 et
2225 2770 2302 2826 rei
2331 2771 2722 2828 ecclesiastica:
2742 2771 2910 2841 longe
2938 2772 3176 2841 peritus.

1940 2870 2032 2941 (⁹²)
2066 2874 2200 2932 CAP.
2252 2878 2346 2935 IV.
2396 2909 2464 2918 —
2507 2879 2638 2935 Cum
2687 2878 2880 2932 abbate
2928 2879 3409 2934 Ribodimontensi.
3467 2880 3571 2936 Ri-

2346 2966 2564 3038 iburgis
2616 2981 2800 3035 mons,
2849 2967 3176 3037 Ribodium,
3212 2987 3237 3020 α
3297 2968 3569 3026 Omnium

3305 3057 3375 3113 ad
3406 3057 3568 3128 ripas

1867 3151 2037 3206 Isara:
2059 3145 2302 3218 praeteri]
2313 3145 2500 3201 uentis
2524 3144 2754 3201 duabus
2780 3144 2957 3201 leucis
2978 3145 3048 3200 ab
3073 3145 3358 3216 Augusta,
3383 3147 3577 3217 inquit

1867 3239 2196 3294 Hemeraaus
2227 3233 2285 3288 in
2317 3233 2582 3304 Augusta
2607 3231 2790 3289 Illust.
2833 3233 2904 3288 ad
2953 3247 3086 3288 ann.
3131 3235 3286 3290 1095.
3340 3235 3576 3291 Schedis

1864 3323 2241 3382 nihilominus
2301 3321 2358 3376 in
2409 3321 2669 3392 antiquis
2721 3329 3049 3378 constanter
3105 3322 3314 3390 legitur
3356 3324 3578 3380 Ribodi-

1865 3430 2034 3469 mons.
2088 3411 2424 3466 Coenobium
2507 3424 2681 3478 porro
2733 3410 2915 3464 sancti
2967 3410 3183 3466 Nicolai
3248 3411 3306 3466 in
3366 3412 3570 3476 Pratis,

1866 3501 2017 3571 quod
2050 3499 2230 3555 abbas
2263 3497 2356 3552 ille
2386 3498 2635 3567 regebat,
2683 3497 3033 3552 conditorem
3071 3499 3331 3568 agnoscit
3373 3497 3574 3554 Ansel-

1867 3603 2028 3644 mum
2101 3584 2444 3654 Ripemontii
2513 3583 2860 3640 dominum:
2945 3583 3114 3654 cujus
3200 3583 3576 3642 institutionis

1868 3676 2124 3732 tabulam
2157 3672 2430 3743 evulgare
2462 3672 2833 3742 profuturum
2862 3671 3142 3742 judicavi.

1946 3787 1965 3812 ι
2000 3766 2064 3819 In
2099 3762 2328 3819 nomine
2355 3769 2568 3816 sanctas
2596 3768 2650 3817 et
2676 3760 2990 3817 individua
3010 3761 3325 3818 Trinitatis.

1944 3854 2122 3923 «Ego
2177 3851 2504 3917 Anselmus,
2566 3849 3088 3906 Ribodimontensis
3148 3865 3356 3915 comes,
3431 3852 3573 3922 quia

1867 3939 2076 3995 saeculo
2102 3937 2224 4008 jam
2254 3936 2313 3992 in
2342 3935 2566 3991 senium
2597 3942 2887 4006 vergente,
2919 3938 2973 3991 et
3003 3943 3215 3991 natura
3245 3936 3573 3993 mortalium

1872 4027 2147 4099 fragilior,
2216 4033 2270 4081 et
2337 4031 2475 4082 aetas
2550 4024 2796 4090 brevior,
2875 4031 2929 4080 et
2989 4025 3266 4080 memoria
3348 4025 3576 4099 labilior

1869 4095 1981 4184 est,
2014 4138 2033 4163 »
2069 4123 2176 4170 etc.
2213 4113 2350 4169 Vide
2371 4115 2432 4166 t'n
2465 4113 2720 4166 Anselmo
2745 4111 2820 4166 ad
2851 4128 2942 4167 an.
2977 4113 3306 4169 1099-1101.
3535 4095 3560 4106 Α

1938 4227 2090 4277 64o
2153 4221 2477 4291 Utrumque
2527 4219 2976 4275 instrumentum
3026 4219 3273 4276 domnus
3321 4221 3575 4278 Furseus

1871 4310 2178 4378 Beaurain,
2213 4315 2421 4366 nostrae
2465 4309 2742 4379 Congreg.
2787 4307 3082 4378 presbyter
3121 4307 3442 4381 theologus,
3477 4310 3573 4365 de-

1871 4401 2069 4470 cripsit
2099 4399 2396 4469 amiceque
2426 4395 2894 4453 communicavit.

1940 4498 2030 4554 Nil
2079 4504 2356 4568 praeterea
2403 4493 2924 4566 impraesentiarum
2973 4494 3159 4550 dicere
3204 4493 3408 4549 sinunt
3459 4493 3573 4548 mi-

1870 4586 2015 4653 lites,
2075 4585 2178 4655 qui
2227 4585 2334 4642 hoc
2382 4585 2500 4654 ipso
2551 4597 2667 4654 quo
2711 4582 2832 4639 haec
2873 4583 3058 4638 scribo
3106 4586 3379 4651 tempore,
3413 4581 3574 4651 prius

1868 4673 2207 4730 Guisianam
2239 4671 2439 4727 urbem
2486 4684 2665 4741 quam
2700 4669 2990 4726 obsidione
3029 4669 3344 4725 cinxissent
3375 4669 3574 4741 (quam

1869 4761 2104 4817 minime
2149 4759 2446 4829 ceperunt)
2498 4762 2719 4814 armata
2767 4772 2946 4814 manu
2989 4757 3320 4814 monasterii
3367 4766 3576 4815 cuncta

1869 4849 2176 4918 diripuere,
2209 4853 2385 4916 atque
2414 4845 2657 4900 aediﬁcia
2687 4845 3040 4901 destruxere.

1942 4944 2226 5000 Robertus
2267 4942 2323 4997 in
2373 4941 2555 4997 Gallia
2597 4942 2944 5010 Christiana,
2997 4943 3053 4997 in
3107 4943 3366 5014 catalogo
3405 4943 3578 5000 abba-

1870 5034 2105 5100 tiarum,
2164 5031 2338 5088 verbo
2390 5031 2811 5099 Ribodimonte,
2872 5030 3226 5088 fundationis
3268 5032 3581 5089 confirma-

1871 5122 2081 5178 tionem
2143 5135 2178 5176 a
2225 5121 2488 5190 Philippo
2535 5120 2578 5187 Ι,
2632 5133 2763 5190 rege
2813 5120 3189 5189 Francorum,
3225 5120 3433 5177 factam
3482 5135 3578 5178 an.

1875 5210 2011 5265 1084
2044 5208 2305 5265 inseruit.

1943 5313 2028 5386 (9³)
2082 5316 2217 5370 IBtD.
2279 5313 2528 5383 -—Apud
2554 5315 2613 5367 S.
2665 5313 2875 5380 Rufum
2919 5315 2986 5368 de
3015 5316 3249 5370 Aniene.
3291 5315 3584 5373 Avenione

1869 5401 2280 5458 monasterium
2305 5399 2712 5456 canonicorum
2735 5401 3110 5471 regularium.
3141 5401 3387 5458 Consule
3411 5417 3583 5460 eum-

1873 5489 2002 5545 dem
2034 5489 2343 5545 Robertum
2375 5503 2440 5544 eo
2470 5487 2612 5558 loco,
2641 5488 2717 5544 V.
2757 5488 2812 5544 S.
2847 5489 2998 5545 Ruﬁ.
