3924 6090
361 148 495 206 H67

416 286 507 358 (9‘)
565 286 702 343 Iern.
754 315 822 325 —
880 285 994 350 Ego
1041 282 1265 351 poetice,
1327 287 1435 336 etc.
1488 278 1649 346 Quod
1710 277 2112 349 perstringitA

338 376 655 451 canonicus
685 370 1082 429 Laudunensis
1113 369 1169 425 in
1200 369 1470 425 chronico
1502 385 1515 423 :

418 484 445 515 α
478 464 581 519 llic
631 457 1013 532 (Gualdrieus)
1060 459 1199 514 dum
1248 455 1562 527 aliquando
1609 468 1644 509 a
1687 453 2041 510 dedicatione

344 552 646 623 cujusdam
689 548 940 606 ecclesiae
1002 547 1281 614 rediisset,
1334 552 1389 601 et
1446 545 1518 600 ad
1580 543 2042 600 confirmandum

341 641 385 695 si
415 654 562 710 opus
600 638 761 705 foret,
801 636 949 707 cum}
972 635 1115 691 stola
1146 642 1200 691 et
1237 634 1407 689 mitra
1445 633 1772 703 equitasset,
1805 638 1871 689 ut
1923 638 2045 686 erat

343 727 484 784 levis
540 725 739 794 animi,
790 725 1048 780 lanceam
1093 737 1128 778 a
1184 737 1362 779 manu
1412 721 1714 791 cujusdam
1759 727 2042 776 extortam

341 816 802 886 circumquaque
857 812 992 883 agili
1059 811 1492 883 gesticulatione
1540 810 1823 881 gestabat;
1892 807 2046 864 unde

342 910 643 975 creperum
690 916 824 958 eum
879 899 1156 967 deridere,
1215 899 1467 955 dicentes
1514 897 1834 968 vulgariter
1890 895 2045 967 quod

343 992 524 1050 abbas
556 990 853 1047 Wibertus
880 988 1095 1060 poetice
1118 990 1199 1044 sic
1226 988 1512 1058 exposuit.

486 1082 606 1137 Non
652 1078 780 1134 bene
822 1076 1160 1141 conveniunt,
1216 1092 1310 1131 nec
1347 1077 1408 1130 in
1453 1090 1565 1130 una
1600 1073 1724 1128 sede
1763 1075 2049 1127 morantur

486 1168 706 1225 Cidaris
727 1171 776 1220 et
800 1166 1005 1220 lancea.

344 1256 449 1313 Hic
478 1268 738 1326 pannum
765 1253 1012 1310 sericum
1044 1266 1191 1308 auro
1220 1250 1527 1317 intextum,
1562 1262 1734 1320 quem
1770 1261 1873 1318 per
1912 1259 2048 1302 eum

343 1344 546 1415 regina
585 1342 808 1413 Anglia:
851 1341 1085 1397 miserat
1126 1340 1340 1412 regina
1383 1339 1760 1405 Francorum,
1816 1335 2050 1393 abstulit

345 1433 404 1488 in
434 1432 670 1488 ecclesia
697 1430 1066 1486 Laudunensi
1108 1429 1170 1485 B.
1220 1427 1491 1484 Genitrici
1525 1426 1620 1482 Dei
1672 1425 1885 1492 Mariae,
1930 1425 2050 1495 jus-

345 1522 535 1591 sitque
579 1519 701 1574 ﬁeri
754 1518 1031 1585 casulam,
1082 1517 1154 1573 ad
1199 1516 1458 1587 ejusdem
1514 1514 1711 1572 Matris
1752 1515 2045 1570 honorem.

1405 143 1498 197 AD
1537 142 1688 198 Oi‘P.
1731 143 1881 198 VEN.
1922 141 2254 197 CUIBERTI
2294 139 2385 195 DE
2428 136 2811 194 NOVIGENTO

3776 138 3883 187 illa

2221 274 2308 346 (97)
2356 274 2490 332 CAP.
2544 273 2611 331 V.
2643 301 2717 315 —
2768 273 3089 328 .lfonasterii
3151 272 3457 327 Puellarum
3503 273 3884 328 Castellanus

2148 363 2536 422 Castellanum
2591 361 2770 431 vulgo
2810 360 2960 416 arcis
3003 359 3335 430 praefectum
3386 360 3648 416 vocitari
3722 364 3884 430 prole

2150 450 2288 514 scio,
2323 449 2359 504 l.
2391 463 2448 504 ιι.
2481 449 2559 503 De
2603 446 2798 504 fundis
2833 443 3201 515 limitrophis,
3232 443 3332 501 lib.
3360 460 3421 501 ιι.
3457 445 3606 501 Cod.
3655 446 3781 500 Tit.
3817 450 3881 495 59

2155 538 2368 595 Verum
2399 551 2562 593 secus
2610 536 2717 592 hoc
2762 534 2904 601 loco,
2961 542 3025 591 ut
3056 548 3202 601 reor,
3250 542 3580 605 usurpatur
3642 549 3763 604 pro
3811 536 3883 589 ad

2156 632 2358 680 vocato
2377 624 2681 689 nimirum,
2704 622 2875 694 cujus
2892 622 3247 692 praecipuum
3273 636 3493 678 munus
3512 630 3680 689 erat,
3726 624 3883 678 eccle

2152 714 2268 769 sias
2297 713 2383 768 vel
2415 711 2763 768 monasteria
2809 709 2978 766 tueri.
3027 709 3116 765 Nil
3146 709 3509 779 frequentius
3563 710 3884 780 scriptore.

2154 800 2400 871 antiqui.
2447 798 2692 869 Capitul.
2732 797 2833 854 lib.
2865 812 2963 860 vn.
2998 811 3125 867 cap.
3183 799 3286 852 308
3320 812 3332 851 :
3371 820 3393 847 ‹
3434 797 3551 854 Pro
3594 798 3884 854 Ecclesia.

2154 904 2283 946 rum
2336 889 2545 955 causis,
2582 901 2649 943 ac
2696 886 3141 944 necessitatibus
3182 900 3406 953 earum,
3450 894 3653 959 atque
3688 901 3884 944 servo-

2153 992 2284 1034 rum
2315 977 2435 1044 Dei,
2467 983 2853 1043 exseeutores,
2911 973 3001 1030 vel
3044 974 3326 1040 advocati,
3354 989 3456 1032 seu
3508 976 3884 1039 defensores,

2155 1066 2382 1138 quoties
2411 1065 2717 1122 necessitas
2750 1064 3056 1135 ingruerit,
3102 1075 3136 1119 a
3162 1063 3420 1135 principe
3458 1066 3884 1135 postulentur:

2153 1164 2208 1212 et
2238 1154 2311 1211 ab
2333 1170 2399 1211 eo
2433 1154 2675 1210 fideliter
2702 1161 2878 1224 atque
2916 1153 3349 1224 libenlerjuxta
3388 1154 3730 1210 canonicas
3766 1169 3884 1210 san-

2155 1244 2370 1301 ctiones
2392 1242 2716 1299 ﬁdelissime
2738 1243 2968 1299 dentur.
2993 1263 3022 1291 »
3046 1242 3303 1313 Duplicis
3323 1243 3555 1315 generis
3579 1242 3883 1301 advocati.

2156 1332 2295 1400 nati,
2347 1339 2402 1388 et
2449 1332 2585 1388 dati.
2620 1331 2843 1387 Videsis
2881 1330 3232 1388 Glossarium
3264 1332 3461 1388 Pitbzei
3488 1331 3567 1387 ad
3624 1333 3884 1402 capitula

2156 1420 2342 1476 Caroli
2379 1420 2571 1491 Magni
2604 1428 2662 1475 et
2698 1419 2996 1489 perdoctas
3031 1420 3315 1475 Francisci
3341 1420 3627 1490 Bosqueti
3688 1421 3879 1476 obser-

2159 1510 2416 1565 vationes
2462 1509 2534 1564 ad
2582 1508 2747 1578 epist.
2804 1510 2922 1574 t22,
2976 1510 3073 1563 134
3129 1515 3185 1564 et
3245 1510 3336 1563 191
3393 1508 3741 1565 Innocentii
3789 1510 3870 1573 lll,

347 1582 691 1663 Procedente
743 1613 932 1663 tamen
975 1582 1246 1675 tempore,
1285 1617 1416 1660 cum
1460 1604 1674 1675 reginae
1725 1608 2051 1658 memoratae
2084 1582 2124 1636 Β
2164 1612 2297 1669 pag.
2333 1598 2451 1663 143,
2502 1597 2603 1653 149
2629 1603 2684 1653 et
2714 1599 2829 1651 I88.

348 1695 766 1760 convenissent,
814 1700 868 1749 et
894 1706 1087 1749 secum
1136 1692 1203 1747 ad
1256 1690 1499 1747 invicem
1552 1690 1653 1746 diu
1708 1698 1896 1745 essent
1948 1688 2056 1743 col'

347 1781 571 1850 locutae,
600 1781 930 1838 mirabatur
958 1778 1158 1850 regina
1181 1778 1422 1850 Anglice,
1453 1778 1607 1848 quod
1640 1777 1858 1834 nullam
1887 1791 2054 1833 men-

348 1871 558 1927 tionem
591 1871 798 1926 faceret
824 1869 892 1926 de
935 1875 1248 1924 memorato
1288 1880 1497 1937 panno,
1536 1867 1618 1923 sic
1652 1865 1732 1922 ait
1759 1865 1827 1921 ad
1876 1878 2001 1921 eam
2038 1879 2050 1918 ξ

345 1954 472 2011 Νοιι
523 1953 739 2024 placuit
785 1953 950 2010 vobis
997 1951 1415 2008 munusculum
1466 1964 1680 2017 meum,
1739 1957 1927 2005 tamen
1983 1948 2054 2004 de

344 2041 665 2113 potioribus
730 2041 857 2108 fuit,
927 2040 1081 2110 quod
1161 2053 1372 2095 manus
1455 2046 1662 2094 nostrae
1742 2045 2053 2108 potuerunt

344 2132 646 2201 attingere.
695 2130 800 2187 Cui
845 2129 1047 2200 regina
1078 2129 1352 2196 Franciae,
1399 2126 1517 2183 ait:
1574 2126 1720 2194 Quid
1767 2133 1852 2181 est
1896 2126 2047 2196 quod

345 2219 620 2290 loqueris,
652 2219 730 2274 mi
778 2218 1013 2289 regina!
1048 2216 1154 2274 Cui
1187 2216 1323 2272 illa:
1368 2217 1447 2272 De
1492 2230 1701 2286 panno,
1745 2229 1916 2286 quem
1950 2229 2051 2285 per

345 2308 787 2364 Laudunensem
852 2306 1182 2377 episcopum
1250 2304 1414 2360 vobis
1481 2304 1646 2373 misi,
1716 2303 1777 2360 fit
1839 2317 2046 2359 sermo.

345 2396 526 2467 Negat
556 2395 651 2452 illa
682 2410 740 2451 se
788 2393 1005 2465 aliquid
1059 2393 1237 2464 hujus
1284 2393 1366 2450 rei
1426 2392 1589 2449 scire.
1644 2392 1892 2449 Vocatur
1936 2391 2051 2462 epi-

345 2498 570 2554 scopus,
619 2484 719 2555 qui
772 2482 831 2539 in
883 2482 977 2539 illo
1022 2488 1311 2539 conventu
1374 2481 1553 2552 regali
1603 2480 1841 2550 aderat;
1889 2495 2047 2552 quaa-

344 2573 494 2629 ritur
541 2586 723 2644 quare
789 2571 1191 2628 transmissum
1254 2570 1335 2626 illi
1397 2583 1654 2641 pannum
1704 2584 1819 2626 non
1871 2570 2047 2626 obtu-

343 2662 471 2718 lerit
518 2660 753 2732 reginae.
804 2659 1124 2730 Respondet
1180 2674 1238 2715 se
1280 2673 1537 2730 pannum
1591 2659 1641 2714 ei
1673 2658 2043 2715 deferendum

345 2749 577 2806 minime
623 2763 656 2805 a
695 2763 991 2820 quoquam
1035 2748 1348 2817 accepisse;
1401 2748 1497 2804 sed
1547 2748 1778 2819 reginae,
1831 2746 2041 2818 inquit,

343 2837 619 2906 Francize,
652 2851 909 2908 pannum
952 2836 1176 2904 misisti,
1210 2850 1383 2907 quem
1432 2836 1669 2893 veniens
1711 2838 1761 2892 ei
1809 2835 2043 2892 indilate

342 2925 559 2993 obtuli;
610 2926 900 2982 mirantur
947 2935 1230 2996 utraeque,
1299 2925 1394 2981 sed
1442 2925 1626 2995 magis
1669 2925 1872 2997 regina
1917 2924 2043 2980 An-

341 3016 489 3088 glize,
538 3022 751 3086 putans
805 3028 865 3070 se
907 3013 1186 3081 delusam,
1240 3019 1295 3069 et
1347 3027 1479 3070 cum
1517 3012 1625 3069 alia
1662 3011 1783 3069 loco
1830 3013 2043 3085 reginae

339 3103 721 3170 adfabulasse,
753 3102 933 3158 'aiens
965 3101 1035 3156 ad
1076 3101 1404 3172 episcopum
1440 3116 1453 3155 :
1499 3100 1601 3156 Ubi
1635 3100 1810 3172 igitur
1843 3101 2044 3171 regina

341 3186 641 3243 Francias?
706 3185 975 3242 Similiter
1037 3193 1093 3242 et
1149 3185 1261 3241 alia
1317 3185 1395 3241 ait
1429 3199 1441 3240 :
1474 3183 1619 3251 Quid
1649 3190 1752 3250 cst,
1814 3182 2043 3238 domine

337 3262 619 3346 episcope,
646 3288 762 3331 non
805 3275 1098 3346 cognoscis
1136 3273 1272 3331 me?
1319 3273 1428 3340 Qui
1470 3274 1549 3329 ait
1581 3288 1593 3327 :
1633 3272 1844 3342 Utique
1882 3269 2036 3326 novi.

339 3363 518 3431 Certe,
568 3362 648 3418 ait
694 3362 912 3434 regina,
966 3362 1106 3418 mihi
1150 3376 1263 3418 non
1319 3359 1692 3433 prmsentasti.
1760 3359 1869 3427 Qui
1918 3359 2038 3416 ait:

337 3451 571 3523 Reginae
605 3451 861 3508 Francia
890 3451 1068 3508 obtuli
1096 3464 1355 3521 pannum
1398 3450 1472 3507 ab
1510 3450 1618 3505 hac
1655 3448 1887 3504 domina
1931 3446 2040 3504 sibi

330 3540 755 3608 transmissum,
790 3554 922 3611 qua
950 3546 1034 3596 est
1064 3540 1157 3610 pia
1196 3539 1294 3595 Dei
1338 3546 1541 3606 mater,
1575 3537 1776 3609 regina
1813 3537 2041 3593 immor-

330 3629 476 3697 talis,
539 3629 708 3700 cujus
754 3642 1001 3698 regnum
1047 3627 1249 3684 stabile
1291 3634 1375 3684 est
1420 3628 1543 3683 sine
1600 3626 1731 3683 ﬁne.
1775 3626 2040 3683 Laudant

330 3725 592 3789 utraeque
618 3717 696 3774 rei
727 3718 964 3784 factum,
998 3724 1052 3773 et
1083 3717 1407 3787 approbant
1439 3715 1678 3772 donum.

399 3812 549 3862 04':
587 3828 609 3857 ι
667 3806 994 3863 Walderico
1031 3806 1302 3862 successit
1341 3805 1506 3877 Hugo
1544 3804 1799 3862 decanus
1836 3805 2036 3861 Eccle-

326 3895 425 3951 siae
452 3893 904 3952 Aurelianensis.
939 3893 1061 3961 Quo
1094 3901 1224 3964 post
1263 3896 1294 3948 6
1339 3907 1563 3950 menses
1595 3900 1844 3961 mortuo,
1894 3894 2028 3949 Bar-

2234 1687 2594 1743 Advocatum
2626 1685 2883 1742 concedit
2927 1685 3271 1742 monasterio
3307 1686 3636 1743 Anianensi
3690 1687 3862 1743 Ludo-

2162 1775 2324 1832 vicus
2351 1775 2485 1831 Pius
2517 1774 2637 1831 suis
2675 1774 2872 1831 litteris
2918 1774 2975 1830 in
3006 1788 3135 1831 eam
3173 1788 3294 1830 rem
3339 1775 3719 1846 conscriptis.
3772 1777 3862 1831 Ha-

2162 1864 2297 1920 bent
2321 1864 2446 1920 htec
2475 1864 2671 1919 verba.

2236 1976 2257 2002 ι
2294 1952 2357 2008 In
2437 1952 2670 2009 nomine
2741 1949 2964 2007 Domini
3012 1951 3112 2007 Dei
3165 1958 3221 2008 et
3283 1951 3607 2008 Salvatoris
3703 1956 3861 2008 nostri

2158 2041 2293 2113 Jesu
2336 2039 2565 2108 Christi,
2619 2039 2943 2097 Ludovicus
2987 2039 3186 2096 divina
3232 2041 3580 2111 propitiante
3629 2041 3864 2098 clemen-

2160 2130 2255 2197 tia,
2292 2129 2601 2200 imperator
2619 2130 2937 2200 Augustus.

2233 2240 2253 2267 ι
2289 2218 2341 2274 Si
2375 2218 2745 2289 petitionibus
2771 2232 3070 2275 servorum
3101 2218 3201 2274 Dei
3226 2218 3398 2289 justis
3426 2226 3483 2275 et
3510 2219 3860 2275 rationabﬂi-

2156 2307 2286 2374 bus,
2313 2306 2495 2363 divini
2527 2306 2718 2363 cultus
2737 2320 2929 2363 amore
2950 2306 3231 2373 favemus,
3261 2328 3280 2355 ι
3309 2314 3416 2362 etc.
3457 2307 3604 2363 Vide
3627 2310 3776 2362 inter
3790 2307 3860 2359 di-

2154 2395 2395 2464 plomata
2426 2393 2681 2448 Ludovici
2709 2394 2809 2447 Pii.
2842 2394 3169 2461 Patrologia:
3198 2397 3237 2445 t.
3272 2394 3335 2448 Cl
3347 2394 3411 2448 ν.

2224 2486 2374 2537 048
2405 2478 2662 2553 (9“)‘CAP.
2702 2481 2764 2539 V.
2793 2510 2866 2522 —
2892 2482 3022 2546 Quae
3051 2481 3289 2535 basilicae
3327 2485 3517 2550 caput.
3557 2483 3753 2537 Locus
3785 2494 3859 2536 ec-

2154 2569 2338 2628 clesiae
2368 2569 2799 2640 prominentior,
2826 2569 2906 2627 sic
2932 2569 3120 2626 dictus
3153 2569 3304 2640 quod
3328 2569 3517 2626 instar
3546 2569 3734 2627 fuerit
3756 2584 3859 2626 cer-

2151 2658 2373 2725 vicalis,
2405 2658 2714 2715 vcrnacule
2742 2659 2942 2714 chevet.
2975 2659 3041 2714 In
3093 2657 3342 2714 basilicis
3369 2658 3566 2715 Sancti
3612 2659 3856 2727 Dionysii

2155 2747 2211 2803 in
2242 2747 2504 2816 Francia,
2548 2747 2770 2804 Sanctae
2813 2746 3110 2803 Cenovefte
3160 2746 3415 2813 Parisiis,
3468 2746 3673 2803 Sancti
3709 2748 3860 2803 Bene

2152 2834 2286 2894 dicti
2322 2836 2718 2899 Floriaccnsis,
2748 2843 2804 2891 et
2840 2834 2978 2891 alibi
3011 2835 3065 2891 id
3122 2849 3304 2907 genus
3351 2837 3612 2907 capitum
3670 2837 3857 2893 visun-

2152 2933 2248 2982 tur
2276 2925 2579 2996 hodieque.

2223 3010 2313 3084 (99)
2347 3015 2484 3071 lato.
2535 3043 2606 3057 —-
2673 3015 2934 3082 Mastigia
2999 3013 3305 3085 chlamydis
3357 3028 3393 3067 a
3440 3016 3592 3080 tergo
3642 3016 3855 3083 njecta

2153 3102 2392 3159 Difﬁcile
2422 3102 2734 3159 admodum
2766 3109 2851 3158 est
2879 3102 3159 3172 mastigiae
3190 3108 3419 3171 etymon
3451 3101 3689 3170 aperire
3720 3117 3734 3156 :
3772 3117 3857 3157 ve-

2151 3204 2281 3247 rum
2311 3192 2354 3247 si
2386 3190 2729 3262 conjecturte
2759 3190 2948 3247 locum
2979 3190 3116 3245 dare
3154 3189 3338 3256 liceat,
3372 3190 3713 3261 mastigiam
3742 3191 3857 3263 opi-

2149 3293 2254 3335 nor
2283 3279 2600 3349 cblamydis
2630 3279 2920 3350 quoddam
2951 3277 3272 3345 vinculum,
3305 3292 3424 3348 quo
3443 3277 3652 3349 |veluti
3687 3279 3855 3350 ligula

2149 3374 2398 3440 utraque
2444 3382 2575 3438 pars
2623 3368 2876 3424 anterior
2919 3368 3296 3423 connectitur.
3351 3365 3722 3437 Conjecturze
3756 3382 3851 3423 no-

2149 3464 2280 3513 strae
2309 3456 2540 3513 videtur
2565 3455 2873 3527 suffragari
2905 3454 3155 3512 Severus
3179 3455 3489 3525 Sulpicius,
3526 3455 3755 3526 Dialog.
3786 3456 3849 3510 li—

2148 3546 2250 3602 bro
2292 3560 2350 3614 tt,
2385 3559 2513 3616 cap.
2542 3551 2596 3601 4.
2644 3566 2664 3594 ι
2710 3545 3086 3616 Consurgunt
3138 3558 3340 3600 omnes
3378 3543 3597 3614 pariter
3646 3545 3707 3600 in
3736 3558 3849 3600 ver-

2148 3634 2317 3705 bera;
2349 3634 2635 3691 consumit
2663 3632 2911 3690 Gailicas
2938 3632 3233 3690 mularum
3264 3645 3435 3703 poena
3471 3633 3796 3703 mastigias.
3822 3653 3848 3683 ι

2149 3724 2318 3782 Vides
2345 3738 2411 3780 eo
2438 3724 2543 3779 loci
2585 3723 2911 3794 mastigiam
2952 3722 3055 3779 lori
3084 3735 3206 3779 esse
3249 3735 3435 3793 genus
3473 3734 3581 3778 seu
3640 3723 3848 3778 corria-

2144 3827 2309 3870 ceum
2341 3811 2748 3870 retinaculum.

2217 3900 2337 3975 (10“)
2369 3901 2503 3960 CAP.
2560 3902 2687 3959 Vll.
2740 3931 2808 3942 —
2845 3902 2912 3956 Ut
2939 3902 3118 3971 capite
3162 3901 3323 3956 censi.
3374 3899 3501 3956 Uno
3552 3899 3754 3966 verbo,
3800 3899 3848 3954 id

326 3982 667 4039 tholnmzeus
699 3984 759 4038 fit
788 3982 1192 4039 Laudunensis
1215 3981 1530 4052 episcopus,
1555 3982 1724 4053 cujus
1748 3981 2033 4038 industria
2141 3999 2226 4048 ρει
2254 3991 2562 4061 mancipia,
2604 4004 2736 4061 qua;
2775 3990 3085 4061 quotannis
3122 3988 3405 4045 tributum
3442 3987 3671 4044 solvere
3705 3998 3851 4044 ιεηε.

325 4071 669 4127 cathedralis
717 4071 952 4127 ecclesia
982 4071 1063 4142 jin
1111 4070 1271 4128 brevi
1323 4077 1606 4141 reparata,
1666 4070 1872 4126 iterum
1922 4068 2032 4127 fuit
2142 4080 2378 4137 bantur,
2421 4079 2634 4137 Charta
2673 4078 3123 4135 Flaviniacensis
3170 4076 3499 4134 monasterii
3553 4077 3738 4134 relata
3780 4078 3846 4131 ab

324 4165 686 4229 consecrata;
716 4159 775 4214 in
808 4159 1004 4215 multis
1035 4173 1272 4230 quoque
1299 4158 1436 4215 locis
1462 4159 1520 4214 in
1552 4159 1765 4230 quibus
1804 4158 2026 4230 religio-
2061 4178 2105 4233 ῃ
2142 4169 2391 4226 Αῃάηεει
2418 4168 2721 4226 Duchesne
2760 4169 2819 4224 in
2858 4167 3081 4238 probat.
3126 4166 3384 4223 Historiae
3428 4165 3843 4236 Vel-gummis,

326 4247 416 4302 nis
444 4246 634 4303 fervor
663 4261 779 4303 non
807 4247 1011 4316 fuerat,
1045 4262 1143 4318 per
1168 4261 1300 4304 eum
1327 4254 1411 4303 est
1439 4247 1732 4304 dilatatus.
1767 4267 1795 4299 »

396 4336 465 4393 Et
490 4334 718 4392 Guillel.
752 4336 821 4393 de
852 4336 1068 4408 Nangis
1092 4335 1337 4393 Historia
1369 4336 1604 4402 inedita,
1636 4336 1707 4392 ad
1738 4351 1833 4392 an.
1870 4339 2025 4403 llt3,

322 4424 396 4480 ab
427 4423 514 4480 bis
534 4438 649 4480 non
680 4424 964 4495 discrepat
990 4442 1003 4480 :
1045 4447 1066 4475 α
1106 4423 1369 4481 Valdrico
1399 4424 1869 4481 Laudunensium
1915 4425 2029 4496 epi-

321 4527 493 4583 scopo
525 4526 559 4568 a
587 4513 710 4570 suis
749 4514 975 4570 civibus
1013 4513 1282 4583 nequiter
1308 4516 1619 4583 perempto,
1654 4514 1821 4586 Hugo
1848 4516 2031 4571 Aure-

320 4601 595 4659 lianensis
650 4602 913 4659 Ecclesiae
962 4602 1217 4657 decanus
1270 4600 1665 4659 substituitur.
1725 4602 1848 4670 Quo
1904 4610 2026 4674 post

319 4697 532 4761 septem
563 4705 785 4748 menses
810 4698 1057 4757 mortuo,
1093 4711 1115 4739 ι
1143 4698 1251 4746 θῐῢ.

391 4777 478 4850 (9⁸)
509 4778 650 4836 CAP.
683 4780 781 4837 IV.
815 4810 884 4821 ——
939 4781 1057 4835 Non
1094 4779 1222 4835 bene
1268 4782 1611 4850 conveniunt,
1651 4786 1758 4837 etc.
1809 4779 2027 4837 Alludit

318 4868 391 4925 ad
421 4868 587 4925 Ovid.
624 4868 1002 4939 Metamorph.
1034 4883 1115 4935 ιιι,
1147 4872 1198 4936 5,
1236 4870 1318 4924 14.

388 4954 478 5029 (³⁸)
512 4957 647 5013 ῙΒιΒ-
683 4987 749 4996 -
770 4958 1126 5026 Hanaporum
1154 4962 1207 5012 et
1226 4962 1556 5013 scutrarum.
1591 4958 1896 5028 Hanapum
1922 4971 2023 5029 pa-

316 5056 439 5106 tera
465 5056 568 5117 est,
631 5047 752 5105 sive
804 5048 1123 5119 cymbium,
1168 5048 1291 5106 Gal.
1352 5051 1556 5120 hanap.
1609 5056 1769 5106 tasse.
1821 5051 2024 5108 Scutra

315 5139 469 5193 vasis
498 5151 701 5207 genus,
729 5137 1048 5208 paropsidis
1076 5137 1276 5195 instar.
1302 5139 1490 5195 Plaut.
1527 5138 1585 5195 in
1606 5139 1797 5209 Persa,
1825 5142 1948 5197 Act.
1981 5156 2019 5210 ι,

314 5239 505 5282 scena.
538 5241 620 5283 ιιι.

385 5315 679 5371 Commisco
713 5317 978 5381 mulsum;
1020 5316 1267 5370 struthea
1285 5316 1634 5386 colutheaque
1662 5332 1901 5386 appara,

286 5464 291 5469 ,
387 5403 521 5457 Bene
540 5408 602 5458 ut
629 5407 830 5460 scutris
860 5405 1189 5472 concaleant,
1230 5410 1281 5459 et
1309 5405 1573 5460 calamum
1601 5407 1779 5476 injice.

2136 4270 2268 4330 pag.
2299 4260 2388 4312 2t.
2428 4280 2449 4307 ‹
2495 4257 2800 4314 Archivisa
2840 4263 2896 4313 et
2936 4255 3081 4312 filios
3123 4269 3260 4311 suos
3297 4254 3406 4310 sub
3444 4267 3512 4310 α)
3554 4267 3757 4323 censu,
3788 4262 3843 4310 nt

2136 4346 2379 4404 masculi
2410 4347 2679 4403 denarios
2708 4353 2965 4417 quatuor
2993 4344 3064 4401 de
3092 4344 3277 4414 capite
3306 4342 3478 4399 annis
3521 4342 3786 4414 singulis.
3820 4365 3838 4391 ι

2211 4434 2330 4506 (ίοι)
2385 4435 2522 4501 Imp,
2574 4464 2645 4477 -—
2690 4434 2859 4504 Apud
2890 4434 3148 4491 Sanctum
3201 4434 3562 4489 Vincentium.
3609 4431 3841 4498 Quando

2137 4524 2371 4596 quidem
2401 4539 2519 4595 prie
2546 4523 2814 4579 manibus
2842 4522 3086 4579 habeam
3113 4520 3356 4577 camobii
3384 4520 3578 4576 Sancti
3612 4520 3841 4578 Vincen-

2136 4608 2197 4665 tii
2256 4609 2586 4678 Historiam,
2636 4622 2710 4665 ex
2764 4607 3060 4665 veteribus
3102 4606 3328 4664 schedis
3378 4620 3414 4661 a
3470 4605 3642 4663 docto
3695 4607 3837 4663 Emi-

2133 4697 2288 4755 liano
2316 4698 2385 4754 de
2416 4699 2468 4754 la
2501 4699 2681 4769 Bigne
2707 4696 3238 4768 sacerdotelnostro
3274 4695 3538 4766 theologo
3581 4696 3679 4765 (ex
3710 4711 3831 4767 qua,

2133 4800 2266 4858 quae
2293 4787 2552 4855 relaturi,
2579 4800 2765 4856 pauca
2793 4785 2983 4842 studio
3032 4792 3228 4840 nostro
3257 4784 3542 4854 adjecturi
3584 4784 3833 4841 desume-

2132 4874 2284 4945 mus)
2314 4874 2451 4931 libet
2480 4875 2653 4945 paulo
2686 4874 2909 4931 diutius
2947 4872 3043 4929 hic
3082 4872 3394 4939 immorari,
3428 4872 3501 4927 ad
3544 4872 3831 4929 lustranda

2135 4971 2254 5021 tum
2316 4962 2561 5033 antiqua
2616 4963 2838 5019 illiusce
2900 4961 3232 5019 monasterii
3281 4969 3683 5029 monumenta,
3723 4971 3828 5018 tum

2130 5053 2302 5110 etiam
2361 5052 2683 5110 antistitum
2731 5050 2955 5119 seriem,
2987 5049 3479 5119 memorandaque
3526 5049 3680 5106 facta
3703 5066 3828 5107 non-

2131 5141 2428 5199 nullorum
2461 5139 2833 5198 recensenda.

2132 5232 2502 5287 Summarium
2566 5229 2809 5285 histor-im
2870 5230 3191 5283 monasterii
3244 5232 3296 5283 et
3354 5228 3618 5283 abbatum
3686 5229 3826 5284 series

2520 5321 2699 5374 sancti
2732 5319 3005 5373 Vincentii
3028 5316 3437 5372 Laudunensis.

2203 5408 2490 5465 Lauduno
2548 5407 2783 5464 Clavato
2833 5405 3000 5478 quasi
3047 5405 3256 5462 insidet
3310 5404 3504 5462 Sancti
3562 5405 3820 5465 Vincentii
