3944 6084
42 320 173 373 1169

1305 318 1520 376 DOMNI
1565 320 1616 374 L.
1665 316 2009 374 D'ACIIEBY
2049 317 2266 375 NOTAE.

3401 322 3538 376 1170

31 455 460 513 monasterium.
513 457 637 514 Uno
686 456 861 513 ferme
908 454 1095 526 lapide
1139 455 1358 512 distans
1406 456 1478 513 ab
1522 456 1718 512 eadem
1749 457 1796 509 Α
1833 461 2078 512 tractare
2121 443 2397 526 quiddam
2446 455 2583 513 huic
2629 455 2768 522 sedi,
2821 456 2916 514 cui
2956 465 3186 515 auctore
3228 460 3343 516 Deo
3393 473 3537 531 prae-

33 544 177 600 urbe
207 545 382 601 situm
423 551 508 601 est
557 544 614 600 in
664 551 874 612 monte,
920 558 1093 614 quem
1126 544 1273 600 inter
1304 551 1360 600 et
1409 543 1590 614 ipsam
1620 554 1725 598 ur-

32 632 158 689 bem
184 633 266 702 (in
298 639 486 688 monte
516 632 710 688 itidem
737 631 1093 697 collocatam)
1126 630 1293 686 vallis
1325 629 1646 700 interjacet.

100 721 402 778 Fundatur
448 724 534 788 (ut
575 722 906 792 conjectura
946 722 1052 789 est)
1102 720 1354 775 aBruna
1395 716 1662 776 Clodovei
1703 717 1724 772 Ι

28 809 177 880 regis
220 810 574 865 Francorum
612 808 747 875 filia,
787 823 963 878 quam
1001 823 1032 864 e
1067 807 1369 879 tyrannide
1407 807 1557 878 regis
1611 805 1725 862 Go-

30 898 259 954 thorum
300 905 574 967 ereptam,
611 897 669 952 in
706 897 914 953 Gallias
943 897 1118 953 frater
1164 895 1564 952 Childebertus
1602 902 1726 950 tum

29 1001 278 1057 regnum
324 993 522 1042 tenens
572 985 824 1042 Franciae
862 987 1190 1042 reduxerat.
1239 986 1393 1041 Adeo
1438 983 1722 1055 siquidem

33 1075 280 1132 tenebris
316 1075 588 1132 obvoluta
635 1083 771 1132 sunt
815 1075 968 1131 illius
1012 1075 1344 1132 monasterii
1391 1074 1723 1144 primordia,

30 1165 170 1221 adeo
218 1164 400 1221 altum
445 1163 738 1220 silentium
788 1165 942 1234 apud
986 1163 1300 1228 historicos,
1357 1178 1425 1219 ac
1469 1171 1724 1220 veterum

29 1260 537 1308 monumentorum
588 1252 830 1322 penuria
883 1245 1044 1309 tanta
1114 1261 1176 1309 ut
1228 1252 1327 1308 vix
1383 1251 1728 1323 conjecturis

31 1341 205 1411 possit
244 1340 433 1396 inniti.
468 1342 683 1397 Verum
715 1355 786 1397 ne
816 1341 993 1412 gratis
1032 1342 1225 1398 isthaec
1271 1341 1575 1411 protulisse
1618 1354 1726 1410 ap-

31 1436 248 1498 pareat,
287 1428 394 1482 hoc
421 1428 584 1483 allert
625 1428 1011 1484 testimonium
1031 1429 1280 1485 domnus
1310 1427 1630 1484 Emilianus
1655 1442 1727 1483 ex

32 1525 256 1573 vetusto
295 1516 491 1571 scrinii
540 1516 906 1572 ofllcialitatis
956 1517 1352 1573 Laudunensis
1403 1517 1592 1572 codice
1624 1531 1725 1572 ms.

103 1623 130 1656 ‹‹
169 1611 332 1659 Anno
396 1603 622 1659 Domini
662 1604 1124 1674 quingentesimo
1177 1613 1338 1660 sexto
1401 1605 1598 1660 Bruna
1647 1620 1728 1660 re-

28 1693 169 1765 gina
202 1692 488 1762 Hispaniae
533 1693 701 1762 plura
749 1684 1080 1749 sanctorum
1120 1693 1385 1750 coenobia
1436 1693 1722 1760 fundavit,

26 1761 83 1838 et
137 1761 378 1837 aedificia
444 1761 691 1837 mirandi
759 1783 966 1853 operis,
1027 1782 1173 1838 inter
1212 1799 1343 1853 quae
1400 1781 1725 1839 caenobium
1761 1761 1796 1812 Β

28 1871 220 1926 Sancti
255 1870 538 1927 Vincentii
574 1871 991 1939 Laudunensis,
1027 1879 1277 1942 tempore
1315 1871 1495 1928 sancti
1537 1870 1730 1927 Remi-

29 1961 108 2030 gii
175 1959 465 2016 Remensis
538 1960 971 2029 archiepiscopi,
1035 1970 1089 2016 et
1142 1961 1344 2031 {sancti
1399 1959 1727 2027 Genebaldi,

27 2049 282 2119 episcopi
315 2048 732 2104 Laudunensis.
764 2069 790 2097 ››

103 2142 174 2194 At
235 2136 617 2193 verosimilius
666 2139 922 2193 Brunam
987 2151 1109 2193 esse
1163 2136 1574 2202 Brunichildis,
1617 2150 1732 2191 non

29 2227 360 2297 conjugem,
392 2226 488 2280 sed
524 2225 698 2280 filiam
739 2226 892 2296 regis
914 2225 1248 2290 Gothorum,
1285 2224 1562 2296 Sigibcrto
1602 2223 1730 2280 Gal-

31 2315 122 2369 liae
175 2314 294 2384 regi
331 2313 599 2385 conjugio
651 2313 1002 2383 copulatam.
1058 2313 1218 2370 Unde
1280 2320 1475 2368 autem
1523 2313 1733 2367 Brunae

29 2418 242 2460 nomen
273 2404 488 2470 sortita,
525 2403 738 2459 indicat
767 2403 1088 2460 Chronicon
1133 2403 1454 2458 Besuense:
1499 2425 1520 2451 α
1559 2403 1733 2457 Porro

30 2493 353 2562 Sigibertus
383 2507 516 2548 cum
553 2493 772 2548 videret
804 2493 1007 2548 fratres
1045 2506 1180 2547 suos
1205 2491 1358 2561 [viles
1391 2505 1600 2547 uxores
1633 2504 1733 2545 ac-

27 2580 239 2649 cipere,
272 2580 559 2650 Gogonem
594 2581 870 2650 majorem
907 2581 1112 2635 domus
1131 2593 1308 2635 causa
1340 2578 1640 2650 legationis
1662 2577 1734 2632 ad

30 2667 386 2738 Anagildum
432 2669 661 2735 direxit,
699 2676 892 2738 petens
922 2677 986 2725 ut
1039 2668 1213 2724 filiam
1255 2681 1442 2734 suam,
1476 2668 1732 2722 Brunam

34 2758 285 2824 nomine,
328 2757 600 2828 conjugio
643 2756 912 2825 traderet,
951 2763 1080 2823 etc.,
1114 2757 1184 2812 ad
1219 2769 1429 2812 nomen
1475 2756 1602 2825 ejus
1641 2769 1735 2810 or-

31 2846 296 2901 nandum
325 2853 406 2900 est
424 2853 679 2913 auctum,
706 2854 769 2902 ut
795 2843 1545 2914 [vocareturBrunechildis,
1584 2865 1604 2892 ι
1631 2849 1732 2899 etc.

34 2935 161 3003 (Est
187 2942 242 2989 et
288 2934 542 3005 Gregorii
589 2934 952 3006 jTuronensis
1007 2933 1290 2990 sententia
1343 2933 1483 2988 Hist.
1529 2934 1731 2988 Franc.

1835 543 2014 612 sideo,
2047 545 2435 615 profuturum,
2475 545 2614 601 meis
2667 561 2822 614 vero,
2877 553 2940 602 ut
2973 547 3179 617 opinor
3234 549 3537 605 consulen-

1836 633 1922 688 dis
1945 633 2297 701 criminibus
2339 635 2858 704 pernecessarium;
2919 636 2965 692 si
2989 635 3242 706 [quidem
3274 636 3331 691 in
3364 637 3538 693 latere

1838 721 2064 790 montis,
2099 722 2193 778 cui
2230 722 2561 792 praeeminet
2612 723 2831 790 civitas,
2888 723 2947 779 in
2990 733 3290 794 prospectu
3325 725 3537 782 scilicet

1833 812 1978 883 ejus,
2010 818 2094 867 est
2125 811 2364 867 ecclesia
2396 810 2505 867 sita
2553 812 2744 867 Sancti
2799 812 3079 869 Vincentii
3113 814 3328 884 egregii
3373 828 3532 870 mar—

1835 900 1974 971 tyris
2006 899 2168 956 cultu
2214 906 2269 954 et
2329 899 2543 955 honore
2576 899 2939 956 venerabilis.
2995 915 3171 971 super
3226 916 3343 972 qua
3367 902 3534 974 gfama

1834 990 2125 1047 ferebatur
2155 988 2414 1058 antiquis
2434 989 2813 1059 '_temporibus
2840 989 3064 1062 insigne
3105 991 3280 1048 fuisse
3330 1006 3534 1047 mona-

1833 1079 1986 1136 sticae
2015 1077 2478 1146 conversationis,
2522 1093 2652 1149 quae
2701 1079 2933 1149 quidem
2962 1080 3248 1151 jmoderno
3281 1088 3534 1151 tempore

1834 1166 1989 1225 omni
2062 1165 2446 1222 destitutionis
2517 1168 2929 1224 succumbebat
3005 1170 3278 1238 penuriae,
3355 1169 3534 1225 donec

1836 1257 2212 1328 praedecessor
2256 1262 2448 1310 noster
2510 1255 2786 1312 Adelmus
2850 1257 3241 1328 undequaque
3289 1260 3534 1328 sumpti—

1838 1348 1964 1412 bus,
2014 1344 2314 1400 duodecim
2357 1344 2768 1400 canouicorum
2803 1344 2861 1400 in
2882 1360 2949 1400 ea
2978 1347 3277 1403 assiduum
3317 1347 3532 1403 consti—

1838 1433 1944 1489 tuit
1977 1432 2269 1488 servitutis
2321 1439 2691 1500 conventum,
2753 1433 2953 1488 ordine
3022 1434 3252 1489 vivendi
3301 1433 3534 1504 religio—

1835 1533 1979 1575 sum.
2042 1519 2162 1586 Quo
2228 1517 2308 1574 ita
2371 1518 2660 1586 defuncto,
2731 1521 3121 1576 crescentibus
3172 1521 3531 1577 diversarum

1833 1607 2083 1664 cladium
2117 1607 2300 1675 malis,
2362 1622 2504 1678 pene
2539 1608 2608 1663 ad
2640 1608 2947 1677 pristinum
2987 1609 3209 1679 relapsa
3245 1617 3328 1664 est
3367 1610 3535 1665 deso-

1837 1696 2061 1753 lationis
2125 1696 2564 1765 detrimentum;
2629 1696 2783 1767 quod
2842 1710 2946 1767 ego
3006 1711 3121 1752 non
3162 1697 3535 1768 'aequanimis

1839 1785 2043 1853 ferens,
2089 1785 2337 1840 maxime
2379 1783 2519 1854 quia
2564 1797 2679 1840 non
2737 1791 2961 1840 tantum
3013 1785 3191 1856 hujus
3240 1785 3388 1841 sedis
3425 1787 3537 1854 epi-

1837 1887 2160 1942 scoporum,
2202 1871 2300 1927 sed
2345 1871 2517 1926 etiam
2565 1871 2996 1940 canonicorum,
3037 1873 3399 1941 clericorum,
3435 1889 3538 1929 no-

1837 1960 2062 2027 bilium,
2119 1974 2223 2016 nec
2273 1975 2388 2016 non
2421 1960 2699 2015 laicorum
2731 1959 3053 2016 habebatur
3093 1961 3413 2030 sepultura,
3448 1977 3537 2016 ac-

1837 2048 1947 2104 cito
1969 2048 2217 2119 generali
2245 2055 2553 2114 conventu,
2593 2047 2772 2117 ipsius
2821 2049 3056 2104 consilio
3106 2049 3419 2104 deliberavi
3479 2049 3537 2104 in

1839 2136 2166 2207 antiquum,
2202 2143 2265 2191 ut
2312 2135 2462 2191 fama
2504 2144 2646 2203 erat,
2703 2137 3032 2193 monasticae
3088 2137 3538 2193 conversationis

1839 2232 2050 2282 statum
2096 2224 2426 2292 reformare,
2473 2231 2526 2280 et
2579 2232 2750 2294 prout
2813 2226 3090 2295 temporis
3146 2226 3398 2282 dictabat
3444 2241 3539 2296 op-

1841 2315 2181 2385 portunitas,
2237 2313 2826 2384 quantulumcunque
2878 2314 3296 2370 monachorum
3327 2313 3536 2371 ibidem

1840 2416 2149 2459 numerum
2190 2415 2526 2473 aggregare.
3371 2398 3378 2406 '

1917 2514 1937 2541 σ
1969 2490 2232 2546 Evocatis
2278 2490 2455 2561 igitur
2496 2504 2529 2545 a
2579 2491 2924 2548 monasterio
2983 2491 3170 2548 Sancti
3227 2491 3542 2560 Benedicti,

1840 2594 2018 2650 supra
2049 2579 2296 2650 Ligerim
2347 2579 2472 2646 sito,
2528 2578 2828 2634 duodecim
2883 2579 3202 2647 monachis,
3236 2579 3540 2635 venerabi-

1841 2672 1950 2728 lem
2002 2669 2082 2726 eis
2125 2668 2504 2725 Melcalanum
2537 2668 2758 2738 praefeci
2805 2669 3091 2724 abbatem.
3143 2669 3362 2734 Quibus
3392 2669 3540 2726 inter

1841 2767 2044 2815 caetera
2110 2757 2383 2813 beneficia
2421 2771 2454 2811 a
2513 2771 2602 2812 me
2653 2757 2761 2811 sibi
2806 2757 3028 2824 collata,
3081 2758 3345 2813 secundae
3395 2758 3541 2814 sedis

1843 2847 2178 2918 dignitatem
2234 2845 2612 2915 episcopatus,
2685 2845 2756 2901 ab
2805 2846 3259 2902 antecessoribus
3333 2846 3543 2902 nostris

1844 2935 2168 3006 antiquitus
2230 2933 2413 3004 ejdem
2487 2932 2751 2988 Ecclesiae
2816 2947 3143 2989 concessam
3213 2934 3541 3004 approbans

31 3023 132 3080 lib.
165 3022 266 3091 tv.)
295 3044 314 3073 ι
337 3023 520 3078 Tanta
557 3023 709 3079 mala
764 3031 820 3080 et
846 3023 1151 3079 effusiones
1181 3021 1501 3093 sanguinis,
1526 3021 1734 3077 Bruni-
1769 3059 1806 3113 Ο
1846 3023 2202 3082 confirmavi.
2229 3022 2595 3092 Sepulturam
2629 3036 2862 3091 quoque
2908 3021 3321 3092 episcoporum,
3363 3036 3541 3078 cano-

33 3111 244 3167 childis
273 3112 506 3168 consilio
547 3112 706 3168 factae
750 3119 886 3168 sunt
932 3113 988 3166 in
1024 3112 1283 3177 Francia,
1315 3117 1378 3166 ut
1436 3110 1733 3180 prophetia

34 3200 625 3272 Sybillaeimpleretur
668 3201 907 3256 dicens:
962 3200 1208 3256 Veniens
1235 3200 1431 3254 Bruna
1475 3198 1544 3254 de
1600 3213 1735 3268 par-

35 3291 196 3346 tibus
233 3290 704 3359 Hispaniae,jante
749 3289 920 3358 cujus
953 3295 1320 3358 conspectum
1370 3293 1563 3356 gentes
1603 3299 1736 3355 par-

36 3381 247 3446 ibunt;
272 3379 395 3434 haec
425 3392 560 3434 vero
603 3377 869 3448 equitum
899 3377 1157 3432 calcibus
1188 3375 1600 3444 disrumpetur.
1641 3396 1659 3421 ι

114 3469 244 3524 Post
298 3466 696 3522 fundationem
729 3505 743 3532 ,
828 3465 1362 3534 institutionemque
1429 3463 1738 3518 monacho-

37 3571 194 3623 rum,
240 3555 418 3611 variis
459 3561 542 3610 est
592 3553 931 3610 labefactata
968 3553 1231 3608 cladibus
1279 3551 1508 3607 abbatia
1547 3551 1737 3606 Sancti

39 3645 358 3714 Vincentii;
445 3657 623 3714 quam
713 3650 768 3698 et
841 3641 1083 3698 diversis
1156 3639 1346 3695 clerici
1449 3639 1738 3695 incoluere

41 3733 430 3803 temporibus;
509 3747 575 3788 ac
629 3732 858 3788 tandem
918 3745 1071 3786 anno
1127 3729 1330 3785 salutis
1386 3728 1508 3783 948.
1565 3727 1742 3798 [Bori-

41 3822 170 3878 cius
247 3822 367 3878 sive
442 3821 643 3877 Rorieo
725 3821 912 3876 Caroli
989 3819 1272 3889 Simplicis
1325 3818 1498 3884 filius,
1548 3817 1742 3887 praeci-

43 3926 175 3981 puae
211 3911 432 3980 pietatis
475 3917 529 3966 et
578 3909 848 3964 doctrinm
879 3908 1180 3978 episcopus
1211 3906 1608 3962 Laudunensis
1642 3920 1741 3960 or—

41 3999 277 4055 dinatus
310 4005 414 4065 est,
451 3997 551 4068 qui
601 4005 986 4053 antecessores
1036 4011 1170 4051 suos
1215 3995 1488 4050 Didonem
1531 3991 1742 4057 scilicet

43 4095 99 4142 et
178 4087 532 4142 Adelelotum
596 4085 871 4152 imitatus,
945 4085 1354 4141 canonicorum
1431 4079 1742 4136 ministerio

44 4176 337 4231 abbatiam
394 4175 584 4231 Sancti
645 4174 930 4232 Vincentii
981 4172 1381 4228 Laudunensis
1441 4171 1496 4224 in
1552 4167 1740 4238 pristi-

45 4277 189 4319 num
221 4263 580 4333 splendorem
611 4263 910 4319 restituere
934 4276 1050 4317 non
1085 4261 1335 4331 potuisse
1373 4257 1744 4315 considerans

1846 3117 2130 3180 uicorum,
2155 3118 2501 3177 casatorum,
2546 3111 2849 3166 custodum
2881 3112 3082 3166 matris
3125 3111 3412 3179 Ecclesiae,
3447 3125 3541 3167 ca-

1847 3204 2202 3274 pellanorum
2236 3207 2290 3256 et
2339 3199 2732 3266 servientium,
2788 3214 2854 3255 ac
2912 3200 3284 3256 familiarium
3315 3215 3538 3257 eorum.

1845 3291 2107 3348 Concessi
2153 3289 2323 3346 etiam
2372 3289 2728 3359 procinctum
2781 3289 2990 3345 montis
3034 3296 3089 3346 et
3136 3289 3302 3345 vallis
3357 3288 3544 3345 distri-

1844 3388 2022 3447 ctum,
2072 3393 2204 3448 quae
2261 3385 2324 3434 ut
2371 3379 2492 3433 sine
2540 3377 2738 3447 aliqua
2785 3377 3078 3433 calumnia
3119 3384 3348 3433 teneant
3396 3378 3546 3434 sicut

1845 3468 1990 3532 dedi,
2044 3467 2121 3522 ita
2153 3475 2207 3523 et
2253 3466 2488 3522 consilio
2519 3467 2590 3521 ’et
2637 3481 2877 3521 assensu
2924 3465 3178 3535 praedicti
3227 3473 3546 3521 conventus

1847 3555 2243 3612 determinavi.
2302 3553 2619 3609 Statuimus
2695 3554 2866 3609 etiam
2926 3553 3148 3609 mittere
3200 3554 3545 3608 venerandae

1847 3645 2082 3714 synodo,
2116 3657 2247 3712 qua
2279 3642 2476 3698 habita
2500 3649 2585 3698 est
2613 3641 2770 3712 apud
2800 3649 3049 3697 montem
3078 3642 3314 3709 ,Sanctae
3353 3642 3545 3698 Mariae

1850 3735 1907 3789 in
1939 3747 2084 3803 pago
2114 3730 2488 3792 Tardanensi,
2525 3745 2714 3786 mense
2742 3729 2908 3797 Maio,
2970 3729 3067 3784 ubi
3123 3730 3424 3786 recitatum
3463 3737 3547 3786 est

1849 3821 1973 3887 hoc,
2032 3819 2314 3875 residente
2382 3817 2614 3874 domino
2680 3817 3037 3872 Adelberone
3095 3817 3543 3888 archiepiscopo,

1848 3923 1980 3964 cum
2015 3906 2380 3977 coepiscopis,
2413 3914 2588 3976 atque
2617 3904 2877 3961 omnium
2937 3918 3176 3961 assensu
3216 3907 3288 3962 ab
3331 3905 3412 3962 eis
3453 3921 3544 3962 ro-

1851 3997 2137 4052 boratum.

1927 4107 1948 4134 «
1983 4085 2102 4155 Ego
2150 4084 2202 4140 S.
2259 4081 2551 4140 Remensis
2580 4081 2846 4138 Ecclesiae
2900 4081 3361 4154 archiepiscopus
3403 4083 3548 4139 sub-

1851 4173 2051 4242 scrips-
2069 4179 2122 4228 et
2151 4171 2546 4228 corroboravi.

1928 4283 1948 4310 ι
1983 4262 2190 4318 Actum
2246 4259 2511 4315 Lauduni
2542 4273 2696 4314 anno
2731 4258 3152 4316 Incarnationis
3190 4258 3412 4316 Domini
3443 4258 3550 4327 :no-

43 4365 234 4422 operae
264 4350 507 4422 pretium
552 4352 668 4408 fore
716 4350 958 4422 putavit,
1009 4351 1053 4406 si
1103 4350 1516 4406 monachorum
1551 4355 1740 4403 utere-
1774 4359 1816 4413 1)
1855 4349 1957 4406 stri
2002 4344 2134 4406 Jesu
2195 4349 2403 4406 Christi
2462 4349 2586 4415 961,
2636 4347 2829 4404 iudict.
2891 4363 2946 4403 IV
3001 4348 3232 4404 Kalend.
3295 4347 3551 4405 Octobris

46 4448 174 4507 tur;
248 4440 622 4510 quamobrem
696 4455 728 4495 e
799 4439 1145 4495 monasterio
1203 4438 1395 4494 Sancti
1455 4433 1742 4492 Benedicti

45 4543 228 4598 supra
259 4529 498 4600 Ligerim
527 4528 828 4584 duodecim
866 4526 1165 4583 accersivit
1211 4527 1542 4591 monachos,
1600 4537 1745 4593 quos

47 4619 110 4673 in
153 4618 348 4674 eodem
412 4616 742 4674 sanctuario
797 4616 1112 4679 substituit,
1163 4615 1361 4684 eisque
1405 4613 1745 4670 Mecalmum

45 4705 300 4777 praefecit
328 4706 614 4772 abbatem,
646 4703 952 4774 diplomate
997 4702 1067 4758 ad
1113 4703 1218 4757 hoc
1262 4701 1560 4770 confecto]
1616 4700 1747 4754 Haec

42 4795 226 4851 verba
255 4795 320 4850 D.
369 4793 656 4850 Emiliani.
711 4793 902 4862 Atque
935 4790 1121 4862 magis
1150 4797 1212 4846 ut
1245 4790 1455 4846 veritas
1498 4788 1746 4844 elusces-

43 4890 140 4940 cat
171 4883 311 4939 illud
335 4883 590 4952 diploma
613 4889 695 4938 est
721 4880 1132 4951 adjiciendum.

264 5021 416 5071 M9
467 5017 673 5072 Charta
710 5013 1079 5069 restitutionis
1127 5013 1533 5067 monachorum.

128 5173 149 5199 ι
212 5149 548 5207 Auxiliante
622 5161 886 5216 supernae
960 5144 1375 5216 propitiationis
1426 5145 1745 5211 clementia,

46 5254 158 5311 ego
188 5237 408 5304 Rorico,
435 5236 540 5294 etsi
582 5235 855 5307 indignus
885 5242 1094 5291 sanctae
1128 5233 1527 5289 Laudunensis
1558 5233 1749 5289 Eccle-

50 5330 152 5385 siae
182 5327 559 5396 praesulatum
612 5325 900 5394 indeptus,
963 5322 1330 5378 considerans
1372 5321 1589 5378 ultimae
1625 5337 1754 5378 evo-

48 5416 292 5475 cationis
319 5423 548 5482 sortem,
584 5421 649 5470 ut
698 5413 934 5480 caeteris,
970 5411 1109 5467 mihi
1153 5424 1386 5481 quoque
1413 5409 1747 5481 jimminere,

54 5511 420 5578 peccatorum
449 5518 682 5575 quoque
713 5516 967 5558 meorum
1007 5514 1184 5571 quam
1215 5513 1423 5571 magno
1449 5499 1752 5568 depressus

56 5591 425 5667 gravaminel,
497 5591 638 5662 caepi
717 5591 871 5662 apud
921 5604 1032 5645 me
1105 5588 1276 5646 tacita
1346 5588 1752 5645 deliberatione

1851 4438 2089 4509 septimo
2123 4437 2366 4494 Lotharii
2399 4437 2566 4508 regis.
2607 4457 2628 4485 ι

1926 4527 2008 4581 Ex
2043 4525 2244 4596 majori
2273 4525 2656 4587 Chartulario,
2689 4525 2783 4580 fol.
2826 4528 2872 4579 l.

1923 4614 2044 4681 Quo
2075 4628 2147 4669 ex
2177 4613 2485 4683 diplomate
2539 4613 2674 4669 bina
2719 4613 2982 4669 Ecclesiae
3027 4612 3552 4669 San-Vincentianae

1857 4701 2154 4774 privilegia
2200 4716 2316 4756 non
2348 4701 2615 4772 vulgaria
2667 4716 2898 4758 cernere
2936 4709 3056 4767 est;
3101 4701 3345 4757 alterum
3396 4703 3551 4772 quod

1853 4789 2270 4859 episcoporum,
2301 4789 2732 4856 canonicorum,
2795 4795 2925 4856 etc.,
3007 4789 3180 4844 fuerit
3241 4788 3554 4858 sepulturae

1857 4878 2049 4947 locus;
2082 4877 2326 4932 alterum
2369 4891 2502 4932 vero
2532 4877 2685 4947 quod
2709 4878 2963 4933 secunda
2989 4877 3062 4933 sit
3092 4877 3268 4944 sedes,
3306 4877 3411 4932 hoc
3445 4885 3549 4945 est,

1858 4966 2238 5038 praerogativa
2266 4965 2530 5032 donetur,
2577 4980 2696 5035 qua
2743 4965 2933 5022 Sancti
2977 4965 3263 5022 Vincentii
3319 4967 3555 5022 abbates

1857 5054 2116 5126 proxime
2161 5061 2283 5123 post
2325 5053 2657 5124 episcopum
2693 5054 2750 5109 in
2788 5055 3039 5110 Ecclesia
3094 5055 3457 5110 Laudunensi
3489 5071 3556 5111 ac

1855 5141 2086 5212 synodis
2116 5140 2420 5207 assideant,
2486 5141 2849 5210 debeantque
2891 5141 3008 5212 ipso
3038 5143 3269 5199 absente
3324 5158 3553 5199 sacrum

1857 5228 2184 5287 solemniter
2213 5243 2408 5300 agere;
2470 5229 2562 5285 SS.
2620 5229 2832 5286 Christi
2870 5244 3080 5300 corpus
3112 5230 3168 5286 in
3202 5231 3556 5300 processione

1859 5325 2094 5392 gestent,
2147 5326 2202 5375 et
2257 5319 2464 5388 populo
2522 5318 2637 5373 ritu
2689 5318 2929 5374 solemni
2972 5319 3326 5375 benedicaut.
3362 5325 3556 5385 Quare

1855 5406 2105 5478 episcopi
2157 5407 2414 5462 eamdem
2475 5406 2783 5461 Ecclesiam
2851 5421 2964 5462 non
3045 5406 3208 5462 modo
3269 5409 3554 5462 secundum

1857 5497 2052 5564 sedem,
2130 5509 2329 5551 verum
2405 5503 2460 5550 et
2529 5497 2768 5564 primum
2841 5495 3216 5550 Laudunensis
3304 5495 3561 5550 Ecclesiae

1857 5586 2050 5657 ﬁliam,
2078 5590 2503 5640 consueverunt
2557 5583 2824 5639 vocitare.
2860 5583 3108 5653 Hujusce
3141 5583 3220 5640 rei
3276 5584 3442 5640 tidem
3482 5583 3558 5639 fa-
