3944 6084
348 259 475 316 H71

1381 256 1470 312 AD
1509 254 1658 309 OPP.
1704 254 1858 309 VEN.
1900 255 2229 310 GUIBERTI
2270 252 2363 310 DE
2406 249 2798 308 NOVIGENTO

3726 243 3853 298 1172

345 391 507 448 ciunt
535 388 888 446 chartularia
915 387 1006 444 fol.
1047 391 1093 442 1.
1129 388 1182 456 4,
1238 389 1360 455 352,
1407 395 1538 452 etc.,
1568 401 1673 442 nec
1714 401 1829 442 non
1865 394 2033 442 vetu-
2063 389 2104 442 Α
2147 384 2430 456 regularis
2459 382 2774 454 disciplinae
2805 387 3082 439 rexerant
3124 379 3272 437 illud
3303 379 3678 445 aseeterium,
3724 385 3859 432 atte-

347 480 522 536 stiora
589 491 723 534 cum
803 476 1372 543 San—Vincentianae,
1456 483 1579 532 tum
1642 474 2042 531 Laudunensis

350 567 616 624 Ecclesiae
663 565 915 622 ritualia.
967 564 1127 632 Quod
1185 563 1550 636 privilegium
1601 564 1879 620 hactenus
1910 577 2044 634 per-

352 669 550 712 severa
557 662 592 710 ῒ.

422 745 522 799 Est
579 750 633 798 et
661 742 775 798 alia
808 741 1312 797 San-Vincentiani
1348 740 1590 808 abbatis,
1635 741 1792 796 haud
1823 738 2045 795 minimi

356 832 515 903 pensi
548 831 811 887 habenda
847 829 1246 901 praerogativa.
1277 830 1392 885 Sua
1418 829 1693 886 nimirum
1726 828 1785 884 in
1814 829 2050 885 ecclesia

355 922 684 991 episcopum
731 919 820 990 (ut
882 919 1001 989 ipse
1049 919 1411 989 episcopatus
1463 919 1870 988 possessionem
1921 918 2050 973 adi-

360 1009 631 1079 piscatur)
659 1007 890 1076 excipit,
924 1021 990 1062 ac
1029 1007 1390 1076 postmodum
1443 1007 1499 1062 in
1528 1007 1730 1062 urbem
1762 1007 2048 1074 conducit,

360 1097 639 1167 offertque
686 1095 1088 1152 Laudunensis
1144 1095 1408 1151 Ecclesiae
1437 1095 1708 1165 capitulo.
1752 1095 1841 1151 Sic
1869 1095 2053 1150 Char-

362 1187 573 1242 tularia
616 1186 1016 1253 Laudunense,
1083 1192 1136 1240 et
1197 1184 1795 1242 San-Vincentianum
1843 1183 2051 1254 majus,

363 1272 459 1328 fol.
490 1276 608 1327 122.

436 1361 854 1417 lnstitutionem
883 1359 1296 1415 monachorum
1326 1373 1359 1414 a
1390 1359 1664 1416 Boriconc
1730 1360 2053 1430 perfectam,

366 1449 565 1505 laudat
599 1450 898 1505 Lotharius
927 1463 1050 1517 rex,
1096 1449 1402 1518 diplomate
1455 1449 1786 1520 Compendii
1830 1458 1957 1506 acto
2001 1450 2059 1506 in

367 1535 525 1592 hunc
555 1537 805 1591 modum.

444 1647 466 1674 ι
499 1625 566 1680 ΙΙΙ
593 1625 825 1679 nomine
851 1630 1062 1678 sanctae
1079 1629 1132 1679 et
1160 1623 1470 1680 individute
1499 1624 1809 1681 Trinitatis.
1845 1625 2060 1681 Lotha—

370 1711 494 1768 rius
549 1711 743 1766 divina
795 1711 1140 1780 propitiante
1180 1711 1480 1767 clementia
1529 1713 1881 1769 Francorum
1935 1728 2057 1769 rex.
2090 1687 2131 1741 Β
2172 1713 2466 1771 Semiliaco
2531 1713 2604 1769 ad

370 1800 425 1855 Si
453 1800 707 1856 ﬁdelium
769 1808 1094 1856 nostrorum
1151 1799 1289 1854 ratis
1339 1801 1732 1870 petitionibus,
1770 1809 1877 1858 etc.
1911 1802 2061 1869 Qua-

371 1894 599 1957 propter
627 1887 849 1943 cunctis
883 1888 1140 1958 ejusdem
1171 1896 1381 1944 sanctae
1438 1889 1702 1945 Ecclesiae
1733 1890 1880 1959 ﬁliis,
1939 1891 2068 1946 ﬁde-

372 1975 638 2044 libusque
710 1974 937 2042 nostris,
993 1982 1107 2030 tam
1166 1976 1542 2044 przesentibus
1600 1991 1777 2047 quam
1833 1979 2064 2046 futuris,

370 2063 591 2135 liquido
644 2071 834 2132 patere
862 2063 1148 2134 volumus,
1179 2066 1453 2134 quoniam
1503 2068 1867 2123 venerandus
1917 2069 2066 2124 Lau-

373 2153 601 2209 dunicee
627 2153 785 2208 urbis
814 2151 1014 2208 Rorico
1041 2153 1342 2223 episcopus
1374 2161 1629 2210 nostram
1654 2157 2068 2225 {mansuetudi-

375 2256 505 2298 nem
578 2241 870 2297 humiliter
937 2241 1247 2312 postulavit
1333 2251 1622 2312 quatenus
1678 2245 2066 2313 pretiosissimi

378 2332 646 2401 martyris
709 2329 916 2385 Christi
997 2329 1282 2387 Vincentii
1355 2331 1603 2386 basilica:
1672 2333 1729 2388 in
1790 2335 2070 2390 suburbio

375 2421 540 2476 dictae
584 2419 830 2475 civitatis
877 2433 1056 2489 supra
1100 2426 1349 2475 montem
1390 2425 1766 2489 'constructze,
1813 2423 2070 2493 adeoque

377 2510 687 2574 honoratze,
719 2513 784 2562 ut
813 2508 1067 2563 secunda
1097 2508 1258 2564 sedes
1285 2522 1358 2563 ex
1387 2509 1629 2579 antiquo
1660 2511 1733 2566 sit
1762 2511 2066 2581 appellata,

375 2604 431 2652 et
468 2596 882 2666 episcoporum,
916 2596 1343 2652 canonicorum.
1378 2611 1444 2652 ac
1466 2598 1767 2666 nobilium,
1793 2599 2070 2656 laicorum

378 2685 552 2741 totius
599 2684 757 2740 urbis
797 2684 967 2740 fuerit
1011 2685 1344 2754 sepultura;
1397 2685 1470 2741 ob
1531 2688 1816 2757 quasdam
1875 2703 1964 2744 res
1996 2689 2070 2744 ibi

378 2772 602 2829 noviter
631 2773 884 2829 ﬁdelium
913 2773 1213 2844 largitione
1244 2783 1588 2845 aggregatas
1642 2784 1850 2832 nostrze
1901 2778 2073 2849 regite

383 2861 742 2917 auctoritatis
775 2869 1119 2932 praeceptum
1169 2876 1446 2918 renovare
1500 2863 1896 2933 dignaremur.
1929 2867 2073 2922 Nam

379 2949 562 3005 eidem
597 2949 735 3018 loco,
769 2957 993 3018 petente
1045 2950 1455 3019 przenominato
1508 2953 1771 3020 praesule,
1814 2956 2073 3025 przeeepti

381 3037 562 3102 nostri
599 3037 944 3107 jamdudum
1001 3037 1326 3093 cautionem
1378 3037 1898 3107 impertiveramus,
1942 3056 2074 3097 cum

381 3123 473 3180 ille
519 3124 594 3180 ibi
632 3125 691 3178 in
720 3139 905 3192 suam,
964 3139 1324 3195 suorumque
1378 3134 1435 3181 et
1484 3127 1646 3183 urbis
1675 3128 1911 3184 tutelam
1955 3146 2074 3186 mo-

384 3211 662 3267 nasticam
694 3212 1073 3270 constituebat
1123 3219 1274 3268 050
1304 3215 1582 3284 regulam.
1638 3216 1818 3288 Cujus
1851 3219 2076 3287 petitio-

382 3315 515 3356 nem
538 3301 813 3371 quoniam
831 3302 1092 3357 idoneam
1121 3310 1175 3358 et
1205 3303 1520 3372 proﬁcuam
1543 3319 1663 3362 esse
1697 3307 2078 3377 comperimus

383 3389 456 3446 ob
504 3403 756 3444 amorem
807 3390 926 3458 Dei,
960 3398 1015 3446 et
1067 3391 1568 3460 praecellentissimi
1633 3397 1901 3464 martyris
1953 3398 2078 3467 ejus

386 3476 693 3545 Vincentii,
721 3478 792 3534 ob
845 3479 1088 3535 salutem
1145 3487 1420 3548 nostram,
1479 3481 1762 3554 conjugis,
1793 3493 1848 3540 et
1883 3487 2074 3556 prolis,

385 3565 676 3636 totiusque
706 3573 912 3622 nostrze
943 3568 1316 3638 posteritatis;
1381 3571 1690 3627 statuimus
1720 3572 1825 3628 hoc
1873 3583 2079 3631 nostrae

385 3656 761 3724 auctoritatis,
820 3672 923 3713 seu
981 3657 1369 3714 renovationis
1421 3668 1704 3729 praecepto
1738 3661 1859 3731 jam
1916 3663 2079 3720 dictae

387 3744 653 3812 basilicze,
683 3753 748 3800 ut
782 3745 922 3800 inibi
963 3747 1314 3802 monasticus
1364 3747 1523 3814 ordo,
1586 3749 1700 3804 Deo
1739 3750 2077 3819 auxiliante,

390 3833 678 3902 perduret.
741 3832 1060 3889 Statuimus
1105 3835 1278 3890 etiam
1331 3841 1396 3891 ut
1448 3835 1628 3891 abbas
1682 3846 1736 3892 et
1791 3839 2078 3906 monachi,

387 3920 595 3976 ibidem
650 3921 895 3976 Domino
950 3921 1276 3990 militantes,
1344 3922 1735 3992 militaturive,
1797 3926 1987 3997 quiete
2027 3934 2082 3982 et

387 4007 562 4064 libere
596 4015 822 4063 teneant
868 4024 1234 4080 quaecunque
1285 4025 1356 4066 ex
1387 4011 1626 4083 antiquo
1657 4013 1729 4068 ad
1769 4013 1957 4083 ipsum
2000 4015 2080 4069 lo-

392 4110 522 4150 cum
562 4110 838 4164 possessa,
859 4103 964 4150 CIC.

470 4205 490 4231 ι
523 4183 731 4238 Actum
763 4183 1110 4254 Compendio
1145 4185 1356 4256 palatio
1385 4187 1555 4257 regis,
1587 4201 1740 4244 anno
1762 4189 2084 4258 {Dominiere

2149 489 2382 530 xamus.

2320 563 2595 617 Abbatum
2626 562 2683 617 S.
2721 561 2991 616 Vincentii
3015 558 3390 612 Laudunensis
3420 558 3702 612 elenchus.

2225 651 2596 708 Melchalmus
2631 663 2701 705 ex
2752 647 3030 703 monacho
3089 645 3435 702 Floriacensi
3467 646 3708 716 primus
3752 652 3861 713 post

2157 739 2576 796 institutionem
2604 737 3017 794 monachorum
3052 750 3147 790 an.
3193 737 3318 790 948.

2227 828 2298 883 II.
2338 826 2801 884 Bellandus.sive
2822 826 3148 881 Beilandus.
3185 825 3435 894 Hujusce
3461 822 3664 894 gratia
3717 822 3866 877 Adal-

2157 917 2290 973 bero
2329 917 2701 973 Laudunens.
2767 915 2938 985 episc.
2999 913 3306 970 Ecclesiam
3361 913 3861 982 Petrapontensem

2159 1005 2363 1062 Sancto
2397 1004 2691 1062 Vincentio
2729 1003 2972 1074 largitus
3016 1010 3099 1058 est
3155 1016 3274 1059 una
3348 1016 3479 1057 cum
3537 1000 3857 1057 redditibus

2159 1102 2335 1164 atque
2363 1093 2724 1165 appenditiis.
2757 1091 2909 1148 Obiit
2936 1093 3060 1148 989.

2236 1183 2334 1237 III.
2371 1183 2710 1252 Lampertus
2731 1181 2821 1238 vel
2845 1181 3199 1237 Lambertus.

2237 1271 2333 1326 IV.
2369 1270 2649 1340 Seigerus.

2238 1360 2305 1416 V.
2339 1358 2573 1414 Cadros.

2239 1449 2334 1502 VI.
2369 1447 2667 1517 Rogierus.

2239 1537 2363 1595 VII.
2425 1537 2813 1602 Hercanneus,
2859 1533 2979 1590 sive
3018 1534 3321 1599 Hervzeus;
3381 1533 3473 1588 cui
3510 1532 3802 1588 Henricus
3827 1533 3855 1588 l.

2174 1627 2524 1682 Francorum
2575 1637 2718 1690 rex,
2771 1637 2924 1679 anno
2975 1623 3128 1689 1031,
3179 1621 3420 1692 vectigal
3469 1622 3528 1676 in
3591 1620 3856 1676 suburbio

2714 1712 2933 1768 radices
3000 1711 3210 1767 montis
3284 1711 3548 1766 Laudun.
3642 1725 3852 1765 conces-

2173 1805 2265 1860 sit.

2244 1892 2400 1950 VIII.
2467 1889 2806 1962 Reginerius
2877 1889 3115 1946 Corbeia
3197 1887 3498 1944 oriundus.
3580 1889 3698 1943 Dat
3776 1885 3854 1954 ipsi

2176 1978 2499 2034 Elinandus
2549 1977 2783 2033 antistes
2839 1977 3103 2033 Laudun.
3164 1975 3344 2032 altare
3392 1975 3587 2032 Sancti
3648 1975 3853 2032 Gobini.

2176 2067 2330 2138 quod
2362 2074 2418 2123 et
2449 2065 2506 2120 in
2529 2066 2848 2136 prioratum
2877 2065 3082 2123 erexit.

2246 2156 2344 2210 IX.
2406 2154 2460 2210 S.
2493 2153 2800 2221 Gerardus,
2839 2153 3033 2208 itidem
3077 2152 3330 2210 Corbeia:
3377 2159 3570 2220 natus,
3629 2153 3693 2208 in
3725 2152 3858 2207 {ralis

2177 2243 2463 2314 Reginerii
2511 2242 2700 2299 locum
2744 2241 3020 2299 suffectus
3071 2249 3174 2309 est,
3231 2241 3322 2297 vir
3353 2241 3559 2311 pietate
3618 2255 3693 2296 ac
3723 2256 3858 2296 sanc-

2176 2333 2336 2389 titate
2363 2331 2623 2403 insignis,
2659 2330 2815 2387 velut
2864 2331 3007 2386 Acta
3045 2330 3229 2400 ipsius
3260 2337 3558 2396 testantur,
3611 2345 3752 2400 qua
3779 2345 3860 2383 Silii

2178 2421 2323 2491 ston
2344 2428 2681 2490 prosecutus
2709 2427 2793 2476 est
2826 2420 2992 2490 Hugo
3041 2418 3298 2474 Menard.
3351 2419 3730 2489 Martyrolog.
3793 2418 3859 2471 Ba

2179 2510 2308 2566 ned.
2365 2509 2664 2566 Observat.
2712 2508 2808 2564 lib.
2863 2523 2922 2574 ιι,
2963 2508 3032 2562 ad
3089 2507 3240 2564 diem
3294 2513 3324 2561 5
3376 2507 3643 2577 Aprilis:
3699 2515 3755 2562 et
3785 2521 3861 2560 nus

2181 2598 2423 2668 integra,
2503 2597 2730 2653 favente
2768 2597 3010 2662 Christo,
3067 2611 3201 2652 cum
3253 2595 3381 2651 aliis
3445 2595 3857 2666 evulgabimue.

2179 2687 2379 2743 Priora
2442 2685 2773 2743 monasterii
2829 2685 2997 2742 Silvae
3053 2685 3285 2756 Majoris
3339 2683 3730 2740 fundamenta
3755 2684 3862 2754 jeci:

2178 2790 2272 2831 an.
2313 2777 2469 2829 l079.

2252 2865 2324 2920 X.
2355 2863 2655 2934 Rogerius.

2104 2983 2142 3038 ρ
2252 2953 2354 3008 XI.
2386 2952 2670 3009 Adalbero
2723 2951 2958 3021 perinde
2989 2951 3191 3008 doctus
3228 2965 3296 3008 ac
3324 2951 3562 3022 probus,
3607 2957 3791 3022 atque
3827 2950 3864 3004 in

2186 3041 2506 3098 forensibus
2529 3041 2703 3096 rebus
2735 3039 2842 3096 fuit
2871 3054 2988 3095 non
3020 3039 3384 3096 mediocriter
3408 3047 3704 3094 versatus.
3751 3040 3866 3094 Ben;

2185 3129 2560 3184 monasticam
2628 3127 3058 3197 perillustravit,
3122 3127 3288 3182 auxit
3317 3125 3620 3181 facultates
3672 3140 3873 3181 monas

2186 3216 2333 3271 terii.
2379 3215 2549 3271 Anno
2603 3216 2764 3281 1088,
2835 3215 3150 3283 prioratum
3202 3213 3256 3269 S.
3309 3211 3549 3268 Joannis
3599 3213 3768 3282 Bapt.
3814 3213 3870 3265 de

2184 3304 2482 3370 Vendolio,
2504 3317 2682 3372 supra
2716 3304 2921 3358 l’aram
2953 3302 3024 3357 ad
3067 3303 3241 3357 Isarae
3287 3302 3493 3371 ripam,
3526 3301 3865 3357 Adalberoni

2185 3393 2384 3449 tribuit
2433 3392 2742 3448 Ilabbodus
2772 3391 3132 3446 Noviomens.
3162 3391 3334 3460 episc.
3371 3389 3636 3459 ,Ecclesia
3697 3391 3866 3446 Sancri

2185 3481 2410 3538 Goberti
2436 3481 2504 3536 de
2544 3481 2670 3536 Alto
2702 3487 2893 3535 monte
2938 3479 2995 3533 in
3049 3479 3384 3546 Arduenna,
3443 3479 3606 3549 prius
3629 3479 3870 3548 jeanoni-

2185 3571 2288 3639 cis,
2307 3569 2492 3625 eidem
2521 3568 2713 3624 abbati
2759 3567 2997 3636 suisque
3037 3567 3292 3622 mandris
3333 3568 3664 3638 subjicitur.
3721 3568 3879 3623 Char-

2189 3657 2467 3714 tularium
2489 3657 2704 3724 minus,
2736 3670 2868 3726 pag.
2905 3659 2986 3710 16.
3023 3663 3078 3711 et
3103 3671 3224 3726 seq.

2257 3747 2549 3814 Quantum
2600 3745 2710 3800 illis
2751 3745 3108 3815 temporibus
3134 3745 3332 3814 (verba
3389 3744 3658 3800 Emiliani
3717 3746 3786 3801 de
3835 3747 3884 3798 la

2190 3835 2387 3906 Bigne)
2410 3847 2727 3904 propensus
2758 3833 2830 3888 ad
2880 3833 3147 3903 pietatem
3179 3842 3302 3888 erat
3331 3833 3625 3889 nobilium
3662 3835 3890 3889 animus

2188 3939 2261 3981 ex
2321 3937 2435 3979 uno
2481 3921 2710 3978 Ansello
2757 3923 2878 3978 sive
2917 3922 3186 3978 Anselmo
3230 3920 3646 3977 Bibodimontis
3691 3925 3889 3979 comit-t-

2189 4011 2563 4084 dignoscitur,
2597 4010 2699 4081 qui
2728 4025 2840 4066 non
2881 4011 3064 4066 solum
3124 4010 3395 4080 inclytam
3445 4011 3776 4080 Aquicincti
3836 4012 3886 4065 in

2194 4116 2338 4172 pago
2385 4100 2781 4157 Cameracensi
2828 4100 3050 4156 dotasse
3105 4099 3416 4166 abbatiam,
3480 4115 3585 4156 nec
3629 4101 3887 4160 alteram.

2191 4203 2396 4259 nempe
2425 4189 2876 4256 SanctiNicolai,
2910 4188 2981 4244 ad
3024 4189 3245 4245 castelli
3293 4190 3381 4244 sui
3431 4190 3653 4245 radices
3701 4205 3737 4245 a
3765 4191 3887 4246 fun-

396 4271 813 4326 Incarnatiouis
881 4274 1002 4339 975,
1065 4286 1218 4327 anno
1272 4287 1411 4341 xxii,
1473 4283 1752 4346 regnante
1819 4277 2152 4337 LotharioD
2191 4277 2472 4335 damentis
2545 4277 2796 4333 erexisse
2863 4283 3184 4345 contentus,
3267 4277 3550 4346 pmnitens
3607 4279 3884 4336 malorum

391 4373 542 4430 rege,
578 4380 604 4407 »
633 4367 738 4415 etc.

465 4449 554 4503 Ex
592 4448 956 4506 Chartulario
977 4465 1207 4521 magno,
1238 4449 1331 4505 fol.
1358 4453 1411 4505 3.

461 4537 679 4592 Summi
735 4552 968 4608 quoque
1017 4538 1310 4608 pontiﬁces
1397 4538 1590 4594 multis
1639 4547 1762 4610 post
1802 4542 1971 4597 annis
2030 4543 2083 4598 id

392 4624 682 4681 ﬁrmatum
741 4626 974 4681 voluere
1015 4625 1334 4695 privilegii,
1399 4627 1669 4699 maxime;
1697 4629 1986 4685 Honorius
2017 4631 2083 4685 ll.

397 4736 418 4763 ι
450 4714 514 4770 In
544 4714 757 4784 quibus
786 4714 883 4784 (ait
917 4712 1030 4782 ipse
1061 4713 1290 4770 bullatis
1339 4714 1540 4770 litteris
1578 4730 1715 4771 ann.
1773 4719 1906 4772 1135
1938 4719 2086 4773 datis

391 4803 679 4871 Laterani)
724 4801 1001 4858 duximus
1054 4803 1387 4859 nominibus
1441 4804 1786 4873 adnotanda,
1813 4807 2083 4875 Isepultu-

390 4905 515 4946 ram
577 4891 990 4959 episcoporum,
1042 4891 1494 4958 ,canonieorum,
1579 4900 1923 4960 casatorum,
1974 4901 2080 4948 etc.

390 4978 677 5049 prohibita
736 4977 886 5033 infra
918 4991 1114 5033 muros
1143 4977 1390 5035 civitatis
1431 4979 1876 5050 (Laudunensis)
1927 4981 2082 5037 omni

386 5067 705 5138 sepultura,
755 5080 827 5122 ex
884 5080 1002 5136 quo
1055 5067 1194 5122 urbs
1238 5069 1360 5137 ipsa
1389 5081 1422 5122 a
1450 5067 1714 5138 {tempore
1745 5068 1806 5122 B.
1843 5069 2084 5140 Remigii

389 5155 688 5228 przesulari
705 5155 930 5223 meruit,
945 5155 1382 5211 etinthronisari
1407 5155 1680 5212 cathedra
1705 5156 2036 5226 pontiﬁcali,
2057 5181 2077 5208 ι

383 5253 489 5303 etc.
542 5244 632 5300 Sic
685 5243 972 5300 Honorius
1015 5244 1117 5298 PP.
1151 5252 1355 5314 agente
1385 5253 1508 5300 tum
1554 5245 1746 5301 Roma;
1786 5246 2082 5302 Bartholo-

385 5347 526 5387 [τιωο
558 5331 926 5387 Laudunensi
959 5331 1241 5400 episcopo.

454 5420 718 5489 Superest
740 5427 802 5476 ut
835 5419 1108 5476 abbatum
1155 5418 1380 5488 seriem,
1433 5433 1550 5476 non
1597 5421 1917 5490 primorum
1943 5419 2083 5492 jqui-

384 5509 532 5574 dem,
560 5507 655 5562 sed
686 5507 968 5564 duntaxat
1029 5521 1248 5575 eorum,
1283 5508 1382 5578 qui
1420 5515 1541 5578 post
1606 5508 2078 5565 instaurationem

2193 4379 2324 4436 qua)
2361 4363 2636 4420 fratribus
2683 4364 2874 4421 Sancti
2905 4365 3191 4421 Vineentii
3232 4366 3410 4421 Laud.
3445 4373 3499 4421 et
3547 4380 3756 4423 eorum
3793 4369 3887 4422 bo-

2193 4453 2448 4509 minibus
2475 4453 2860 4520 inﬁixerat,in
2888 4467 3088 4508 eorum
3115 4453 3388 4523 capitulo,
3437 4455 3691 4523 scapulis
3723 4458 3894 4511 nuda-

2193 4541 2264 4597 tis
2300 4541 2642 4611 comparuit,
2693 4547 2868 4611 atque
2916 4555 2950 4595 a
2979 4541 3275 4596 monachis
3323 4556 3381 4598 se
3429 4543 3712 4612 ﬂagellari
3741 4545 3889 4599 feeit:

2192 4643 2256 4684 ac
2286 4629 2343 4684 in
2368 4629 2607 4700 jactura
2649 4643 2828 4699 quam
2875 4629 3113 4685 ecclesia
3144 4644 3310 4699 passa
3358 4630 3562 4698 fuerat,
3617 4645 3891 4688 remune-

2192 4718 2491 4783 rationem,
2556 4717 2837 4790 religiosis
2893 4726 2948 4774 et
3010 4718 3342 4775 hominibus
3398 4719 3524 4789 ejus
3600 4734 3708 4789 per
3768 4735 3891 4776 suas

2193 4813 2392 4872 terras,
2445 4806 2747 4861 Maceriam
2780 4805 2992 4862 scilicet
3025 4814 3081 4862 et
3113 4806 3596 4871 Ribodimontem,
3644 4807 3888 4864 liberum

2190 4893 2556 4966 Viomagium
2584 4901 2668 4950 est
2691 4895 2992 4964 elargitus,
3034 4903 3137 4951 etc.
3184 4896 3270 4951 Ita
3315 4896 3372 4950 in
3421 4895 3619 4951 eodem
3653 4897 3890 4953 Charta-

2191 4980 2354 5038 lario.

2259 5070 2442 5136 Quam
2518 5069 2882 5134 donationem
2957 5071 3282 5128 Elinandus
3345 5072 3648 5142 episcopus
3730 5075 3894 5130 morti

2190 5157 2417 5213 vicinus
2453 5159 2865 5228 comprobavit.
2922 5159 3165 5215 Demum
3226 5159 3512 5216 Adalbero
3555 5161 3758 5217 carnis
3783 5177 3892 5218 sar-

2189 5245 2380 5302 cinam
2421 5247 2605 5313 exuit,
2663 5255 2845 5318 atque
2894 5247 2952 5303 in
3007 5248 3216 5304 sacello
3256 5249 3318 5304 B.
3381 5248 3574 5304 Mariae
3642 5249 3890 5322 Magdal.

2189 5334 2344 5405 quod
2428 5335 2544 5404 ipse
2595 5343 3020 5404 construxerat,
3072 5337 3340 5393 conditus
3395 5345 3498 5393 est.
3567 5337 3632 5392 In
3669 5340 3891 5396 tumul:

2189 5422 2312 5479 haec
2341 5423 2518 5480 verba
2545 5438 2558 5478 :

2806 5511 3078 5566 Adalbero
3102 5511 3271 5566 abbas
