3944 6084
170 237 308 292 1173

160 461 371 530 impar,
418 460 797 516 observantiw
846 461 1129 532 regularis
1175 462 1571 518 tenacissimus
1617 462 1854 518 exstitit.

160 549 236 617 Is,
273 549 494 618 opinor,
543 564 613 604 ex
649 549 838 620 priore
887 550 1076 605 Sancti
1125 550 1359 617 Nicolai,
1413 550 1525 621 (cui
1559 551 1854 620 epistolam

160 637 231 692 de
266 638 526 693 Buccella
563 639 722 694 Iudae
764 638 916 706 data,
968 639 1258 708 inscripsit
1302 638 1613 695 Guibertus
1645 639 1856 710 noster)

159 726 342 782 abbas
394 726 611 782 exstitit
682 726 870 782 Sancti
927 727 1229 783 Vincentii.
1289 728 1714 784 Przemonstrati
1773 729 1857 784 lo-

158 828 316 879 cum,
403 823 643 885 rogante
722 815 1036 871 venerabili
1120 815 1534 872 Bartholomteo
1612 817 1856 887 episcop.

156 904 438 958 concessit
490 905 548 958 B.
603 903 900 959 Norberto.
937 903 1160 959 Litterae
1216 903 1273 959 in
1308 905 1456 959 hanc
1508 918 1626 961 rem
1657 920 1728 960 ex
1765 906 1858 960 bi-

159 990 447 1047 bliotheca
472 991 1022 1048 Praemonstratensi.

237 1109 259 1136 ι
293 1089 355 1142 In
388 1088 618 1143 nomine
643 1096 855 1144 sanctas
888 1096 943 1144 et
973 1088 1286 1145 individuae
1317 1089 1627 1157 Trinitatis,
1659 1098 1765 1146 etc.

239 1197 260 1223 ι
299 1177 419 1246 Ego
446 1177 899 1234 Bartholomaeus
928 1178 1028 1234 Dei
1065 1178 1250 1248 gratia
1282 1179 1680 1234 Laudunensis
1712 1193 1854 1248 pra;-

158 1264 273 1321 sul.
306 1266 449 1321 Cum
501 1264 738 1321 ecclesia
778 1267 970 1322 Sancti
1001 1267 1293 1323 Vincentii
1347 1269 1534 1322 locum
1568 1267 1667 1336 qui
1700 1267 1859 1323 Prae-

159 1360 515 1410 monstratus
539 1353 767 1422 dicitur,
799 1356 899 1425 qui
926 1355 996 1410 ad
1023 1355 1311 1425 propriam
1339 1356 1858 1427 mensamepiscopi

160 1439 500 1507 pertinebat,
555 1453 628 1493 ex
685 1438 834 1494 dono
864 1438 1314 1508 Sprardecessoris
1367 1439 1547 1494 nostri
1589 1439 1856 1495 Elinandi

155 1527 406 1597 episcopi
458 1527 704 1591 haberet,
737 1527 884 1583 sicut
926 1527 984 1582 in
1031 1527 1329 1598 privilegio
1375 1527 1632 1598 ejusdem
1673 1528 1856 1583 eccle—

155 1615 256 1672 siae
278 1616 618 1686 continetur,
650 1617 912 1671 monacht
937 1616 1124 1672 locum
1155 1615 1318 1672 illum
1344 1616 1444 1672 diu
1468 1616 1852 1684 incoluerunt,

155 1711 211 1760 et
246 1718 344 1774 per
377 1704 586 1760 multos
619 1704 858 1772 labores,
891 1705 1117 1761 nullum
1149 1709 1291 1758 05]
1330 1705 1420 1760 vel
1453 1719 1697 1775 parvum
1731 1703 1852 1760 fru‘

155 1799 318 1848 ctum
359 1794 888 1864 consequebantur;
939 1794 1094 1864 quod
1142 1793 1272 1864 ego}
1295 1794 1614 1862 attendens,
1658 1794 1855 1863 rogavi

158 1882 581 1939 Adalberonem
642 1882 945 1951 abbatem,
1009 1885 1065 1939 et
1124 1883 1470 1948 monachos,
1537 1891 1600 1939 ut
1667 1883 1856 1937 locum

159 1970 322 2027 illum
351 1971 745 2040 supradictum
778 1971 918 2026 mihi
943 1971 1116 2027 libere
1145 1971 1540 2039 concederent,
1567 1978 1856 2040 quatenus

155 2061 477 2116 secundum
528 2061 886 2116 voluntatem
937 2074 1122 2116 meam
1162 2060 1232 2115 de
1270 2074 1336 2115 eo
1379 2059 1678 2129 disponere
1728 2074 1854 2128 pos-

156 2163 297 2204 sem.
350 2149 542 2204 Abbas
572 2156 764 2204 autem
816 2156 870 2204 et
927 2148 1211 2216 monachi,
1269 2147 1524 2216 petitioni
1585 2161 1724 2204 mete
1773 2161 1859 2202 as-

154 2238 496 2306 sentientes,
544 2236 827 2308 quidquid
861 2237 919 2292 in
966 2251 1031 2292 eo
1080 2236 1198 2292 loco
1250 2235 1556 2304 habebant,
1608 2234 1746 2290 mihi
1789 2234 1854 2290 li-

158 2326 292 2381 bere
320 2334 376 2381 et
420 2326 542 2381 sine
581 2324 1027 2381 contradictione
1074 2331 1496 2380 concesserunt.
1547 2324 1666 2395 Ego
1699 2338 1850 2390 vero,

157 2429 276 2470 non
345 2414 610 2485 ingratus
679 2429 879 2470 eorum
939 2413 1221 2469 voluntati
1295 2413 1545 2468 concessi
1602 2413 1854 2469 ecclesiae

159 2503 352 2558 Sancti
406 2503 691 2560 Vincentii
741 2504 920 2559 altare
969 2503 1037 2558 de
1099 2502 1336 2557 Bariaco
1369 2502 1425 2556 in
1474 2509 1850 2572 perpetuum,

158 2591 472 2662 salvojure
517 2593 738 2662 synodi,
791 2591 1140 2646 habendum.
1192 2591 1326 2647 Dedi
1356 2591 1436 2646 eis
1465 2591 1635 2645 etiam
1680 2590 1853 2645 dimi-

158 2679 318 2736 dium
355 2680 603 2735 modium
641 2680 914 2735 frumenti
954 2679 1026 2733 ad
1055 2678 1467 2745 molendinum,
1497 2679 1651 2748 quod
1700 2679 1851 2748 apud

160 2768 359 2823 villain
393 2770 567 2823 situm
598 2777 699 2836 est,
735 2784 864 2838 quae
913 2767 1321 2824 Broincurtum
1370 2767 1595 2822 dicitur.
1643 2767 1855 2823 Videns

160 2864 350 2912 autem
404 2858 738 2926 praedictum
788 2857 996 2920 locum,
1049 2856 1150 2926 qui
1199 2856 1677 2912 Przemonstratus
1706 2855 1853 2910 dici-

158 2952 275 3009 tur,
328 2945 605 3015 religiosis
635 2946 776 3000 viris
821 2945 1213 3009 utilissimum,
1257 2943 1416 2999 fratri
1467 2936 1763 3008 Norberto,
1800 2950 1851 2998 et
1883 2975 1924 3028 Ο

157 3033 405 3089 subditis
445 3040 499 3088 et
542 3035 800 3104 posteris,
837 3033 1010 3088 libere
1053 3040 1109 3088 et
1141 3032 1262 3088 sine
1307 3032 1752 3088 contradictione
1795 3032 1850 3086 in

162 3128 501 3191 perpetuum
531 3121 781 3177 concessi
813 3121 1164 3176 habendum.
1203 3121 1403 3176 Frater
1433 3134 1567 3176 vero
1606 3120 1853 3176 Norber-

159 3217 275 3276 tus,
304 3209 451 3264 sicut
481 3209 561 3264 rei
583 3209 782 3266 alienae
808 3209 1044 3264 minime
1067 3210 1332 3279 cupidus,
1364 3209 1630 3279 primitus
1667 3208 1854 3264 noluit

161 3298 432 3367 recipere,
489 3297 665 3353 donec
713 3299 987 3354 Seirridus
1030 3299 1208 3354 abbas
1245 3299 1438 3354 Sancti
1486 3298 1769 3355 Vincentii
1801 3305 1855 3355 et

161 3384 426 3440 monachi
459 3383 604 3454 ejus,
651 3385 867 3440 donum
900 3385 1042 3441 illud
1090 3385 1470 3441 ﬁrmaverunt
1505 3385 1566 3440 in
1605 3385 1854 3456 capitulo

160 3473 452 3528 communi
483 3487 739 3528 assensu.
768 3471 904 3539 Quae
943 3487 1076 3528 vero
1120 3472 1425 3540 concessio,
1467 3473 1662 3543 aliquo
1690 3473 1855 3528 modo

161 3562 428 3631 deinceps
476 3576 547 3617 ne
604 3561 897 3616 immutari
959 3561 1152 3630 possit,
1218 3561 1590 3631 impressione
1646 3568 1855 3618 nostras

164 3650 449 3720 imaginis,
492 3657 545 3704 et
577 3649 763 3719 sigillo
815 3648 1032 3705 Sancta
1065 3649 1258 3706 Maria
1293 3649 1698 3704 Laudunensis
1742 3651 1855 3704 Ec-

161 3738 361 3805 clesiae,
419 3737 859 3808 sigillorumque
910 3736 1135 3792 Seifridi
1199 3737 1424 3792 abbatis
1471 3737 1660 3794 Sancti
1709 3738 1854 3795 Vin-

163 3827 354 3890 centii,
386 3827 727 3881 conﬁrmare
751 3826 1106 3880 curavimus.

239 3938 259 3964 ι
322 3914 560 3985 Signum
627 3914 1029 3969 Bartholomaei
1096 3912 1494 3969 Laudunensis
1555 3915 1728 3984 episc.
1798 3914 1852 3970 S.

165 4003 386 4059 Seifridi
418 4002 641 4058 abbatis
671 4002 1216 4072 SanctijVincentii.
1250 4003 1300 4058 8.
1345 4001 1592 4058 Simonis
1635 4003 1857 4060 abbatis

165 4090 349 4146 Sancti
381 4090 594 4146 Nicolai
623 4091 690 4146 de
719 4090 891 4156 Silva,
925 4097 1031 4145 etc.

239 4202 259 4227 α
297 4179 503 4234 Actum
554 4178 840 4247 Lauduni,
885 4178 941 4232 in
971 4177 1221 4248 capitulo
1252 4177 1472 4234 Sanctae
1499 4178 1692 4234 Maria
1715 4179 1858 4235 Lau-

165 4266 440 4322 dunensis
503 4267 804 4333 Ecclesiae,
854 4280 1006 4322 anno
1067 4266 1372 4322 Dominicae
1436 4266 1925 4327 IncarnationisD

169 4355 460 4410 millesimo
490 4355 795 4410 centesimo
829 4355 1104 4427 vigesimo
1133 4355 1334 4425 primo.
1369 4377 1390 4403 ι

236 4451 443 4522 Sponte
493 4453 661 4508 etiam
730 4453 1006 4509 Seifridus
1054 4453 1301 4508 mediam
1348 4459 1568 4522 partem
1615 4453 1742 4521 loci,
1796 4454 1854 4509 in

167 4556 281 4609 quo
345 4541 580 4596 ecclesia
632 4540 823 4596 Sancti
872 4540 1123 4603 Martini.
1184 4541 1369 4611 prima
1434 4542 1858 4600 Prwmonstrati

169 4629 301 4697 filia,
335 4629 442 4685 sita
471 4637 577 4696 est,
622 4629 777 4700 quod
819 4629 941 4700 juri
973 4629 1162 4685 Sancti
1194 4629 1481 4686 Vincentii
1513 4630 1855 4701 subjaceret,

168 4716 392 4773 obtulit.

239 4805 477 4861 Litteras
534 4805 1320 4875 misit".SeiIrido{Honorius
1386 4821 1534 4876 papa
1575 4807 1646 4875 II,
1697 4807 1861 4878 queis

169 4895 439 4950 universa
486 4893 996 4951 San-Vincentiwni
1043 4894 1284 4950 coenobii
1341 4895 1490 4950 bona
1535 4894 1858 4952 confirmat.

169 4982 512 5053 Defungitur
560 4981 786 5037 circiter
832 4995 928 5037 an.
985 4985 1140 5049 1131,
1192 4983 1452 5052 sepultus
1498 4983 1557 5038 in
1607 4983 1859 5041 inferiori

171 5078 328 5141 parte
359 5069 538 5125 chori.

239 5157 394 5213 XIII.
442 5157 748 5212 Anselmus
793 5171 866 5213 ex
912 5158 1256 5214 monasterio
1287 5157 1340 5214 8.
1390 5158 1642 5215 Medardi
1690 5159 1860 5217 Sues-

169 5245 445 5302 sionensis
510 5246 569 5300 in
639 5245 904 5301 abbatem
970 5261 1003 5301 a
1060 5246 1358 5304 monachis
1418 5254 1502 5303 est
1567 5255 1865 5316 cooptatus

171 5333 333 5390 1131.
385 5334 680 5406 Religiose,
732 5333 892 5390 docte
935 5347 1002 5390 ac
1029 5335 1343 5404 prudenter
1394 5335 1544 5391 rexit
1575 5344 1864 5393 monaste—

174 5424 322 5480 rium
347 5437 530 5479 annos
563 5422 692 5494 plus
722 5422 915 5478 minus
943 5424 1362 5492 septemdecim.
1397 5425 1662 5493 Militum,
1694 5426 1866 5496 equi-

177 5520 432 5580 tumque,
486 5511 540 5566 vi
600 5525 667 5566 ac
715 5510 1010 5580 tyrannica
1058 5512 1272 5581 praedia
1319 5511 1728 5580 auferentium,
1772 5528 1866 5571 re-

1433 241 1651 298 DOMNI
1695 243 1748 296 L.
1794 241 2134 298 D’ACHERY
2175 244 2398 300 NOTAE.

236 370 345 426 XII
392 370 636 427 Sifridus
678 371 1023 428 Adalberoni
1057 372 1328 444 religione
1358 380 1413 429 et
1450 373 1708 429 doctrina
1740 388 1854 430 non
1882 380 1924 433 Α
1963 376 2164 445 pressit
2236 376 2578 447 audaciam;

3533 248 3671 302 1174

2662 385 2837 448 atque
2899 378 3078 433 fretus
3127 378 3443 436 Innocentii
3500 395 3660 451 papae

1967 465 2018 520 II
2081 466 2435 532 auctoritate,
2493 467 2593 536 qui
2658 467 2923 522 Lauduni
2956 474 3097 522 tunc
3162 468 3379 536 aderat,
3429 470 3663 526 reddere

1967 555 2150 625 coegit
2213 555 2424 610 omnia.
2489 558 2653 612 Anno
2723 558 2874 621 1133,
2947 555 3184 611 ecclesia
3251 557 3661 614 canonicorum

1967 643 2139 698 castri
2186 644 2254 699 de
2303 643 2616 700 Lescheriis
2647 644 2705 698 in
2755 658 2894 715 agro
2923 643 3219 710 Guisiauo,
3255 644 3505 715 itemque
3551 647 3664 702 alia

1968 731 2029 786 in
2080 739 2266 788 castro
2332 733 2767 801 Montis-Acuti,
2819 733 2994 803 juxta
3054 733 3325 790 Laetiense
3389 735 3660 791 sacellum

1967 820 2172 877 collata
2203 821 2360 878 fuere
2391 823 2443 878 S.
2477 822 2796 879 Vincentio.

2038 912 2279 966 Romam
2325 911 2630 981 protectus,
2664 925 2698 965 a
2729 910 3017 966 canonicis
3048 911 3525 980 Tornacensibus,
3560 913 3661 984 qui

1967 998 2074 1054 hoc
2124 1000 2240 1068 ipso
2281 1006 2532 1070 tempore
2565 999 2623 1055 in
2674 1000 2824 1057 Urbe
2871 1000 3119 1071 agebant
3147 1000 3214 1056 de
3247 1007 3472 1070 pastore
3515 1002 3662 1058 sub-

1969 1088 2242 1158 rogando,
2311 1089 2609 1158 episcopus
2670 1088 2922 1158 eligitur,
2992 1096 3050 1144 at
3110 1090 3226 1159 ipse
3281 1089 3574 1146 reluctans
3628 1104 3661 1146 a

1967 1189 2191 1230 summo
2226 1176 2491 1245 pontiﬁce
2529 1189 2786 1232 annuere
2837 1177 2944 1232 sub
2995 1177 3378 1234 anathematis
3427 1179 3660 1234 vinculo

1967 1263 2298 1333 compulsus
2344 1271 2442 1321 est.
2482 1263 2665 1330 Quam
2713 1264 2985 1333 praeclare
3032 1280 3091 1320 se
3134 1266 3370 1335 gesserit
3417 1267 3474 1322 in
3510 1266 3661 1322 hisce

1970 1357 2090 1406 tum
2153 1351 2397 1420 abbatis,
2457 1359 2577 1408 tum
2663 1353 2908 1421 episcopi
2988 1354 3329 1409 muneribus
3399 1354 3663 1424 indig‘tat

1971 1438 2354 1503 iIermannus,
2410 1436 2506 1492 lib.
2559 1451 2640 1503 ttt,
2689 1451 2814 1507 cap.
2860 1439 2928 1491 20
2965 1445 3019 1492 et
3070 1441 3159 1504 21,
3221 1439 3278 1493 in
3310 1439 3656 1509 Appendice.

1968 1526 2109 1584 Vide
2140 1525 2381 1581 Galliam
2413 1525 2619 1583 Christ.
2654 1525 2712 1581 in
2741 1525 3020 1596 episcopis
3049 1527 3288 1582 Tornac.

2037 1615 2187 1672 XIV.
2250 1615 2570 1671 Balduinus
2622 1615 2876 1686 regimen
2933 1615 3049 1685 egit
3097 1615 3452 1673 solummodo
3493 1617 3662 1673 annis

1965 1705 2244 1775 quinque.
2283 1704 2360 1760 De
2393 1719 2509 1774 quo
2549 1704 2758 1760 citatus
2791 1704 3157 1760 Hermannus
3188 1719 3253 1760 eo
3284 1705 3410 1761 loci.

2032 1794 2156 1850 XV.
2213 1791 2568 1848 Guillelmus.
2629 1792 2775 1846 Huic
2822 1792 2997 1848 donat
3051 1793 3316 1850 Galterus
3362 1794 3662 1865 episcopus

1965 1881 2231 1937 Laudun.
2275 1880 2571 1936 ecclesiam
2601 1879 2653 1936 S.
2701 1880 2918 1936 Iuliani
2964 1880 3023 1936 in
3065 1881 3250 1952 burgo
3283 1883 3463 1938 Laud.
3503 1887 3657 1952 1153,

1964 1983 2070 2025 nec
2101 1983 2217 2023 non
2254 1967 2552 2023 ecclesiam
2599 1967 2773 2023 castri
2819 1967 2889 2023 de
2937 1967 3242 2023 Nonavilla
3274 1968 3431 2038 (quae
3469 1976 3554 2024 est
3603 1969 3658 2024 in

1967 2057 2282 2127 prioratum
2307 2057 2514 2126 erecta)
2548 2057 2620 2112 ab
2672 2055 2935 2111 Helluino
2989 2056 3158 2126 Tyrio
3190 2064 3483 2128 erogatam
3524 2072 3657 2112 con-

1965 2146 2154 2201 tirmat
2183 2146 2417 2215 ipsemet
2445 2143 2766 2215 episcopus.

2035 2235 2186 2292 XVI.
2217 2234 2498 2290 Galterus.

2035 2323 2214 2380 XVII.
2272 2323 2440 2393 [Iugo
2497 2320 2757 2378 basilicae;
2798 2320 2852 2376 S.
2907 2320 3213 2388 Vincentii,
3268 2335 3400 2392 qua)
3449 2321 3658 2378 etiam-

1963 2426 2106 2468 num
2157 2417 2362 2478 exstat,
2407 2410 2545 2481 jecit
2592 2409 2996 2476 fundamenta,
3046 2424 3293 2480 eamque
3335 2411 3656 2480 complevit.

1962 2499 2361 2558 Controversia
2407 2499 2706 2570 Hugonem
2743 2498 2888 2554 inter
2935 2506 3110 2568 atque
3156 2499 3429 2555 Joannem
3481 2499 3656 2555 Novi-

1964 2588 2119 2661 genti
2185 2589 2481 2656 abbatem,
2553 2602 2704 2643 anno
2770 2591 2937 2655 tt77,
2997 2587 3214 2642 arbitro
3274 2587 3656 2644 Codiciacensi

1963 2677 2282 2745 Itodulpho,
2334 2675 2516 2731 diluta
2571 2683 2673 2731 est.
2739 2675 2968 2731 Sacram
3029 2676 3318 2731 exstruxit
3373 2677 3548 2732 zedem
3597 2677 3652 2732 8.

1962 2765 2282 2822 Genebaldo
2340 2764 2747 2834 protoantistiti
2802 2763 3170 2818 Laudunensi
3214 2763 3509 2818 duodecim
3555 2777 3655 2818 ca-

1963 2854 2325 2921 nonicorum,
2381 2867 2557 2924 quam
2588 2860 2644 2908 et
2691 2852 2921 2922 praediis
2971 2851 3467 2908 San-Vincentiani
3506 2866 3656 2906 asce-

1963 2943 2089 3000 terii
2119 2943 2347 2998 ditavit.
2388 2943 2434 2997 E
2457 2942 2574 2998 vita
2599 2941 2856 2996 discessit
2887 2941 3057 3003 1200;
3091 2940 3422 3010 sepulcrum
3447 2940 3572 3011 ejus
3597 2940 3654 2995 in

1964 3031 2146 3087 medio
2175 3030 2333 3086 chori
2369 3030 2474 3085 hoc
2504 3029 2822 3084 adornatur
2847 3027 3154 3096 epitaphio.

1962 3122 2116 3185 Hugo
2149 3119 2273 3172 boni
2299 3120 2505 3184 forma,
2537 3119 2766 3171 claustri
2795 3119 2966 3183 rigor,
2993 3120 3134 3170 actio
3165 3121 3347 3184 cauta,

1962 3193 2130 3256 Regia
2170 3191 2349 3256 frons,
2402 3190 2660 3242 doctrinae
2687 3191 2811 3253 fons
2843 3188 3043 3250 clarus,
3095 3189 3298 3255 largus,
3344 3187 3649 3256 abundans,

1961 3261 2236 3314 Abbatum
2258 3263 2354 3328 ﬂos
2383 3275 2496 3312 ecce
2517 3259 2690 3326 jacet;
2724 3260 2820 3327 qui
2847 3262 3042 3323 regnat
3068 3259 3266 3325 ubique

1962 3333 2102 3385 Huic
2132 3331 2221 3383 det
2251 3346 2352 3398 pro
2382 3332 2590 3383 meritis
2617 3334 2827 3382 aeterna:
2856 3329 3062 3395 gaudia
3094 3331 3218 3382 citas
3248 3345 3260 3382 :

1965 3402 2124 3467 Quem
2157 3406 2278 3469 post
2308 3400 2549 3465 Augusti
2575 3400 2810 3452 medium
2841 3400 2937 3452 lux
2973 3401 3132 3452 tertia
3163 3400 3380 3454 clausit.

2034 3489 2236 3546 XVIII.
2292 3487 2696 3558 Ingelrannus,
2762 3488 2915 3553 1208,
2973 3500 3203 3542 sacrum
3261 3487 3314 3542 S.
3369 3487 3652 3543 Vincentii

1965 3585 2129 3633 mart.
2176 3591 2238 3632 os
2270 3575 2522 3646 gutturis
2569 3575 2640 3630 ab
2683 3574 2942 3644 episcopo
2973 3574 3429 3640 Carcassonensi,
3464 3589 3530 3631 ac
3563 3575 3654 3631 Si-

1965 3680 2130 3721 mone
2160 3666 2229 3720 de
2261 3663 2581 3720 Monteforti
2614 3664 2679 3719 A.
2713 3663 2783 3725 D.
2827 3664 2960 3716 t2t5
3003 3662 3238 3718 solemni
3271 3663 3386 3718 ritu
3417 3664 3649 3734 accepit.

1964 3755 2177 3811 Eodem
2219 3766 2393 3824 prope
2426 3759 2678 3822 tempore
2729 3751 2906 3807 abbas
2934 3758 2989 3806 et
3032 3753 3296 3807 monachi
3337 3751 3657 3808 Castrensis

1966 3841 2229 3898 Ecclesiae
2285 3842 2465 3912 (nunc
2506 3840 2884 3911 episcopatus)
2937 3840 3008 3895 ad
3058 3840 3468 3911 Ingelrannum
3517 3856 3655 3911 par-

1965 3937 2074 3985 tem
2121 3929 2342 3987 brachii
2370 3929 2627 4000 ejusdem
2658 3928 2929 3998 martyris
2959 3927 3343 3985 transmisere.
3379 3930 3467 3996 Et,
3505 3944 3656 3985 anno

1969 4020 2124 4088 1234,
2183 4019 2453 4075 sacellum
2514 4019 2575 4074 B.
2628 4017 2822 4074 Mariae
2878 4017 3172 4075 Laetiensis
3227 4033 3260 4073 a
3307 4018 3552 4074 dominis
3590 4019 3658 4074 de

1968 4108 2112 4178 Apia
2156 4108 2280 4178 (qui
2331 4108 2386 4162 in
2427 4105 2956 4164 San-Vincentiano
3007 4107 3213 4177 templo
3243 4114 3381 4163 sunt
3423 4107 3655 4178 sepulti)

1967 4197 2193 4253 initium
2225 4196 2536 4267 sumpsisse
2565 4195 2776 4252 ferunt.

2035 4285 2190 4342 XIX.
2226 4285 2546 4340 Balduinus
2574 4285 2645 4340 ΙΙ.

2033 4375 2158 4430 XX.
2184 4375 2447 4429 Joannes.

2034 4463 2190 4518 XXI.
2217 4461 2538 4518 Balduinus
2568 4461 2660 4516 III.

2035 4551 2221 4607 XXII.
2249 4550 2516 4606 Thomas.

2037 4639 2247 4695 XXIII.
2283 4639 2608 4695 Gosbertus.
2645 4640 2794 4695 Dum
2833 4638 3000 4710 jussu
3031 4637 3286 4710 Gregorii
3319 4651 3478 4708 papae
3504 4638 3557 4694 X
3588 4637 3660 4693 ad

1966 4729 2168 4785 concil.
2225 4727 2606 4797 Lugdunense
2656 4727 3130 4798 proficisceretur,
3176 4734 3358 4783 morte
3400 4733 3483 4782 est
3526 4741 3663 4797 prae-

1967 4822 2296 4884 occupatus,
2330 4814 2557 4872 circiter
2586 4829 2738 4871 anno
2774 4819 2930 4885 I273,
2956 4815 3048 4871 vel
3085 4816 3240 4870 1274.

2038 4903 2246 4960 XXIV.
2279 4903 2465 4959 Guido
2495 4903 2564 4959 de
2611 4903 2882 4959 Boveriis.
2920 4903 3133 4959 Eodem
3165 4904 3372 4960 abbate
3414 4902 3663 4973 jurisdi-

1969 4990 2172 5047 ctionis
2199 4991 2441 5047 abbatiae
2471 4991 2678 5047 limites
2706 4991 2968 5048 recensiti
2999 4999 3136 5048 sunt
3174 4995 3325 5048 1280.

2039 5080 2219 5136 XXV.
2251 5081 2500 5136 Joannes
2530 5080 2597 5146 ΙΙ,
2635 5093 2788 5134 anno
2822 5079 2972 5134 1300.
3041 5145 3048 5152 ε

2041 5167 2250 5222 XXVI.
2295 5168 2541 5222 Joannes
2587 5167 2688 5228 IlI,
2738 5165 3077 5236 cognomine
3125 5167 3194 5223 de
3239 5168 3450 5222 Sancto
3496 5165 3668 5232 Quin-

1972 5252 2113 5308 tino.
2140 5253 2293 5309 Obiit
2328 5253 2482 5308 1345.

2043 5341 2278 5398 XXVII.
2331 5341 2532 5396 Petrus
2575 5341 2643 5397 de
2677 5340 2826 5397 Suisi
2876 5341 2995 5397 sive
3024 5341 3093 5397 de
3135 5341 3356 5399 Namur
3386 5343 3446 5399 Iit
3493 5343 3672 5399 abbas

1972 5431 2191 5484 Joanne
2222 5429 2291 5484 de
2321 5429 2374 5485 S.
2407 5428 2682 5496 Quintino
2707 5428 2960 5498 vivente,
2999 5433 3156 5486 1333.

2044 5522 2195 5571 659
2250 5515 2500 5574 XXVIII.
2559 5517 2764 5575 Petrus
2829 5517 2900 5585 ΙΙ,
2962 5517 3033 5574 de
3091 5517 3344 5586 Villiers,
3387 5519 3673 5576 Memora-
