3944 6084
257 148 392 199 H75

1294 150 1385 204 AD
1424 150 1573 207 OPP.
1619 151 1771 208 VEN.
1812 154 2147 212 GUIBER'I‘I
2188 156 2275 212 DE
2317 155 2705 212 NOVIGENTO

3618 155 3784 212 1176

255 284 350 336 tur
408 281 467 337 in
534 290 696 353 pacto
758 298 891 341 cum
955 285 1160 342 comite
1222 284 1292 343 de
1342 288 1543 359 Roucy
1582 287 1720 344 inito
1788 291 1942 358 1349,
1979 294 2021 347 Α
2128 292 2264 349 XLI.
2316 292 2662 350 Philibertus
2691 291 2760 350 de
2794 291 3198 361 Brichanteau,
3246 293 3487 364 adeptus
3534 307 3779 365 posses-

251 368 405 424 cirra
466 371 756 441 quoddam
802 372 901 444 jus
947 372 1001 429 S.
1071 374 1356 431 Vincentii
1386 374 1445 432 in
1507 377 1831 435 molendino
1878 379 1948 435 de
2055 383 2270 438 sionem
2304 384 2459 448 1612,
2495 396 2561 438 ac
2608 382 2969 453 postmodum
3000 381 3337 452 episc0patu
3386 380 3786 439 Laudunensi

253 458 612 527 Petraponte.

2058 470 2323 527 donatus.
2355 471 2433 526 De
2476 485 2595 541 quo
2627 469 2907 527 Robertus
2937 468 2995 524 in
3023 468 3300 539 episcopis
3341 469 3566 527 Laudu.
3607 491 3629 518 ι
3672 468 3786 524 Vir

325 546 510 601 XXIX.
569 548 816 604 Joannes
866 550 961 620 IV,
1014 551 1083 608 de
1132 552 1424 622 Nouelles,
1447 553 1517 610 de
1548 554 1743 612 Guisia
1775 555 1949 627 vulgo
2059 559 2256 615 multze
2286 559 2508 629 pietatis
2537 566 2591 614 et
2621 558 2941 628 prudentia:
2976 573 2988 614 :

254 644 650 707 nuncupatus,
704 639 860 693 I370.
913 641 1159 713 Egregie
1201 641 1402 699 litteris
1430 643 1714 700 excultus.
1767 644 1949 701 Colle-

256 724 503 781 ctarium
532 725 781 784 historiae
815 729 1179 800 universalis,
1206 730 1368 787 libris
1395 740 1541 802 octo,
1572 732 1674 804 qui
1701 741 1954 804 quatuor

258 813 655 871 voluminibus
710 817 1311 888 comprehenduntur,
1364 820 1696 877 distinctum
1754 822 1953 878 elucu-

260 903 469 959 bravit.
530 903 819 961 Ditissima
870 906 997 974 fuit,
1056 908 1272 963 Joanne
1329 908 1556 977 abbate,
1616 911 1957 967 bibliotheca

261 986 812 1057 San-Vincentiana;
864 991 1131 1048 undecim
1180 992 1455 1049 nimirum
1486 994 1666 1051 millia
1703 995 1957 1053 volumi-

262 1089 402 1131 num
468 1077 816 1135 continebat.
887 1078 1151 1137 Consedit
1202 1079 1262 1137 in
1327 1083 1565 1139 concilio
1626 1084 1957 1156 Compendii

264 1163 457 1221 habito
489 1164 609 1234 (cui
657 1166 997 1236 przesidebat
1030 1168 1231 1225 Petrus
1262 1169 1569 1226 Lessiensis
1594 1170 1797 1241 abbas)
1825 1186 1959 1227 cum

264 1253 394 1308 aliis
459 1253 929 1312 archimandritis
1008 1257 1609 1329 archiepiscopatuum
1672 1260 1962 1317 Remensis

266 1355 334 1397 ac
379 1340 737 1399 Senonensis.
787 1344 869 1399 Eo
910 1345 967 1400 in
1015 1345 1254 1402 concilio
1302 1346 1458 1403 lectae
1498 1347 1698 1404 littera:
1745 1347 1962 1405 Urbani

268 1433 346 1490 IV
375 1439 430 1488 et
474 1432 734 1504 Gregorii
771 1435 813 1488 Χ
842 1435 915 1490 ad
956 1436 1249 1506 episcopos
1296 1438 1631 1494 earumdem
1674 1447 1964 1510 metropo-

270 1519 398 1575 leon
430 1519 672 1589 scriptae,
702 1519 918 1589 quibus
945 1521 1181 1578 abbates
1210 1522 1283 1579 ab
1311 1522 1710 1595 episcoporum
1736 1526 1967 1597 synodis

2168 686 2196 714 ‹‹
2227 665 2330 732 Qui
2358 681 2526 720 mores
2555 666 2825 720 hominum
2847 665 3137 719 multorum
3162 664 3302 719 vidit
3326 669 3378 719 et
3404 665 3586 721 urbes.
3624 684 3657 716 ιι

2133 771 2371 827 Omnem
2427 770 2665 827 navavit
2705 756 2935 840 operam
2974 770 3034 825 in
3092 770 3457 827 resarcienda
3500 756 3783 843 regulari

2063 858 2396 930 disciplina;
2472 859 2682 916 idcirco
2757 858 3348 915 San-Vincentianum
3430 859 3782 917 coenobium

2064 948 2493 1020 congregationi
2519 948 2573 1004 8.
2608 947 2791 1004 Mauri
2823 948 3162 1020 aggregavit
3199 950 3352 1003 1643.

2188 1103 2193 1108 Α
2278 1064 2676 1122 Nonnullarum
2696 1064 2885 1119 Sancti
2910 1065 3141 1118 Joannis
3168 1063 3543 1119 Laudunensis

2485 1152 2889 1206 abbatissan
2914 1153 3340 1207 nomenclaturu.

2142 1266 2332 1324 Prima
2387 1266 2677 1323 abbatissa
2730 1274 2786 1323 et
2838 1266 3137 1322 fundatrix
3189 1265 3298 1321 fuit
3346 1265 3396 1322 S.
3454 1265 3790 1336 Salaberga

2071 1356 2241 1428 cujus
2281 1356 2470 1413 Vitam
2501 1370 2658 1412 nunc
2689 1354 2940 1426 primum
2989 1355 3391 1424 eventilamus,
3425 1354 3691 1426 reperies
3730 1355 3789 1410 in

2073 1444 2489 1501 Additamentis
2519 1443 2688 1500 intra.

2144 1533 2449 1589 Conditum
2504 1547 2640 1590 vero
2691 1533 2800 1589 fuit
2848 1532 3000 1590 istud
3049 1532 3460 1589 monasterium
3512 1532 3787 1604 Deipara:

270 1606 629 1664 eximuntur.
674 1607 825 1665 Obiit
852 1610 1101 1667 Joannes
1147 1613 1282 1667 1396
1312 1613 1480 1684 cujus
1511 1613 1773 1683 sepulcro
1800 1614 1963 1671 disci-
1993 1597 2031 1651 Β
2072 1618 2291 1691 Virgini
2330 1634 2579 1689 sacrum,
2615 1628 2738 1691 post
2770 1620 2959 1677 Sancti
2987 1622 3223 1678 Joannis
3268 1621 3499 1677 nomine
3526 1597 3784 1693 insigni-

271 1695 390 1766 puli
422 1710 668 1767 sequens
698 1697 1495 1771 epitaphium_apposuerunt.

272 1798 347 1850 De
372 1795 570 1849 Guisia
596 1800 760 1851 natus
784 1795 933 1866 jacet
961 1798 1044 1852 hic
1074 1799 1172 1853 sub
1202 1803 1355 1853 caute
1381 1802 1609 1855 Joannes

342 1867 848 1937 Historiographus,
877 1873 1099 1937 arteque
1122 1870 1419 1937 juridicus.

270 1935 552 2007 Abbatum
579 1935 791 2005 primus
820 1935 1136 2007 mitra—fuit
1159 1942 1245 1994 hic
1270 1941 1572 1996 decoratus.

342 2006 633 2062 Inhumata
664 2014 846 2063 manet
862 2006 1037 2078 fama,
1062 2013 1367 2079 mirumque
1389 2018 1543 2066 canet

270 2079 421 2134 Mens
441 2080 561 2150 pia,
598 2094 742 2134 mens
773 2081 1013 2149 humilis,
1046 2084 1243 2149 patriae
1273 2084 1389 2150 tum,
1424 2083 1643 2138 Martha
1671 2083 1870 2140 labore.

342 2149 584 2204 Irradiet
605 2153 793 2216 functo
821 2153 939 2206 vita
970 2152 1127 2207 beata
1158 2154 1325 2217 Deus,

272 2220 432 2293 Anno
460 2221 694 2283 milleno,
728 2227 920 2293 quater
949 2227 999 2276 et
1026 2228 1236 2277 centum
1268 2225 1371 2291 bis,
1400 2223 1506 2278 duo
1534 2223 1704 2293 demo,

275 2292 472 2347 Octavo
500 2293 695 2346 mensis
715 2292 845 2347 Idus
870 2293 1092 2348 decessit
1119 2295 1354 2363 Aprilis.

346 2388 489 2442 XXX.
511 2388 758 2445 Joannes
788 2389 837 2446 V
865 2389 934 2446 de
962 2389 1134 2460 Sylva
1156 2393 1310 2446 1396.
1345 2391 1497 2449 Obiit
1528 2394 1682 2448 1419.

346 2477 522 2532 XXXI.
555 2476 751 2534 Simon
781 2492 816 2533 a
841 2478 1027 2534 Porta.

348 2566 549 2621 XXXII.
581 2566 828 2622 Thomas
856 2566 1070 2624 Vastel.

349 2653 579 2708 XXXIII.
611 2654 859 2710 Joannes
880 2653 974 2722 VI,
1007 2653 1288 2710 Corbeau.

350 2740 578 2797 XXXIV.
649 2740 838 2797 Helias
917 2741 1159 2798 d’Arson
1244 2744 1669 2813 protonotarius
1732 2747 1969 2817 apostol.

282 2827 509 2885 abbatis
537 2829 1008 2886 commendatarii
1041 2832 1206 2887 titulo
1233 2833 1424 2889 sedem
1458 2831 1698 2890 invadit.
1734 2830 1975 2888 Moritur

287 2919 441 2972 1502.

352 3007 548 3064 XXXV.
602 3008 1062 3078 Franciscuside
1118 3010 1537 3076 Frechencour,
1571 3024 1643 3065 ex
1700 3009 1981 3065 monacho

286 3095 347 3150 tit
377 3095 572 3152 abbas.
603 3096 668 3151 In
702 3096 1036 3167 Necrologio
1064 3097 1240 3153 nobili
1274 3097 1394 3153 loco
1412 3097 1696 3153 oriundus
1721 3103 1975 3153 notatur.

289 3182 443 3238 Diem
470 3182 674 3239 clausit
704 3186 857 3253 1506,
887 3185 946 3240 in
977 3185 1148 3241 choro
1172 3185 1447 3254 sepultus.

356 3271 598 3328 XXXVI.
630 3271 869 3329 Carolus
914 3272 1112 3342 Morel,
1163 3282 1331 3330 antea
1362 3274 1518 3344 prior
1556 3273 1610 3329 S.
1651 3273 1884 3329 Joannis
1912 3274 1981 3330 de

288 3358 562 3415 Vendolio
600 3362 754 3415 1510.

357 3448 613 3506 XXXVII.
683 3450 931 3507 Joannes
996 3449 1113 3513 VII,
1182 3449 1575 3520 Charpentier,
1642 3464 1716 3507 ex
1783 3450 1982 3507 ordine

291 3536 600 3593 monastico
647 3537 827 3594 abbas
880 3538 1140 3595 ultimus.
1197 3539 1394 3595 Totam
1443 3539 1787 3596 instauravit
1834 3539 1983 3596 San-

290 3624 728 3682 Vincentianam
789 3625 1103 3694 ecclesiam,
1162 3627 1463 3697 multaque
1519 3627 1793 3684 beneﬁcia
1842 3641 1983 3682 con-

291 3713 439 3768 tulit.
474 3713 656 3770 Medio
687 3714 745 3770 in
783 3715 958 3771 choro
981 3714 1151 3786 jacet,
1186 3715 1293 3771 hoc
1321 3715 1567 3771 donatus
1595 3715 1871 3772 encomio.

360 3809 466 3863 llic
488 3809 637 3877 jacet
677 3809 904 3864 domnus
933 3809 1176 3864 Joannes
1208 3810 1573 3879 Charpentier
1617 3812 1910 3876 Remensis,

361 3879 491 3933 dum
517 3881 718 3935 viveret
748 3881 912 3949 hujus
942 3880 1199 3936 Ecclesiae
1236 3883 1606 3948 pientissimus
1637 3884 1862 3936 antistes
1895 3898 1908 3936 :

363 3952 459 4017 qui
508 3950 752 4016 feliciter
805 3951 940 4006 obiit
985 3956 1136 4006 sexto
1188 3951 1320 4006 Idus
1382 3953 1647 4022 Septemb.
1720 3958 1914 4007 nostrae

361 4022 559 4145 salutis
619 4022 900 4078 millesimo
970 4024 1398 4091 quingentesimo
1475 4025 1751 4091 trigesimo
1804 4039 1912 4091 _oc-

387 4106 507 4145 avo.

387 4106 507 4145 αυο.

627 4181 671 4235 Α
684 4180 819 4236 BBA
832 4181 966 4237 TES
1003 4181 1409 4238 COMMENDA
1421 4179 1511 4235 ΤΑ
1523 4182 1637 4235 RII.

364 4276 647 4333 XXXVIII.
699 4278 936 4336 Carolus
990 4278 1310 4335 Borbonius
1368 4277 1677 4334 cardinalis
1730 4278 1799 4335 de
1837 4278 1985 4336 Viu-

293 4366 515 4421 docino.

363 4455 579 4510 XXXIX.
643 4454 942 4525 Crispinus
992 4455 1062 4511 de
1126 4454 1507 4510 Brichanteau
1565 4468 1638 4510 ex
1705 4455 1984 4513 monacho

295 4541 349 4597 8.
403 4542 656 4612 Dionysii
710 4543 766 4598 in
799 4543 1042 4600 Francia
1088 4543 1268 4599 abbas
1315 4543 1370 4598 S.
1424 4543 1732 4614 Vincentii,
1776 4550 1831 4601 et
1860 4545 1984 4615 epi—

293 4644 502 4700 scopus
517 4631 970 4688 Silvanectensis.
988 4631 1227 4687 Moritur
1260 4632 1415 4686 1590.

316 4738 319 4741 ·
362 4719 482 4776 XL.
545 4719 882 4777 Godcfridus
928 4720 996 4775 de
1029 4718 1177 4786 Billi,
1245 4720 1497 4790 primum
1560 4722 1877 4778 monachus
1925 4722 1977 4778 S.

293 4808 566 4879 Dionysii,
611 4808 816 4865 deinde
863 4809 916 4865 S.
963 4807 1265 4876 Vincentii,
1318 4809 1609 4866 abbatiam
1658 4817 1833 4881 atque
1874 4811 1986 4880 epi-

289 4904 586 4968 scopatum
620 4897 1056 4954 Laudunensem
1095 4897 1344 4955 obtinuit
1398 4899 1662 4955 Diversas
1688 4899 1984 4955 monachis

291 4983 486 5041 intulit
539 4983 909 5040 calamitates.
960 4984 1233 5053 Priorem,
1295 4985 1612 5042 Antonium
1655 4984 1833 5041 Danis
1879 4999 1982 5041 no-

291 5073 465 5141 mine,
519 5072 589 5129 de
631 5071 1004 5129 zediﬂciorum
1058 5072 1379 5129 imminenti
1432 5073 1605 5129 ruina
1632 5087 1985 5144 conqueren-

292 5169 400 5218 tem
437 5160 774 5233 exagitavit,
824 5160 1046 5232 expulit
1073 5175 1104 5217 e
1136 5161 1480 5218 monasterio
1513 5175 1526 5217 :
1561 5175 1736 5232 quem
1781 5161 1983 5217 nihilo.

290 5250 484 5305 minus
511 5250 693 5308 abbas
724 5250 817 5307 ille
862 5251 1087 5307 decreto
1117 5250 1291 5307 curiae
1324 5249 1658 5306 Parisiensis
1689 5263 1976 5317 revocare,

288 5351 639 5408 organorum
672 5352 1204 5410 campanarumque
1235 5338 1521 5409 applausu
1541 5338 1805 5408 excipere
1835 5352 1983 5395 com-

291 5426 495 5497 pulsus
523 5434 626 5482 est.

2071 1715 2215 1777 tum,
2253 1723 2405 1764 anno
2434 1724 2563 1765 certe
2595 1709 2933 1767 Christianae
2966 1711 3098 1781 plus
3129 1710 3322 1765 minus
3359 1712 3513 1765 16w.

2143 1798 2197 1853 S.
2257 1798 2564 1855 Anstrudis
2605 1798 2667 1853 B.
2720 1798 3042 1870 Salabergze
3095 1797 3231 1866 tilia,
3290 1799 3363 1854 ab
3397 1798 3787 1855 incunabulis

2072 1889 2189 1944 Deo
2220 1902 2254 1943 a
2284 1888 2644 1944 sanctissima
2675 1887 2947 1960 genitrice
2986 1895 3338 1957 consecrata,
3388 1888 3481 1943 vix
3512 1887 3782 1944 duoden-

2074 1977 2164 2033 nis
2193 1991 2325 2033 cum
2374 1977 2593 2034 videret
2624 1991 2682 2033 se
2711 1977 2783 2034 ab
2830 1976 3217 2033 illustrissimo
3263 1975 3514 2033 simulet
3542 1976 3787 2047 opulen-

2078 2065 2294 2123 tissimo
2336 2066 2553 2138 juvene
2608 2066 2680 2122 ad
2710 2064 2943 2136 nuptias
2986 2064 3199 2137 expeti,
3257 2064 3530 2137 conjugio
3578 2065 3706 2121 imo
3736 2074 3786 2121 et

2074 2154 2283 2211 saeculo
2312 2154 2671 2224 renuntiaus,
2707 2154 3067 2225 patriamque
3101 2154 3386 2221 deserens,
3421 2154 3785 2211 Laudunum

2078 2243 2253 2310 venit,
2285 2250 2339 2299 et
2382 2256 2594 2314 magno
2623 2242 2760 2299 cleri
2797 2257 2863 2299 ac
2890 2241 3086 2313 populi
3116 2256 3405 2299 concursu
3432 2251 3707 2312 excepta,
3735 2252 3789 2299 et

2077 2331 2150 2389 ad
2197 2332 2607 2388 monasterium
2650 2331 2893 2388 deducta
2926 2331 3310 2387 monasticum
3358 2330 3630 2387 habitum
3680 2333 3787 2388 sub

2079 2420 2342 2493 religiosa
2406 2427 2619 2477 sanctae
2680 2420 2880 2476 matris
2944 2419 3247 2490 disciplina
3307 2422 3576 2491 suscepit.
3649 2421 3789 2477 Octo

2082 2518 2204 2581 post
2230 2510 2417 2573 annis,
2468 2510 2741 2565 defuncta
2773 2516 2973 2577 matre,
3018 2508 3077 2564 in
3108 2507 3456 2564 abbatissam
3486 2508 3678 2564 electa
3710 2517 3789 2565 est

2081 2613 2233 2655 anno
2276 2599 2459 2655 aetatis
2518 2612 2638 2654 sure
2698 2596 2999 2670 vigesimo,
3050 2604 3106 2654 et
3139 2605 3433 2676 annuente
3479 2597 3791 2655 Clodovaeo

2081 2688 2332 2745 secundo
2376 2688 2729 2744 Francorum
2796 2700 2950 2757 rege,
3019 2686 3474 2742 acclamantibus
3527 2687 3789 2758 regionis

2086 2776 2413 2847 proceribus
2461 2775 2768 2845 universis,
2822 2789 2856 2831 a
2899 2775 3205 2846 Peregrino
3252 2770 3627 2830 Laudunensi
3663 2776 3790 2846 epi-

2005 2899 2046 2954 C
2082 2880 2254 2936 scopo
2319 2872 2442 2935 post
2502 2864 2848 2935 impertitam
2925 2863 3370 2920 benedictionem
3434 2863 3787 2920 instituitur.

2084 2953 2236 3010 Obiit
2291 2967 2445 3010 anno
2474 2952 2684 3010 Christi
2740 2953 2964 3010 circiter
2994 2954 3119 3020 707,
3168 2967 3287 3007 xvu
3333 2952 3636 3021 Octobris;
3676 2953 3793 3008 vir-

2088 3041 2306 3098 tutibus
2351 3048 2406 3097 et
2449 3040 2742 3097 miraculis
2775 3040 2833 3096 in
2886 3040 3005 3097 vita
3032 3047 3087 3097 et
3136 3046 3258 3111 post
3306 3048 3544 3096 mortem
3577 3040 3791 3097 claris-

2087 3130 2252 3186 sima.
2280 3130 2369 3185 Ex
2392 3129 2512 3185 vita
2536 3130 2793 3201 ejusdem
2824 3144 2931 3185 ms.

2158 3217 2475 3275 Adalsinda
2526 3217 2798 3275 successit
2854 3218 3033 3274 beatae
3083 3216 3399 3289 Anstrudi;
3447 3218 3516 3274 de
3568 3232 3698 3290 qua
3733 3220 3787 3275 Iit

2089 3308 2303 3365 mentio
2331 3308 2389 3362 in
2418 3307 2618 3363 eadem
2650 3308 2704 3364 8.
2736 3305 3043 3363 Anstrudis
3069 3307 3217 3363 Vita.

2159 3396 2352 3453 Adelis
2384 3411 2396 3450 ε
2427 3397 2597 3466 cujus
2641 3396 2830 3453 obitus
2878 3401 3112 3452 notatur
3144 3395 3202 3451 in
3233 3394 3564 3467 Necrologio
3610 3396 3788 3454 veteri

2089 3501 2196 3542 ms.
2227 3485 2418 3542 Sancti
2449 3485 2736 3543 Vincentii
2766 3485 2838 3541 ad
2866 3499 2922 3540 γι
2955 3483 3191 3541 Kalend.
3219 3484 3483 3556 Augusti.

2161 3575 2355 3631 Adelis
2388 3574 2642 3630 secunda
2693 3573 3027 3630 nominatur
3071 3573 3131 3629 in
3161 3573 3547 3630 vetustissimo
3596 3573 3788 3630 codice

2091 3662 2293 3719 litteris
2358 3661 2610 3718 Gothicis
2668 3667 2925 3730 exarato,
2995 3661 3097 3733 qui
3155 3661 3498 3719 Psalterium
3564 3661 3786 3718 Sanctze

2093 3751 2415 3823 Salabergze
2455 3757 2870 3821 nuncupatur,
2920 3749 2979 3805 in
3007 3764 3124 3821 quo
3148 3793 3161 3818 ,
3223 3750 3533 3807 recentiore
3596 3758 3787 3807 tamen

2091 3841 2456 3908 charactere,
2546 3839 2871 3909 catalogum
2952 3846 3421 3896 ornamentorum
3494 3838 3784 3906 ecclesiae,

2090 3941 2279 3983 coram
2331 3926 2601 3997 praedicta
2657 3924 2964 3992 abbatissa,
3018 3931 3143 3995 post
3183 3923 3404 3981 obitum
3453 3924 3790 3997 Walburgis

2092 4013 2468 4070 thesaurarize
2502 4012 2934 4078 recensitorum,
2965 4025 3198 4068 cernere
3225 4021 3326 4068 est.

2162 4102 2346 4173 Ogina
2396 4101 2596 4172 regina
2644 4114 2789 4157 uxor
2838 4099 3025 4156 Caroli
3073 4100 3171 4165 III,
3219 4106 3597 4172 cognomento
3634 4098 3785 4156 Sim-

2014 4198 2056 4252 D
2094 4190 2269 4261 plicis.
2304 4190 2374 4246 Et
2407 4189 2527 4245 ιιεθο
2556 4195 2678 4245 erat
2726 4188 3005 4258 sacrilega
3035 4187 3230 4243 saeculi
3264 4187 3441 4259 hujus
3478 4195 3787 4245 consuetu-

2093 4280 2184 4348 do,
2219 4293 2350 4350 quze
2380 4278 2451 4334 ab
2491 4291 2645 4333 anno
2677 4278 2780 4332 845
2832 4277 2890 4332 in
2921 4275 3163 4332 Galliam
3196 4276 3505 4346 irrepserat
3536 4290 3548 4329 :
3584 4290 3786 4347 nempe

2092 4382 2254 4437 reges
2304 4374 2474 4438 prout
2537 4365 2858 4433 collibebat,
2919 4364 3068 4421 aulas
3129 4363 3357 4420 asseclis
3408 4364 3518 4419 imo
3563 4372 3619 4420 et
3664 4365 3787 4421 suis

2091 4454 2376 4511 uxoribus
2417 4453 2780 4524 szepeszepius
2822 4452 3190 4508 conferebant
3247 4451 3612 4507 abbatiarum
3658 4466 3786 4522 pos-

2093 4544 2389 4601 sessiones.
2441 4542 2685 4601 Videndi
2734 4542 2929 4613 Lupus
2974 4541 3376 4610 Ferrariensis,
3426 4541 3589 4612 epist.
3630 4540 3705 4596 22
3735 4550 3788 4599 et

2094 4636 2195 4703 42;
2227 4632 2464 4702 Chopin.
2518 4629 2619 4687 lib.
2670 4646 2752 4699 ιιι,
2806 4646 2929 4701 cap.
2962 4634 3014 4699 8,
3062 4631 3142 4686 De
3193 4629 3460 4686 domanio
3509 4630 3783 4697 Francize,

2094 4721 2215 4787 ubi,
2242 4721 2311 4777 de
2364 4720 2549 4791 Ogina
2601 4734 2786 4776 uxore
2834 4717 3019 4776 Caroli
3060 4719 3139 4774 IlI
3170 4722 3225 4775 et
3274 4717 3563 4790 Gerbcrga
3607 4732 3789 4776 uxore

2093 4808 2363 4865 Ludovici
2397 4807 2493 4875 IV,
2529 4807 2652 4863 hinc
2697 4807 2869 4864 habet
2903 4821 2916 4861 :
2958 4829 2979 4856 ι
3019 4807 3289 4878 Legimus
3329 4804 3582 4875 corrupti
3634 4804 3791 4863 illius

2091 4896 2284 4954 saeculi
2349 4895 2478 4953 labe
2543 4896 2799 4967 profanis
2883 4894 3099 4952 tradita
3163 4894 3511 4950 monasteria
3587 4895 3789 4951 Carolo

2092 4983 2343 5055 Simplici
2375 4998 2527 5056 rege,
2560 4992 2626 5040 ut
2653 4985 2754 5039 vix
2788 4997 3052 5054 unquam
3083 4983 3274 5041 Caesar
3320 4980 3666 5039 Commodus
3692 4981 3788 5037 in-

2090 5073 2463 5136 commodius,
2495 5087 2671 5144 quam
2699 5072 2945 5143 simplex
2980 5071 3081 5127 iste
3110 5070 3426 5141 simplicius
3456 5068 3787 5139 reipublicae

2090 5169 2302 5219 statum
2371 5162 2756 5218 labefactavit.
2805 5161 2911 5226 Qui
2963 5159 3149 5216 Caroli
3209 5159 3361 5215 ﬁlius
3413 5158 3788 5215 Ludovicus?

2091 5250 2315 5306 Ademit
2344 5249 2437 5304 hic
2483 5249 2680 5319 Oginze
2712 5249 2987 5319 Augustae
3034 5246 3358 5303 coenobium
3402 5244 3784 5302 Laudunense

2092 5339 2344 5408 Deiparae
2402 5336 2629 5407 Virgini
2677 5350 2930 5405 sacrum,
2984 5334 3141 5406 quod
3186 5333 3386 5391 Carolo
3429 5332 3636 5389 marito
3680 5333 3783 5389 de-

2091 5426 2287 5481 functo
2340 5425 2843 5496 superinduxisset
2913 5424 3252 5479 Hcrbertum
3320 5420 3781 5479 Viromandnum
