3924 6090
131 296 259 349 1177

1389 298 1607 355 υΟΜΝΙ
1646 301 1702 355 L.
1746 299 2086 356 D’AL‘llEBY
2132 299 2351 356 NOTzE.

3492 306 3623 357 H78

125 421 278 478 illius
316 422 685 493 parricidam.
721 423 933 480 Eodem
964 423 1167 481 deinde
1194 424 1451 482 creaobio
1485 425 1810 483 Ludovicus
1838 428 1885 481 Α
1923 426 2291 496 monialibus,
2362 435 2729 499 occuparent.
2797 426 2920 495 Quo
2976 434 3211 497 statuto,
3264 443 3297 484 a
3357 429 3621 487 Matthaeo

123 509 469 582 Gerbergam
503 511 826 583 Augustam
856 506 1163 584 conjugem
1195 513 1448 569 donavit.
1487 536 1507 563 ι

195 599 401 656 Mansit
455 603 647 656 autem
690 599 875 672 Ogina
922 601 980 658 in
1026 601 1285 658 caanobio
1330 602 1702 660 Laudunensi
1750 603 1820 660 ad

125 700 343 744 annum
375 691 497 743 951.

197 776 483 849 Gerberga
536 777 737 849 regina
782 792 933 835 uxor
982 777 1255 836 Ludovici
1315 779 1411 847 IV,
1447 788 1821 851 cognomento

127 864 541 932 Transmarini,
585 867 1020 936 monasterium,
1053 868 1269 935 eodem,
1304 883 1422 939 quo
1456 868 1657 940 regina
1687 869 1820 942 Ogi-

129 967 223 1020 na,
257 954 421 1011 modo
452 955 777 1027 usurpavit.

115 1068 126 1077 -
198 1043 516 1100 Abbatissze
555 1044 858 1116 cujusdam
899 1044 1088 1101 Sancti
1118 1045 1353 1102 Joannis
1400 1044 1819 1108 Lauduncnsis,

130 1146 432 1202 suppresso
466 1134 715 1203 nomine,
748 1134 1008 1191 meminit
1036 1135 1365 1192 Alexander
1394 1148 1543 1206 papa
1574 1135 1647 1203 ΙΙ,
1695 1134 1822 1205 epi-

129 1221 259 1276 stol.
309 1225 394 1289 12,
443 1223 529 1279 his
577 1222 800 1280 verbis:
857 1245 877 1272 ι
924 1223 1298 1281 Proclamatio
1328 1224 1516 1280 delata
1546 1230 1630 1280 est
1668 1223 1820 1295 quod

129 1306 418 1365 abbatissa
481 1310 881 1368 Laudunensis
940 1312 1271 1369 monasterii
1336 1312 1526 1369 Sancti
1590 1311 1823 1368 Joannis

128 1395 251 1452 sine
307 1398 585 1455 canonica
639 1399 952 1469 audientia,
1008 1415 1063 1457 et
1101 1401 1321 1472 judicio
1359 1400 1607 1472 episcopi
1653 1400 1741 1457 sui
1789 1415 1824 1456 a

128 1485 402 1555 regimine
457 1501 562 1543 suo
607 1488 893 1558 ejiciatur,
944 1496 1050 1546 etc.
1102 1490 1530 1547 Admonuimus
1590 1489 1822 1546 confra-

128 1580 270 1629 trem
304 1581 566 1632 nostrum
611 1576 962 1635 Elinandum
993 1577 1322 1649 episcopum
1359 1578 1721 1634 Laudunens.
1759 1582 1820 1631 ut

129 1662 278 1718 hanc
320 1677 555 1721 causam
585 1665 889 1738 diligenter
915 1666 1183 1724 discutiat
1212 1675 1385 1739 atque
1417 1665 1690 1723 canonice
1725 1664 1822 1720 deo

1928 515 2240 573 Albanensi
2297 516 2563 587 episcopo
2619 516 2918 584 cardinali,
2982 517 3132 573 sedis
3188 516 3511 587 apostolicae
3566 518 3625 574 in

1929 604 2110 661 Gallia
2148 604 2354 676 legato,
2388 612 2531 673 tum,
2566 605 2671 661 hoc
2699 613 2781 661 est
2827 605 3023 662 eodem
3057 620 3207 662 anno
3246 606 3302 661 in
3335 614 3625 664 conventu

1930 692 2192 750 Remensi
2243 708 2310 749 ac
2358 693 2530 763 paulo
2576 700 2698 764 post
2745 708 2779 749 a
2819 709 3043 750 summo
3093 694 3355 751 Ecclesiae
3403 693 3623 751 hierar-

1927 783 2036 839 cha
2091 782 2421 839 Innocentio
2490 783 2541 838 ΙΙ
2603 783 2961 850 conﬁrmato,
3018 798 3243 850 nonnae,
3298 798 3389 838 an.
3466 786 3619 850 ll28,

1931 870 2089 940 apud
2126 870 2709 927 Grandelani-villam
2746 872 2873 928 vita:
2908 872 3202 928 residuum
3251 879 3623 928 tt'ausactttt’ze

1930 957 2295 1030 ablegautur.

2178 1047 2439 1102 Ludovici
2472 1050 2546 1103 VI
2572 1050 2905 1103 Francorum
2932 1050 3077 1116 regis
3109 1048 3369 1117 diploma.

2008 1158 2028 1184 ι
2090 1135 2159 1191 In
2240 1136 2471 1192 nomine
2551 1145 2759 1192 sanctae
2831 1144 2885 1193 et
2938 1136 3253 1194 individuze
3312 1137 3621 1195 Trinitatis.

1932 1222 2136 1280 Amen.
2187 1224 2308 1295 Ego
2348 1224 2694 1293 Ludovicus,
2748 1225 2841 1280 Dei
2887 1225 3275 1282 misericordia
3327 1226 3383 1281 iu
3432 1241 3622 1298 regem

1936 1312 2288 1369 Francorum
2355 1314 2721 1370 sublimatus.
2782 1314 2990 1370 Notum
3042 1314 3160 1370 ﬁeri
3212 1314 3344 1370 volo
3402 1313 3626 1371 cunctis

1934 1399 2212 1469 ﬁdelibus,
2267 1407 2382 1457 tam
2435 1403 2649 1458 futuris
2695 1417 2875 1473 quam
2925 1403 3293 1470 instantibus,
3358 1403 3514 1474 quod
3567 1402 3626 1458 in

1932 1496 2221 1546 conventu
2267 1505 2441 1560 quem
2494 1491 2674 1548 ﬁdelis
2721 1499 2916 1548 noster
2967 1491 3283 1549 Rainaldus
3337 1491 3628 1548 secundus

1934 1578 2275 1635 venerabilis
2314 1580 2620 1636 Remorum
2663 1581 3143 1652 archiepiscopus,
3183 1581 3463 1637 Attrebati
3494 1596 3623 1636 cum

1936 1665 2223 1723 universis
2283 1668 2667 1740 suffraganeis
2721 1669 2841 1726 suis
2889 1669 3184 1740 episcopis,
3232 1676 3285 1725 et
3322 1668 3630 1725 abbatibus

130 1750 310 1818 ﬁniat,
370 1752 448 1809 ita
504 1730 721 1810 tamen.
752 1762 816 1812 ut
872 1756 1072 1812 eadem
1120 1730 1422 1823 abbatissa,
1482 1755 1819 1826 priusquam
1855 1730 1895 1785 Β
1937 1769 1990 1811 Vl
2024 1756 2162 1812 Idus
2192 1756 2321 1813 Maii
2356 1730 2562 1824 tenuit,
2601 1758 2698 1814 ubi
2727 1766 2781 1815 et
2811 1730 3254 1829 nos-praesentes
3288 1758 3625 1825 aderamus;

127 1838 406 1897 discussio
460 1841 578 1909 ﬁat,
631 1841 897 1914 regimini
964 1858 1090 1913 suo,
1139 1844 1287 1900 sicut
1368 1843 1516 1899 sacri
1577 1855 1823 1898 canones

130 1928 493 1999 praecipiunt,
523 1930 879 1998 restituatur,
914 1953 934 1981 ι
967 1940 1077 1988 etc.

200 2017 543 2075 Rainsendis
599 2019 891 2076 abbatissa
940 2028 1192 2092 tempore
1246 2020 1513 2077 Guadrici
1576 2018 1825 2090 episcopi

128 2106 551 2175 Lauduncnsis,
603 2108 709 2164 hoc
745 2116 829 2165 est
859 2123 1013 2165 anno
1062 2112 1196 2164 1112
1228 2109 1298 2165 de
1348 2124 1467 2180 qua
1496 2106 1820 2174 Guibertus,

126 2193 226 2249 lib.
265 2209 323 2250 ut
355 2196 435 2251 De
483 2195 615 2254 Vita
643 2210 769 2263 sua,
799 2210 923 2267 cap.
964 2199 1065 2253 ii:
1112 2219 1133 2247 ‹
1170 2197 1606 2255 Solertissimam
1655 2194 1823 2253 femi-

125 2296 339 2339 narum
391 2283 739 2341 abbatissam
784 2285 975 2342 Sancti
1018 2286 1276 2354 Joannis,
1322 2301 1531 2358 genere
1578 2284 1823 2342 clarissi-

125 2385 302 2439 mam,
369 2373 620 2429 ecclesim
688 2374 1117 2444 provectricem,
1181 2375 1412 2431 nomine
1462 2374 1820 2442 Bainsendis,

126 2460 568 2517 Laudunenscm
601 2461 932 2534 indigenam
964 2477 1107 2519 suus
1138 2478 1341 2521 servus
1364 2464 1597 2534 occidit;
1635 2463 1825 2534 quod-

126 2564 241 2619 que
264 2563 428 2618 passa
447 2557 551 2617 est,
578 2565 678 2620 pro
709 2550 974 2608 Ecclesiae
1005 2551 1116 2608 ﬁde
1141 2552 1547 2609 consustinuit.
1585 2573 1606 2601 ι

198 2637 390 2694 Adelis
446 2653 599 2695 anno
666 2639 892 2697 circiter
970 2643 1127 2696 1113.
1189 2641 1380 2712 Hujus
1437 2639 1826 2697 commeminit

127 2725 561 2784 Chartularium
610 2729 941 2786 monasterii
1009 2729 1198 2786 Sancti
1259 2717 1607 2786 Theoderici
1649 2743 1824 2800 prope

130 2816 351 2884 Remos,
427 2815 484 2871 iu
537 2817 895 2874 concessione
952 2818 1231 2876 nimirum
1299 2818 1606 2889 cujusdam
1659 2826 1824 2875 terra:

129 2918 233 2960 suo
261 2913 314 2960 et
344 2905 577 2975 capituli
605 2907 836 2963 nomine
863 2907 1098 2978 prmfato
1125 2907 1382 2965 ctenobio
1408 2908 1573 2964 facta.

199 2992 429 3049 Adelais
480 2995 702 3067 regina,
753 2996 1032 3053 Ludovici
1063 2997 1139 3053 VI
1179 3011 1348 3066 uxor,
1396 3011 1511 3052 non
1553 2993 1822 3067 equidem

127 3081 433 3140 abbatissae
467 3084 653 3153 titulo,
685 3086 781 3142 sed
817 3085 1036 3143 uxoriae
1062 3086 1209 3142 dotis
1222 3087 1356 3159 jure
1387 3086 1677 3143 abbatiam
1703 3099 1824 3156 pos-

125 3171 290 3228 sedit.
382 3173 543 3237 Quod
616 3172 847 3229 nefandi
911 3174 1234 3231 commercii
1291 3189 1475 3246 genus
1542 3173 1649 3230 hac
1701 3175 1823 3245 ipsa

125 3267 292 3317 zetate
348 3261 408 3317 in
467 3276 625 3318 more
697 3262 946 3332 positum
996 3271 1140 3332 erat,
1194 3271 1258 3319 ut
1328 3263 1514 3319 dotem
1571 3276 1822 3319 uxorum

126 3364 290 3421 reges
347 3350 403 3405 in
453 3351 813 3407 monasteriis
863 3351 1222 3408 collocarent.
1275 3353 1433 3408 Patet
1486 3351 1541 3407 id
1597 3352 1823 3422 potissi-

128 3448 288 3492 mum
332 3449 406 3491 ex
454 3443 744 3493 conventu
787 3436 902 3504 illo,
944 3436 1015 3492 de
1065 3451 1183 3507 quo
1227 3435 1397 3502 infra,
1438 3435 1821 3492 Attrcbatensi

126 3523 515 3581 celeberrimo.

210 3612 497 3668 Hactenus
538 3612 608 3668 de
656 3611 1060 3669 Laudunensis
1109 3611 1302 3668 Sancti
1341 3612 1578 3670 Joannis
1621 3626 1824 3669 mona-

125 3699 284 3758 sterii
316 3699 657 3757 abbatissis:
697 3700 912 3772 quippe
944 3701 1039 3757 illo
1069 3700 1126 3756 in
1159 3701 1419 3758 incendio
1458 3702 1621 3759 urbis
1647 3704 1824 3775 (quod

125 3789 441 3847 Guibertus
490 3788 619 3845 libr.
673 3804 731 3845 ut
774 3790 851 3845 De
899 3790 1027 3847 Vita
1065 3805 1191 3859 sua,
1243 3791 1525 3861 prolixius
1568 3792 1822 3864 exhibet)

126 3878 325 3936 omnia
353 3876 715 3948 antiquitatis
745 3886 1118 3935 monumenta
1150 3878 1386 3948 periere.

204 3965 673 4037 Haudquaquam
717 3973 908 4021 tamen
936 3973 1019 4022 est
1056 3967 1434 4024 omittendum
1486 3969 1640 4040 quod
1683 3984 1825 4026 con-

128 4052 385 4124 signavit
435 4059 636 4109 auctor
681 4066 1027 4122 anonymus,
1088 4053 1184 4109 sed
1228 4053 1542 4110 canonicus
1587 4055 1825 4111 Laudu-

130 4142 326 4198 nensis
370 4141 430 4197 in
477 4140 757 4198 Chronico
800 4141 1057 4197 nondum
1096 4156 1346 4198 excuso:
1387 4146 1562 4208 Anno,
1611 4143 1823 4214 inquit,

135 4229 360 4287 Domini
440 4231 596 4297 1095,
683 4230 987 4285 Elinandus
1059 4234 1339 4301 episcopus
1410 4231 1824 4303 (Laudunens.)

1934 1840 2049 1910 ipse
2127 1848 2183 1897 et
2260 1841 2713 1898 Bartholomaeus
2794 1843 3160 1898 venerandus
3228 1841 3630 1898 Laudunensis

1930 1929 2231 2000 episcopus
2282 1930 2575 1987 humiliter
2624 1946 2729 1986 nos
2784 1939 3199 1997 convenerunt,
3255 1946 3390 1987 cum
3445 1930 3630 1985 multa

1932 2032 2169 2087 precum
2254 2017 2529 2074 instantia
2604 2018 2958 2089 postulantes
3035 2027 3100 2076 ut
3187 2018 3626 2075 Lauduneuscm

1934 2106 2110 2163 beatae
2159 2106 2372 2175 Mariae,
2405 2114 2460 2164 et
2508 2107 2653 2164 beati
2703 2108 2936 2164 Joannis
2976 2108 3309 2175 Ecclesmm,
3356 2122 3488 2177 quae
3533 2122 3626 2163 re—

1932 2195 2077 2267 galis
2123 2195 2356 2253 abbatia
2397 2203 2498 2264 est,
2538 2195 2677 2267 quia
2711 2195 3196 2265 sanctimoniales,
3248 2211 3380 2267 qua:
3432 2194 3506 2251 ibi
3553 2195 3625 2251 ab

1931 2284 2171 2355 antiquo
2221 2285 2468 2350 fuerant,
2519 2284 2692 2340 nimis
2722 2285 2956 2357 indigne
2992 2292 3047 2341 et
3083 2284 3391 2341 enormiter
3427 2298 3486 2341 se
3518 2284 3627 2340 ha-

1932 2372 2161 2442 bebant,
2196 2374 2267 2429 ad
2308 2373 2595 2430 meliorem
2647 2373 2941 2446 religionis
2970 2381 3183 2430 statum
3215 2372 3369 2442 duci,
3405 2381 3462 2429 et
3497 2388 3626 2428 mo-

1931 2462 2145 2519 nachos
2185 2462 2395 2519 ibidem
2440 2461 2713 2520 substitui
2751 2464 3224 2533 concederemus;
3278 2475 3455 2532 quam
3503 2476 3627 2532 pro-

1932 2549 2071 2606 fecto
2124 2550 2451 2620 petitionem
2493 2552 2890 2609 rationabilem
2928 2558 2983 2607 et
3029 2551 3226 2607 utilem
3267 2564 3624 2622 cognoscen-

1933 2644 2032 2705 tes,
2072 2637 2351 2694 voluntati
2380 2653 2601 2706 eorum,
2650 2647 2707 2696 et
2750 2638 2986 2696 consilio
3016 2652 3313 2694 assensum
3341 2637 3623 2704 dedimus,

1931 2728 1985 2778 et
2034 2722 2091 2777 in
2125 2723 2394 2792 przedicta
2437 2724 2685 2780 Ecclesia
2727 2724 2993 2781 abbatem
3026 2731 3095 2803 et
3133 2723 3446 2779 monachos
3483 2722 3627 2779 sub—

1932 2817 2092 2874 stitui
2121 2826 2175 2874 et
2218 2817 2418 2875 haberi
2468 2818 2525 2873 in
2559 2826 2920 2890 perpetuum,
2957 2817 3114 2874 salvo
3148 2817 3224 2874 ibi
3269 2817 3327 2872 in
3357 2817 3626 2873 omnibus

1926 2906 2060 2976 jure
2093 2905 2269 2979 regio,
2301 2913 2356 2962 et
2404 2905 2696 2962 Adelaidis
2736 2905 2950 2977 reginae
2982 2903 3179 2961 uxoris
3210 2911 3418 2960 nostra:
3460 2904 3626 2960 dota-

1855 3032 1894 3086 0
1930 2993 2072 3061 litio,
2129 2993 2373 3066 benigne
2423 2995 2653 3065 qnidem
2708 2995 3115 3062 concessimus,
3171 2993 3247 3049 ita
3293 2993 3341 3049 si
3390 2992 3624 3065 quidem

1930 3083 2087 3154 quod
2132 3082 2544 3154 subjectionem
2580 3082 2755 3152 illam,
2794 3096 2971 3153 quam
3003 3090 3220 3138 eceterae
3250 3082 3496 3139 abbatiae
3523 3096 3624 3138 no-

1929 3179 2078 3240 strae,
2129 3187 2260 3242 quae
2298 3166 2355 3228 in
2393 3173 2724 3243 episcopatu
2768 3171 3141 3228 Laudunensi
3194 3180 3349 3239 sunt,
3395 3170 3625 3245 Laudu-

1931 3260 2089 3316 nensi
2133 3262 2395 3332 episcopo
2427 3261 2632 3318 debent
2678 3268 2735 3318 et
2782 3262 3075 3330 exhibent,
3125 3260 3359 3317 abbatia
3408 3259 3503 3315 illa
3549 3259 3628 3315 ei-

1930 3349 2058 3405 dem
2116 3349 2381 3420 episeopo
2435 3350 2559 3406 sine
2624 3349 2820 3421 aliquo
2875 3349 3026 3421 juris
3082 3350 3225 3422 regii
3286 3348 3626 3405 detrimento

1930 3438 2131 3495 debeat
2174 3446 2229 3495 et
2271 3438 2566 3509 exhibeat;
2608 3440 2763 3510 quod
2802 3454 2874 3496 ne
2920 3439 3107 3496 valeat
3136 3438 3424 3495 oblivione
3474 3436 3623 3493 dele-

1933 3527 1980 3583 ri
2011 3526 2221 3597 scripto
2266 3527 2818 3594 commendavimus,
2863 3535 2936 3595 et,
2977 3542 3049 3584 ne
3082 3527 3256 3598 possit
3295 3541 3330 3582 a
3389 3525 3628 3596 posteris

1933 3615 2232 3683 inﬁrmari,
2280 3615 2452 3686 sigilli
2502 3616 2681 3672 nostri
2733 3615 3073 3673 auctoritate
3119 3623 3173 3672 et
3212 3613 3461 3671 nominis
3499 3614 3627 3670 cha-

1933 3712 2150 3760 ractere
2187 3703 2768 3760 subterﬁrmavimus.
2819 3706 3028 3761 Actum
3073 3703 3356 3761 Attrebai
3401 3703 3625 3774 publice

1932 3807 2084 3847 anno
2126 3792 2417 3848 Incarnati
2450 3792 2618 3850 Verbi
2672 3795 2829 3859 1128,
2878 3792 3042 3862 regni
3088 3791 3267 3848 nostri
3301 3806 3397 3859 xx,
3444 3799 3628 3847 astan-

1935 3881 2086 3937 tibus
2129 3880 2189 3936 in
2228 3880 2435 3951 palatio
2483 3888 2693 3949 nostro,
2735 3896 2984 3953 quorum
3035 3880 3269 3937 nomina
3316 3880 3627 3937 substituta

1932 3977 2069 4026 sunt
2097 3976 2152 4026 et
2179 3969 2360 4041 signa.

2005 4079 2033 4108 α
2081 4057 2325 4131 Signum
2371 4058 3041 4116 Ludovici'Buticularii.
3084 4057 3138 4115 8.
3192 4057 3451 4129 Hugonis
3490 4071 3625 4114 con-

1932 4145 2249 4204 stabularii.
2308 4146 2361 4203 S.
2430 4146 2676 4204 Alberici
2737 4146 3060 4211 camerarii,
3125 4145 3382 4217 dapifero
3442 4146 3623 4214 nullo,

1933 4235 2068 4292 data
2112 4250 2212 4307 per
2242 4250 2481 4292 maniam
2530 4235 2774 4293 Simonis
2805 4235 3152 4292 cancellarii.
3207 4235 3448 4305 Signum
3489 4234 3628 4291 Bai-

128 4320 406 4376 ecclesiam
465 4318 653 4374 Sancti
710 4320 932 4373 Joannis
972 4321 1032 4373 in
1084 4321 1279 4387 Burgo,
1338 4320 1610 4390 quondam
1656 4321 1824 4376 abba-
1854 4333 1896 4388 Ι)
1934 4323 2091 4381 naldi
2140 4324 2507 4382 Remensium
2555 4324 2991 4397 archiepiscopi.
3026 4325 3080 4380 S.
3121 4323 3331 4382 Josleni
3366 4323 3627 4380 Suessio-

130 4413 268 4464 tiam
314 4408 653 4474 monialium,
715 4406 789 4461 ad
832 4410 994 4463 unius
1047 4408 1344 4464 sacerdotis
1391 4409 1827 4465 administratio-

127 4512 250 4551 nem
297 4495 598 4563 reductam,
655 4495 960 4565 praebendis
1003 4496 1284 4554 duodecim
1326 4499 1634 4566 insignivit.
1694 4499 1828 4555 Hmc

128 4597 235 4638 nos
262 4581 533 4653 superius
564 4581 668 4637 col.
704 4585 859 4637 1151.
888 4583 1211 4640 retulimus.

124 4671 456 4727 Monialibus
519 4670 833 4725 amandatis
880 4687 907 4725 e
961 4675 1284 4727 monasterio
1341 4673 1534 4728 Sancti
1581 4673 1820 4741 Joannis,

646 4758 898 4814 monachi
924 4760 1314 4829 subrogantur.

196 4846 345 4914 Quid
372 4860 564 4904 causae
601 4847 1083 4905 Bartholomaeum
1118 4848 1556 4905 Laudunensem
1599 4849 1823 4919 episco-

123 4951 268 5010 pum
341 4943 631 5007 quatenus
704 4952 929 4993 nonnas
998 4936 1328 5008 expelleret,
1393 4936 1821 5008 monachosque

120 5024 431 5090 sufﬁceret,
481 5023 796 5092 induxerit,
828 5024 1250 5081 animadvertes
1278 5032 1392 5081 tam
1429 5039 1502 5081 ex
1535 5025 1819 5081 Herman-

120 5129 200 5172 no
249 5112 532 5170 monacho
571 5113 668 5170 lib.
719 5128 798 5181 ut,
839 5128 959 5184 cap.
1007 5116 1074 5168 22
1115 5121 1168 5170 et
1206 5118 1295 5183 23,
1349 5121 1486 5171 tunc
1525 5114 1697 5171 etiam
1744 5127 1818 5169 ex

121 5198 402 5272 subjectis
437 5199 650 5257 chartis
715 5201 987 5258 tabularii
1036 5202 1225 5259 Sancti
1282 5203 1521 5260 Joannis
1578 5203 1815 5260 Laudu-

124 5287 342 5345 nensis.
413 5288 640 5345 Etenim
702 5288 762 5345 in
832 5290 1075 5347 comitiis
1147 5291 1461 5361 provinciae
1527 5292 1817 5349 Remensis

122 5377 407 5435 Attrebati
439 5392 497 5435 Vl
541 5377 679 5434 Idus
724 5377 880 5446 Maii,
913 5393 1066 5434 anno
1102 5383 1256 5447 1128,
1291 5380 1522 5449 habitis,
1574 5382 1645 5437 ab
1690 5382 1817 5438 uni-

120 5466 308 5524 versis
362 5466 727 5536 praesulibus,
781 5481 914 5538 rege
973 5468 1216 5536 volente,
1272 5468 1566 5525 decretum
1613 5478 1698 5527 est
1752 5479 1815 5529 ut

118 5555 388 5612 monachi
444 5556 771 5613 coenobium
842 5556 1031 5613 Sancti
1086 5558 1338 5623 Joannis,
1398 5557 1557 5629 prius
1621 5560 1813 5631 ejectis

1935 4415 2129 4471 nensis
2165 4414 2434 4486 episcopi.
2488 4414 2540 4471 S.
2606 4414 3004 4471 Bartholomaai
3052 4410 3450 4470 Laudunensis
3500 4412 3628 4482 epi-

1934 4501 2199 4572 spiscopi.
2234 4502 2289 4559 S.
2323 4500 2568 4558 SimOnis
2595 4501 2991 4559 Noviomensis
3015 4509 3070 4558 et
3108 4499 3484 4557 Tornacensis
3508 4497 3627 4568 epi-

1933 4590 2106 4661 scopi.
2167 4591 2221 4648 S.
2279 4589 2513 4647 Joannis
2575 4590 2913 4648 Morinensis
2967 4588 3231 4659 episcopi.
3310 4588 3365 4644 S.
3431 4586 3629 4644 Garini

1932 4676 2336 4735 Ambianensis
2365 4678 2631 4748 episcopi.
2678 4678 2732 4735 8.
2772 4675 3000 4735 Roberti
3048 4673 3465 4733 Attrebatensis
3509 4673 3627 4745 epi-

1930 4764 2103 4835 scopi.
2165 4763 2217 4821 S.
2274 4763 2654 4822 Clarembaldi
2718 4762 3158 4821 Silvanectensis
3234 4761 3503 4834 episcopi.
3569 4762 3624 4818 S.

1931 4851 2081 4910 Petri
2114 4851 2472 4909 Belvaceusis
2502 4853 2774 4924 episcopi.
2812 4875 2833 4902 ι

2036 4943 2311 4996 Decretum
2336 4942 2587 4997 Matthai
2610 4941 2938 4996 Albanensis
2967 4940 3225 5012 episcopi,
3261 4945 3311 4994 et
3343 4940 3406 4996 S.
3440 4941 3516 4992 Α.

2680 5031 2869 5097 legati.

2004 5139 2026 5167 ι
2077 5118 2400 5176 Mammeos
2442 5117 2539 5176 Dei
2583 5118 2772 5189 gratia
2809 5116 3155 5174 Albanensis
3199 5115 3519 5187 episcopus,
3569 5121 3627 5170 et

1926 5206 2246 5278 apostolicae
2290 5206 2438 5265 sedis
2479 5206 2721 5279 legatus,
2782 5205 3067 5262 universis
3118 5203 3401 5273 ﬁdelibus,
3473 5201 3625 5258 salu-

1925 5303 2059 5353 tem.
2091 5294 2253 5363 Quod
2284 5295 2341 5352 in
2381 5302 2673 5352 conventu
2720 5293 3125 5361 Attrebatensi,
3159 5299 3358 5349 sancto
3404 5290 3621 5362 Spiritu

1920 5392 2280 5455 cooperante,
2314 5399 2347 5440 a
2379 5398 2555 5441 vener
2569 5382 2821 5440 abiiibus
2863 5382 3143 5439 fratribus
3192 5379 3492 5437 llaiuaudo
3522 5380 3628 5436 Re-

1922 5472 2100 5529 mensi
2198 5471 2642 5542 archiepiscopo,
2734 5470 3147 5527 Bartholomaeo
3223 5466 3628 5545 Laudunensi,

1920 5561 2160 5619 Goslcno
2235 5560 2646 5628 Suessionensi,
2722 5560 3061 5631 czeterisque
3143 5556 3297 5614 illius
3364 5556 3629 5615 dioecesis
