3924 6090
309 317 441 369 H79

1351 315 1440 369 AD
1477 315 1628 370 OPP.
1673 314 1823 371 VEN.
1864 316 2196 375 GUIBERTI
2237 318 2326 375 DE
2362 318 2759 376 NOVIGENTO

3688 323 3828 375 lib!)

295 441 594 514 episcopis,
644 450 698 500 et
746 441 1071 512 abbatibus,
1122 442 1368 516 aliisque
1414 443 1693 517 religiosis
1732 445 1989 515 personis
2016 448 2059 501 A
2101 447 2366 518 plurimis
2410 455 2511 504 aut
2564 446 2894 519 periculosae
2940 445 3289 516 offensionis,
3338 455 3440 504 aut
3470 448 3830 520 perditionis

298 531 368 588 de
398 531 732 602 expulsione
771 531 1107 588 monialium
1157 532 1216 588 in
1252 532 1505 590 Ecclesia
1554 534 1774 591 Sanctae
1801 535 1993 593 Mariae

301 619 608 690 Sanctique
641 620 878 676 Joannis
917 621 1318 678 Laudunensis
1366 622 1559 678 minus
1616 623 1847 679 honeste
1898 624 1991 679 vi-

298 708 578 775 ventium,
626 716 680 765 et
728 709 798 765 de
848 709 1253 767 substitutione
1301 711 1523 767 abbatis
1568 719 1621 768 et
1679 712 1993 768 monacho-

298 810 450 865 rum,
488 797 697 855 ibidem
752 799 861 855 Deo
899 799 1158 871 religiose
1184 800 1579 869 servientium,
1616 801 1993 858 constitutum

297 893 400 953 est,
452 887 738 944 Ludovico
780 903 912 961 rege
961 890 1317 946 Francorum
1358 898 1636 960 praesente
1680 900 1991 959 annuente,

295 982 351 1031 et
379 990 485 1031 suo
513 984 795 1048 praecepto
829 978 1124 1049 firmante;
1161 994 1263 1035 nos
1296 981 1353 1035 in
1384 980 1647 1037 Remensi
1682 989 1990 1047 conventu,

297 1063 531 1120 consilio
560 1072 615 1120 et
647 1065 910 1135 petitione
940 1067 1356 1123 venerabilium
1393 1068 1639 1124 fratrum
1679 1069 1990 1133 Remensis,

297 1152 637 1210 Senonensis
694 1154 1274 1225 archiepiscoporum,
1341 1157 1759 1225 Laudunensis,
1820 1155 1995 1213 Sues-

297 1239 594 1310 sionensis,
679 1243 1036 1313 Parisiensis,
1105 1246 1428 1314 Meldensis,
1496 1245 1788 1302 Trecensis
1876 1245 1994 1317 epi-

294 1343 599 1399 scoporum
634 1340 808 1403 atque
850 1334 1130 1390 abbatum
1179 1335 1586 1405 plurimorum,
1631 1334 1996 1407 aliarumque

295 1418 703 1491 religiosarum
740 1435 1139 1492 personarum,
1192 1424 1714 1494 comprobavimus,
1762 1433 1816 1481 et
1845 1425 1995 1481 sedis

295 1507 616 1576 apostolicae
664 1509 1003 1565 auctoritate
1048 1517 1102 1566 et
1170 1512 1492 1567 munimine
1546 1512 1602 1567 in
1652 1521 1992 1584 perpetuum

168 1636 193 1651 ι
296 1594 787 1651 confirmavimus.
826 1616 846 1642 ι

524 1685 825 1738 Innocentii
870 1685 1092 1740 secundi
1115 1702 1275 1757 papa
1302 1687 1494 1743 litterae
1523 1688 1758 1744 bullam.

370 1791 391 1819 α
427 1771 799 1828 INNOCENTIUS
863 1775 1169 1844 episcopus
1233 1790 1438 1832 servus
1495 1791 1801 1833 servorum
1868 1776 1987 1846 Dei,

294 1854 498 1912 dilecto
536 1857 650 1912 filio
710 1860 958 1915 Daooom
1008 1860 1199 1916 abbati
1233 1862 1560 1917 monasterii
1597 1862 1817 1918 Sanctae
1866 1863 1991 1918 Ma-

294 1943 393 1999 riae
444 1943 751 2015 Sanctique
794 1947 1028 2003 Joannis
1074 1948 1340 2018 Baptista:
1389 1949 1447 2004 in
1496 1950 1867 2007 Laudunensi
1906 1951 1992 2007 ci-

294 2031 487 2099 vitate,
545 2033 790 2106 ejusque
847 2035 1144 2105 fratribus,
1209 2038 1456 2094 salutem
1514 2046 1570 2094 et
1619 2038 1992 2109 apostolicam

292 2122 761 2180 benedictionem.
819 2125 904 2182 Ad
962 2126 1068 2182 hoc
1117 2126 1281 2182 nobis
1310 2140 1345 2182 a
1399 2127 1639 2183 Domino
1688 2127 1991 2197 pastoralis

292 2210 462 2267 officii
505 2226 646 2267 cura
675 2215 977 2270 commissa
1033 2222 1136 2284 est,
1166 2237 1187 2263 ι
1242 2223 1348 2272 etc.
1410 2217 1547 2272 Vide
1592 2218 1649 2271 in
1673 2216 1991 2273 Innocentio

220 2324 229 2328 -
292 2299 343 2353 11
373 2299 450 2354 ad
477 2316 567 2355 an.
617 2302 774 2356 1143.

364 2388 532 2444 Anno
571 2390 833 2459 proxime
876 2392 1249 2463 subsequenti
1295 2392 1641 2449 venerabilis
1685 2393 1990 2449 Bartbolo-

293 2490 474 2533 maeus
520 2478 915 2535 Laudunensis
964 2481 1284 2551 episcopus,
1335 2496 1512 2552 quam
1559 2496 1632 2537 ex
1661 2482 1990 2555 [monacho-

291 2579 421 2620 rum
454 2565 861 2638 subrogationc
915 2568 973 2623 in
1017 2569 1209 2625 Sancti
1250 2570 1487 2627 Joannis
1530 2570 1801 2627 asceterio
1851 2570 1989 2626 laeti-

292 2653 432 2709 tiam
466 2655 807 2725 conceperit,
852 2671 963 2713 non
996 2658 1179 2728 potuit
1216 2659 1443 2729 scriptis
1473 2674 1591 2716 non
1627 2659 1985 2731 consignare.

294 2745 555 2798 Assertas
585 2752 777 2801 autem
818 2746 942 2801 vult
989 2746 1059 2801 iis
1093 2747 1232 2818 ipsis
1268 2748 1565 2805 cmuobitis
1612 2749 1991 2819 possessiones

291 2831 551 2901 ejusdem
583 2833 912 2890 monasterii
942 2834 1049 2891 hac
1083 2835 1283 2891 forma.

326 2947 340 2955 -
369 2941 389 2967 ι
426 2920 489 2975 In
543 2920 773 2977 nomine
818 2930 1028 2979 sanctae
1092 2931 1147 2979 et
1192 2924 1443 2980 invidum
1500 2924 1818 2992 Trinitatis,
1868 2925 1988 2995 Ego

293 3007 743 3105 Bartholomaeus
783 3010 881 3066 Dei
934 3011 1123 3081 gratia
1182 3019 1394 3070 sanctae
1435 3012 1838 3069 Laudunensis
1880 3013 1985 3068 Ec-
2017 3049 2055 3105 ο

292 3096 477 3153 clesize
509 3097 769 3153 minister
806 3098 1100 3171 indignus.
1150 3099 1297 3167 Quia
1338 3101 1615 3172 largiente
1658 3101 1896 3157 Domino
1929 3101 1988 3156 in

292 3184 459 3240 ovilis
485 3184 765 3241 Dominici
795 3201 956 3255 cura,
1015 3187 1144 3244 licet
1176 3188 1423 3261 indigni,
1470 3190 1816 3257 laboremus,
1848 3190 1989 3246 dum

291 3286 364 3328 ex
396 3272 643 3344 injuncti
673 3275 841 3331 nobis
869 3274 1039 3331 officii
1073 3277 1368 3334 occasione
1397 3278 1470 3334 ad
1494 3278 1858 3334 saecularium
1882 3279 1991 3334 ho-

293 3360 517 3418 minum
557 3364 784 3434 negotia
822 3364 1141 3435 rapiamur,
1188 3366 1235 3422 si
1282 3366 1451 3437 pedes
1511 3376 1734 3424 nostros
1774 3366 1986 3424 terreni

292 3457 454 3506 actus
484 3451 720 3522 pulvere
767 3461 1029 3523 attactos,
1059 3462 1116 3512 et
1155 3455 1212 3511 in
1243 3455 1436 3512 saeculi
1467 3455 1690 3513 lubrico
1732 3457 1990 3512 tituban-

290 3545 373 3595 tes
404 3539 475 3595 ad
506 3538 741 3610 plenum
772 3540 1002 3599 firmare
1031 3549 1085 3599 et
1130 3544 1446 3601 emundare
1494 3544 1729 3600 minime
1776 3559 1993 3615 praeva-

293 3626 496 3695 lemus,
528 3627 743 3685 devotae
791 3630 1085 3687 cbaritatis
1139 3631 1431 3702 obsequiis
1484 3647 1685 3689 eorum
1716 3633 1993 3704 suffragia

290 3716 603 3785 promereri
653 3726 1005 3790 satagamus,
1034 3720 1135 3790 qui
1190 3720 1247 3776 in
1305 3720 1473 3777 beata
1534 3735 1758 3792 sponsae
1811 3720 1993 3792 ipsius

293 3807 444 3856 sorte
482 3811 806 3873 censentur,
855 3805 958 3876 qui
1024 3804 1151 3861 lotis
1195 3806 1435 3877 pedibus
1480 3813 1536 3863 et
1580 3807 1779 3864 tunica
1821 3822 1994 3878 expo-

293 3889 450 3959 liata,
485 3889 544 3947 in
591 3891 798 3949 lectulo
830 3893 1042 3964 quietis
1071 3895 1324 3963 internae
1362 3909 1495 3952 cum
1536 3910 1744 3966 sponso
1783 3896 1991 3954 caelesti

292 3977 567 4036 ineffabili
632 3980 999 4052 jucunditate
1088 3983 1489 4054 perfruuntur.
1556 3984 1779 4052 Quanto
1839 3986 1990 4042 enim

295 4067 510 4138 majore
538 4068 867 4127 labantium
900 4086 1095 4128 rerum
1127 4081 1459 4143 contemptu
1495 4088 1697 4130 curam
1740 4075 1995 4145 corporis

291 4154 643 4226 abjecerunt,
690 4165 745 4214 et
773 4158 1063 4229 deplorata
1092 4160 1466 4231 pristinarum
1492 4162 1831 4219 enormitate
1864 4163 1994 4219 cul-

296 4257 523 4313 parum,
570 4247 1027 4319 compressisque
1068 4229 1466 4320 ingruentium
1512 4249 1862 4307 tumultibus
1909 4265 1997 4306 co-

294 4333 658 4405 gitationum,
717 4335 970 4393 defeeata
1026 4345 1082 4393 et
1139 4351 1286 4408 pura
1340 4337 1686 4393 conscientia
1741 4338 1814 4394 ad
1870 4338 1989 4394 sola
2019 4348 2061 4401 1)

293 4436 547 4493 superna
582 4438 642 4480 se
677 4425 1000 4497 surrigunt,
1043 4439 1110 4482 eo
1149 4426 1371 4495 gratius
1410 4426 1471 4481 in
1506 4425 1588 4482 eis
1624 4425 1836 4482 divinae
1866 4440 1996 4481 ma-

287 4510 480 4582 jestati
531 4511 791 4569 exhiberi
846 4512 1103 4569 cedimus
1148 4512 1514 4584 obsequium,
1565 4513 1612 4569 si
1660 4512 1733 4569 ab
1784 4513 1853 4569 iis
1885 4512 1987 4585 qui

292 4614 423 4655 cum
476 4600 547 4656 ad
592 4600 855 4657 Rachelis
905 4600 1280 4657 desiderabile
1334 4601 1689 4658 consortium
1737 4602 1986 4659 necdum

293 4688 617 4760 pertingere
655 4696 913 4760 possunt,
959 4689 1304 4745 laboriosam
1348 4703 1481 4745 cum
1524 4691 1621 4746 Lia
1671 4690 1992 4747 tolerantur

292 4776 629 4833 servitutem
672 4778 744 4833 ad
791 4791 964 4833 usum
1013 4776 1144 4834 vita
1194 4776 1402 4845 labilis,
1451 4792 1653 4835 eorum
1702 4779 1989 4849 profectus

295 4871 601 4935 augeatur,
662 4864 975 4936 quominus
1013 4864 1224 4922 terreni
1272 4865 1541 4936 stipendii
1597 4866 1821 4923 defectu
1866 4874 1987 4921 ten-

294 4954 397 5011 tati
474 4961 687 5010 sanctae
745 4954 1241 5025 contemplationis
1310 4954 1492 5012 otium
1572 4956 1990 5026 interrumpere

294 5042 734 5112 compellantur.

372 5154 393 5181 ι
426 5132 633 5188 Notum
688 5131 869 5203 igitur
919 5145 1041 5187 esse
1093 5131 1384 5202 volumus,
1444 5140 1562 5190 tam
1615 5132 1993 5203 prmsentibus

296 5234 472 5292 quam
506 5219 739 5288 futuris,
774 5220 915 5291 quia
954 5234 1088 5277 cum
1118 5220 1329 5278 divinae
1350 5221 1753 5279 misericordiae
1799 5236 1988 5292 respe-

292 5317 420 5365 ctus
461 5307 909 5366 Laudunensem
960 5310 1251 5367 abbatiam
1324 5311 1388 5366 B.
1433 5310 1631 5369 Marize
1680 5310 1990 5381 Sanctique

294 5396 531 5453 Joannis
584 5396 851 5467 Baptista:
907 5396 1209 5467 visitasset,
1264 5399 1343 5455 ita
1394 5406 1458 5456 ut
1505 5398 1796 5456 eliminato
1842 5398 1991 5455 irre-

296 5484 632 5554 ligiosarum
727 5486 1072 5543 feminarum
1156 5501 1347 5559 grege,
1435 5502 1567 5559 qua
1659 5489 1792 5545 vitae
1871 5502 1991 5544 suae

299 5570 669 5641 incorrigibili
713 5573 1071 5642 enormitate,
1106 5582 1161 5631 et
1208 5575 1396 5632 locum
1445 5575 1884 5644 infamaverant,
1937 5584 1993 5633 et

2100 551 2276 593 causa
2321 537 2571 604 fuerant,
2638 536 2938 609 religiosus
2988 536 3129 593 inibi
3184 538 3605 595 monachorum
3664 537 3826 595 Ordo

2103 627 2514 695 institueretur,
2548 626 2617 683 de
2647 626 2755 682 loci
2808 625 2964 682 illius
3003 626 3403 683 emendatione
3452 626 3678 683 divinae
3725 626 3826 681 di-

2101 715 2395 786 spositioni
2452 714 2944 786 congratulantes,
2996 723 3216 785 quanto
3266 716 3565 786 potuimus
3612 716 3825 771 favore

2104 804 2442 861 benevolum
2491 818 2789 860 assensum
2847 803 3220 873 praebuimus.
3284 812 3461 875 atque
3508 801 3823 875 religioso-

2102 907 2233 949 rum
2284 893 2551 950 vivorum
2594 892 3014 948 interventibus
3061 892 3295 963 aliquod
3342 899 3396 949 et
3437 892 3493 947 in
3524 892 3651 948 vita
3707 891 3824 947 im-

2103 982 2432 1053 perfectioni
2502 989 2710 1038 nostrae
2775 981 3199 1052 patrocinium,
3240 994 3580 1052 comparare
3651 995 3823 1051 quae-

2103 1079 2307 1138 I‘BDIBS,
2370 1077 2425 1126 et
2473 1077 2596 1140 DOSI
2645 1076 2904 1136 mortem,
2961 1076 3290 1139 perpetuam
3340 1070 3551 1125 animae
3600 1076 3825 1124 DOSU‘ZB

2102 1159 2437 1216 memoriam
2484 1158 2561 1215 ibi
2610 1159 2840 1215 iirmare
2888 1158 3204 1227 cupientes,
3252 1172 3383 1228 quae
3425 1172 3460 1214 a
3498 1158 3680 1213 nobis
3728 1172 3824 1227 pe-

2100 1249 2317 1306 tierunt
2343 1253 2637 1319 gratanter
2666 1247 3011 1316 annuimus;
3043 1255 3097 1302 et
3126 1261 3257 1316 quze
3278 1261 3349 1302 ex
3381 1246 3632 1317 antiquo
3656 1261 3818 1317 pra:-

2102 1337 2461 1393 decessorum
2499 1343 2829 1392 nostrorum
2878 1335 3028 1391 dono
3076 1334 3236 1391 locus
3276 1334 3368 1390 ille
3408 1333 3821 1390 vetustissima

2097 1426 2218 1498 jam
2248 1425 2381 1482 olim
2415 1426 2766 1495 possessione
2798 1430 3079 1493 tenuerat,
3109 1422 3318 1494 [nostra
3344 1437 3587 1493 quoque
3626 1437 3820 1478 manu

2100 1515 2183 1571 eis
2229 1514 2607 1577 firmavimus,
2645 1528 2713 1568 ue
2764 1513 2896 1583 quis
2928 1512 3091 1578 forte,
3137 1511 3277 1582 quia
3323 1512 3446 1567 haec
3494 1511 3558 1566 in
3612 1526 3819 1567 mona-

2101 1604 2270 1660 sterio
2299 1602 2395 1658 illo
2451 1601 2670 1658 ordinis
2722 1600 2966 1657 mutatio
3015 1599 3162 1655 facta
3191 1606 3295 1666 est,
3345 1598 3817 1668 possessionibus

2101 1706 2303 1748 eorum
2335 1690 2555 1761 aliquid
2581 1688 2888 1746 calumniae
2933 1687 3145 1744 inferre
3174 1687 3466 1743 moliatur.
3501 1687 3676 1742 Hanc
3716 1701 3815 1744 au-

2104 1788 2214 1837 tem
2261 1787 2472 1836 nostrae
2517 1776 2830 1834 sanctionis
2880 1776 3214 1832 schedulam
3260 1775 3493 1832 testium
3541 1776 3815 1832 subscri-

2101 1869 2309 1939 ptione,
2344 1875 2399 1924 et
2430 1866 2606 1938 sigilli
2648 1865 2828 1921 nostri
2861 1864 3232 1935 impressione
3263 1864 3526 1920 roborari
3586 1878 3816 1934 praece-

2101 1958 2310 2029 pimus,
2339 1963 2411 2023 et,
2446 1970 2517 2011 ne
2540 1953 2675 2026 quis
2694 1968 2820 2010 eam
2853 1954 2911 2009 in
2945 1960 3238 2024 posterum
3284 1952 3668 2023 aliquatenus
3725 1953 3815 2008 in-

2100 2045 2352 2112 firmare,
2384 2042 2472 2100 vel
2519 2043 2781 2112 aliquam
2825 2041 2876 2097 ei
2916 2040 3269 2097 calumniam
3327 2039 3541 2096 inferre
3599 2055 3816 2110 praesu-

2098 2141 2237 2201 mat,
2272 2132 2380 2188 sub
2411 2131 2774 2187 anathemate
2804 2128 3226 2185 interdiximus.

2169 2218 2221 2275 S.
2258 2217 2655 2274 Bartholomaei
2685 2214 2932 2286 episcopi
2971 2214 3073 2286 qui
3117 2214 3224 2270 hoc
3256 2212 3635 2283 privilegium
3691 2209 3811 2266 ﬁeri

2093 2307 2284 2379 jussit.
2319 2306 2375 2362 8.
2416 2305 2678 2362 Widonis
2725 2303 2945 2360 decani.
2995 2303 3049 2358 S.
3102 2302 3338 2358 Letoudi
3383 2300 3809 2356 archidiaconi.

2098 2395 2153 2451 S.
2179 2393 2432 2451 Blihardi
2454 2393 2723 2449 cantoris.
2754 2392 2808 2449 S.
2842 2391 3080 2448 Huberti
3103 2390 3429 2447 sacerdotis.
3461 2388 3515 2444 8.
3546 2387 3807 2444 Alberici

2096 2482 2424 2539 sacerdotis.
2473 2481 2526 2538 S.
2589 2480 2873 2537 Benedicti
2940 2479 3266 2535 sacerdotis.
3315 2478 3369 2534 8.
3427 2477 3663 2534 Boberti
3725 2491 3808 2532 sa-

2096 2571 2357 2627 cerdotis.
2391 2570 2446 2626 S.
2494 2569 2732 2625 Joannis
2768 2569 3014 2624 diaconi.
3042 2568 3095 2623 S.
3148 2567 3294 2623 Petri
3323 2566 3569 2622 diaconi.
3606 2565 3670 2620 S.
3724 2566 3812 2621 Jo-

2097 2660 2291 2717 scelini
2321 2658 2568 2716 diaconi.
2606 2658 2660 2714 S.
2692 2657 2898 2728 Rogeri
2928 2657 3173 2713 diaconi.
3233 2656 3287 2712 S.
3327 2654 3622 2724 Arnulphi
3658 2655 3813 2711 sub-

2097 2748 2343 2805 diaconi.
2377 2747 2430 2803 S.
2465 2746 2688 2802 Milonis
2733 2744 3091 2801 subdiaconi.
3143 2745 3197 2800 S.
3233 2743 3398 2799 Ebali
3436 2742 3805 2799 ubdiaconi.

2099 2837 2154 2894 S.
2188 2836 2418 2894 Roberti
2438 2835 2795 2892 subdiaconi.

2173 2949 2194 2976 ι
2220 2926 2472 2983 Auctum
2504 2925 2771 2981 Laudun.
2805 2937 2958 2979 anno
2989 2921 3294 2979 Dominicae
3319 2922 3606 2977 Incarnat.
3644 2923 3811 2983 “29,

2098 3016 2295 3071 indict.
2336 3029 2454 3082 vui,
2509 3020 2708 3084 epacta
2755 3027 2835 3082 1x,
2865 3026 3024 3068 conc.
3078 3026 3115 3067 ι.
3169 3024 3322 3066 anno
3375 3008 3535 3081 regni
3579 3008 3814 3064 domini

2100 3103 2368 3160 Ludovici
2398 3118 2517 3171 χχι,
2550 3101 2770 3171 filiique
2818 3101 2945 3171 ejus
2979 3098 3229 3169 Philippi
3262 3113 3415 3154 anno
3443 3114 3481 3164 ι,
3512 3096 3816 3167 episcopa-

2097 3200 2193 3249 tus
2213 3199 2405 3248 autem
2427 3189 2642 3247 domini
2665 3188 3063 3245 Bartholomaai
3090 3188 3240 3243 adno
3270 3202 3409 3242 xvu.

2174 3302 2195 3330 ι
2231 3281 2352 3352 Ego
2404 3278 2743 3347 Radulpbus
2793 3276 3015 3333 Sanctae
3065 3275 3253 3332 Mariae
3296 3272 3686 3331 cancellarius
3734 3289 3816 3330 re-

2100 3367 2231 3440 legi.
2267 3390 2288 3416 ι

2099 3500 2373 3559 Abbatum
2444 3498 2761 3554 monasterii
2852 3496 3042 3552 Sancti
3121 3496 3348 3550 Joannis
3411 3493 3809 3549 Laudunensis

2647 3584 2835 3640 tabula
2862 3583 3255 3650 chronologica.

2169 3722 2212 3778 Ι.
2246 3721 2434 3791 Drogo
2462 3733 2535 3775 ex
2568 3718 2756 3789 priore
2786 3716 3030 3773 coenobii
3060 3716 3252 3773 Sancti
3271 3715 3481 3772 Nicasii
3501 3714 3809 3771 Remensis

2101 3808 2321 3881 primus
2350 3806 2531 3864 abbas
2559 3806 2741 3862 sancti
2769 3805 3005 3861 Joannis
3033 3819 3067 3860 a
3100 3804 3513 3860 Bartholomazo
3558 3803 3807 3857 Laudu-

2100 3899 2262 3954 nensi
2312 3895 2555 3967 praesule
2602 3893 2989 3961 constituitur,
3041 3907 3196 3949 anno
3252 3891 3475 3948 Domini
3523 3893 3690 3958 1128,
3744 3895 3809 3945 17

2100 3984 2338 4043 Kalend.
2392 3981 2567 4039 Junii.
2635 3981 2802 4038 Rexit
2856 3981 3146 4037 abbatiam
3208 3994 3395 4050 usque
3446 3980 3516 4034 ad
3572 3992 3809 4035 annum

2105 4077 2260 4142 1136,
2315 4087 2430 4143 quo
2468 4072 2708 4127 Romam
2750 4070 2823 4126 ab
2870 4069 3199 4125 Innocentio
3243 4069 3292 4124 Il
3339 4082 3563 4124 summo
3608 4070 3813 4137 ponti-

2103 4164 2206 4221 fice
2233 4168 2521 4227 evocatus,
2567 4158 2870 4229 episcopus
2910 4157 3222 4215 cardinalis
3268 4155 3541 4213 Ostiensis
3571 4165 3815 4212 creatus

2101 4261 2202 4309 est.
2240 4253 2413 4307 Porro
2440 4263 2561 4305 esse
2591 4248 2975 4304 hallucinatos
3020 4246 3353 4303 Ciaconium
3396 4246 3494 4301 lib.
3548 4246 3627 4300 De
3662 4245 3818 4301 Vitis

2100 4340 2435 4413 pontificum
2464 4345 2521 4394 et
2564 4336 2988 4393 Ferdinandum
3017 4335 3326 4406 Ugbellum
3372 4334 3432 4390 in
3480 4333 3655 4391 Italia
3707 4333 3809 4389 Sa-

2092 4444 2210 4493 cra,
2270 4427 2517 4498 priorem
2574 4440 2728 4482 anno
2780 4431 3060 4494 reparata;
3111 4423 3324 4480 Salutis
3375 4426 3530 4479 1133.
3583 4423 3811 4495 Drogo-

2093 4533 2224 4575 nem
2253 4532 2320 4574 ea
2349 4516 2626 4589 dignitate
2657 4514 2935 4570 donatum
2967 4514 3195 4579 Romae;
3242 4512 3612 4583 posteriorem
3666 4527 3813 4569 vero

2097 4609 2254 4673 1131,
2306 4608 2671 4662 asserentem.
2727 4602 2972 4658 Planum
3019 4602 3237 4672 quippe
3287 4600 3349 4656 fit
3376 4615 3449 4656 ex
3500 4600 3811 4657 tabulario

2095 4693 2287 4751 Sancti
2314 4691 2550 4750 Joannis
2579 4692 2903 4762 Drogonem
2953 4689 3176 4746 abbatis
3222 4688 3391 4745 titulo
3421 4687 3631 4744 litteris
3680 4691 3819 4745 sub-

2095 4782 2386 4852 scripsisse
2415 4795 2514 4836 an.
2558 4782 2717 4835 1136.

2166 4870 2332 4927 Gesta
2352 4867 2632 4939 Drogonis
2653 4865 2938 4936 percurrit
2963 4865 3332 4921 Hermannus
3350 4864 3448 4920 ubi
3470 4878 3657 4935 supra
3682 4879 3812 4935 cap.

2095 4962 2183 5015 2'2.
2218 4959 2433 5014 Auctor
2463 4955 2724 5025 Append.
2770 4953 2937 5010 editae
2974 4953 3049 5009 ad
3078 4952 3432 5024 Sigibertum
3457 4966 3616 5008 anno
3678 4954 3818 5009 1198

2094 5055 2148 5104 et
2198 5046 2353 5101 1138.
2409 5065 2429 5093 ι
2481 5043 2633 5099 Obiit
2695 5043 2885 5114 Drogo
2950 5040 3113 5097 bona
3167 5040 3456 5096 memoriae
3528 5039 3820 5097 Ostiensis

2095 5135 2397 5204 episcopus
2424 5131 2515 5188 vir
2535 5130 2809 5202 religione
2834 5144 2902 5185 ac
2928 5129 3213 5199 sapientia
3241 5129 3453 5185 clarus.
3492 5150 3515 5175 ι

2168 5220 2403 5292 Scripsit
2458 5232 2781 5276 sermonem
2822 5218 2891 5274 de
2929 5216 3198 5273 Passione
3247 5216 3503 5287 Domini;
3527 5224 3729 5274 exstat
3760 5218 3823 5274 in

2096 5310 2442 5367 Bibliotheca
2471 5308 2730 5363 Patrum.

2169 5395 2477 5468 Soliloquia
2508 5408 2741 5467 quoque
2786 5393 3030 5451 edidisse
3060 5401 3296 5451 notatur
3344 5393 3403 5449 in
3452 5392 3823 5452 Bibliotheca

2099 5486 2329 5558 Belgica
2356 5499 2464 5542 ms.

2170 5576 2241 5631 II.
2278 5572 2599 5630 Balduinus
2627 5586 2699 5628 ex
2733 5569 3036 5643 praeposito
3069 5570 3249 5628 abbas
3285 5570 3549 5643 eligitur,
3588 5571 3670 5631 de
3700 5588 3819 5645 quo
