3924 6090
202 315 331 372 1181

1474 317 1688 373 ΒΟΜΝΙ
1735 315 1791 371 L.
1838 314 2182 370 D'ACIIERY
2216 312 2434 368 NOTAE.

3568 306 3706 363 1182

197 445 706 504 Hermannusloeo
748 445 934 502 citato.
982 459 1090 517 cap
1134 448 1224 501 23.
1258 446 1476 504 litteras
1518 461 1671 504 anno
1725 449 1879 515 1147,
1914 449 1958 503 Λ
1995 443 2250 517 elargitis
2309 442 2662 515 quibusdam
2711 438 3009 505 reditibus,
3069 438 3360 496 excitavit.
3414 438 3707 495 Fundavit

198 537 529 610 obsignasse
560 535 816 592 indicant
843 535 1102 607 antiquae
1131 536 1499 593 membranae.

268 626 369 681 III.
424 626 683 696 Rogerus
727 631 895 680 antea
942 624 1134 681 Sancti
1173 625 1425 681 Medardi
1471 624 1896 683 Suessionensis

200 713 353 784 prior
387 715 542 768 1133.

272 802 368 859 IV.
405 803 602 859 Bruno
631 802 703 858 ad
734 814 954 857 annum
986 802 1142 856 1160.

272 892 339 949 V.
374 891 759 962 Ingelrannus
786 905 860 947 ex
904 890 1110 947 abbate
1142 891 1206 946 B.
1237 890 1430 947 Mariae
1460 891 1529 947 de
1553 891 1892 962 Novigento.

210 983 532 1037 1160-1161.

276 1072 371 1128 Vl.
401 1070 595 1128 Simon
626 1070 726 1127 vix
747 1085 900 1126 anno
918 1069 1149 1126 evoluto
1179 1071 1345 1127 cessit
1373 1086 1403 1127 e
1432 1069 1568 1125 vita.

276 1160 400 1217 VII.
434 1159 794 1230 Radulphus,
830 1160 1156 1216 1164-1165.

278 1249 423 1305 V111.
458 1249 842 1320 Ingelrannus
872 1249 941 1316 Il,
976 1264 1071 1305 an.
1110 1251 1430 1305 1165-1182.

277 1336 376 1393 IX.
411 1336 729 1392 Balduinus
777 1337 829 1392 lI
873 1337 1126 1407 primum
1178 1338 1369 1395 Sancti
1417 1335 1671 1406 Sepulcri
1699 1337 1904 1393 Came-

210 1426 482 1494 racensis,
527 1433 651 1497 post
681 1426 872 1482 Sancti
916 1426 1154 1483 Joannis
1181 1426 1450 1483 Laudun.
1490 1439 1643 1481 anno
1686 1427 1821 1480 1189
1850 1431 1905 1481 et

214 1517 366 1582 1193,
399 1529 467 1570 ac
524 1515 758 1571 tandem
812 1514 991 1571 abbas
1043 1516 1104 1571 Β.
1152 1515 1345 1573 Mariae
1392 1514 1639 1586 Signiaci
1687 1513 1909 1570 ordinis

208 1604 586 1660 Cistertiensis
606 1604 665 1659 in
690 1603 916 1660 dioecesi
947 1604 1230 1661 Remensi.

278 1693 350 1749 X.
382 1692 672 1760 Nicolaus,
712 1692 1040 1748 1188-1196.

280 1782 381 1838 X1.
424 1781 640 1838 Ebalus
691 1782 853 1853 prius
896 1781 1088 1839 Sancti
1138 1781 1438 1838 Theodorii
1485 1788 1693 1848 asceta,
1741 1782 1905 1835 1200-

207 1869 372 1925 1⁸201.

282 1958 410 2015 XII.
437 1959 604 2030 Hugo
652 1958 972 2015 monachus
999 1958 1051 2014 S.
1097 1958 1340 2031 Remigii
1382 1958 1671 2015 Remensis
1711 1956 1770 2013 in
1801 1957 1906 2013 Pa-

213 2054 354 2104 trem
395 2063 527 2104 eum
559 2055 865 2104 assumunt
888 2048 939 2104 S.
975 2048 1212 2104 Joannis
1240 2047 1554 2105 coenobitae.

286 2137 439 2192 X111.
486 2138 745 2193 Renerus
789 2150 861 2193 ex
908 2136 1207 2208 praeposito
1255 2136 1445 2192 Sancti
1490 2134 1726 2192 Joannis
1757 2148 1910 2205 prte-

216 2225 408 2281 ticitur
435 2226 773 2281 1210-1214.

284 2314 439 2370 XIV.
500 2314 782 2371 Robertus
855 2313 1193 2384 praepositus
1261 2319 1432 2370 antea
1476 2312 1531 2369 S.
1578 2311 1908 2368 Theoderici

218 2416 393 2473 prope
424 2403 647 2467 Remos,
689 2405 1021 2458 1215-1235.

287 2490 412 2547 XV.
463 2492 667 2546 Petrus
726 2491 883 2545 1240.
947 2492 1064 2547 Hoc
1111 2491 1316 2547 abbate
1363 2504 1518 2547 anno
1554 2491 1689 2546 1247
1718 2488 1779 2545 in
1816 2488 1911 2545 vi-

219 2578 355 2649 gilia
384 2578 574 2636 Sancti
611 2579 849 2636 Joannis
888 2580 1153 2650 Baptistae
1205 2579 1544 2635 translatum
1591 2586 1675 2635 est
1703 2591 1912 2648 corpus

219 2666 280 2721 B.
318 2666 624 2724 Anstrudis
669 2668 933 2739 virginis,
976 2668 1243 2725 secundae
1291 2667 1534 2739 hujusce
1584 2665 1911 2723 monasterii

220 2754 542 2823 abbatissae,
569 2770 604 2813 a
650 2757 904 2813 Garnero
955 2757 1220 2813 Laudun.
1269 2757 1549 2827 episcopo,
1598 2770 1630 2812 e
1676 2755 1912 2826 capsula

219 2842 412 2916 lignea
442 2845 501 2901 in
528 2845 956 2917 elegantiorem,
989 2845 1047 2901 in
1078 2859 1198 2915 qua
1235 2846 1514 2902 hactenus
1559 2850 1910 2901 asservatur.

292 2933 444 2989 xvr.
471 2934 638 3004 Hugo
670 2933 740 2998 u,
778 2935 1106 2990 1240-1277.

291 3022 472 3079 XVII.
499 3022 844 3092 Stephanus,
882 3025 1037 3079 1286.

295 3110 504 3168 XVIII.
541 3112 743 3168 Petrus
772 3113 842 3179 II,
882 3114 1037 3167 1299.

294 3198 449 3254 XIX.
484 3201 790 3254 Garnerus.

296 3287 424 3343 XX.
448 3287 712 3359 Egidius
734 3288 803 3343 de
832 3287 1091 3359 Dysiaco.

297 3376 453 3432 XXI.
487 3377 687 3433 Petrus
716 3377 792 3432 III
828 3377 897 3434 de
938 3375 1294 3447 Courpalayo
1336 3374 1424 3447 (de
1448 3374 1813 3446 Courpulais),
1845 3388 1919 3431 ex

226 3466 504 3522 monacho
526 3464 718 3522 Sancti
739 3465 969 3523 Martini
999 3465 1334 3522 Parisiensis
1353 3465 1530 3521 abbas
1550 3464 1737 3521 Sancti
1761 3466 1923 3521 Joan-

226 3554 318 3609 nis
347 3553 766 3621 Laudunensis,
808 3554 1171 3626 postmodum
1219 3553 1411 3611 Sancti
1461 3552 1729 3610 Germani
1778 3554 1921 3609 Pra-

226 3641 403 3699 tensis
450 3640 604 3698 1303.
655 3641 806 3699 Obiit
852 3641 1009 3697 1334.
1062 3644 1294 3698 Petrum
1327 3640 1530 3698 laudes
1553 3643 1924 3713 prosequitur

226 3739 421 3788 noster
443 3731 691 3787 Jacobus
731 3731 811 3787 du
840 3730 1031 3788 Brem]
1065 3732 1124 3786 in
1165 3731 1446 3787 Chronico
1486 3730 1744 3787 nondum
1773 3731 1922 3787 edito

227 3818 419 3876 Sancti
474 3818 743 3875 Germani
788 3831 823 3874 a
881 3819 1102 3874 Pratis:
1155 3842 1173 3868 ι
1232 3819 1434 3875 Petrus
1477 3818 1546 3874 de
1590 3817 1918 3888 Corpoleyo,

228 3909 439 3981 inquit,
491 3908 670 3964 abbas
700 3908 880 3980 hujus
926 3909 1253 3964 monasterii
1298 3907 1482 3963 locum
1521 3907 1833 3977 sepulturae
1864 3907 1946 3984 in.

229 4000 402 4056 choro
434 3998 631 4069 templi
656 4011 833 4069 prope
883 3997 1213 4054 Morardum
1262 3996 1526 4053 abbatem
1561 3995 1782 4052 habuit.
1814 3995 1923 4062 Qui

230 4089 391 4145 vario
435 4088 622 4157 lapide
667 4086 924 4143 obtectus
948 4085 1227 4156 plurimas
1263 4086 1390 4156 ejus
1430 4084 1600 4141 laude
1645 4093 1921 4155 recenset,

231 4176 465 4242 scilicet,
515 4174 672 4246 quod
715 4173 887 4231 fuerit
916 4172 1152 4230 consilio
1194 4180 1405 4240 certus,
1457 4173 1615 4229 omni
1674 4172 1924 4229 bonitate

233 4265 498 4331 refertus,
554 4262 902 4334 pauperibus
965 4262 1183 4334 largus,
1256 4261 1707 4331 circumspectus
1767 4261 1925 4318 velut

2004 533 2231 591 etinth
2278 532 2745 589 anniversarium
2784 529 2876 586 sui
2925 528 3116 584 obitus
3162 529 3328 584 diem.
3368 529 3709 585 Denascitur

2008 621 2559 683 ViennaeCiaconius
2593 619 2885 677 Avenione
2922 618 3075 686 1311,
3105 631 3299 674 mense
3322 617 3615 673 Deccmbri
3648 615 3707 670 in

2005 711 2244 769 ecclesia
2283 710 2472 767 Sancti
2518 709 2756 766 Joannis
2798 721 3118 763 marmoreo
3168 705 3390 762 tumulo
3421 705 3699 774 sepultus,

2006 801 2100 857 cui
2127 798 2412 870 sculptum
2438 805 2522 855 est
2550 797 2893 868 ejuscemodi
2923 794 3299 865 epitaphium.

2148 892 2223 944 De
2252 890 2403 945 Suist'
2426 892 2588 942 natus
2617 887 2926 956 Stephanus
2964 886 3102 938 iacet
3133 885 3235 938 huc
3261 884 3559 937 tumulatus
3584 897 3599 935 :

2151 980 2257 1049 Qui
2283 993 2338 1032 se
2363 979 2527 1047 gessit
2557 978 2639 1030 ita
2669 975 2912 1043 vivendo,
2947 973 3093 1044 quod
3121 973 3440 1027 archilevita

2150 1069 2443 1134 Burgensis
2470 1065 2705 1135 pridem,
2747 1078 2876 1117 mox
2895 1063 3253 1116 cancellarius
3282 1060 3425 1113 idem

2150 1157 2312 1209 Aula:
2341 1154 2542 1222 regalis
2563 1154 2709 1217 fuit;
2730 1152 2926 1205 exhinc
2957 1150 3361 1218 carquedc'nalis

2154 1260 2189 1298 11
2212 1244 2370 1299 semel
2399 1247 2451 1296 et
2480 1257 2511 1297 c
2539 1247 2618 1298 ter
2640 1255 2677 1297 v
2709 1240 2791 1294 bis
2818 1238 2979 1294 semet
3008 1254 3047 1307 l,
3076 1253 3197 1291 nece
3223 1242 3354 1291 teter

2156 1336 2350 1388 Factus
2379 1330 2610 1387 decessit
2642 1329 2941 1398 Decembri,
2965 1330 3053 1382 cui
3082 1330 3292 1396 requies
3322 1327 3413 1379 sit.

2083 1422 2269 1478 XXIII.
2326 1421 2589 1491 ZEgidius
2640 1419 2708 1475 de
2773 1419 2963 1473 Ptatea
3024 1414 3340 1471 1333—1353
3407 1413 3499 1469 hic
3557 1426 3711 1467 anno

2016 1513 2171 1579 1342,
2208 1511 2423 1567 reditus
2454 1508 2757 1565 nonnullos
2811 1507 3000 1579 gratia
3048 1504 3366 1562 festivitatis
3400 1503 3452 1560 S.
3485 1500 3712 1558 Flocelli

2012 1600 2175 1672 pueri
2206 1599 2474 1670 martyris
2503 1597 2914 1668 Augustodun.
2947 1596 3037 1652 die
3090 1599 3150 1650 17
3186 1591 3531 1665 Septembris
3565 1590 3713 1646 cele-

2019 1690 2253 1748 brandae
2283 1687 2563 1745 attribuit.

2090 1778 2277 1835 XXIV.
2323 1776 2611 1834 Gerardus
2665 1790 2767 1846 per
2820 1774 3235 1832 abdicationem
3291 1770 3503 1843 .Egidii
3551 1771 3707 1825 1353.

2084 1867 2237 1924 XXV.
2291 1865 2557 1923 Joannes.
2612 1865 2678 1920 In
2725 1864 2924 1921 charta
2982 1864 3149 1933 Hugo
3196 1861 3452 1932 proxime
3506 1860 3713 1915 subse-

2016 1970 2202 2027 quens
2228 1954 2440 2024 abbas;
2469 1952 2706 2009 Joannis
2729 1958 2784 2008 et
2812 1951 3046 2008 Gerardi
3078 1952 3441 2006 decessorum
3472 1960 3711 2003 suorum

2016 2043 2308 2109 meminit;
2366 2042 2686 2098 obtestatur
2753 2037 3015 2095 videlicet
3071 2036 3262 2092 ﬁdeles
3315 2042 3603 2106 quatenus
3640 2032 3714 2087 ad

2018 2135 2198 2189 Deum
2232 2145 2421 2201 preces
2453 2143 2556 2200 pro
2589 2128 2898 2184 animabus
2928 2140 3128 2183 eorum
3168 2124 3450 2181 emittant.

2088 2220 2264 2276 XXVI.
2298 2220 2463 2291 Hugo
2508 2218 2589 2275 111
2645 2218 2714 2273 de
2771 2216 3117 2274 Castillione.
3172 2215 3502 2279 1385-1103,
3536 2210 3715 2267 abbas

2017 2316 2316 2381 cooptatur
2350 2306 2618 2364 Belliloci.
2670 2305 2948 2362 Andrzeas
3003 2305 3084 2361 du
3132 2303 3353 2361 Cbesue
3384 2302 3525 2357 Hist.
3553 2300 3715 2372 ejus-

2018 2399 2146 2456 dem
2170 2397 2418 2464 familize,
2460 2410 2590 2467 pag.
2618 2394 2739 2450 559.
3234 2414 3249 2423 -

2088 2487 2296 2544 XXVII.
2330 2485 2673 2551 Chatardus,
2709 2482 2865 2539 1407.

2088 2575 2327 2633 XXVIII.
2353 2576 2601 2631 Joannes
2646 2570 2974 2643 Jacquinot,
3020 2568 3195 2640 vulgo
3228 2570 3303 2624 La
3336 2566 3576 2624 Codasse
3609 2578 3715 2621 vo-

2019 2665 2247 2733 citatus,
2285 2662 2606 2720 1436-1456.

2090 2754 2262 2810 XXIX
2339 2753 2587 2810 Jacobus
2660 2750 2843 2819 Botin,
2908 2748 3243 2805 1481—1463.
3316 2746 3487 2809 Eum,
3546 2742 3718 2799 abdi-

2021 2850 2149 2900 cata
2190 2842 2440 2909 abbatia,
2481 2839 2613 2898 Pius
2656 2840 2708 2896 Il
2755 2837 3010 2911 pontifex
3045 2836 3339 2894 maximus
3385 2833 3716 2905 episcopum

2022 2930 2518 3002 Hierapolitanum
2548 2929 2885 3000 inaugurat.

1945 3047 1984 3104 ο
2093 3020 2240 3077 ΧΧΧ.
2297 3018 2584 3075 Antonius
2633 3017 2869 3088 Crespin
2921 3015 3176 3104 primum
3218 3012 3515 3104 episcopus
3561 3008 3718 3104 Lau-

1961 3099 1983 3118 ‘r
2024 3108 2318 3175 dunensis,
2378 3114 2495 3164 tum
2568 3106 3034 3177 archiepiscopus
3102 3099 3490 3160 Narbonensis
3560 3100 3713 3160 1460,

2023 3212 2093 3255 ex
2127 3197 2432 3254 traditione
2460 3196 2652 3253 Jacobi
2686 3196 2759 3252 ab
2802 3195 3000 3252 eodem
3043 3206 3269 3249 summo
3319 3188 3580 3261 pontilice
3626 3186 3719 3241 ab-

2024 3286 2239 3344 batiam
2270 3285 2486 3342 obtinet
2517 3285 2574 3341 in
2604 3283 2997 3340 commendam
3021 3296 3173 3338 anno
3206 3281 3361 3335 1461.

2096 3375 2268 3431 XXXI.
2315 3376 2562 3429 Joannes
2610 3373 2860 3429 Aubinet
2902 3384 2975 3428 ex
3035 3369 3251 3441 gremio
3304 3365 3717 3423 monachorum

2026 3463 2261 3533 eligitur
2291 3462 2347 3517 in
2378 3462 2665 3517 abbatem.
2692 3461 2919 3516 Primus
2950 3459 3227 3515 abbatum
3254 3454 3442 3512 Sancti
3462 3451 3718 3519 Joannis,

2029 3550 2278 3622 insignia
2334 3548 2683 3619 pontificalia
2738 3562 2773 3603 a
2818 3548 2977 3604 Sixto
3030 3559 3181 3617 papa
3233 3545 3313 3603 IV
3367 3550 3452 3600 est
3480 3542 3724 3613 adeptus

2030 3654 2180 3697 anno
2207 3640 2364 3694 1482.
2397 3638 2573 3694 Desiit
2600 3652 2795 3694 mense
2824 3636 3141 3706 Septembri
3166 3633 3326 3689 1491.

2098 3730 2306 3785 XXXII.
2342 3729 2580 3786 Carolus
2608 3730 2680 3786 de
2710 3728 3138 3799 Luxemburgo.
3172 3726 3341 3782 Hunc
3370 3731 3721 3795 postremum

2029 3820 2229 3877 sortito
2257 3833 2331 3875 ex
2359 3817 2639 3889 episcopis
2660 3816 3143 3874 Laudunensibus
3172 3814 3491 3884 capitulum
3520 3810 3724 3881 accipit

2030 3924 2185 3966 anno
2217 3910 2385 3979 I472;
2439 3914 2565 3978 post
2609 3907 2844 3963 Joannis
2886 3904 3135 3961 Aubinet
3181 3904 3387 3977 funera
3440 3902 3503 3959 ﬁt
3546 3901 3725 3958 abbas

2029 3997 2572 4055 commendatarius.
2592 3996 2833 4053 Moritur
2857 3998 3011 4050 1509.

2100 4086 2337 4143 XXXIII.
2394 4087 2641 4142 Joannes
2714 4085 2960 4155 Moynet,
3029 4082 3186 4140 1510.
3242 4080 3489 4140 Ultimus
3548 4078 3726 4136 abbas

2030 4175 2380 4233 monasticen
2411 4174 2696 4246 professus
2723 4174 3061 4246 defungitur
3089 4173 3249 4228 1520.

2502 4264 2743 4319 Abbates
2780 4262 3245 4318 commendatarii.

233 4352 454 4424 Argus;
515 4366 691 4423 quem
742 4350 929 4407 clerus
962 4350 1226 4419 charum,
1279 4363 1403 4418 rex,
1456 4350 1633 4421 plebs,
1695 4349 1918 4419 habuit,
1953 4347 1997 4402 D
2102 4353 2343 4412 XXXIV.
2375 4353 2680 4411 Mattheus
2711 4352 3013 4423 l’Evesque
3041 4352 3227 4407 dictus
3255 4349 3325 4405 de
3354 4348 3722 4415 Marconnay,

235 4440 653 4511 monarchique
713 4439 772 4496 in
837 4439 1006 4497 vultu
1055 4441 1299 4507 clarum,
1348 4439 1628 4508 sobrium,
1693 4453 1927 4509 corpore

234 4530 541 4587 mundum.
570 4529 787 4587 Caetera
810 4536 1093 4586 vetustate
1132 4527 1453 4599 attrituque
1495 4528 1707 4599 pedum
1745 4527 1928 4585 deleta

232 4618 344 4691 legi
386 4626 702 4689 nequeunt.
755 4620 820 4675 In
869 4620 980 4675 ﬁne
1025 4626 1215 4674 tamen
1260 4617 1611 4688 praescriptio
1657 4616 1929 4688 temporis

229 4709 502 4779 praeclare
530 4715 787 4780 apparet,
837 4708 921 4763 sic
950 4721 963 4763 :
996 4708 1196 4763 Traxit
1226 4706 1438 4778 Aprilis
1465 4721 1597 4763 eum
1626 4714 1712 4763 ter
1737 4708 1929 4764 Nonas

225 4810 271 4851 11
301 4812 334 4852 c
373 4804 477 4864 ter,
506 4811 544 4852 x
574 4803 679 4863 ter,
710 4811 727 4852 1
758 4803 984 4867 quater.
1015 4816 1036 4845 ι
1070 4795 1239 4851 Nunc
1260 4808 1399 4852 vero
1432 4794 1578 4865 lapis
1608 4795 1701 4851 ille
1729 4797 1927 4867 sepul-

227 4884 402 4941 cralis
428 4884 634 4941 visitur
664 4892 797 4941 ante
819 4885 1011 4956 majus
1033 4883 1212 4940 altare
1242 4884 1353 4941 sub
1382 4882 1672 4940 cancellis.

297 4973 485 5029 XXII.
520 4975 724 5029 Petrus
768 4972 846 5029 IV
874 4972 941 5027 de
973 4974 1117 5041 May.
1167 4972 1266 5028 His
1295 4973 1649 5043 temporibus
1690 4971 1924 5043 Stepha-

226 5076 340 5118 nus
381 5061 451 5119 de
500 5061 793 5132 Suisyaeo,
841 5060 1055 5131 (Suisy)
1104 5060 1246 5117 villa
1288 5061 1348 5117 in
1394 5076 1534 5132 agro
1563 5061 1925 5118 Laudunensi

225 5153 377 5221 (quas
434 5149 768 5207 monasterii
827 5148 1015 5206 Sancti
1051 5150 1287 5206 Joannis
1337 5149 1459 5220 juri
1510 5150 1783 5221 subjacet)
1832 5164 1925 5206 ar-

224 5238 603 5295 chidiaconus
647 5236 958 5308 Burgensis
998 5237 1136 5305 sive,
1181 5245 1247 5292 ut
1285 5237 1401 5305 alii,
1448 5237 1760 5308 Brugensis
1789 5237 1924 5309 (non

226 5327 566 5395 Biturensis,
600 5334 663 5383 ut
683 5326 856 5382 habet
884 5325 1230 5395 Ciaconius),
1270 5325 1477 5381 deinde
1521 5325 1775 5381 Francite
1800 5339 1929 5381 can-

226 5415 515 5486 cellarius,
546 5430 613 5472 ac
641 5415 875 5472 demum
907 5414 963 5470 8.
1000 5414 1066 5471 11.
1097 5415 1162 5471 Ε.
1195 5413 1506 5470 cardinalis
1546 5413 1695 5469 tituli
1735 5413 1923 5470 Sancti

228 5504 450 5574 Cyriaci
500 5504 559 5559 in
605 5503 898 5560 Thermis:
949 5516 1102 5559 anno
1165 5502 1392 5558 circiter
1458 5504 1595 5557 1310
1652 5501 1924 5558 sacellum

232 5593 411 5649 beatze
465 5592 725 5663 Virginis
771 5600 826 5649 et
891 5590 1079 5648 Sancti
1137 5590 1406 5661 Stephani
1466 5591 1922 5661 protomartyris,

2035 4443 2267 4500 natione
2314 4442 2675 4510 Pictavensis,
2725 4441 3025 4512 episcopus
3062 4438 3248 4510 Trojm
3284 4450 3536 4507 magna;
3594 4447 3726 4504 pos-

2034 4530 2339 4587 sessionem
2371 4530 2499 4586 iniit
2533 4533 2708 4597 1120;
2737 4530 2918 4586 abbas
2945 4527 3117 4585 simul
3153 4528 3209 4584 S.
3248 4524 3464 4583 Nicolai
3505 4520 3729 4580 111110111-

2035 4619 2366 4686 montensis,
2394 4627 2448 4674 et
2486 4619 2539 4675 S.
2576 4618 2867 4674 Michaelis
2898 4617 2953 4672 in
2983 4617 3319 4672 Therascea.

2103 4707 2294 4761 XXXV.
2321 4708 2567 4763 Joannes
2593 4720 2627 4763 a
2666 4705 3056 4777 Lotharingia,
3105 4704 3303 4761 Renati
3345 4697 3729 4769 Lotharingiee

2034 4792 2196 4849 ducis
2226 4799 2282 4849 et
2304 4794 2580 4864 Philippa;
2625 4793 2910 4850 Gueldriaa
2958 4791 3129 4859 illius,
3179 4789 3588 4862 possessionem
3629 4798 3731 4857 per

2034 4881 2429 4940 Valerannum
2460 4882 2529 4938 de
2553 4881 2609 4937 la
2641 4882 2797 4952 Haye
2834 4880 3176 4937 canonicum
3205 4893 3272 4936 ac
3302 4877 3727 4934 thesaurarium

2035 4970 2300 5028 Laudun.
2333 4971 2451 5027 Hac
2482 4970 2540 5025 in
2581 4983 2642 5026 re
2688 4969 3337 5041 illiusprocuratorem,
3380 4966 3621 5038 adeptus
3647 4971 3731 5021 est

2033 5072 2187 5116 anno
2221 5062 2354 5114 1533
2384 5058 2455 5114 ad
2489 5058 2645 5113 I535.

2102 5148 2341 5205 XXXVI.
2380 5150 2582 5205 Petrus
2619 5145 2890 5204 Cauchon
2947 5159 3049 5202 seu
3101 5144 3170 5201 de
3220 5145 3460 5215 Maupas
3492 5141 3626 5197 1535
3678 5149 3747 5199 et.

2034 5250 2187 5292 anno
2219 5240 2353 5293 1566
2377 5237 2665 5294 abbatiam
2696 5235 2934 5293 Claudio
2965 5248 3239 5307 germano
3271 5233 3463 5290 tradit.

2103 5326 2357 5383 XXXVII.
2405 5325 2682 5383 Claudius
2748 5324 3040 5393 Cauchon,
3106 5322 3255 5379 Petri
3303 5323 3497 5390 frater,
3557 5319 3729 5376 simul

2033 5414 2213 5470 abbas
2258 5415 2312 5470 S.
2376 5414 2627 5484 Dionysii
2678 5413 2971 5471 Remensis
3021 5412 3182 5468 1566.
3238 5410 3477 5468 Claudio
3505 5425 3536 5467 e
3582 5407 3732 5465 vivis

2033 5503 2280 5571 sublato,
2302 5502 2601 5559 Matthaeus
2628 5502 2785 5559 Brice
2816 5516 3148 5559 meonomus
3173 5500 3511 5557 instituitur.

2101 5590 2392 5648 XXXVIII.
2458 5589 2785 5662 Stephanus
2856 5590 3028 5647 Penei
3064 5589 3383 5661 presbyter
3431 5586 3734 5657 religiosus
