3924 6090
186 276 318 331 1183

1228 282 1318 336 AD
1356 282 1509 338 OPP.
1555 283 1706 339 VEN.
1750 285 2085 342 GUIBERTI
2128 282 2218 340 DE
2258 281 2652 340 NOVIGENTO

3552 283 3698 335 1184

182 410 306 466 1601
334 398 361 481 ;“
385 410 689 468 Mattbaeus
716 418 905 468 tamen
930 424 1261 469 (economus
1290 427 1406 469 non
1433 413 1646 471 destitit
1673 429 1874 473 curam
1904 418 1949 473 Α
1984 429 2057 471 ex
2081 413 2303 471 consilii
2347 411 2524 469 nostri
2581 410 2808 468 decreto
2860 409 2917 466 in
2964 410 3118 467 hanc
3148 409 3494 468 sententiam
3527 409 3701 467 decli-

175 514 372 571 gerere
398 499 746 557 monasterii.

245 588 471 645 XXXIX.
525 591 771 645 Joannes
825 589 1042 647 Aubert
1101 590 1299 649 doctor
1355 592 1656 665 theologus
1712 597 1868 663 1608,

177 679 483 734 defunctus
512 676 747 734 Parisiis
786 692 940 736 anno
972 681 1129 749 1626,
1159 679 1216 736 in
1246 681 1483 739 ecclesia
1513 681 1704 740 Sancti
1725 684 1871 740 Lan-

177 765 354 823 derici
384 765 707 823 funeratur.

245 854 358 908 XL.
389 854 618 911 Gabriel
649 856 1053 927 Albaspinteus
1081 860 1529 918 Aurelianorum
1553 862 1871 934 episcopus,

177 944 279 1014 qui
310 943 537 1015 generis
561 944 964 1004 claritudinem
998 948 1193 1005 infulis
1239 950 1592 1020 sublimavit,
1629 966 1875 1008 exorna-

179 1034 261 1090 vit
311 1033 633 1091 infularum
699 1034 1039 1105 dignitatem
1093 1052 1393 1097 sacrorum
1450 1053 1761 1109 canonum,
1823 1047 1877 1096 et

179 1123 522 1194 antiquioris
553 1124 851 1196 theologia:
897 1127 1118 1195 studiis,
1151 1127 1493 1199 scriptisque
1545 1129 1871 1186 illustravit.

179 1212 486 1268 Abbatiam
546 1212 600 1269 8.
645 1215 879 1270 Joannis
933 1225 1276 1273 consecutus
1316 1227 1399 1275 est
1448 1218 1673 1275 circiter
1715 1220 1873 1288 1627,

178 1307 234 1355 et
263 1314 416 1355 anno
445 1302 599 1368 1629,
630 1302 871 1358 exuitur
898 1304 1261 1361 mortalitate.

249 1386 383 1442 XLI.
413 1384 664 1456 [Carolus
721 1388 1123 1460 Albaspinwus
1167 1392 1443 1449 Gabrielis
1491 1394 1684 1462 frater,
1715 1408 1877 1451 mar-

180 1475 308 1530 chio
345 1475 414 1531 de
471 1475 870 1533 Chateaunenf
927 1479 1096 1550 regiis
1158 1481 1361 1551 sigillis
1414 1483 1733 1552 praefectus,
1767 1491 1873 1539 etc.

180 1565 375 1620 Abbas
405 1566 617 1635 pariter
647 1565 701 1621 S.
737 1566 907 1639 Eligii
951 1568 1367 1638 Noviomcnsis,
1417 1571 1485 1627 de
1539 1572 1795 1629 Pratellis
1823 1579 1880 1629 et

178 1653 341 1725 Nigri
372 1653 582 1725 Lacus;
616 1654 708 1710 vir
736 1663 821 1711 est
853 1655 1051 1712 multis
1082 1656 1319 1730 integrae
1348 1674 1414 1715 ac
1445 1666 1695 1716 strenua;
1719 1661 1871 1728 vitae,

180 1756 495 1813 rerumque
551 1744 823 1813 praeclare
902 1719 1233 1816 gestarumv
1279 1748 1552 1805 laudibus
1612 1748 1873 1821 insignis.
1909 1719 1950 1774 Β

180 1830 488 1901 Egregiam
536 1831 772 1889 navavit
820 1847 1051 1903 operam
1102 1842 1162 1891 ut
1203 1835 1509 1906 collapsam
1542 1838 1601 1892 in
1632 1837 1878 1907 praefatis

181 1920 541 1977 monasteriis
601 1921 655 1977 S.
701 1920 894 1994 Eligii,
955 1924 1331 1994 Pratellensis,
1377 1926 1591 1997 regulae
1641 1927 1881 1983 Benedi-

180 2008 346 2064 ctinze
377 2009 821 2080 observantiam,
856 2019 1027 2081 prout
1055 2012 1115 2068 in
1143 2015 1584 2086 congregatione
1606 2014 1661 2071 8.
1693 2014 1881 2071 Mauri

181 2096 379 2169 vigere
406 2097 790 2169 dignoscitur,
822 2100 1161 2168 restitueret,
1194 2110 1682 2174 propagaretque;
1711 2104 1881 2176 cujus

181 2185 262 2241 rei
315 2186 502 2257 gratia
559 2186 629 2241 ad
686 2186 738 2242 8.
802 2188 1038 2245 Joannis
1093 2190 1474 2247 Laudunense
1555 2194 1881 2250 coenobium

181 2281 446 2330 evocatos
475 2275 549 2331 ab
578 2289 644 2331 eo
683 2276 879 2333 Patres
921 2278 1320 2335 Benedictinos
1359 2280 1512 2337 illius
1558 2295 1881 2354 congrega-

185 2362 355 2418 tionis
414 2362 837 2421 illustrissimus
917 2365 1268 2424 Philibertus
1349 2368 1418 2424 de
1500 2370 1882 2428 Brichanteau

185 2451 450 2507 Laudun.
482 2453 735 2521 antistes,
769 2453 1069 2512 celebratis
1097 2456 1407 2527 pontificali
1430 2458 1547 2515 ritu
1576 2460 1881 2517 missarum

184 2540 493 2608 solemniis,
543 2541 763 2613 excepit
809 2543 1082 2623 Kalendis
1127 2545 1411 2615 Januarii,
1461 2560 1556 2603 an.
1607 2556 1881 2618 reparata

186 2628 389 2684 salutis
424 2633 576 2684 1648.

186 2628 389 2686 salutis
424 2633 576 2686 1648.

185 2728 259 2781 De
335 2730 661 2783 monasterio
718 2729 774 2784 S.
877 2731 1116 2785 Martini
1180 2731 1583 2802 Laudunensis,
1668 2735 1881 2790 ordinis

755 2802 1313 2859 Praemoustratensis.

257 2895 492 2952 Tabulze
524 2895 847 2952 donationis
871 2897 1121 2955 ecclesiae
1152 2899 1205 2955 S.
1230 2899 1459 2956 Martini
1484 2901 1885 2963 Laudunensis

187 2983 379 3041 ordini
446 2985 987 3078 ‘l’rzemonstratensi
1065 3001 1099 3043 a
1153 2988 1566 3047 Bartholomaao
1620 2985 1882 3063 episcopo
1913 3024 1952 3078 ο

187 3081 347 3139 actm,
382 3073 523 3130 mihi
554 3088 926 3145 nequaquam
960 3083 1098 3133 sunt
1129 3078 1628 3147 praetermittenda)
1661 3079 1881 3151 :siqui-

189 3161 318 3218 dem
342 3163 708 3220 Hermannus
728 3162 904 3221 libros
924 3172 1037 3222 tres
1058 3167 1135 3222 De
1156 3167 1449 3225 miraculis
1464 3168 1645 3226 beatae
1668 3170 1880 3237 Mariae,

191 3248 454 3305 Laudun.
486 3249 556 3305 de
607 3251 919 3321 composito
965 3252 1161 3321 edidit,
1215 3263 1504 3325 quatenus
1551 3258 1887 3327 praeclaram

190 3335 404 3393 virtute
431 3345 486 3393 et
514 3337 812 3395 sanctitate
854 3341 1119 3410 praesulis
1169 3342 1325 3400 illius
1359 3345 1536 3401 vitam
1576 3345 1887 3416 consigna-

190 3431 276 3481 ret
305 3425 660 3495 posteritati;
713 3426 912 3484 iisdem
964 3443 1070 3501 ego
1125 3431 1338 3500 pariter
1392 3432 1513 3502 ipse
1568 3433 1890 3491 rationibus

190 3513 450 3582 allectus,
482 3515 772 3586 quidquid
801 3517 1033 3587 praefato
1054 3519 1308 3589 pontifici
1333 3521 1693 3591 splendorem
1712 3522 1889 3579 alier-

191 3609 297 3669 ret,
321 3602 366 3659 si
407 3603 616 3660 nostris
669 3605 1168 3664 observationibus
1197 3608 1503 3666 insererem
1560 3618 1721 3668 ratus
1773 3611 1891 3669 fore

191 3705 306 3746 non
330 3690 735 3762 injucundum.

196 3789 552 3857 Privitegium
609 3791 990 3864 Boi-thalami
1055 3795 1294 3864 episcopi
1367 3795 1767 3864 Laudunensis,
1825 3797 1892 3853 de

582 3860 922 3916 ordinatione
945 3860 1134 3919 domis
1155 3867 1215 3921 S.
1231 3860 1495 3923 ’Μανῆηῄ

271 3977 291 4003 ι
323 3955 390 4010 In
441 3956 673 4014 nomine
720 3966 931 4015 sanctae
958 3967 1014 4016 et
1057 3960 1369 4019 individuae
1413 3963 1729 4021 Trinitatis.
1769 3966 1891 4037 Ego

195 4042 646 4102 Bartholomaeus
673 4047 769 4102 Dei
801 4048 991 4119 gratia
1018 4058 1230 4106 sanctae
1266 4052 1666 4110 Laudunensis
1694 4053 1893 4111 Eccle-

195 4131 292 4188 siae
327 4131 585 4190 minister
613 4134 907 4206 indignus.
945 4135 1092 4204 Quia
1120 4152 1192 4195 ex
1224 4139 1467 4211 injuncti
1495 4141 1666 4198 officii
1692 4156 1892 4199 neces-

197 4219 469 4288 situdine,
536 4221 631 4278 cui
688 4230 921 4281 auctore
988 4226 1102 4283 Deo
1169 4227 1544 4298 deservimus,
1602 4230 1890 4298 Ecclesiae,

1982 504 2250 560 navimus
2292 508 2356 558 ut
2400 501 2596 557 fratris
2644 499 2931 563 Norberti,
2989 499 3095 571 qui
3155 500 3217 555 in
3259 499 3493 572 Vosagii
3542 498 3701 555 silva

1983 592 2138 663 apud
2168 592 2675 648 Przemonstratum
2698 589 2911 657 locum,
2927 603 3064 646 cum
3084 602 3299 660 magna
3328 589 3696 645 famulorum

1985 680 2080 737 Dei
2136 696 2332 746 manu,
2395 679 2504 736 sub
2576 677 2854 735 canonica
2922 677 3266 749 professione
3330 678 3697 734 eremiticam

1982 771 2164 828 vitam
2218 768 2612 837 constituerat,
2669 783 2824 825 cura:
2872 775 2926 824 et
2978 767 3333 838 dispositioni
3386 765 3697 824 ecclesiam

1984 857 2138 915 illam
2195 856 2699 914 committeremus.
2761 855 2868 923 Qui
2940 870 3073 912 cum
3139 856 3409 926 precibus
3474 853 3700 911 nostris

1984 946 2385 1018 acquievisset,
2439 946 2726 1001 sancitum
2780 954 2863 1001 est
2908 952 2992 1008 ut,
3053 944 3202 1001 sicut
3255 944 3346 1001 ille
3393 944 3559 1001 locus
3619 943 3699 999 ab

1983 1037 2223 1105 antiquo
2255 1035 2314 1090 in
2341 1049 2519 1091 manu
2551 1034 3032 1104 praedecessorum
3083 1040 3413 1091 nostrorum
3442 1032 3701 1091 exstite-

1984 1132 2093 1195 rat,
2128 1125 2205 1180 ita
2227 1132 2281 1181 0t
2311 1138 2471 1180 nunc
2496 1124 2555 1179 in
2588 1130 2785 1179 nostra
2813 1137 3326 1194 successorumquc
3351 1130 3699 1179 nostrorum

1985 1223 2297 1285 remaneat,
2329 1215 2650 1285 fratresque
2671 1213 2772 1284 qui
2790 1212 2863 1268 ad
2876 1226 3011 1289 eum
3032 1226 3133 1282 pro
3148 1212 3334 1269 salute
3352 1212 3699 1267 animarum

1986 1307 2080 1378 pia
2110 1304 2411 1363 devotione
2440 1302 2796 1370 convenient,
2830 1300 3096 1358 ordinato
3116 1300 3224 1358 sibi
3251 1300 3457 1358 abbate
3488 1315 3702 1356 secun-

1984 1395 2123 1451 dum
2154 1393 2415 1465 regulam
2448 1391 2598 1448 beati
2636 1389 2948 1462 Augustini
2987 1390 3061 1446 a‘d
3099 1397 3350 1447 tenorem
3384 1390 3701 1445 Praemon-

1985 1482 2142 1541 strati
2187 1482 2294 1538 loci
2343 1480 2617 1539 canonice
2645 1480 2865 1535 vivant.
2897 1477 3058 1545 Quod
3082 1479 3128 1533 si
3165 1478 3308 1535 forte
3327 1479 3511 1535 abbas
3540 1478 3700 1533 beati

1986 1572 2232 1640 Martini,
2288 1571 2596 1642 instigante
2638 1566 2884 1635 diabolo,
2934 1581 2968 1623 a
3020 1568 3235 1640 regulae
3288 1583 3409 1624 suae
3460 1566 3701 1624 tramite

1986 1661 2320 1729 deviaverit,
2378 1664 2816 1727 conventusque
2871 1655 2944 1712 ab
2996 1657 3260 1727 episcopo
3312 1654 3698 1712 Laudunensi

1987 1759 2162 1823 atque
2192 1747 2617 1808 Praemonstrati
2674 1750 2778 1806 loci
2822 1748 3048 1814 abbate,
3084 1745 3145 1800 in
3192 1746 3501 1816 praesentia
3535 1744 3700 1799 Lau-

1988 1840 2265 1897 dunensis
2310 1838 2594 1906 Ecclesiae,
2654 1838 2713 1893 in
2766 1833 3079 1909 pertinacia
3130 1841 3185 1889 et
3232 1833 3538 1889 aversione
3585 1845 3701 1888 sua

1988 1927 2385 1999 permanserit,
2417 1927 2745 1983 convocatis
2780 1925 3038 1996 ejusdem
3075 1921 3365 1992 religionis
3394 1920 3697 1977 coabbati-

1988 2016 2097 2073 bus
2151 2015 2307 2086 apud
2367 2016 2875 2071 Preemonstratum
2923 2013 2992 2069 de
3048 2011 3263 2081 regulae
3318 2007 3702 2066 exsecutione

1987 2105 2098 2161 sub
2131 2118 2333 2161 eorum
2373 2102 2767 2160 testificatione
2814 2100 3177 2166 discutiatur,
3209 2106 3385 2169 atque
3424 2096 3701 2166 corripia-

1988 2200 2107 2250 tur.
2139 2192 2195 2249 Si
2227 2207 2363 2248 vero
2394 2192 2454 2248 in
2495 2192 2645 2247 malo
2700 2206 2805 2247 suo
2856 2190 3200 2257 obstinatus,
3231 2194 3286 2244 ct
3315 2187 3465 2243 sicut
3496 2187 3703 2241 confu-

1988 2289 2144 2338 tatus
2164 2278 2934 2350 incorrigibilisapparuerit,
2959 2278 3181 2346 absque
3201 2275 3321 2332 ulla
3347 2274 3703 2331 retractione

1989 2371 2063 2426 ab
2095 2369 2307 2426 eisdem
2328 2368 2636 2424 abbatibus
2664 2367 2982 2424 secundum
3005 2364 3302 2436 religionis
3319 2378 3441 2420 suae
3467 2363 3703 2418 institu-

1989 2459 2201 2515 tionem
2250 2458 2593 2528 deponatur,
2639 2455 2906 2527 aliusque
2947 2454 3214 2518 idoneus,
3274 2465 3478 2508 eorum
3538 2466 3703 2507 com-

1990 2547 2153 2604 muni
2179 2545 2413 2602 consilio
2466 2552 2522 2602 et
2576 2545 2867 2611 electione,
2914 2544 2974 2598 in
3021 2542 3210 2598 locum
3258 2540 3386 2611 ejus
3416 2539 3704 2611 evestigio

1990 2636 2357 2707 subrogetur,
2388 2643 2443 2691 et
2468 2635 2540 2690 ab
2569 2634 2836 2704 episcopo
2866 2629 3235 2687 Laudunensi
3263 2627 3585 2685 ordinetur.

2068 2746 2090 2772 ι
2125 2722 2367 2794 Signum
2423 2719 2822 2776 Bartholomzei
2875 2717 3274 2775 Laudunensis
3323 2715 3603 2787 episcopi.
3641 2713 3701 2769 8.

1991 2811 2254 2869 Widonis
2303 2809 2505 2866 decani
2530 2816 2586 2866 et
2613 2806 3018 2865 archidiaconi.
3052 2806 3107 2862 S.
3141 2804 3367 2863 Radulﬁ
3398 2803 3706 2859 archidia-

1992 2900 2140 2957 coni.
2175 2900 2226 2956 S.
2262 2898 2486 2956 Seifridi
2514 2897 2740 2954 abbatis
2786 2896 2976 2953 Sancti
3020 2893 3326 2952 Vincentii.
3357 2893 3413 2949 S.
3448 2892 3711 2948 Simonis

1992 2988 2218 3047 abbatis
2241 2987 2432 3045 Sancti
2463 2986 2675 3043 Nicolai
2708 2986 2777 3042 de
2831 2984 3004 3041 Silva.
3039 2982 3094 3039 S.
3147 2981 3421 3038 Bernardi
3467 2979 3711 3035 abbatis

1991 3076 2342 3137 Clarevallis.
2413 3074 2470 3132 S.
2544 3073 2809 3132 Rainaldi
2866 3072 3091 3129 abbatis
3157 3069 3578 3128 Fusniacensis.
3645 3068 3707 3124 S.

1995 3164 2259 3223 Blehardi
2310 3163 2582 3221 cantoris.
2629 3163 2685 3219 S.
2741 3161 3023 3232 Drogonis
3059 3156 3392 3229 presbyteri.
3439 3157 3497 3212 8.
3530 3156 3710 3213 Ebali

1994 3252 2353 3311 subdiaconi.
2396 3252 2449 3309 8.
2499 3250 2760 3308 Widonis
2812 3248 3171 3306 subdiaconi.
3218 3247 3273 3302 S.
3317 3246 3545 3303 Roberti
3574 3258 3713 3301 aco-

1995 3342 2116 3415 lyti.
2170 3342 2225 3399 S.
2270 3340 2496 3399 Boberti
2538 3340 2738 3397 decani
2795 3337 2986 3396 Sancti
3037 3336 3293 3393 Joannis.
3342 3335 3397 3391 S.
3432 3334 3710 3390 Gaufridi

1995 3430 2261 3488 cantoris.
2314 3429 2368 3487 S.
2436 3428 2734 3486 Haimonis
2794 3424 3156 3484 tbesaurarii.
3215 3423 3270 3480 S.
3331 3421 3582 3480 Henrici.
3646 3421 3708 3477 8.

1994 3520 2345 3579 Guntranni.
2401 3519 2454 3576 S.
2514 3517 2790 3590 Hugonis.
2862 3516 2916 3573 S.
2975 3513 3356 3572 Clarembaldi
3412 3512 3482 3569 de
3552 3512 3706 3568 foro.

1998 3607 2051 3664 S.
2084 3606 2299 3664 Nicolai
2331 3606 2646 3664 castellani.

2071 3718 2093 3745 ι
2138 3697 2309 3752 Anno
2376 3696 2664 3752 lncarnat.
2728 3693 3041 3751 Dominicae
3103 3694 3274 3761 1124;
3339 3689 3537 3745 indict.
3594 3704 3708 3757 xu,

1996 3795 2178 3859 epact.
2212 3802 2312 3843 XX.
2351 3809 2372 3837 ι
2384 3827 2397 3842 .

2209 3876 2465 3945 Syllabas
2496 3875 2752 3930 abbatum
2774 3875 2832 3931 S.
2866 3872 3094 3929 Martini
3123 3869 3525 3925 Laudunensis.

2071 3965 2115 4021 Ι.
2147 3964 2411 4021 Galterus
2437 3964 2658 4035 primus
2686 3963 2864 4020 abbas
2895 3962 2952 4018 in
2982 3961 3311 4032 episcopum
3343 3958 3715 4014 Laudunen-

1998 4067 2114 4112 sem
2143 4060 2228 4109 est
2273 4060 2624 4124 assumptus.
2659 4051 2812 4109 Obiit
2861 4050 3022 4117 1153,
3065 4057 3241 4119 atque
3292 4047 3351 4103 in
3388 4046 3715 4102 Praemon-

1999 4140 2265 4199 stratensi
2292 4140 2531 4199 ecclesia
2554 4139 2846 4211 sepelitur.

2072 4230 2143 4286 II.
2178 4228 2428 4286 Garinus
2453 4228 2633 4285 Britto
2655 4228 2728 4284 ab
2758 4240 2912 4282 anno
2949 4227 3085 4280 ll49
3116 4223 3188 4280 ad
3226 4223 3376 4277 1170.

196 4321 375 4378 quam
404 4309 842 4381 gubernandam
873 4315 1246 4385 suscepimus,
1287 4317 1474 4375 debito
1505 4332 1661 4375 curae
1703 4326 1887 4389 pasto-
1924 4325 1967 4379 D
2075 4319 2175 4375 lII.
2221 4317 2671 4375 Bartholomzeus
2700 4316 2771 4373 de
2798 4316 2975 4379 Mons.
3020 4314 3350 4369 1170-1170.

196 4396 332 4453 ralis
359 4396 687 4469 obligamur
715 4414 787 4457 ne
825 4416 944 4458 una
998 4403 1389 4461 membrorum
1442 4419 1682 4463 suorum
1734 4414 1895 4477 parte

197 4485 419 4543 laboret
465 4486 701 4545 solerter
765 4488 1087 4562 invigilare,
1145 4492 1289 4549 bene
1342 4501 1526 4564 coepta
1588 4493 1647 4551 in
1692 4494 1895 4553 melius

198 4576 548 4644 provehere;
583 4584 659 4643 et,
690 4576 736 4634 si
766 4592 884 4649 qua
914 4578 1055 4635 forte
1082 4578 1464 4640 inconsultius
1493 4589 1621 4639 acta
1658 4584 1890 4653 fuerint,

198 4663 442 4721 Domino
497 4665 834 4735 opitulante,
886 4681 987 4737 pro
1027 4667 1316 4726 facultatis
1343 4678 1398 4728 et
1429 4671 1642 4742 peritiae
1687 4681 1895 4730 nostrze

200 4752 452 4821 modulo,
487 4754 772 4827 corrigere
802 4755 1096 4813 debemus.
1128 4758 1342 4814 Notum
1374 4759 1552 4830 igitur
1574 4776 1695 4818 esse
1723 4762 1896 4818 volu-

199 4856 349 4908 mus,
386 4849 501 4898 tam
559 4843 939 4914 praesentibus
980 4859 1156 4917 quam
1199 4847 1434 4917 tuturis,
1479 4850 1638 4919 quia,
1671 4865 1804 4906 cum
1835 4850 1895 4906 in

198 4930 435 4988 ecclesia
465 4931 657 4988 Sancti
691 4932 918 4989 Martini
948 4934 1017 4991 de
1036 4936 1314 4993 suburbio
1336 4936 1728 5006 Laudunensi,
1764 4954 1895 5009 quae

202 5021 362 5091 prius
390 5020 758 5079 sacularium
787 5022 1147 5093 clericorum,
1177 5024 1418 5096 quidam
1452 5025 1658 5084 fratres
1689 5027 1897 5083 nostris

200 5108 551 5180 temporibus
571 5108 643 5165 ad
668 5109 1016 5182 regulariter
1037 5112 1348 5169 vivendum
1364 5127 1423 5170 se
1448 5104 1893 5180 transtulissent,

199 5203 394 5269 atque,
420 5197 766 5269 aliquandiu
798 5197 939 5257 inibi
969 5209 1387 5259 commorantes
1415 5202 1485 5258 de
1511 5202 1603 5259 die
1633 5202 1691 5258 in
1721 5203 1892 5271 diem,

202 5285 447 5354 peccatis
492 5287 874 5358 exigentibus,
926 5289 1215 5360 imperitia
1254 5305 1321 5346 ac
1360 5290 1707 5363 negligentia
1737 5296 1893 5347 exte-

199 5373 376 5430 riores
451 5376 836 5444 possessiones
910 5378 1096 5450 magis
1175 5379 1479 5450 magisque
1551 5379 1893 5449 desererent,

201 5475 390 5531 neque
419 5461 682 5531 interius,
713 5465 803 5521 vel
830 5480 1091 5535 numero,
1126 5467 1214 5524 vel
1231 5466 1505 5541 religione
1524 5468 1893 5539 proficerent;

202 5548 512 5606 novissime
543 5552 703 5607 anxii
733 5554 887 5609 etde
940 5554 1043 5610 loci
1090 5556 1243 5611 illius
1284 5556 1597 5627 dejectione
1648 5556 1895 5624 solliciti,

2070 4406 2167 4464 1V.
2198 4406 2463 4463 Galterus
2490 4406 2730 4471 Testart,
2763 4403 3092 4459 118οο1185.

2073 4495 2141 4554 V.
2173 4495 2479 4563 Ticelinus,
2510 4493 2600 4550 vel
2637 4492 2986 4549 Thiscilinus
3038 4504 3217 4561 nepos
3246 4487 3415 4560 primi
3462 4485 3717 4554 Galteri,

2005 4583 2335 4641 1186-1189.

2072 4673 2169 4730 VI.
2198 4672 2385 4740 Wido,
2419 4672 2509 4728 vel
2537 4670 2719 4728 Guido
2763 4669 2834 4726 de
2863 4669 3170 4738 Spernaco,
3205 4664 3521 4722 1189-1191.

2075 4762 2197 4819 Vll.
2229 4760 2494 4832 .Egidius
2514 4761 2585 4817 de
2603 4759 2798 4828 Marsi,
2833 4760 2990 4813 H95.

2072 4849 2224 4907 VllI.
2265 4848 2535 4906 Oilardus
2561 4849 2630 4904 de
2669 4844 3175 4910 Domno-Martino,
3213 4842 3552 4899 1195-1204.

2073 4938 2160 4993 IX.
2184 4936 2504 4994 Wilbertus
2523 4934 2853 5003 Branensis,
2884 4936 3202 4989 1204-1207.

2070 5027 2132 5081 X.
2158 5025 2448 5082 Renaldus
2471 5025 2541 5082 de
2570 5023 2924 5091 Ribemonte,
2950 5021 3266 5078 1209-1210.

2072 5115 2158 5170 XI.
2184 5114 2477 5171 Walterus
2505 5113 2575 5170 de
2615 5112 2791 5185 Regia
2818 5112 2988 5180 valle,
3024 5112 3340 5168 1212-1228.

2073 5203 2186 5258 XII.
2222 5202 2409 5274 llugo.

2072 5291 2225 5346 Xlll.
2256 5290 2505 5347 Joannes
2532 5289 2603 5347 de
2631 5288 3011 5360 Saisinqurte,
3052 5290 3201 5343 1213.

2068 5379 2207 5437 XIV.
2233 5378 2498 5436 Galterus
2527 5378 2597 5435 de
2617 5379 2833 5447 Duaco,
2872 5376 3029 5432 1243.

2073 5469 2199 5527 XV.
2227 5469 2473 5525 Joannes
2492 5467 2788 5539 quondam
2827 5467 3005 5525 abbas
3034 5463 3381 5524 Clarifontis.

2074 5557 2212 5614 XYI.
2234 5557 2483 5615 Joannes
2504 5556 2574 5614 de
2604 5556 2868 5614 Betunia.
