3924 6090
201 256 338 313 1185

263 387 446 445 XVII.
479 385 769 443 Gerardus
800 384 868 441 de
902 383 1191 451 Festieux,
1220 382 1545 438 1248-1254.

265 476 477 535 XVIII.
510 477 757 531 Joannes
784 474 852 531 de
884 473 1195 530 Reneuille.

265 566 421 623 XIX.
454 567 704 622 Joannes
729 564 798 620 de
828 563 1087 631 Burceio,
1120 562 1277 617 1961.

264 656 394 712 XX.
421 655 623 711 Petrus
647 653 716 710 de
741 654 1033 724 Petrigny,
1070 652 1398 707 1961-1267.

264 745 420 801 XXI.
455 743 801 801 Willielmus
830 743 899 799 de
928 741 1127 798 Maria.

266 833 449 889 XXII.
478 833 729 889 Joannes
762 832 1004 899 Destres,
1036 830 1360 886 1269-1286.

267 921 479 977 XXIII.
511 920 643 977 Milo
674 920 743 976 de
771 918 1036 989 Curigni,
1061 917 1405 974 1300-1311.

268 1009 478 1066 XXIV.
541 1010 790 1065 Joannes
839 1007 909 1062 de
958 1006 1325 1063 Castellione.
1384 1004 1488 1060 Hic
1539 1018 1691 1060 anno
1763 1003 1898 1060 1333

198 1099 413 1156 electus
462 1098 643 1155 abbas
695 1094 1292 1164 Pramonstratensis;
1347 1093 1455 1149 hoc
1508 1107 1748 1150 munere
1794 1094 1898 1149 de-

200 1187 405 1245 cennio
433 1187 707 1258 praeclare
751 1185 987 1242 functus
1026 1184 1167 1241 obiit
1213 1197 1366 1240 anno
1396 1182 1558 1250 1343,
1592 1197 1715 1238 xvu
1769 1183 1894 1239 Kal.

201 1276 356 1338 Maii.
388 1276 598 1332 ibidem
622 1275 882 1347 sepultus
912 1281 1044 1331 ante
1062 1273 1253 1345 majus
1278 1273 1475 1329 altare.
1500 1271 1896 1343 Necrologium

200 1364 256 1421 8.
293 1364 545 1422 Martini.

271 1454 451 1511 XXV.
483 1454 733 1510 Joannes
763 1453 833 1509 de
863 1450 1118 1509 Brueriis
1148 1449 1307 1506 1340.

272 1542 479 1599 XXVI.
512 1543 758 1598 Joannes
788 1541 856 1598 de
886 1539 1183 1608 Malbodio,
1217 1539 1542 1596 1347-1348.

269 1630 500 1687 XXVII.
534 1629 889 1687 Bertrandus
918 1629 987 1685 de
1021 1629 1245 1694 Boseto,
1285 1626 1441 1682 1358.

273 1719 538 1775 XXVIII.
564 1720 814 1775 Joannes
845 1717 1206 1784 Benedictus,
1240 1715 1563 1772 1392-1404.

271 1807 478 1863 XXIX.
514 1808 762 1863 Joannes
791 1806 1082 1871 Vairetus,
1110 1804 1435 1861 1415-1430.

269 1891 453 1955 XXX.
486 1889 806 1946 Balduinus
837 1888 1161 1944 Branensis.

268 1980 479 2035 XXXI.
517 1979 719 2036 Petrus
744 1978 813 2034 de
846 1978 1039 2045 Ponte,
1076 1976 1391 2033 1447-1461.

267 2068 507 2125 XXXII.
543 2066 790 2123 Jacobus
818 2066 868 2122 Ie
894 2065 1050 2132 Noir,
1080 2065 1237 2120 1480.

269 2156 538 2213 XXXIII.
573 2157 822 2211 Joannes
850 2152 1178 2209 Poulallier.

263 2244 481 2301 XXIV.
510 2245 758 2300 Joannes
783 2244 1029 2313 Buquet,
1059 2240 1399 2297 1524—15-26.

265 2332 501 2389 XXXV.
536 2331 828 2388 Adrianus
859 2330 1135 2397 Pelletier,
1179 2331 1511 2385 1527-1529.

264 2420 501 2477 XXXVI.
534 2420 779 2476 Amatus
803 2419 871 2475 de
904 2419 1101 2485 Fonte,
1137 2418 1467 2475 1530-1545.

262 2509 541 2565 XXXVII.
595 2508 835 2566 Carolus
879 2507 1192 2563 cardinalis
1227 2522 1262 2562 a
1295 2506 1685 2577 Lotharingia,
1738 2510 1893 2563 1548.

264 2597 584 2654 XXXVIII.
618 2595 945 2653 Anthonius
970 2594 1316 2663 Viscontius,
1358 2596 1681 2651 1565-1588.

263 2685 530 2742 XXXIX.
563 2685 843 2742 Claudius
875 2683 1067 2739 Basin.

263 2774 381 2830 XL.
413 2774 684 2831 Nieolaus
712 2774 766 2830 le
804 2774 988 2845 Saige,
1026 2775 1186 2841 1615,
1245 2774 1384 2831 obiit
1407 2775 1585 2842 31645,
1617 2776 1679 2828 13
1709 2773 1891 2844 April.

264 2864 409 2920 XLI.
431 2863 620 2920 Julius
642 2863 915 2920 Mazarini
945 2863 1274 2932 cardinalis,
1312 2864 1448 2918 1645
1479 2862 1607 2933 (61).

194 2970 507 3026 Iitustrium
553 2969 914 3043 quorumdam
961 2973 1024 3028 S.
1085 2973 1315 3027 Martini
1371 2971 1751 3026 Laudunensis
1803 2986 1891 3025 ca-
1924 2980 1967 3038 ο

710 3046 1028 3097 nonicorum
1055 3043 1355 3098 indiculus.

264 3153 559 3212 Galterum
622 3155 691 3213 de
752 3155 1101 3212 Mauritania
1160 3170 1233 3213 ex
1294 3156 1515 3211 decano
1566 3155 1893 3227 episcopum

197 3246 659 3313 Laudunensem,
697 3252 819 3317 post
853 3245 1195 3301 canonicum
1230 3245 1420 3301 Sancti
1451 3245 1680 3301 Martini
1714 3247 1897 3303 exsti-

196 3335 326 3391 tisse
377 3333 699 3392 subinferre
767 3334 1001 3391 videtur
1062 3334 1467 3405 Necrologium
1536 3333 1716 3405 ipsius
1782 3336 1897 3391 Ec-

192 3423 377 3479 clesia
426 3414 439 3477 ἐ
500 3445 522 3471 ι
583 3437 622 3479 ιι
661 3423 800 3479 Idus
839 3422 974 3479 Julii
1020 3422 1157 3479 obiit
1214 3422 1484 3479 dominus
1534 3422 1797 3479 Galterus
1827 3424 1897 3481 de

193 3519 543 3577 Mauritania
621 3519 803 3591 hujus
887 3519 1159 3575 Ecclesia
1226 3519 1538 3575 canonicus
1602 3520 1896 3591 quondam

192 3608 500 3680 episcopus
532 3608 956 3677 Laudunensis,
995 3629 1015 3656 ι
1072 3615 1178 3664 etc.
1213 3608 1279 3663 In
1310 3608 1509 3664 eadem
1558 3608 1897 3665 Son-Marti-

196 3696 374 3753 niana
404 3697 643 3754 ecclesia
674 3697 782 3753 hoc
810 3697 1101 3769 epitaphio
1133 3696 1406 3754 donatur.

192 3839 298 3894 Hic
320 3842 437 3905 tego
468 3838 767 3905 Gaiterum,
794 3838 946 3908 quod
970 3840 1176 3905 detego,
1208 3843 1466 3909 mutaque
1495 3844 1659 3908 petra

194 3910 451 3964 Prasuiis
477 3915 603 3964 acta
629 3911 838 3980 loquor,
863 3925 966 3980 pro
996 3912 1188 3979 lingua
1210 3914 1336 3965 sunt
1360 3909 1500 3963 mihi
1527 3915 1716 3966 metra.

195 3980 454 4048 Consilio,
487 3982 736 4050 monitis,
767 3981 1088 4049 virtutibus,
1120 3982 1216 4035 hoc
1251 3980 1409 4035 modo
1436 3983 1583 4036 vita.

197 4052 382 4118 Rexit,
417 4054 657 4107 correxit
686 4054 881 4115 erexit,
904 4066 1024 4106 oves
1044 4056 1094 4106 et
1114 4052 1266 4106 ovile.

190 4122 371 4192 Infuit
408 4121 533 4177 huic
564 4124 765 4192 pietas,
793 4123 906 4176 sale
935 4122 1032 4177 sed
1062 4122 1283 4177 condita
1312 4123 1537 4191 rigoris,

197 4191 442 4264 Torpida
478 4207 544 4247 ne
565 4191 725 4262 ﬁeret
751 4195 929 4247 virtus
956 4197 1007 4247 et
1037 4207 1203 4260 egena
1229 4195 1467 4264 saporis.

190 4262 443 4318 Abstulit
459 4265 599 4318 hunc
627 4264 829 4319 mundo
858 4264 1059 4319 divisio
1087 4262 1498 4333 discipulorum.

195 4334 360 4390 Vivat
381 4337 440 4389 in
467 4339 727 4390 aeternum
751 4338 962 4391 meritis
986 4334 1213 4406 adjutus
1242 4351 1443 4391 eorum.

258 4473 636 4531 Godescaclus
688 4474 1002 4531 canonicus
1046 4473 1235 4531 Sancti
1269 4473 1501 4531 Martini
1534 4474 1892 4532 Laudunen-

188 4561 286 4631 sis,
334 4570 458 4619 tum
520 4562 726 4619 Montis
778 4562 969 4619 Sancti
1018 4563 1248 4619 Martini
1299 4563 1498 4631 abbas,
1546 4577 1613 4619 ac
1665 4564 1890 4620 tandem

187 4649 486 4721 episcopus
517 4650 952 4707 Attrebatensis.
977 4651 1379 4722 Necrologium
1409 4666 1421 4705 :
1460 4673 1480 4699 ι
1512 4666 1588 4707 vn
1617 4651 1694 4707 id.
1738 4651 1890 4722 Aug.

190 4738 478 4795 Godescali
510 4738 927 4795 Attrebatensis
969 4738 1220 4809 episcopi
1277 4737 1456 4808 hujus
1486 4737 1747 4793 Ecclesia
1791 4752 1894 4793 ca-

187 4826 401 4894 nonici,
434 4827 534 4899 qui
570 4827 723 4883 inter
758 4835 962 4883 catera
1006 4826 1281 4883 beneﬁcia
1309 4824 1653 4897 episcopalia
1717 4827 1893 4883 vesti-

187 4921 403 4984 menta,
428 4915 662 4972 calicem
693 4929 959 4984 aureum,
1002 4916 1194 4987 pelves
1246 4923 1568 4986 argenteas,
1611 4915 1887 4980 urceolos,

185 5003 535 5060 candelabra
570 5004 734 5061 nobis
793 5005 967 5070 dedit,
1016 5005 1124 5061 sub
1164 5004 1531 5061 anathemate
1583 5004 1893 5075 prohibens

186 5107 261 5149 ne
286 5092 419 5163 quis
447 5107 515 5149 ea
544 5093 617 5149 ab
640 5093 878 5150 ecclesia
912 5093 1207 5149 alienaret.
1268 5114 1289 5141 ι
1351 5092 1633 5149 Baronins
1678 5093 1868 5151 Annal

186 5188 322 5238 tom.
351 5181 473 5250 XII,
503 5182 575 5238 ad
606 5197 828 5238 annum
863 5186 1019 5248 1148,
1069 5181 1324 5253 locuples
1367 5181 1536 5238 habet
1583 5182 1652 5238 de
1706 5183 1890 5239 Gode-

186 5270 373 5326 scalco
412 5270 826 5327 testimonium.

259 5359 650 5415 Concordatus
682 5359 743 5415 tit
796 5359 1099 5431 episcopus
1146 5358 1446 5415 Eduensis.
1487 5357 1784 5431 Necrolog.
1817 5359 1891 5418 ad

189 5461 252 5503 ιιι
281 5446 406 5503 Kal.
444 5447 678 5519 Aprilis.

1460 249 1680 307 DOMNI
1722 251 1781 306 Ι..
1825 252 2167 310 D'ACIIERY
2206 257 2427 313 NOTAE.

3566 270 3705 325 1186

1932 387 1975 439 A
2087 386 2375 443 Arnoldus
2416 390 2714 461 cpiscopus
2745 391 3052 449 Caurensis
3099 394 3156 450 in
3195 395 3553 468 Philippinis.
3587 398 3703 455 Ne-

2003 475 2216 546 crolog.
2241 491 2339 531 vn-
2370 477 2444 532 id.
2478 479 2793 535 Februarii.

2075 573 2381 645 Gregorius
2423 577 2554 632 VIII
2608 578 2862 647 pontifex
2910 594 3064 636 max.
3106 595 3177 637 ex
3232 585 3507 640 canonico
3555 586 3706 643 San~

2007 662 2365 719 Martiniano.
2445 667 2526 720 Ita
2603 666 3049 739 Necrologium:
3132 692 3152 718 α
3227 671 3705 730 Commemoratio

2007 754 2349 809 veneranda
2381 755 2667 811 memoria
2716 755 2974 827 Gregorii
3012 773 3174 830 papae
3222 761 3399 832 hujus
3437 763 3705 819 Ecclesia

2006 853 2288 896 canomcn.
2315 862 2343 893 )0

2074 936 2321 994 Joannes
2337 940 2661 1015 Comnenus
2688 926 2998 1014 imperator
3017 947 3701 1018 Constantinopolitanus.

2005 1024 2185 1095 Cujus
2215 1026 2285 1081 ad
2322 1027 2478 1085 hunc
2510 1023 2742 1089 modum
2794 1033 3070 1089 meminit.
3113 1034 3514 1107 Necrologium
3561 1058 3581 1086 ι
3630 1052 3704 1093 xv

2011 1113 2137 1208 Kal.
2179 1114 2312 1208 Maii
2344 1116 2808 1208 commemoratio
2834 1122 3069 1178 Joannis
3100 1123 3460 1194 imperatoris
3522 1126 3700 1197 hujus

2005 1202 2257 1258 ecclesiae
2284 1203 2479 1261 fratris
2511 1207 2583 1262 ad
2629 1202 3111 1283 succurrendum.
3148 1233 3169 1259 ι
3221 1211 3462 1268 Sacrum
3501 1215 3701 1269 Domi-

2007 1291 2151 1346 nica
2178 1292 2367 1348 crucis
2396 1290 2817 1375 lignum,quod
2840 1298 3049 1355 visitur
3069 1299 3371 1371 hodieque,
3393 1302 3706 1373 imperato-

2007 1393 2136 1435 rum
2172 1379 2498 1439 Gracorum
2536 1368 2796 1441 iconibus
2824 1401 2997 1457 super
3028 1368 3363 1458 operculum
3394 1368 3707 1447 efformatis

2010 1469 2254 1540 insigne,
2285 1468 2592 1529 contulisse
2634 1474 2784 1530 fama
2812 1482 2914 1531 est.

2081 1567 2263 1624 Guido
2302 1570 2481 1626 abbas
2527 1570 2718 1628 Sancti
2765 1573 3051 1630 Vincentii
3101 1575 3365 1633 Laudun.
3426 1598 3454 1626 ‹‹
3512 1578 3709 1633 Frater

1931 1687 1975 1743 Β
2012 1656 2121 1713 fuit
2145 1658 2217 1713 ad
2243 1661 2701 1718 succurrendum
2735 1661 2914 1734 hujus
2941 1663 3210 1720 ecclesia.
3250 1686 3270 1713 ι
3304 1665 3600 1737 Necrolog.
3635 1666 3705 1721 ad

2015 1760 2072 1802 ιιι
2105 1746 2229 1802 Kal.
2256 1747 2577 1818 Septembr.

2079 1843 2161 1898 De
2207 1846 2482 1910 fratribus
2533 1848 2607 1901 ad
2654 1850 3076 1905 succurrendum
3124 1850 3350 1922 egimus
3413 1865 3593 1923 supra
3650 1851 3706 1906 in

2004 1931 2521 2004 observationibus,
2552 1935 2658 1992 col.
2699 1936 2851 1992 1139.

2077 2029 2361 2086 Robertus
2404 2032 2662 2103 regulam
2732 2033 3363 2092 Pramonstratensium
3420 2037 3709 2107 professus

2009 2117 2065 2173 in
2110 2118 2364 2174 claustro
2407 2118 2925 2189 San-Martiniano,
2982 2123 3203 2193 primus
3250 2125 3430 2180 abbas
3473 2125 3710 2197 eligitur

2008 2206 2212 2263 insula
2268 2206 2446 2263 beata
2497 2208 2691 2265 Maria
2739 2209 2796 2264 in
2823 2210 3066 2266 Geldria.
3114 2213 3331 2269 Ferunt
3390 2214 3701 2271 Bobertum

2008 2295 2236 2352 Henrici
2266 2296 2416 2367 regis
2445 2296 2767 2367 Anglorum
2794 2307 3126 2369 cognatum.

2075 2400 2194 2472 ('0’)
2234 2404 2369 2459 CAP.
2419 2403 2545 2460 VII.
2612 2434 2682 2446 —
2746 2406 2918 2472 Vulgo
2964 2406 3186 2463 bacones
3238 2413 3451 2463 vocant.
3507 2409 3577 2464 Et
3604 2423 3710 2465 nos

2004 2489 2149 2547 Galli
2198 2505 2376 2557 nunc,
2423 2492 2695 2561 jambons.
2748 2494 3043 2551 Baconum
3098 2496 3359 2553 meminit
3402 2497 3709 2554 Matthaus

2006 2580 2165 2636 Paris
2194 2580 2253 2636 in
2288 2581 2533 2637 Henrico
2562 2582 2641 2637 III
2678 2597 2811 2654 pag.
2842 2584 2971 2653 404,
3025 2584 3242 2641 ultima
3271 2586 3405 2643 edit.
3465 2608 3487 2635 ι
3537 2587 3709 2643 Missa

2003 2676 2138 2724 sunt
2184 2669 2377 2727 decem
2421 2669 2600 2726 millia
2648 2686 3009 2729 summarum
3051 2671 3347 2742 frumenti,
3406 2682 3462 2730 et
3513 2674 3705 2731 decem

2004 2758 2183 2814 millia
2228 2773 2443 2827 avena,
2492 2773 2626 2815 cum
2671 2760 2902 2817 totidem
2932 2761 3268 2819 baconibus.
3302 2784 3323 2810 ι
3387 2762 3709 2820 Vernacule

2004 2846 2062 2900 in
2098 2846 2465 2917 Lotharingia
2494 2853 2548 2902 et
2573 2846 2732 2913 alibi,
2792 2848 3009 2919 bacons,
3036 2850 3219 2906 solent
3250 2851 3485 2907 vocitari
3538 2851 3709 2907 baco-

2005 2950 2135 3005 nes;
2202 2950 2406 3006 nempe
2478 2950 2581 3008 pro
2647 2936 2944 3005 lateribus,
3031 2938 3324 3010 tergisque
3402 2926 3707 3011 porcorum

2003 3024 2324 3081 salitnrum.
2399 3024 2751 3082 Glossarium
2822 3025 2879 3082 in
2936 3026 3050 3083 fine
3120 3028 3384 3085 Historia
3452 3028 3708 3100 ejusdem

2003 3112 2275 3169 Matthtei.

2075 3216 2192 3289 (¹⁰³)
2224 3218 2358 3276 CAP.
2395 3218 2546 3277 VIII.
2587 3250 2645 3261 —
2707 3223 2995 3279 Percussus
3038 3222 3305 3277 occubuit.
3371 3223 3500 3278 Dies
3547 3224 3704 3280 necis

2004 3306 2251 3363 Galdrici
2291 3307 2541 3379 episcopi
2572 3308 2629 3364 in
2661 3308 2993 3380 Necrologio
3025 3311 3394 3368 Laudunensi
3453 3327 3702 3369 comme-

2006 3404 2285 3453 moratur.
2327 3419 2347 3446 ι
2394 3400 2563 3453 Sexto
2611 3398 2852 3453 Kalend.
2884 3399 3230 3456 Maiiobitus
3274 3400 3549 3456 Waldrici
3595 3402 3710 3472 epi-

2005 3485 2182 3554 scopi,
2225 3492 2332 3541 etc.
2372 3485 2476 3541 Hic
2498 3485 2589 3541 vir
2637 3486 2832 3557 magni
2863 3487 3080 3555 cordis,
3108 3494 3163 3543 et
3205 3495 3479 3544 strenuus
3508 3489 3566 3544 in
3598 3504 3707 3545 sa-

2006 3572 2325 3640 cularibus,
2376 3572 2478 3642 qui
2517 3572 2733 3629 civium
2774 3573 3042 3644 exigente
3094 3575 3385 3645 superbia,
3432 3575 3554 3632 suis
3584 3577 3709 3648 qui-

2006 3660 2251 3717 busdam
2298 3660 2519 3731 legibus
2566 3661 2809 3732 privatis
2860 3661 3207 3733 regentium,
3281 3677 3381 3733 per
3428 3663 3710 3721 illustrem

2008 3747 2263 3803 Francia
2317 3762 2508 3819 regem
2568 3748 2985 3819 .aliosque......
3041 3749 3456 3807 Laudunenses
3501 3766 3708 3822 procu-

2006 3837 2157 3893 ravit
2209 3836 2422 3893 cassari
2472 3837 2884 3903 communiam,
2932 3859 2953 3886 ι
3010 3842 3115 3894 etc.
3152 3839 3220 3893 Et
3249 3839 3550 3911 descriptis
3578 3855 3711 3912 qua

2005 3939 2040 3981 a
2072 3926 2345 3982 Guiberto
2376 3934 2747 3994 enarrantur,
2772 3926 3059 3983 subinfert
3086 3927 3230 3983 idem
3260 3927 3661 4000 Necrologium
3696 3943 3709 3984 :

2012 4037 2033 4064 ι
2080 4015 2212 4071 Hac
2252 4022 2307 4070 et
2354 4015 2468 4070 alia
2495 4014 2931 4085 quamplurima
2960 4014 3034 4071 ad
3068 4023 3183 4071 tam
3239 4016 3489 4072 immane
3527 4017 3714 4075 scelus

2008 4103 2370 4174 pertinentia,
2430 4111 2783 4160 memoratus
2844 4104 3024 4161 abbas
3076 4105 3431 4177 (Guibertus)
3472 4108 3573 4177 qui
3624 4107 3714 4163 his

2006 4192 2208 4249 diebus
2237 4207 2487 4263 prasens
2511 4193 2711 4249 aderat
2735 4193 2902 4263 plena
2929 4193 3038 4250 fide
3068 4201 3123 4251 et
3168 4194 3408 4251 veritate
3455 4196 3712 4252 conscri-

1923 4282 1967 4337 D
2006 4282 2137 4352 psit.
2175 4282 2240 4337 In
2266 4281 2446 4353 hujus
2478 4282 2658 4354 igitur
2686 4282 2830 4339 tanti
2859 4290 3068 4339 actam
3118 4283 3463 4340 miserabilis
3510 4285 3712 4356 flagitii

2005 4370 2429 4427 lamentabilem
2479 4371 2833 4440 memoriam,
2897 4379 3177 4429 statutum
3219 4380 3303 4429 est
3357 4373 3413 4429 in
3460 4373 3713 4442 capitulo

2004 4463 2196 4511 nostro
2227 4455 2691 4512 anniversarium
2723 4454 2859 4513 dicti
2906 4455 3210 4527 pontificis,
3269 4454 3514 4525 singulis
3542 4455 3712 4511 annis

2004 4542 2310 4599 celebrare.
2346 4562 2374 4596 η

2077 4647 2192 4721 (¹⁰⁴)
2251 4648 2385 4706 CAP.
2462 4650 2563 4706 IX.
2625 4681 2692 4690 —
2755 4651 3098 4705 Prominenti
3150 4665 3352 4717 eorum,
3416 4665 3581 4719 quam
3632 4654 3711 4706 sic

2002 4739 2242 4794 vocitant
2292 4754 2443 4808 repa.
2506 4740 2723 4810 Repam
2761 4745 3166 4795 ornamentum
3224 4738 3516 4810 quoddam
3567 4754 3713 4798 auro

2004 4835 2316 4899 argentove
2355 4827 2699 4895 confectum,
2739 4826 3025 4883 coronidis
3072 4827 3273 4896 instar,
3308 4828 3547 4884 tumulis
3594 4832 3715 4886 sive

2004 4915 2207 4972 loculis
2235 4924 2566 4972 sanctorum
2593 4916 2936 4987 appositum,
2981 4914 3034 4971 8.
3079 4915 3393 4972 Audoenus
3443 4917 3714 4973 subindi-

2003 5017 2134 5060 care
2190 5004 2421 5061 videtur
2458 5003 2557 5060 lib.
2604 5019 2643 5060 ι.
2695 5003 2838 5061 Vita
2885 5003 2941 5058 S.
2994 5004 3165 5074 Eligii
3205 5017 3329 5074 cap.
3358 5003 3449 5061 32.
3495 5028 3515 5053 ε
3562 5006 3714 5063 Fec1t

2003 5106 2239 5163 quoque
2279 5093 2520 5163 (Eligius
2561 5099 2616 5148 et
2643 5105 2839 5162 repam
2882 5092 2941 5148 in
2981 5092 3102 5149 loco
3134 5092 3438 5148 anterioris
3479 5094 3711 5162 tumuli,

2001 5187 2057 5237 et
2089 5180 2266 5237 altare
2306 5195 2471 5237 secus
2509 5181 2578 5237 ad
2612 5181 2784 5251 pedes
2812 5179 2863 5237 8.
2901 5180 3179 5251 martyris
3210 5179 3533 5237 fabricavit.
3575 5202 3594 5229 ι
3642 5185 3716 5239 At

2001 5284 2138 5328 vero
2186 5284 2381 5340 repam
2458 5284 2525 5325 ac
2596 5283 2822 5340 crepam
2861 5269 3165 5340 synonima
3208 5270 3324 5324 fore
3372 5270 3715 5327 subdubitat

2003 5359 2253 5426 animus,
2305 5358 2587 5430 siquidem
2616 5358 2708 5414 ille
2753 5358 2870 5429 ipse
2901 5358 3217 5415 Audoenus
3247 5358 3345 5413 lib.
3389 5373 3425 5414 ιι
3448 5373 3573 5429 cap.
3620 5359 3710 5428 39,

2006 5449 2115 5505 sub
2145 5448 2335 5516 tinem,
2362 5447 2574 5517 profert
2624 5447 2731 5504 ista
2780 5447 2849 5503 de
2878 5446 2933 5503 S.
2967 5446 3227 5503 Bathilde
3256 5461 3269 5501 :
3305 5467 3332 5498 ‹
3358 5447 3536 5505 Jussit
3564 5455 3715 5505 85:!

261 5567 370 5639 (61)
414 5569 748 5625 Numa-liras
776 5583 1061 5627 annorum
1098 5578 1286 5639 notas,
1322 5578 1489 5641 prout
1522 5570 1574 5625 in
1610 5569 1828 5627 chartis
1852 5569 2197 5639 Mortuologi
2220 5585 2306 5624 we
2342 5569 2733 5639 portabantur,
2765 5570 3159 5641 apposuimus.
