3924 6090
248 231 382 285 1187

1275 229 1370 283 AD
1407 226 1563 284 OPP.
1607 226 1771 285 VEN.
1813 227 2150 284 GUIBERTI
2190 228 2280 284 DE
2321 226 2725 285 NOVIGENTO

3623 235 3773 287 1188

240 368 517 433 praterea
570 371 800 429 crepam
859 369 933 412 ex
979 368 1123 412 auro
1165 362 1362 426 atque
1412 362 1651 425 argento
1707 354 1946 412 mirifice
1974 358 2012 412 Δ
2055 352 2298 425 desuper
2328 356 2634 412 utebatur:
2677 369 2826 427 pane
2854 356 2975 423 vix,
3009 357 3148 413 vino
3185 364 3377 415 autem
3445 373 3769 432 nunquam

240 450 544 518 fabricare,
590 461 768 519 quam
819 458 995 514 supra
1046 443 1381 501 confessoris
1425 443 1642 515 (Eligii)
1683 444 1941 501 membra

241 540 523 610 deponere
576 536 824 592 deberet.
876 555 897 582 ι
948 533 1165 590 Iterum
1202 546 1323 602 cap.
1370 547 1488 603 seq.
1551 532 1751 588 initio:
1792 556 1813 582 ι
1855 533 1940 587 In-

240 628 531 701 grediente
556 638 692 695 ergo
728 622 1197 693 Quadragesima,
1233 621 1665 691 pracinxerunt
1708 634 1937 692 crepam

242 713 636 787 hujuscemodi
694 712 954 779 sindone,
1041 720 1106 767 ut
1162 709 1337 765 moles
1390 709 1672 766 radiantis
1719 709 1933 765 metalli

238 807 428 863 velata
486 808 701 875 tegeret
747 801 950 857 diebus
1008 798 1378 870 poenitentia,
1421 818 1441 845 ι
1477 806 1583 854 etc.
1616 796 1839 865 Quibus
1863 813 1934 854 ex

235 895 432 953 verbis
451 905 700 963 crepam,
737 889 991 946 loculum
1025 888 1145 946 sive
1172 901 1383 944 urnam
1436 886 1668 943 feralem
1731 900 1936 943 sonare

237 1000 404 1045 nemo
452 970 568 1039 non
599 980 774 1037 videt.
827 978 979 1035 Nnm
1033 976 1261 1034 tandem
1317 975 1376 1032 in
1425 975 1600 1031 verbo
1660 976 1829 1043 Rapa,
1879 980 1939 1031 et

240 1076 431 1144 Crepa,
454 1070 666 1127 incidat
693 1075 747 1125 et
773 1065 1076 1123 Freda?de
1106 1079 1221 1136 quo
1252 1063 1524 1120 Herricus
1553 1063 1932 1120 Antissiodor.

241 1162 386 1219 lib.1
429 1174 555 1230 cap.
587 1160 654 1212 27
708 1156 905 1213 mirac.
965 1154 1018 1210 8.
1067 1152 1337 1210 Germani
1380 1168 1392 1207 :
1431 1174 1459 1202 ‹‹
1492 1150 1776 1208 Clotarius
1805 1149 1935 1207 Cro-

242 1251 397 1309 tildis
457 1249 610 1304 ﬁlius
662 1254 913 1316 tempore
966 1242 1017 1298 S.
1082 1240 1354 1297 Desiderii
1422 1239 1934 1297 Antissiodorensis

231 1337 503 1410 episcopi,
589 1334 808 1391 fredam
891 1330 1185 1402 regalibus
1264 1327 1531 1399 expensis
1611 1326 1932 1398 composuit

228 1443 372 1485 anro
446 1432 799 1498 argentoque
871 1420 1154 1487 decoram,
1232 1418 1332 1474 ubi
1389 1424 1690 1474 auctorum
1766 1422 1931 1472 erant

230 1516 504 1587 inscripta
564 1511 816 1569 nomina.
882 1529 909 1557 η
962 1507 1051 1563 Nil
1106 1506 1243 1563 certi
1297 1505 1668 1563 statuendum
1726 1518 1927 1561 occur-

232 1605 330 1662 rit.

304 1726 419 1800 ('05)
451 1729 584 1783 CAP.
631 1725 731 1781 1X.
769 1752 843 1765 -
887 1725 957 1777 Et
997 1721 1186 1777 Sancti
1218 1720 1458 1774 Joannis
1503 1719 1777 1774 ecclesiam
1813 1732 1931 1774 suc-

227 1817 474 1873 cendens.
531 1812 941 1870 Monasterinm
1002 1809 1074 1865 ab
1133 1810 1254 1879 ipsa
1306 1807 1659 1875 fundatione,
1711 1807 1930 1863 sancti-

226 1903 586 1969 monialium,
646 1900 803 1971 quod
856 1898 1124 1969 pluribus
1168 1896 1371 1953 deinde
1419 1896 1644 1952 saculis
1697 1895 1924 1966 elapsis,

224 1992 475 2064 episcopi
527 1988 923 2046 Laudunensis
971 1984 1371 2042 Bartbolomai
1438 1984 1607 2056 jussu
1660 1983 1929 2040 monachi

118 2136 119 2139 η
225 2080 279 2137 8.
358 2078 645 2139 Vincentii
709 2076 966 2147 ejusdem
1056 2074 1219 2130 urbis
1286 2073 1530 2129 incolere
1607 2079 1924 2142 creperum.

226 2171 590 2227 Hermannns
617 2165 934 2223 monachus
964 2163 1060 2219 lib.
1098 2178 1177 2229 lli,
1213 2176 1337 2232 cap.
1370 2163 1460 2228 22,
1510 2162 1587 2217 De
1636 2160 1928 2217 miraculis

224 2259 285 2314 Β.
337 2258 549 2315 Maria.
586 2256 656 2312 Et
719 2253 1059 2310 Guillelmus
1119 2251 1450 2322 Nangiacus
1496 2250 1568 2306 ad
1605 2264 1701 2306 an.
1762 2250 1923 2304 1128.

222 2367 250 2396 α
314 2346 579 2404 Landuni
626 2344 683 2399 in
727 2342 978 2399 Ecclesia
1022 2340 1075 2397 8.
1115 2339 1367 2407 Joannis,
1410 2338 1643 2394 consilio
1672 2338 1925 2393 Francia

220 2436 372 2508 regis
400 2442 455 2491 et
494 2432 841 2505 principum,
896 2429 1261 2495 monialibns,
1289 2442 1419 2498 qna
1458 2425 1698 2482 infames
1736 2432 1921 2493 erant,

220 2525 431 2597 ejectis,
494 2522 715 2578 inloco
773 2519 1031 2590 ipsarum
1094 2515 1359 2573 monachi
1412 2514 1707 2571 substituti
1756 2520 1921 2581 sunt;

220 2614 319 2670 ubi
344 2613 531 2684 Drogo
561 2608 835 2682 religione
855 2623 923 2665 ac
952 2606 1221 2663 facundia
1245 2603 1587 2661 venerabilis
1624 2617 1658 2658 a
1690 2602 1925 2658 Bartho—

218 2701 417 2757 lomao
448 2696 815 2756 Laudunensi
856 2695 1030 2766 episc.
1089 2693 1311 2764 primus
1351 2691 1530 2747 abbas
1574 2689 1919 2747 ordinatur:

219 2789 322 2861 qui
352 2786 715 2859 postmodum
741 2799 775 2841 a
808 2798 958 2855 papa
1007 2781 1339 2839 Innocentio
1372 2781 1441 2847 ll,
1474 2781 1667 2836 Roma
1700 2778 1920 2834 Ostien-

218 2876 294 2933 sis
320 2876 568 2946 episcop.
618 2871 948 2929 cardinalis.
987 2891 1007 2919 ι
1065 2871 1142 2925 De
1173 2869 1228 2924 S.
1276 2868 1514 2924 Joannis
1544 2865 1803 2923 coenobio
1836 2863 1916 2920 nil

217 2962 736 3033 imprasentiarum
793 2966 994 3029 prater
1060 2957 1253 3016 Vitam
1305 2963 1517 3011 sancta
1589 2953 1912 3024 Salabcrga
1946 2952 1988 3008 Ο

217 3052 421 3123 (quam
450 3051 657 3107 damus
686 3048 745 3104 in
775 3048 983 3118 lucem)
1031 3045 1304 3117 suppetit.
1338 3044 1613 3101 Occurret
1641 3044 1699 3099 in
1730 3044 1916 3101 Addi-

224 3140 511 3197 tamentis.

288 3256 398 3328 (ιοο)
453 3257 590 3311 Imp.
656 3284 724 3294 —
780 3252 1063 3322 Radulphi
1142 3250 1453 3319 discophori
1501 3250 1911 3307 monacharum.

213 3345 456 3404 Nomine
521 3341 858 3413 Discopbori
925 3354 1308 3405 aconomnm,
1374 3339 1514 3406 sive,
1575 3347 1639 3395 ut
1683 3348 1909 3410 vocant,

214 3439 669 3503 procuratorem,
709 3429 801 3486 cui
833 3442 1029 3486 rerum
1059 3427 1444 3499 gerendarum
1475 3434 1529 3483 et
1570 3426 1913 3484 facultatum

212 3536 355 3578 cura
408 3528 464 3578 et
525 3518 944 3577 administratio
1031 3516 1435 3585 demandatur,
1495 3515 1704 3582 .veuire
1770 3517 1913 3573 mihi

211 3610 445 3667 suadeo.
496 3608 873 3678 Radniphnm
928 3605 1143 3676 pariter
1197 3603 1444 3675 episcOpi
1498 3603 1911 3676 discophorum

212 3696 534 3753 nominavit
564 3695 874 3751 Guibertus
898 3692 1060 3749 initio
1085 3706 1209 3762 cap.
1248 3694 1331 3747 10.

284 3809 394 3881 (¹⁰⁷)
456 3811 596 3868 Iern.
654 3840 723 3849 —
761 3809 873 3865 Sub
916 3808 1064 3862 birro
1112 3808 1449 3862 liberationis
1505 3822 1672 3862 causa
1716 3808 1907 3874 ferret.

210 3900 444 3957 Birrum
477 3912 656 3969 supra
687 3898 901 3968 pileum
938 3895 1347 3967 exposuimus;
1371 3895 1464 3951 hic
1495 3910 1632 3952 vero
1667 3895 1909 3967 pallium

208 4003 311 4046 seu
367 3987 730 4058 chlamydem
775 3984 1111 4057 significari,
1178 3985 1369 4041 verbis
1420 3984 1911 4056 subsequentibus

207 4077 363 4133 haud
395 4077 637 4133 obscure
670 4074 979 4131 innuitnr:
1036 4096 1057 4123 ι
1106 4073 1402 4130 Parasitus
1447 4081 1639 4130 autem
1696 4073 1910 4143 aliquis

206 4165 256 4221 ei
277 4165 505 4221 obviam
528 4164 733 4229 factus,
779 4162 920 4232 quid
954 4162 1063 4218 sub
1092 4175 1275 4233 cappa
1314 4166 1566 4232 portaret
1602 4161 1843 4231 aspexit.
1881 4183 1903 4209 ι

207 4253 480 4311 Videlicet
514 4252 687 4308 verbo
713 4251 1017 4321 antiquata
1046 4265 1229 4322 cappa
1258 4265 1360 4321 pro
1388 4250 1691 4321 chlamyde
1716 4249 1906 4320 amplo
1935 4255 1976 4309 D

206 4341 490 4398 sumenda
540 4340 648 4397 hoc
706 4340 850 4406 loco,
905 4354 1024 4411 qua
1063 4354 1200 4397 voce
1256 4340 1576 4396 etiamnum
1624 4339 1681 4394 in
1716 4338 1906 4394 rebus

202 4428 597 4486 ecclesiasticis
656 4428 928 4499 pluviale,
999 4427 1328 4495 (vernacnle
1398 4428 1622 4496 chappe)
1674 4425 1905 4495 sapius-

203 4517 331 4575 cule
368 4525 593 4574 vocant.
625 4516 974 4588 Quanquam
1018 4530 1051 4571 a
1097 4515 1281 4585 capite
1310 4528 1554 4584 cappam
1590 4514 1757 4584 periti
1802 4513 1906 4570 lin-

204 4622 333 4678 gua
364 4607 557 4663 latina
588 4606 894 4675 scriptores
935 4604 1240 4661 deducant.
1288 4602 1533 4659 Consule
1571 4601 1905 4673 Spelmauni

202 4696 648 4766 archaologum,
692 4702 746 4750 et
798 4694 1039 4752 Vosinm
1089 4692 1166 4747 De
1222 4690 1375 4746 vitiis
1459 4690 1758 4747 sermonis.
1826 4691 1904 4747 De

202 4783 357 4840 birro
406 4783 484 4840 ita
541 4783 855 4838 canonicus
909 4778 1309 4836 Laudunensis
1356 4778 1412 4832 in
1472 4778 1751 4835 Chronico
1794 4793 1900 4835 ms.

205 4894 226 4921 ι
284 4873 483 4928 Petrus
529 4871 767 4927 eremita
823 4869 892 4925 de
950 4867 1233 4925 territorio
1284 4867 1676 4935 Ambianensi,
1721 4866 1903 4937 primo

199 4962 522 5019 monachus
551 4960 708 5030 apud
743 4960 797 5015 S.
834 4958 1165 5029 Rigaudnm
1200 4959 1257 5013 in
1315 4956 1561 5024 Foresio,
1600 4963 1723 5027 post
1751 4970 1899 5026 pra-

198 5051 417 5108 dicator
461 5049 718 5113 eli‘ectns,
779 5049 950 5117 capit
1006 5053 1165 5103 tanta
1223 5045 1570 5116 populorum
1629 5043 1902 5101 multitu-

199 5140 331 5197 dine
356 5138 584 5202 vallari,
632 5137 807 5193 tantis
852 5135 1197 5192 muneribus
1235 5133 1459 5196 donari,
1495 5132 1668 5189 tantis
1696 5133 1902 5189 sancti-

198 5230 329 5285 tatis
408 5226 709 5299 praconiis
766 5224 1073 5281 acclamari
1145 5231 1210 5280 nt
1281 5222 1478 5279 multa
1538 5228 1732 5278 atates
1784 5235 1900 5277 non

195 5316 567 5372 meminerint
619 5314 835 5370 honore
910 5311 1080 5369 simili
1161 5311 1490 5382 quempiam
1538 5307 1759 5365 haberi.
1818 5307 1900 5365 Pii

194 5405 264 5461 de
284 5404 412 5474 ejus
443 5403 599 5460 mulo
630 5418 732 5474 pro
764 5401 1024 5472 reliquiis
1040 5400 1431 5470 rapiebantur.
1465 5398 1657 5454 Tanea
1705 5399 1902 5454 tunica

193 5492 265 5547 ad
309 5505 546 5561 purum,
575 5490 806 5546 cuculia
860 5503 1035 5560 super
1072 5488 1334 5558 utrisque
1384 5485 1685 5550 talaribus.
1744 5485 1901 5541 birro

2047 450 2149 501 aut
2190 445 2343 514 pisce
2374 444 2657 513 alebatur,
2694 466 2716 493 ι
2753 451 2862 502 etc.

2116 531 2229 604 ('0')
2284 534 2420 589 Iern.
2461 564 2528 574 —
2598 534 2691 588 Ad
2725 534 2781 590 S.
2829 536 3071 589 Mariam
3134 536 3585 594 Versiliacensem
3637 538 3769 595 sive

2045 621 2486 679 Vesselicensem
2583 623 2860 694 (Vezelay)
2945 626 3364 682 monasterium
3451 628 3763 698 quondam

2045 710 2395 767 Benedictini
2440 711 2658 767 ordinis
2691 710 3151 783 iniBurgnndia,
3208 714 3280 770 ab
3342 715 3466 785 ipsa
3521 717 3765 788 origine

2046 796 2391 854 monialibns
2449 797 2727 854 traditum
2766 799 3026 868 perbibet
3076 807 3481 858 testamentum
3524 804 3766 859 comitis

2042 884 2278 942 Gerardi
2316 886 2386 942 de
2445 885 2776 955 Rossilione,
2823 894 3000 959 atque
3043 889 3245 946 uxoris
3276 890 3521 960 Bertha,
3577 893 3765 964 cujus

2041 974 2307 1045 equidem
2358 974 2682 1031 testamenti
2729 976 2987 1033 tabulam
3034 991 3247 1048 magna
3284 992 3359 1035 ex
3404 981 3603 1049 fparte,
3658 982 3762 1037 di-

2042 1063 2342 1133 versisque
2382 1064 2439 1120 in
2491 1064 2628 1120 locis
2687 1063 2930 1122 inseruit
2986 1066 3108 1121 suis
3192 1066 3637 1136 probationibus
3680 1069 3761 1126 ad

2040 1152 2321 1222 originem
2371 1152 2602 1209 familia
2668 1152 2849 1210 Alsat.
2924 1152 3289 1210 doctissimus
3344 1154 3668 1226 Viguerius
3727 1172 3762 1214 e

2040 1241 2479 1313 congregatione
2530 1248 2673 1298 orat.
2735 1240 3049 1312 presbyter.
3090 1241 3206 1298 Nos
3250 1256 3387 1299 vero
3436 1244 3599 1300 haud
3650 1259 3762 1315 per

2041 1337 2230 1400 partes
2259 1331 2354 1386 sed
2396 1329 2635 1386 solidam
2685 1330 2842 1398 dare,
2890 1344 3011 1387 una
3047 1330 3264 1387 Nicolai
3294 1332 3338 1400 Ι,
3371 1346 3538 1402 papa
3568 1342 3760 1405 atque

2040 1418 2224 1476 Caroli
2254 1418 2411 1475 Calvi
2441 1433 2568 1475 eam
2603 1419 2985 1489 approbantes
3014 1419 3234 1481 litteras
3277 1420 3583 1493 subjicere,
3632 1438 3756 1479 non

2040 1520 2235 1577 grave,
2296 1507 2410 1562 imo
2457 1520 2736 1577 perquam
2795 1515 3091 1577 acceptum
3143 1508 3263 1564 fore
3309 1509 3451 1566 viris
3496 1512 3759 1568 eruditis

2044 1594 2393 1651 censuimus.
2428 1596 2642 1651 Ferunt
2673 1594 2853 1666 igitur
2884 1596 3006 1652 hac
3031 1596 3243 1652 verba:

1967 1656 2008 1712 Β
2050 1686 2462 1751 Testamentum,
2502 1687 2616 1738 sive
2665 1656 3014 1752 fiindationis
3044 1686 3233 1740 tabula
3288 1691 3753 1745 monasteriorum

2429 1773 2829 1829 Pultheriensis
2857 1779 2907 1829 et
2940 1775 3346 1831 Vezeliacensis.

2112 1882 2135 1911 ι
2170 1860 2451 1918 Omnibus
2495 1861 2706 1919 Christi
2739 1862 3005 1920 fidelibus
3034 1864 3257 1933 pietate.
3316 1879 3534 1933 amore,
3590 1868 3754 1925 desi-

2036 1950 2313 2022 derioque
2344 1950 2584 2007 ferventi
2636 1951 2862 2008 beatam
2903 1952 3085 2009 vitam
3134 1956 3636 2025 exspectantibus,
3695 1966 3751 2013 et

2037 2036 2095 2093 in
2148 2036 2367 2094 unitate
2415 2037 2864 2095 Christianitatis
2910 2039 3020 2096 sub
3064 2040 3390 2098 obedientia
3420 2054 3749 2115 pracepto-

2036 2140 2167 2183 rum
2195 2126 2291 2181 Dei
2326 2126 2542 2197 ubique
2568 2127 2958 2194 manentibus,
2993 2128 3113 2185 sive
3162 2129 3251 2185 bis
3279 2130 3379 2201 qui
3421 2141 3743 2202 praesentes

2034 2222 2190 2284 sunt,
2222 2215 2341 2272 sive
2364 2215 2453 2271 his
2480 2215 2583 2285 qui
2615 2215 2817 2281 futuri,
2870 2224 3046 2287 atque
3080 2217 3138 2274 in
3188 2232 3468 2291 compage
3495 2230 3557 2277 et
3606 2222 3742 2277 vin-

2032 2305 2164 2362 culo
2189 2304 2487 2360 charitatis
2515 2304 2746 2373 victuri,
2776 2312 2830 2362 et
2853 2319 3042 2376 usque
3079 2306 3152 2363 ad
3182 2311 3748 2367 consummationem

2031 2393 2222 2449 saculi
2287 2391 2343 2447 in
2414 2391 2666 2448 Ecclesia
2736 2400 3067 2449 sanctorum
3144 2394 3252 2451 sibi
3301 2396 3552 2454 invicem
3603 2408 3748 2456 sunt

2031 2482 2369 2538 successuri.
2415 2482 2535 2551 Ego
2581 2481 2896 2550 Gerardns,
2949 2482 3161 2539 divina
3212 2485 3441 2554 pietatis
3495 2501 3748 2544 munere

2031 2570 2186 2641 apud
2235 2569 2540 2639 gloriosam
2590 2570 2841 2639 regalem
2928 2572 3431 2629 mansuetudinem
3512 2576 3750 2632 comitis

2032 2660 2245 2715 honore
2283 2657 2646 2727 sublimatus,
2681 2664 2773 2725 {ex
2803 2659 3116 2727 communi,
3166 2668 3298 2718 voto
3352 2669 3409 2718 et
3454 2662 3748 2721 desiderio

2029 2745 2409 2803 dilectissima
2437 2744 2703 2817 conjugis
2721 2760 2863 2803 mea
2894 2754 3070 2817 atque
3109 2749 3544 2806 amantissima.
3606 2752 3753 2808 Ber-

2030 2835 2163 2903 tha,
2196 2848 2261 2890 eo
2292 2834 2444 2905 quod
2496 2834 2663 2891 nobis
2690 2835 2910 2905 pariter
2946 2836 3442 2909 nnanimiterque,
3489 2840 3748 2898 Domino

2030 2924 2367 2995 inspirante,
2413 2922 2843 2993 complacuerit,
2923 2931 2990 2980 nt
3067 2924 3136 2980 de
3198 2926 3372 2982 rebus
3408 2928 3622 2984 nostris
3683 2937 3745 2985 et

2026 3011 2448 3083 possessionum
2473 3018 2803 3068 nostrarum
2826 3012 3027 3080 titulis,
3060 3014 3383 3084 perennem‘;
3396 3017 3745 3073 memoriam

2026 3099 2270 3158 Domino
2321 3100 2454 3169 Deo,
2497 3107 2710 3168 nostro,
2762 3100 2864 3156 ubi
2917 3101 3044 3157 laus
3094 3101 3221 3172 ejus
3266 3104 3499 3160 assidua
3547 3105 3741 3173 ﬁeret,

2024 3196 2427 3246 statueremus.
2484 3188 2569 3254 Et,
2628 3189 2906 3259 quoniam
2958 3190 3361 3261 largitionibus
3399 3192 3508 3262 piis
3537 3193 3741 3249 domi-

2023 3292 2253 3345 norum,
2311 3284 2366 3333 et
2397 3277 2689 3333 seniorum
2746 3285 3097 3347 nostrorum,
3156 3280 3401 3349 quinos
3444 3280 3740 3337 liberalis-

2023 3366 2164 3424 sime
2230 3366 2549 3424 honoribus
2608 3374 2663 3423 et
2706 3366 3089 3437 dignitatibus
3152 3368 3601 3439 ampliaverunt,
3677 3371 3737 3427 id

2020 3463 2104 3511 est
2178 3456 2490 3527 imperator
2560 3462 2617 3510 et
2699 3456 2893 3512 senior
2970 3464 3166 3513 noster
3247 3457 3740 3516 clementissimus

2020 3542 2366 3610 Ludovicus,
2438 3550 2493 3598 et
2537 3541 2785 3613 gloriosa
2840 3543 3072 3600 domina
3146 3551 3203 3601 et
3254 3545 3455 3617 regina
3500 3547 3733 3615 Judith,

2020 3631 2291 3703 filiusque
2321 3632 2572 3701 ipsorum
2597 3644 2763 3702 aque
2789 3632 2997 3701 senior,
3030 3641 3209 3704 atque
3239 3633 3509 3691 dominus
3533 3644 3738 3693 noster

2020 3735 2125 3777 rex
2205 3720 2463 3787 Carolus,
2549 3719 2819 3790 plurima,
2907 3722 3251 3791 possidenda
3323 3734 3732 3794 accreverunt,

2014 3809 2332 3880 jnstissime
2361 3809 2529 3865 nobis
2562 3808 2753 3866 visum
2793 3816 2879 3866 est
2934 3817 2999 3865 ut
3036 3824 3236 3867 eorum
3267 3825 3461 3868 amore
3500 3812 3736 3871 incitati

2019 3897 2209 3954 locum
2254 3897 2503 3954 ecclesia
2559 3896 2747 3967 ipsum
2802 3897 3185 3955 fundaremus
3226 3900 3326 3955 ubi
3386 3913 3489 3971 pro
3542 3903 3737 3971 gratis

2019 3985 2361 4042 muneribus
2416 3985 2691 4054 ipsorum,
2751 3994 2899 4042 esset
2952 3985 3008 4041 in
3056 3987 3415 4044 orationibus
3451 3988 3735 4045 solemnis

2018 4082 2073 4131 et
2096 4074 2254 4145 jugis
2277 4074 2621 4144 supplicatio
2660 4074 2813 4145 apud
2846 4075 3048 4143 Deum,
3084 4075 3361 4132 continua
3391 4090 3492 4146 pro
3534 4077 3732 4135 salute

2017 4176 2220 4219 eorum
2250 4162 2596 4218 exhortatio.
2850 4228 2855 4239 _

2088 4272 2111 4301 ι
2144 4249 2270 4306 Non
2311 4250 2670 4306 immemores
2725 4249 2895 4305 etiam
2948 4264 3153 4308 sumus
3178 4266 3376 4308 eorum
3413 4253 3566 4309 circa
3613 4268 3730 4310 nos

2014 4338 2423 4394 benevolentia
2446 4339 2719 4407 ipsorum,
2749 4338 2806 4394 id
2829 4338 3417 4411 estdominilsenioris
3443 4341 3724 4397 Ludovici

2012 4426 2282 4498 Augusti,
2335 4426 2534 4483 Iudith
2596 4426 2843 4482 domina
2900 4430 3050 4481 θεαί
3122 4436 3177 4484 et
3232 4428 3462 4500 regina,
3522 4428 3725 4486 Caroli

2012 4514 2113 4571 filii
2145 4515 2398 4585 ipsorum
2441 4514 2702 4571 similiter
2728 4514 2942 4570 domini
2974 4523 3031 4572 et
3082 4515 3343 4584 senioris,
3380 4517 3482 4587 qui
3552 4531 3724 4576 nunc

2011 4610 2271 4674 superest
2306 4617 2591 4675 regnans;
2636 4604 2731 4660 sed
2783 4612 2837 4660 et
2893 4604 3127 4676 dignam
3173 4606 3547 4676 rependentes
3622 4624 3727 4680 ge-

2010 4692 2294 4751 nitoribus
2386 4706 2450 4748 ac
2508 4692 2847 4762 parentibus
2919 4693 3454 4762 honorificentiam,
3526 4694 3582 4751 id
3643 4706 3732 4754 est

2009 4780 2319 4837 Leuthardi
2349 4789 2406 4836 et
2435 4780 2731 4850 Gymnldis
2794 4778 2909 4852 [al..
2942 4780 3284 4850 Grimildis],
3346 4790 3524 4853 atque
3576 4799 3733 4854 gra-

2008 4868 2359 4925 tissimorum
2387 4866 2648 4939 Hngonis
2702 4875 2758 4923 et
2810 4869 3002 4934 Dava,
3056 4869 3529 4940 amabilibnsqne
3588 4871 3737 4929 filiis

2008 4962 2064 5011 et
2095 4955 2324 5011 filiabus
2376 4955 2650 5025 ipsorum,
2701 4956 2825 5011 sive
2878 4956 2977 5027 qui
3010 4955 3132 5026 jam
3186 4957 3627 5016 obdormierunt
3672 4961 3733 5017 in

2010 5043 2276 5113 Domino,
2333 5042 2453 5100 sive
2523 5042 2622 5114 qui
2678 5043 2872 5100 adhuc
2926 5043 3157 5113 vivunt,
3192 5047 3728 5116 consanguinitate.

2008 5131 2306 5199 affinitate,
2365 5140 2422 5188 et
2470 5132 2900 5203 propinquitate
2951 5133 3122 5191 etiam
3172 5134 3340 5191 nobis
3377 5136 3623 5207 junctis.
3676 5138 3733 5193 id

2008 5228 2093 5276 est
2148 5220 2411 5277 Leufredi
2465 5228 2519 5277 et
2585 5221 2877 5288 Adalardi,
2937 5222 3210 5279 comitum
3262 5224 3736 5293 praeclarissimo-

2010 5323 2163 5377 rum,
2216 5315 2278 5365 ut
2325 5322 2429 5379 pro
2482 5308 2565 5365 eis
2624 5307 2953 5366 intercessio
2997 5317 3053 5367 et
3111 5311 3336 5367 assidua
3402 5310 3734 5380 deprecatio

2010 5397 2186 5465 ﬁeret,
2220 5402 2275 5455 et
2298 5405 2660 5468 peccatorum
2698 5411 2897 5454 eorum
2929 5399 3330 5470 acquireretur
3358 5400 3729 5471 propitiatio:

2009 5495 2064 5541 et
2097 5486 2152 5541 in
2186 5486 2306 5541 loco
2338 5485 2472 5557 ipso,
2516 5501 2688 5557 quem
2741 5485 2986 5557 juvante
3032 5488 3257 5544 Christo
3317 5488 3728 5559 fundaremus,
