3944 6084
145 232 278 286 H89

1407 222 1619 279 DOMNI
1662 223 1716 277 L.
1760 221 2108 279 D’ACIIERY
2147 222 2371 280 NOTAE.

3505 225 3641 285 1190

129 359 569 435 succedentibus
617 356 973 428 temporibus
1036 362 1183 412 esset
1246 368 1447 412 eorum
1496 368 1838 425 permanens
1867 358 1909 411 A
1951 354 2183 411 domina
2216 362 2271 410 et
2326 354 2574 426 gloriosa
2602 354 2799 412 Judith
2832 356 3049 427 regina,
3101 365 3306 428 agente
3350 365 3406 414 et
3460 359 3640 430 impe-

132 447 471 505 recordatio.
498 448 702 516 Itaque
735 453 790 501 et
817 444 1048 500 illorum
1081 458 1316 514 quoque
1347 443 1829 514 propinquorum,

132 536 347 606 quibus
407 545 461 590 et
522 532 881 590 haeretlitario
942 532 1075 603 jure
1123 532 1335 588 eisdem
1372 532 1431 587 in
1476 532 1648 589 rebus
1693 545 1831 586 suc-

133 624 422 690 cessimus,
483 636 588 679 nec
625 635 741 677 non
795 629 850 678 et
910 620 1269 691 reliquorum
1316 620 1599 688 omnium,
1651 619 1748 674 sed
1777 624 1834 675 et

132 711 471 779 amicorum,
551 717 877 767 nostrorum
960 708 1388 777 universorum,
1456 715 1510 764 et
1574 706 1830 763 ﬁdelium

132 799 475 872 generaliter
520 797 782 855 omnium
826 797 1174 869 perpetualis
1227 797 1465 853 duraret
1531 795 1828 862 memoria,

134 888 330 959 ibique
385 901 486 958 per
551 901 741 943 aevum
798 901 900 957 pro
969 886 1240 943 omnibus
1288 885 1447 942 ﬁeret
1505 883 1832 942 communis

133 972 333 1029 oratio.

212 1084 233 1110 ι
268 1061 389 1133 Ego
419 1060 601 1132 igitur
651 1059 960 1124 Gerardus.
1014 1065 1069 1116 et
1110 1058 1328 1130 conjux
1358 1057 1529 1114 simul
1569 1057 1831 1130 gratissi-

138 1162 253 1215 ma,
337 1148 431 1217 pia
479 1155 534 1204 et
594 1147 746 1203 fideli
820 1147 1121 1204 devotione
1178 1146 1604 1215 constituimus,
1661 1153 1834 1217 atque

136 1237 576 1294 construximus
607 1236 1043 1305 monasterium,
1078 1243 1132 1292 et
1181 1235 1577 1292 habitaculum
1631 1249 1833 1291 servo-

135 1340 265 1382 rum
302 1326 422 1393 Dei,
474 1332 608 1395 apto
646 1325 1101 1395 competentique
1150 1325 1289 1391 loco,
1322 1331 1377 1380 et
1427 1339 1500 1380 ex
1529 1324 1833 1394 largitione

134 1422 310 1485 atque
338 1413 626 1470 oblatione
658 1412 947 1469 facultatis
984 1421 1039 1470 et
1067 1428 1261 1470 rerum
1294 1420 1625 1470 nostrarum
1656 1412 1833 1483 quid-

135 1504 277 1574 quid
337 1503 411 1558 ad
469 1503 947 1558 sustentationem
1005 1503 1336 1559 eorumdem
1397 1502 1510 1557 Deo
1541 1501 1835 1557 famulan-

131 1593 300 1659 tium,
332 1590 618 1662 quidquid
678 1592 747 1646 ad
809 1591 1108 1662 religionis
1160 1591 1381 1647 cultum
1442 1590 1828 1647 necessarium

128 1657 466 1750 exstat,-pia
496 1657 580 1734 ac
636 1678 824 1736 solerti
876 1657 1229 1749 providentia
1279 1680 1452 1750 juxta
1483 1680 1648 1743 vires,
1682 1691 1829 1750 quas
1858 1657 1902 1714 Β

130 1770 285 1825 Deus
308 1768 528 1835 tribuit,
563 1768 1027 1838 procuravirnus,
1050 1775 1355 1838 menteque
1385 1768 1828 1838 promptissima,

128 1858 328 1913 eadem
360 1857 503 1926 ipsa,
528 1870 659 1926 quae
687 1856 755 1911 de
782 1870 963 1911 manu
993 1856 1175 1925 ipsius
1223 1856 1567 1926 accepimus,
1619 1855 1833 1928 gratias

131 1946 422 2002 beneliciis
449 1945 602 2000 illius
630 1943 933 2001 offerentes
965 1944 1300 2001 obtulimus.

208 2057 228 2083 ι
263 2034 562 2090 Fundatus
593 2032 772 2103 igitur
822 2040 998 2103 atque
1029 2032 1296 2088 conditus
1329 2039 1413 2088 est
1469 2031 1630 2087 locus
1656 2031 1833 2088 devo-

130 2122 305 2180 tionis
334 2130 541 2178 nostrze
576 2121 632 2177 in
666 2121 883 2177 honore
935 2121 1161 2176 Domini
1211 2121 1386 2176 nostri
1418 2121 1549 2183 Iesu
1599 2120 1831 2186 Christi,

129 2217 186 2266 et
216 2211 613 2266 venerationes
672 2210 1134 2266 beatissimorum
1181 2209 1571 2280 apostolorum
1610 2208 1755 2265 Petri
1782 2215 1836 2264 et

132 2298 317 2366 Pauli,
377 2312 553 2368 super
608 2312 837 2353 amnem
910 2297 1191 2367 Sequanae
1252 2295 1714 2367 praeterﬂuentis,
1777 2295 1835 2350 in

130 2401 274 2459 agro
299 2386 633 2457 respiciente
669 2386 741 2442 ad
794 2386 1013 2448 villam,
1042 2400 1217 2456 quam
1251 2400 1322 2441 ex
1354 2386 1594 2456 antiquo
1643 2385 1836 2441 Pulta-

133 2475 256 2532 rias
283 2475 585 2532 nominant
617 2476 670 2530 in
704 2489 852 2546 pago
895 2474 1194 2542 Latieensi,
1229 2475 1286 2530 in
1344 2488 1520 2545 regno
1561 2474 1838 2545 Burgun-

135 2564 268 2631 diae,
319 2571 384 2620 ut
434 2564 515 2618 ibi
574 2563 899 2620 venerabile
945 2563 1220 2619 orationis
1282 2561 1633 2619 domicilium
1688 2562 1838 2618 votis

132 2667 203 2709 ac
241 2652 758 2723 supplicationibus
814 2652 1067 2708 ﬁdelium
1100 2652 1500 2723 frequentetur
1526 2665 1838 2707 conversa-

134 2741 331 2812 tioque
360 2741 609 2797 caelestis
641 2741 749 2797 sub
796 2740 1050 2812 regulari
1105 2739 1476 2807 districtione,
1510 2746 1564 2794 et
1601 2739 1839 2795 institu-

134 2830 290 2886 tione
320 2829 470 2885 beati
516 2828 803 2885 Benedicti
856 2827 1197 2895 viventium,
1258 2827 1414 2883 omni
1475 2826 1754 2883 desiderio
1783 2832 1838 2881 et

1942 449 2130 499 trante
2155 442 2309 513 apud
2344 442 2611 513 piissimae
2635 444 2921 499 memoriae
2950 443 3246 500 dominum
3277 453 3331 502 et
3360 446 3641 503 seniorem

1941 538 2201 587 nostrum
2254 532 2611 587 Ludovucum
2662 531 3084 601 imperatorem,
3145 533 3432 604 quidquid
3487 535 3635 591 idem

1941 620 2425 677 clementissimus
2483 620 2796 690 imperator
2821 621 2893 676 ad
2918 622 3181 677 eamdem
3209 620 3408 678 villam
3455 622 3643 694 respi-

1940 708 2096 789 ciens
2150 710 2259 765 sub
2316 708 2585 780 praacepti
2629 710 2717 765 sui
2787 709 3220 766 conﬁrmatione
3297 711 3643 768 condonavit

1940 797 2221 869 nobisque
2282 798 2541 866 contulit,
2607 812 2740 868 quae
2801 798 3138 869 ubicunque
3204 798 3519 869 respiciunt
3569 799 3639 855 ad

1936 886 2195 942 eamdem
2268 886 2466 942 villam
2540 886 2902 956 pertinentia,
2954 886 3222 956 praedicto
3279 886 3640 958 imonasterio

1937 975 2425 1047 consignavimus.
2452 975 2661 1031 Villam
2689 975 2939 1046 denique
2970 975 3392 1044 Dorviciacum,
3425 976 3636 1046 tVillam

1937 1063 2225 1120 Cisternas
2275 1064 2539 1120 fontanas
2585 1072 2761 1134 atque
2819 1063 3160 1133 Molintium,
3220 1065 3306 1121 vel
3350 1065 3637 1136 quidquid

1941 1153 1998 1208 in
2024 1152 2317 1209 nominato
2356 1166 2503 1224 pago
2544 1152 2836 1220 Avalens1,
2889 1152 2977 1208 vel
3006 1153 3424 1210 Tornodorensi
3451 1154 3643 1224 acqui-

1939 1242 2201 1310 sivimus,
2282 1255 2415 1297 cum
2492 1240 2779 1297 universis
2848 1241 3195 1312 appenditiis
3283 1242 3640 1313 supradicta-

1940 1344 2071 1387 rum
2105 1330 2356 1400 illarum,
2391 1329 2731 1401 ubicunque
2755 1330 2845 1386 vel
2879 1330 2935 1385 in
2966 1344 3320 1401 quocunque
3348 1346 3497 1403 pago
3526 1330 3640 1386 tue-

1939 1421 2072 1476 rint.

2016 1529 2036 1553 -
2068 1506 2271 1561 Totum
2314 1519 2450 1577 ergo
2478 1520 2551 1563 ex
2597 1506 2817 1577 integro
2850 1505 3136 1577 quidquid
3171 1506 3227 1561 in
3260 1507 3631 1577 supranomi-

1940 1590 2092 1647 natis
2118 1592 2270 1648 villis
2318 1593 2406 1648 vel
2452 1594 2608 1664 agris
2646 1593 3082 1663 acquisivimus,
3115 1602 3169 1650 et
3214 1594 3519 1665 acquirere
3545 1610 3644 1666 po-

1940 1678 2177 1749 tuimus,
2225 1682 2627 1737 sacratissimis
2676 1682 2830 1749 locis,
2862 1689 2916 1738 et
2964 1683 3324 1739 monasteriis
3352 1684 3642 1740 coaduna-

1940 1769 2152 1838 vimus,
2183 1778 2237 1827 et
2274 1769 2664 1836 unanimitati,
2692 1779 2867 1841 atque
2900 1772 3131 1827 utilitati
3160 1786 3382 1840 eorum,
3415 1773 3518 1843 qui
3562 1772 3640 1829 ibi

1941 1855 2054 1911 Deo
2081 1857 2403 1925 servierint,
2435 1858 2493 1912 in
2522 1866 2795 1927 perpetuo
2825 1859 3204 1915 conneximus
3221 1876 3238 1930 ;
3267 1867 3492 1916 tantum
3533 1876 3642 1917 no-

1941 1944 2028 2000 bis
2052 1944 2193 1999 dum
2236 1958 2537 2001 manemus
2593 1945 2647 2000 in
2674 1945 2812 2013 vita,
2858 1960 3059 2002 earum
3090 1962 3201 2004 usu
3254 1948 3637 2005 fructuarium

1941 2040 2321 2089 reservantes.
2355 2033 2679 2090 Tuitionem
2711 2048 2944 2104 quoque
2974 2042 3029 2091 et
3067 2035 3454 2093 defensionem
3488 2051 3636 2106 prae-

1940 2121 2223 2177 dictorum
2273 2121 2752 2178 monasteriorum
2786 2122 2895 2178 sub
2943 2130 3135 2178 nostra
3164 2138 3306 2179 cura
3337 2125 3635 2184 habentes.

1942 2209 2145 2279 Itaque
2175 2209 2463 2280 quidquid
2491 2210 2727 2280 praefato
2776 2211 3122 2267 monasterio
3147 2220 3346 2269 nostra
3376 2201 3643 2283 religiosa

1942 2297 2229 2353 oblatione
2273 2299 2545 2355 collatum
2584 2305 2688 2367 est,
2725 2298 3011 2369 quidquid
3053 2299 3109 2355 in
3160 2301 3336 2356 rebus
3382 2300 3502 2357 sive
3533 2315 3642 2357 ser-

1942 2386 2098 2442 vitiis
2126 2386 2577 2457 quibuscunque
2625 2388 2944 2457 speciebus,
2980 2388 3098 2444 Deo
3133 2389 3470 2459 inspirante,
3502 2404 3640 2445 con-

1947 2475 2219 2531 traditum
2277 2476 2658 2547 additumque
2708 2476 2899 2546 fuerit,
2963 2485 3066 2534 aut
3111 2492 3145 2533 a
3189 2479 3643 2550 quibuscunque

1945 2562 2210 2620 ﬁdelibus
2236 2564 2493 2636 quolibet
2513 2579 2777 2636 unquam
2828 2573 3077 2637 tempore
3106 2567 3388 2635 oblatum,
3423 2568 3644 2638 absque

1946 2651 2484 2724 ullisjexterioribus
2510 2654 2825 2724 obsequiis,
2858 2663 2913 2712 et
2950 2655 3362 2725 obsequiorum
3385 2655 3644 2711 exactio-

1945 2741 2141 2810 nibus,
2170 2741 2305 2798 solis
2336 2756 2538 2799 eorum
2593 2743 2906 2813 stipendiis,
2938 2750 2995 2799 et
3021 2743 3359 2799 necessariis
3398 2742 3640 2813 sumpti-

1947 2830 2075 2897 bus,
2111 2831 2214 2901 qui
2246 2831 2359 2887 illic
2391 2831 2627 2888 Domino
2658 2831 2939 2898 serviunt,
2967 2831 3094 2903 jugi
3127 2831 3421 2901 praesentis
3463 2829 3646 2887 nostri

135 2920 343 2977 ardore
375 2920 571 2976 intimo
604 2919 980 2990 perquiratur
1001 2925 1056 2974 et
1085 2924 1399 2988 expetatur.
1462 2918 1667 2988 Ibique
1695 2931 1837 2975 con-
1867 2957 1909 3014 c
1950 2919 2273 2975 testamenti
2329 2919 2597 2976 ﬁrmitate
2648 2927 2979 2991 permaneat
3028 2920 3334 2976 illibatum.
3395 2921 3645 2989 Excepto

140 3007 381 3064 tulimus
412 3008 578 3063 villas
603 3008 728 3076 has,
779 3008 959 3077 ipsam
1005 3007 1400 3077 eamdemque,
1454 3006 1556 3062 ubi
1585 3020 1616 3061 e
1643 3005 1831 3062 vicino

139 3095 554 3151 monasterium
612 3096 787 3151 situm
841 3102 945 3165 est,
1003 3094 1309 3162 Pultarias,
1374 3093 1662 3165 quidquid
1710 3094 1831 3164 [al.,

138 3181 249 3255 ibi]
281 3185 388 3241 erit
418 3198 493 3240 ex
543 3184 896 3251 haereditate,
965 3183 1248 3254 quidquid
1280 3183 1549 3254 praecepti
1606 3183 1694 3239 sui
1727 3198 1831 3238 au-

137 3273 401 3329 ctoritate
441 3273 631 3328 senior
688 3280 883 3329 noster
925 3272 1165 3330 Carolus
1202 3286 1305 3328 rex
1334 3272 1501 3329 nobis
1525 3272 1663 3328 inibi
1690 3286 1833 3328 cou-

138 3361 292 3429 tulit,
352 3361 642 3432 quidquid
725 3361 838 3417 alio
890 3359 1151 3432 legitimo
1197 3368 1364 3430 pacto
1404 3360 1579 3416 rebus
1627 3360 1836 3416 nostris

135 3450 392 3518 accessit,
454 3464 586 3506 cum
656 3449 943 3506 universis
996 3448 1340 3518 appenditiis
1395 3449 1535 3517 suis,
1599 3456 1654 3504 et
1701 3465 1833 3519 quae

133 3539 477 3609 ubicunque
506 3538 578 3594 ad
636 3538 758 3608 ipsa
801 3538 1162 3609 respicientia
1208 3545 1364 3594 sunt.
1398 3538 1462 3592 In
1520 3552 1668 3606 pago
1699 3552 1834 3593 vero

134 3627 416 3684 Senonico
441 3634 662 3684 sextam
700 3642 833 3684 cum
864 3627 1137 3683 omnibus
1172 3626 1241 3683 ad
1292 3640 1418 3682 eam
1474 3625 1834 3696 respicienti-

134 3716 268 3782 bus,
293 3723 348 3772 et
410 3715 699 3772 universis
743 3714 1116 3786 appenditiis;
1169 3714 1516 3770 mannistam
1574 3713 1837 3770 similiter

133 3819 272 3860 cum
325 3803 594 3860 omnibus
640 3804 711 3860 ad
759 3818 886 3859 eam
940 3802 1394 3873 respicientibus,
1445 3809 1499 3858 et
1550 3801 1836 3858 universis

135 3891 484 3963 appenditiis
526 3892 665 3960 suis,
699 3906 903 3948 verum
957 3891 1127 3948 etiam
1178 3899 1235 3947 et
1288 3890 1492 3947 villare
1520 3891 1574 3946 in
1629 3904 1833 3961 supra-

136 3980 290 4037 dicto
321 3995 492 4052 pago,
523 3995 655 4036 cum
708 3980 981 4036 omnibus
1027 3979 1201 4036 rebus
1253 3980 1323 4035 ad
1353 3994 1451 4036 eas
1483 3979 1835 4050 respicienti-

135 4070 267 4138 bus,
325 4077 381 4126 et
438 4068 784 4140 appenditiis
831 4082 1053 4125 earum.
1098 4067 1368 4124 Similiter
1421 4076 1475 4125 et
1520 4070 1578 4124 in
1638 4068 1836 4124 eodem

136 4170 307 4228 pago,
337 4156 395 4211 in
442 4156 582 4211 villa
630 4170 764 4227 quae
809 4155 1023 4212 dicitur
1078 4154 1405 4223 Piscatoria,
1439 4170 1571 4226 quae
1595 4163 1678 4211 est
1728 4155 1837 4211 sita

1949 3008 2104 3079 quod
2142 3023 2245 3079 pro
2274 3008 2663 3066 benedictione
2693 3009 2862 3065 annis
2888 3015 3040 3063 855
3089 3008 3333 3081 singulis
3375 3009 3448 3064 ad
3478 3023 3633 3065 reve-

1941 3096 2181 3152 rendam
2232 3096 2424 3153 sedem
2468 3097 2765 3153 beatorum
2815 3097 3225 3167 apostolorum,
3254 3098 3346 3152 cui
3379 3097 3501 3152 loca
3542 3110 3645 3152 ea—

1939 3183 2067 3239 dem
2098 3183 2482 3252 subdidimus,
2516 3185 2707 3241 Romae
2739 3182 3058 3240 offerantur
3080 3183 3244 3239 beato
3268 3182 3524 3253 pontiﬁci
3550 3183 3648 3240 Ur-

1939 3271 2027 3327 bis
2056 3271 2216 3328 librze
2255 3272 2475 3344 argenti
2506 3272 2656 3328 dure.

2017 3383 2037 3410 α
2069 3362 2138 3417 Et
2167 3362 2307 3432 quia
2338 3362 2600 3418 ultronea
2629 3360 2924 3417 voluntate
2960 3360 3277 3424 cbaritatis.
3306 3367 3480 3432 atque
3510 3360 3645 3427 .hu-

1936 3449 2225 3505 manitatis
2251 3448 2457 3516 ofﬁcio,
2511 3436 2849 3520 quotidiana
2888 3449 3161 3506 beneﬁcia
3213 3450 3414 3506 docent
3470 3464 3643 3506 exer-

1939 3536 2140 3601 cenda,
2174 3537 2337 3593 liberi
2372 3544 2560 3593 tamen
2587 3537 2658 3592 ab
2705 3537 2832 3592 aliis
2859 3537 3316 3595 exbibitionibus
3380 3538 3648 3594 monachi

1941 3625 2050 3680 sub
2077 3626 2270 3696 quieto
2301 3625 2530 3681 servitio
2562 3625 2905 3696 regulariter
2934 3626 3153 3695 vivant,
3187 3627 3463 3685 orationis
3491 3627 3649 3683 obse-

1941 3713 2079 3783 quia
2130 3713 2459 3769 solemniter
2505 3713 2806 3770 offerentes
2845 3714 2977 3783 Deo,
3033 3728 3137 3785 pro
3222 3715 3648 3787 gloriosissimis

1941 3801 2191 3857 dominis
2228 3809 2283 3857 et
2311 3802 2634 3858 senioribus
2675 3801 2883 3858 nostris
2937 3802 3226 3859 Ludovico
3255 3805 3540 3875 Augusto,
3591 3810 3646 3859 et

1940 3887 2143 3946 Carolo
2187 3889 2314 3959 ejus
2362 3889 2496 3957 ﬁlio,
2532 3896 2586 3945 et
2630 3889 3004 3958 praecellentis
3043 3888 3332 3945 memoriae
3384 3890 3642 3947 domina-

1943 3977 2052 4033 bus
2109 3976 2327 4044 Judith,
2357 3983 2533 4048 atque
2563 3978 3013 4044 Hermentrude;
3064 3978 3160 4034 sed
3184 3986 3239 4034 et
3284 3978 3649 4048 praeclarissi-

1942 4080 2049 4121 mae
2072 4065 2205 4121 item
2245 4065 2652 4121 recordationis
2697 4066 3023 4136 genitorum
3065 4066 3530 4137 genitricumque
3587 4067 3648 4121 li-

1943 4153 2272 4223 liorumque
2330 4152 2606 4222 ipsorum,
2641 4154 2743 4224 qui
2776 4154 2895 4211 sive
2942 4155 3168 4221 vivunt,
3220 4155 3341 4212 sive
3372 4156 3494 4226 jam
3524 4154 3650 4210 dor-

133 4259 314 4315 super
345 4245 585 4302 Hionem
618 4245 884 4313 ﬂuvium,
931 4251 1115 4301 totum
1153 4251 1209 4301 et
1241 4244 1312 4300 ad
1344 4243 1636 4316 integrum
1672 4244 1833 4316 quid-
1864 4254 1911 4312 ι)
1949 4243 2200 4299 mierunt
2231 4242 2288 4297 in
2315 4241 2576 4310 Domino,
2611 4256 2712 4312 pro
2742 4242 2908 4299 nobis
2939 4243 3111 4299 etiam
3163 4242 3430 4314 ﬁliisque,
3483 4257 3549 4299 ac
3577 4242 3650 4298 ﬁ-

135 4335 280 4406 quid
338 4335 543 4391 de......
591 4334 838 4393 vassallo
895 4335 1182 4392 dominico
1236 4335 1713 4405 conquisivimus,
1782 4341 1838 4391 et

134 4423 427 4495 quidquid
469 4424 540 4479 ad
587 4423 766 4493 ipsam
800 4423 1171 4481 Piscatoriam
1221 4422 1441 4493 aspicit,
1479 4422 1535 4478 in
1567 4423 1839 4479 omnibus

131 4511 420 4567 duntaxat
444 4510 502 4565 in
534 4510 748 4581 quibus
780 4511 991 4567 ibidem
1042 4518 1236 4567 nostra
1293 4502 1525 4566 videtur
1544 4509 1833 4578 ldomina-

137 4600 237 4666 tio,
273 4599 365 4655 vel
403 4613 525 4655 esse
554 4598 736 4654 scitur
754 4607 1022 4668 potestas,
1073 4607 1129 4655 et
1159 4598 1448 4669 quidquid
1488 4598 1561 4655 ad
1613 4600 1713 4670 jus
1740 4613 1839 4654 no-

137 4696 327 4744 strum
354 4687 414 4742 in
444 4700 591 4759 pago
620 4687 944 4742 Tricassino
967 4686 1229 4755 pertinet.

216 4774 393 4832 «Pari
449 4776 622 4832 etiam
677 4774 879 4831 ordine
931 4774 1306 4831 fundavimus
1346 4774 1505 4830 aliud
1555 4781 1837 4831 monaste-

137 4865 313 4933 rium,
354 4864 549 4921 eodem
574 4863 786 4931 studio,
814 4863 1133 4932 eademque
1189 4862 1509 4931 devotione,
1571 4871 1635 4919 ut
1674 4863 1839 4919 habi-

135 4952 397 5011 taculum
433 4952 779 5008 ancillarum
810 4950 907 5007 Dei
936 4950 1046 5006 sub
1076 4950 1333 5021 regulari
1382 4950 1751 5019 districtione,
1785 4962 1839 5008 et

136 5039 499 5098 institutione
528 5038 1021 5096 sanctiBenedicti
1064 5038 1386 5095 viventium
1427 5038 1586 5095 ﬁeret
1617 5039 1671 5094 in
1728 5040 1839 5095 ho—

134 5142 277 5185 nore
305 5127 530 5183 Domini
578 5126 755 5182 nostri
811 5126 946 5182 Iesu
995 5124 1225 5194 Christi,
1269 5125 1327 5181 in
1384 5124 1505 5181 loco
1561 5124 1651 5180 vel
1701 5139 1839 5196 agro

134 5216 238 5287 qui
269 5215 484 5271 dicitur
514 5214 869 5283 Virziliacus,
928 5214 989 5269 in
1031 5227 1178 5284 pago
1227 5213 1520 5282 Avalensi,
1559 5213 1615 5268 in
1659 5227 1838 5284 regno

134 5304 511 5375 Burgundiae,
564 5303 665 5360 ubi
722 5310 779 5359 et
822 5301 1177 5359 contulimus
1208 5301 1376 5357 villas
1408 5302 1530 5357 has.
1562 5302 1837 5357 Eamdem

139 5394 344 5464 ipsam,
397 5392 455 5449 in
495 5406 614 5463 qua
678 5391 853 5448 situm
882 5397 966 5448 est
993 5404 1222 5447 sacrum
1253 5397 1309 5446 et
1354 5390 1687 5446 venerabile
1717 5405 1838 5447 mo-

139 5481 480 5547 nasterium,
532 5479 922 5548 Virziliaeum,
955 5491 1135 5550 quam
1183 5478 1668 5536 commutavimus
1705 5493 1839 5536 cum

1944 4331 2135 4388 liabus
2178 4328 2528 4398 viventibus,
2587 4330 2707 4386 sive
2740 4330 3043 4398 defunctis,
3076 4330 3416 4402 cunctisque
3446 4331 3648 4388 amicis

1944 4420 2175 4487 nostris,
2213 4419 2593 4490 omniumque
2620 4418 2879 4483 ﬁdelium
2902 4418 3293 4475 multitudine.

2019 4529 2048 4560 α
2081 4509 2199 4565 Hoc
2244 4521 2379 4564 vero
2412 4507 2846 4575 monasterium,
2879 4508 3001 4564 sive
3031 4507 3186 4563 aliud
3243 4521 3421 4577 supra
3469 4508 3649 4564 nomi-

1944 4604 2168 4665 natum,
2202 4611 2336 4653 cum
2366 4594 2635 4651 omnibus
2665 4595 2837 4651 rebus
2894 4594 2970 4650 ibi
3027 4594 3267 4663 collatis,
3304 4594 3650 4651 beatissimis

1945 4685 2215 4756 apostolis
2244 4685 2400 4755 apud
2427 4685 2665 4741 Romam
2697 4683 3083 4751 subdidimus,
3117 4683 3181 4755 let
3223 4685 3649 4740 testamentario

1946 4774 2135 4830 libello
2165 4774 2298 4830 dato
2327 4781 2536 4829 aeterne
2587 4772 2956 4843 pontiﬁcibus
3007 4772 3177 4828 Urbis
3223 4773 3394 4840 illius,
3421 4772 3525 4843 qui
3554 4773 3646 4828 vi-

1944 4878 2006 4919 ce
2039 4862 2349 4933 apostolica
2375 4863 2545 4918 annis
2591 4861 2970 4932 sequentibus
3002 4862 3193 4918 sedem
3233 4861 3543 4929 tenuerint,
3576 4863 3650 4918 ad

1946 4949 2283 5020 regendum,
2323 4950 2734 5017 ordinandum,
2793 4964 2908 5005 non
2960 4957 3151 5006 tamen
3190 4957 3254 5006 ut
3284 4950 3650 5006 beneﬁciaria

1947 5045 2237 5107 potestate.
2274 5040 2538 5108 Cumque
2577 5038 2753 5094 dandi
2784 5046 2887 5096 aut
2942 5039 3379 5109 procaminandi
3414 5039 3647 5096 licentia

1948 5124 2020 5181 sit
2057 5126 2432 5196 disponenda,
2467 5135 2741 5197 perpetuo
2762 5129 3177 5198 commisimus,
3210 5135 3275 5184 ut
3297 5143 3500 5186 eorum
3530 5129 3649 5185 sol-

1947 5214 2116 5271 licitis
2162 5214 2387 5282 studiis,
2428 5222 2483 5271 et
2530 5216 2692 5286 vigili
2764 5217 3107 5287 provisione,
3153 5216 3327 5288 juxta
3391 5226 3647 5275 nostram

1949 5303 2326 5371 devotionem,
2361 5304 2561 5374 religio
2591 5304 2813 5374 pietatis
2863 5312 2918 5362 et
2947 5307 3262 5364 honestatis
3289 5308 3376 5375 {ad
3404 5308 3646 5379 gloriam

1948 5390 2047 5448 Dei
2080 5405 2301 5461 semper
2329 5391 2405 5447 ibi
2431 5400 2741 5459 exerescat,
2776 5400 2831 5449 et
2856 5393 3083 5452 fructus
3120 5397 3276 5467 apud
3316 5397 3495 5454 Deum
3530 5411 3653 5468 pro-

1949 5479 2183 5550 pensior
2226 5486 2553 5551 generetur.
2582 5479 2730 5538 Illud
2778 5491 3053 5552 perpetue
3090 5484 3323 5541 ﬁrmum
3354 5485 3647 5553 volumus,
