3924 6090
278 239 405 294 1191

1322 229 1413 283 ΑΙ)
1452 227 1601 282 ΟΡΡ.
1645 225 1801 279 VEN.
1841 221 2172 278 GUIBEBTI
2211 219 2300 275 DE
2341 217 2735 274 NOVIGENTO

3668 220 3816 273 1192

268 384 331 433 ut
363 374 588 447 quoties
613 372 791 428 abbas
835 369 926 425 vel
975 367 1265 423 abbatissa
1298 365 1366 420 de
1410 362 1662 435 praefatis
1693 366 1972 416 monaste-
2003 359 2044 412 A
2083 355 2275 447 baldi.
2313 355 2366 447 8ζ
2410 355 2670 447 Zenonis.
2815 352 3108 410 Odolardi.
3161 354 3216 410 8.
3248 353 3536 414 Odeberti.
3577 359 3637 415 S.
3693 362 3816 416 Au-

270 465 370 520 riis
402 469 663 532 respectu
699 458 894 514 divino
925 470 958 512 a
1015 455 1294 526 religione
1346 459 1541 508 nostra
1597 450 1814 506 sanctis
1844 460 1977 517 apo-

276 554 431 610 stolis
452 549 809 614 contraditis,
862 561 933 602 ex
970 545 1078 601 hac
1111 544 1238 600 luce
1285 540 1686 614 migraverint,
1744 552 1980 610 congre-

274 640 530 712 gationes
559 637 714 706 ipsae,
750 649 897 706 quas
926 635 995 690 de
1025 631 1454 715 venerabilibus
1491 628 1630 685 locis
1676 629 1830 684 Deus
1859 641 1978 682 esse

274 727 537 794 voluerit,
594 726 844 781 habeant
899 736 1227 778 concessam
1301 719 1411 775 sibi
1466 725 1798 788 potestatem
1845 731 1976 772 cum

276 814 743 885 interrogatione,
782 822 1236 880 sanctorumque
1277 809 1539 863 virorum
1587 805 1843 872 consilio,
1893 806 1975 859 al-

274 913 462 961 terum
518 904 603 958 vel
659 905 896 958 alteram
958 901 1121 955 bona
1180 897 1311 954 vitae
1364 904 1418 952 et
1459 895 1592 951 boni
1646 892 1974 961 testimonii,

275 993 592 1049 auxiliante
645 990 1002 1051 Domino,ex
1057 1001 1161 1042 suo
1211 985 1496 1041 consortio
1527 991 1701 1054 atque
1742 983 1978 1052 collegio

276 1081 520 1138 ehctum
543 1078 631 1135 vel
681 1078 917 1134 electam
951 1074 1317 1146 praeﬁciendi,
1366 1079 1745 1143 prosequente
1803 1071 1981 1142 ponti-

278 1167 398 1224 flc°.:
425 1181 598 1237 super
625 1166 731 1222 hac
761 1180 820 1220 re
853 1163 1207 1234 probatione,
1235 1162 1335 1233 qui
1387 1161 1577 1217 sedem
1609 1159 1977 1230 apostolicam

281 1264 422 1313 tunc
453 1254 724 1324 temporis
756 1252 1055 1308 meruerit.

347 1365 378 1396 (ι
401 1343 505 1400 Sed
531 1350 585 1398 et
603 1356 795 1398 rerum
829 1339 1123 1412 quantitas
1178 1338 1236 1393 in
1266 1336 1641 1406 suscipiendis
1680 1335 1976 1392 fratribus,

275 1433 363 1490 vel
381 1431 674 1488 sororibus
703 1443 927 1499 semper
947 1427 1295 1493 attendatur,
1330 1440 1399 1485 ne
1431 1425 1723 1495 superﬂuo
1769 1439 1980 1480 nume-

275 1537 339 1577 ro
389 1519 859 1590 congregationes
909 1517 1045 1586 ipsae
1105 1515 1283 1585 (quod
1316 1514 1481 1583 absit)
1533 1514 1674 1570 forte
1727 1522 1980 1584 gravatae

275 1610 639 1666 delabantur.
670 1607 826 1676 jlllud
868 1619 1100 1676 quoque
1153 1617 1517 1672 summopere
1558 1616 1873 1671 monemus,
1925 1609 1978 1658 et

862 1660 1035 1748 etiam
1094 1660 1422 1745 inhibemus
1475 1704 1546 1744 ne
1602 1690 1693 1745 cui
1752 1660 2047 1758 pietatisB

278 1791 488 1838 nostrze
516 1789 715 1836 votum
747 1780 911 1835 liceat
941 1780 1008 1834 'in
1068 1788 1406 1848 perpetuum
1466 1785 1840 1844 commutare,
1890 1777 1980 1833 vel

276 1878 621 1941 przepostero
667 1869 865 1924 ordine
898 1867 1268 1936 irrumpendo
1295 1867 1664 1936 perturbare.
1728 1866 1887 1933 Quod
1933 1866 1980 1922 si

278 1960 428 2029 quis,
475 1957 647 2027 :‘quod
694 1969 807 2011 non
860 1955 1147 2010 credimus
1202 1954 1484 2018 futurum,
1555 1956 1983 2024 praesumpserit

278 2046 494 2102 domini
528 2052 582 2100 et
630 2044 870 2099 senioris
918 2043 1097 2099 nostri
1136 2043 1320 2100 Caroli
1372 2043 1452 2098 Pii
1504 2043 1653 2114 regis
1699 2047 1982 2112 praecepto

277 2135 604 2201 damnatus,
625 2133 863 2188 Domino
894 2132 1005 2187 Deo
1038 2139 1230 2187 nostro
1247 2132 1482 2203 dignam
1516 2131 1646 2187 facti
1676 2131 1763 2187 sui
1803 2133 1979 2187 vicem

275 2223 326 2279 ei
359 2223 646 2286 reddente,
673 2236 745 2277 ex
791 2221 1074 2276 sententia
1117 2220 1298 2276 sancti
1349 2220 1651 2290 pontiﬁcis,
1699 2220 1880 2288 vobis,
1930 2228 1984 2277 et

277 2310 591 2381 sacrilegus
618 2317 673 2364 et
707 2322 1004 2364 sacrarum
1037 2322 1231 2363 rerum
1271 2308 1588 2374 fraudator,
1619 2323 1652 2365 a
1699 2317 1849 2365 cestu
1881 2324 1982 2380 po-

280 2399 398 2470 puli
434 2399 533 2454 Dei
563 2405 875 2453 extraneus
907 2409 1131 2466 poenam
1176 2403 1471 2462 aeternam,
1518 2395 1627 2451 nisi
1664 2395 1981 2465 resipuerit,

280 2488 561 2544 incurrat.

357 2600 376 2625 ι
413 2575 519 2632 Sed
548 2582 602 2631 et
645 2589 748 2630 vos
786 2587 1001 2640 omnes,
1051 2573 1391 2629 sanctissimi
1435 2575 1628 2629 Patres
1675 2581 1728 2629 et
1768 2573 1984 2644 episco-

280 2666 358 2737 pi,
423 2680 524 2735 per
564 2665 1000 2734 Redemptorem
1059 2662 1364 2718 Dominum
1408 2669 1669 2718 nostrum
1723 2662 1987 2732 depreca-

283 2769 437 2822 mur,
531 2761 596 2810 ut
646 2753 784 2809 huic
833 2760 1042 2808 nostrae
1119 2751 1440 2807 devotionis
1505 2767 1729 2822 semper
1778 2752 1986 2823 digne-

280 2843 422 2898 mini
473 2850 790 2908 exactores,
841 2849 893 2898 et
947 2841 1238 2912 adjutores
1296 2840 1352 2895 in
1400 2840 1668 2895 omnibus
1719 2840 1984 2896 existere.

277 2932 435 2997 Quod
472 2931 529 2987 in
561 2931 727 2987 finem
760 2930 1111 2986 monendum
1143 2929 1215 2983 sit
1245 2929 1353 2998 piis
1391 2936 1445 2984 et
1470 2928 1820 2984 charissimis
1879 2943 1987 2983 no-

279 3021 412 3076 stris
441 3020 624 3076 servis
651 3020 748 3076 Dei
798 3019 855 3074 in
895 3017 1254 3074 monasteriis
1299 3024 1456 3073 tanto
1502 3018 1691 3073 studio
1735 3031 1768 3072 a
1818 3017 1984 3073 nobis

280 3109 552 3175 fundatis,
592 3107 954 3179 degentibus,
986 3113 1039 3162 et
1072 3106 1168 3177 pia
1215 3112 1270 3162 et
1301 3105 1459 3176 vigili
1482 3119 1624 3161 cura
1666 3105 1984 3162 devotionis

278 3205 334 3253 et
360 3196 652 3267 religionis
677 3196 768 3264 sit,
811 3218 830 3246 ι
867 3204 1041 3266 atque
1066 3195 1124 3250 in
1166 3194 1435 3251 omnibus
1463 3209 1522 3251 se
1551 3193 1862 3251 exhibeant
1900 3195 1984 3250 si-

279 3293 378 3342 cut
404 3285 498 3341 Dei
536 3285 844 3352 ministros,
884 3284 1102 3340 nemini
1136 3283 1336 3339 dantes
1395 3284 1574 3340 ullam
1612 3282 1983 3339 offensionem

278 3373 650 3444 vituperandi
685 3373 779 3446 (II
811 3375 928 3430 Cor.
961 3388 1037 3440 v1,
1099 3373 1152 3440 3)
1211 3394 1231 3421 ι
1267 3373 1759 3443 religiosissimum
1808 3379 1862 3428 et
1893 3385 1985 3428 sa-

278 3476 440 3518 crum
487 3463 746 3518 ordinem
807 3462 1140 3518 monasterii
1187 3462 1298 3528 sui,
1347 3469 1412 3517 ut
1459 3461 1785 3531 apostolicae
1835 3461 1985 3518 sedis

279 3551 533 3621 pontifex
561 3552 633 3607 sit
657 3552 738 3606 eis
768 3559 956 3607 rector
997 3551 1286 3615 assiduus,
1333 3549 1659 3606 consolator
1691 3557 1745 3606 et
1797 3556 1982 3620 tutor;

279 3647 569 3709 quatenus
620 3639 845 3710 corpori
901 3646 955 3695 et
1011 3638 1284 3695 membris
1319 3637 1583 3693 Ecclesiae
1656 3637 1988 3693 fidelissima

278 3727 556 3782 charitate
587 3735 643 3782 et
690 3725 1123 3797 religiosissima
1181 3725 1504 3782 obedientia
1550 3725 1760 3795 juncti,
1812 3725 1982 3782 etiam

281 3815 452 3886 capiti
479 3815 654 3872 totius
692 3816 967 3885 corporis,
1004 3815 1161 3887 quod
1188 3823 1271 3872 est
1311 3815 1592 3882 Christus,
1656 3823 1988 3872 mereantur

281 3918 558 3976 compage
597 3905 825 3960 sociari.

357 4015 377 4040 ι
427 3993 543 4048 Hoc
590 4001 782 4050 autem
840 3999 1250 4050 testamentum
1300 3992 1469 4063 plena
1502 4005 1536 4046 a
1585 3991 1752 4047 nobis
1785 3991 1987 4061 pietate

280 4087 336 4135 et
379 4080 682 4136 devotione
745 4081 1088 4147 contectum,
1128 4088 1189 4136 ut
1210 4080 1363 4135 omni
1395 4087 1657 4149 tempore
1688 4078 1989 4149 irrefraga-

283 4168 453 4223 bilem
483 4168 738 4224 obtineat
772 4169 1121 4238 firmitatem,
1170 4169 1342 4224 etiam
1400 4181 1610 4223 manus
1675 4175 1902 4235 nostra,
1933 4173 1988 4223 et

2086 444 2278 500 storici
2336 443 2388 498 S.
2424 443 2758 498 Amalberti.
2792 464 2811 490 ι

2156 534 2370 590 Nicolai
2419 547 2580 603 papae
2617 534 2649 588 I
2695 531 3034 601 conﬁrmatio
3081 533 3426 599 fundationis
3470 541 3816 594 monasterii

2737 621 3142 677 Vizeliacensis.

2163 733 2182 760 α
2218 710 2486 767 Nicolaus
2513 709 2830 780 episcopus,
2886 724 3090 766 servus
3137 726 3440 771 servorum
3475 717 3605 785 Dei,
3666 718 3816 774 reli-

2088 800 2280 872 giosze,
2316 807 2369 856 et
2401 800 2513 854 Deo
2557 799 2778 866 dicalze,
2813 813 2943 869 quae
3000 799 3196 856 divino
3246 810 3417 871 nutu,
3473 804 3816 876 divinaque

2087 889 2446 960 providentia
2475 888 2534 943 in
2559 893 2708 942 660
2746 887 3091 944 monasterio
3142 888 3312 946 fuerit
3363 893 3718 960 constituta,
3793 915 3810 940 -

2086 986 2193 1034 etc.
2263 979 2396 1033 Vide
2462 980 2604 1033 inter
2659 977 2915 1047 epistolas
2973 981 3024 1031 et
3089 977 3395 1048 diplomata
3478 983 3717 1038 Νίσοιαί
3766 984 3812 1047 1,

2090 1068 2410 1136 Ραινοιοςίω
2451 1072 2490 1122 t.
2523 1068 2646 1123 CXI
2647 1069 2709 1121 Χ.

2087 1161 2235 1211 65!
2271 1157 2527 1226 Diploma
2582 1156 2763 1212 Caroli
2803 1155 2958 1213 Calvi
3000 1155 3381 1223 fundationem
3421 1159 3813 1230 approbantis

2555 1245 2937 1299 Vizeliacensis
2977 1248 3316 1300 monasterii.

2165 1356 2186 1383 «
2237 1334 2301 1389 In
2350 1333 2580 1389 nomine
2619 1340 2830 1389 sanctae
2882 1340 2935 1389 et
2967 1333 3284 1391 individua:
3314 1336 3652 1394 Trinitatis.
3688 1339 3805 1395 Ca-

2090 1421 2249 1478 rolus
2273 1422 2370 1477 Dei
2398 1423 2583 1492 gratia
2611 1436 2738 1477 rex.
2779 1421 2833 1477 Si
2867 1423 3144 1479 nobilium
3176 1431 3230 1479 et
3260 1424 3608 1494 illustrium,
3645 1449 3667 1475 ι
3695 1437 3802 1483 etc.

2096 1512 2233 1567 Vide
2247 1514 2388 1565 inter
2400 1511 2699 1580 diplomata
2721 1511 2903 1566 Caroli
2923 1511 3079 1566 Calvi
3094 1512 3435 1580 Pati-alogiae,
3465 1520 3507 1568 t.
3537 1518 3802 1570 CXXIV.

2159 1605 2308 1654 658
2341 1600 2573 1670 Aliquot
2605 1607 2729 1669 post
2784 1600 2972 1667 annis,
3006 1601 3571 1658 'sanctimonialibus
3597 1618 3802 1660 aman-

2087 1689 2253 1752 datis,
2289 1689 2346 1744 in
2393 1689 2783 1746 Vezeliacense
2843 1689 3167 1744 cmnobium
3219 1705 3547 1747 successere
3595 1707 3804 1748 mona-

2087 1779 2217 1843 chi;
2253 1778 2354 1848 qui
2379 1778 2607 1833 tandem
2634 1777 2898 1847 pluribus
2927 1778 3154 1833 saeculis
3181 1778 3386 1848 elapsis
3428 1794 3593 1836 anno
3633 1782 3805 1836 nimi-

2089 1881 2219 1922 rum
2262 1869 2411 1933 l537,
2452 1866 2698 1921 obtentis
2719 1865 2849 1922 dolo
2879 1880 2913 1921 a
2939 1881 3165 1922 summo
3198 1868 3462 1937 pontiﬁce
3495 1869 3689 1924 Paulo
3737 1871 3804 1924 lll

2089 1956 2291 2012 litteris
2325 1955 2573 2022 bullatis,
2606 1954 2901 2011 cucullum
2951 1955 3387 2025 abdicaverunt,
3451 1972 3525 2013 ac
3558 1959 3802 2014 saeculao

2090 2045 2240 2101 rium
2272 2045 2683 2100 canonicorum
2715 2058 2901 2100 mores
2917 2052 2970 2102 et
3003 2053 3182 2101 vestes
3213 2047 3468 2103 induere.

2163 2130 2281 2204 ('09)
2329 2133 2462 2189 CAP.
2524 2132 2624 2188 IX.
2673 2162 2742 2172 -—
2788 2133 2974 2188 Abbas
3031 2138 3218 2204 autem
3275 2135 3464 2190 Sancti
3527 2137 3806 2191 Vincentii

2093 2223 2382 2278 Adalbero.
2417 2220 2593 2288 Quem
2622 2235 2798 2290 supra
2827 2221 2993 2277 seriei
3051 2223 3327 2280 abbatum
3395 2223 3448 2281 8.
3512 2225 3803 2282 Vineentii

2094 2310 2492 2368 Laudunensis
2519 2310 2938 2377 accensuimus,
2979 2319 3178 2382 estque
3210 2313 3580 2371 undecimus.

2162 2399 2280 2471 (“0)
2328 2399 2461 2456 Car.
2507 2397 2578 2452 X.
2626 2428 2694 2440 —
2738 2400 2817 2455 Et
2854 2399 3095 2455 Salbano
3135 2403 3457 2472 superjecto.
3510 2405 3674 2476 Lege
3710 2406 3806 2460 Sa-

2096 2491 2250 2544 bano.
2300 2491 2420 2552 Quo
2493 2486 2667 2543 verbo
2707 2501 2846 2544 usus
2889 2495 2974 2544 est
3021 2496 3224 2545 auctor
3259 2499 3462 2546 noster
3517 2490 3682 2548 libro
3729 2493 3804 2547 De

2095 2577 2445 2649 virginitate,
2484 2590 2609 2646 cap.
2643 2576 2732 2630 10.
2781 2596 2807 2625 ‹‹
2838 2576 3184 2648 Sabanoque
3231 2592 3296 2635 ac
3323 2578 3591 2635 vestibus
3659 2594 3734 2635 ac
3763 2581 3804 2634 si

2095 2667 2514 2725 somnolentum
2569 2665 2800 2734 operiri.
2839 2687 2865 2714 ››
2903 2667 3006 2722 Pro
3036 2666 3209 2723 linteo
3241 2676 3586 2738 usurpatur,
3651 2670 3808 2725 velut

2096 2755 2320 2826 antiqui
2351 2753 2653 2823 scriptores
2699 2760 3020 2823 exponunt.
3073 2753 3269 2811 Victor
3315 2755 3600 2812 Uticensis
3667 2757 3806 2812 libro

2097 2844 2262 2902 tertio
2291 2850 2423 2898 ante
2482 2841 2758 2898 medium.
2811 2841 3047 2898 Muritta
3084 2843 3361 2899 diaconus
3401 2844 3804 2913 Elpidoforum

2017 2959 2055 3018 ε
2098 2933 2435 2992 Christianae
2476 2930 2768 2999 religionis
2815 2930 3180 2996 desertorem,
3215 2945 3279 2987 ac
3320 2933 3618 2988 crudelem
3684 2948 3806 3004 per-

2093 3029 2428 3086 secutorem,
2463 3032 2634 3089 quem
2675 3032 2705 3073 e
2735 3031 2897 3074 sacro
2928 3019 3082 3074 fonte
3131 3029 3478 3090 susceperat,
3545 3022 3810 3093 alloqui-

2093 3120 2236 3168 tur:
2297 3131 2318 3158 σ
2372 3108 2526 3164 Clam
2567 3105 2723 3162 furto
2761 3107 3145 3164 nescientibus
3209 3109 3431 3165 cunctis
3498 3110 3810 3180 bajulabat

2095 3199 2210 3265 illa,
2242 3197 2458 3268 quibus
2487 3210 2619 3252 eum
2665 3195 2982 3266 suscipiens
3013 3196 3081 3252 de
3109 3197 3261 3253 fonte
3309 3198 3533 3255 dudum
3575 3209 3813 3256 texerat

2095 3286 2329 3342 sabana.
2367 3304 2392 3335 ι)
2431 3285 2499 3339 Ει
2548 3283 2699 3338 infra
2749 3285 2888 3354 quid
2933 3285 3220 3342 sabanum
3264 3287 3533 3356 explicat.
3595 3311 3620 3336 ι
3679 3290 3810 3344 Haec

2093 3383 2230 3431 sunt
2260 3373 2614 3440 linteamina,
2645 3373 2986 3442 Elpidofore,
3013 3388 3144 3444 quae
3167 3381 3218 3430 te
3245 3376 3630 3444 accusabunt,
3667 3377 3809 3432 dum

2094 3465 2362 3535 majestas
2396 3463 2616 3518 venerit
2655 3461 2986 3532 judicantis.
3033 3483 3051 3510 ι
3088 3463 3312 3521 Videsis
3361 3473 3634 3520 sanctum
3669 3465 3808 3521 Gre-

2095 3553 2320 3623 gorium
2365 3565 2590 3621 papam,
2646 3549 2789 3606 libro
2838 3566 2914 3618 tv,
2971 3551 3190 3622 Dialog.
3243 3567 3368 3622 cap.
3403 3555 3492 3619 55,
3535 3553 3606 3609 de
3655 3554 3808 3610 Cen-

2094 3639 2450 3697 tumcellensi
2507 3639 2854 3708 presbytero,
2907 3648 3173 3696 sanctum
3248 3641 3606 3698 Bonifacium
3683 3643 3808 3698 Mo-

2097 3736 2259 3800 gunt.
2289 3728 2451 3798 epist.
2493 3726 2554 3782 l0
2582 3735 2637 3783 et
2675 3727 2783 3781 145
2833 3728 2894 3783 in
2922 3727 3062 3796 fine;
3097 3729 3344 3785 Paulum
3394 3745 3606 3800 papam
3651 3733 3699 3796 Ι,
3737 3731 3809 3785 ad

2097 3817 2404 3887 Pippinum
2457 3830 2670 3886 regem,
2738 3823 2888 3872 tomo
2947 3817 3025 3871 ΙΙΙ
3094 3817 3236 3872 Hist.
3282 3819 3484 3873 Franc.
3555 3819 3812 3875 Andreae

2097 3906 2397 3962 Duchesne
2431 3919 2559 3974 pag.
2589 3907 2714 3958 746.

2168 3993 2283 4065 (ιη)
2335 3995 2465 4048 lntn.
2515 4022 2586 4032 -—
2631 3994 2852 4048 Delatus
2901 3993 2976 4047 ad
3016 3995 3310 4063 ecclesiam,
3361 4002 3468 4051 etc.
3520 3996 3814 4063 —Quare

2097 4083 2156 4137 in
2203 4081 2439 4138 ecclesia
2490 4081 2603 4137 San
2646 4081 3028 4137 Vincentiana
3068 4083 3329 4152 sepultus
3358 4083 3528 4139 fuerit
3571 4084 3814 4141 Galdri-

2099 4186 2200 4226 cus
2230 4185 2315 4240 ep.
2349 4169 2628 4226 rationem
2661 4169 2924 4226 dedimus
2953 4170 3011 4224 in
3033 4159 3349 4226 summario
3372 4171 3514 4226 Hist.
3543 4172 3812 4241 ejusdem

283 4253 598 4311 illustrium
630 4256 887 4312 virorum
920 4255 1440 4327 subscriptionibus
1484 4255 1787 4312 sanximus
1818 4255 1981 4312 robo-
2012 4264 2058 4318 ι)
2098 4258 2466 4326 monasterii;
2495 4258 2650 4328 quod
2684 4257 2962 4314 nimirum
3001 4259 3239 4314 ecclesia
3265 4259 3361 4315 illa
3403 4260 3812 4329 episcoporum

281 4339 552 4397 randum.

359 4453 379 4478 ι
435 4430 488 4486 8.
556 4431 792 4488 Gerardi
880 4433 1122 4500 comitis,
1186 4432 1239 4487 S.
1298 4433 1519 4488 Bertha:
1559 4431 1824 4503 conjugis
1890 4432 1991 4502 qui

286 4519 432 4575 hanc
461 4521 807 4577 oblationem
840 4522 954 4578 Deo
984 4536 1084 4592 pro
1129 4522 1378 4577 remedio
1410 4521 1618 4577 anima:
1656 4535 1777 4577 suae
1819 4521 1993 4578 obtu—

285 4606 493 4675 lerunt,
527 4615 582 4664 et
639 4616 977 4666 testamento
1009 4609 1180 4679 ,facto
1226 4609 1625 4678 firmaverunt,
1683 4617 1858 4681 atque
1890 4609 1990 4667 lir-

283 4695 430 4750 mari
467 4696 790 4766 jusserunt.

359 4806 386 4832 ‹‹
420 4784 472 4838 8.
527 4785 662 4840 Evze
698 4786 826 4841 tiliae
890 4786 1143 4855 ipsorum
1187 4801 1317 4857 quae
1366 4786 1721 4842 voluntatem
1776 4800 1990 4856 paren-

285 4879 428 4934 tum,
460 4879 514 4928 et
543 4872 887 4930 oblationem
921 4875 1032 4929 Deo
1062 4874 1288 4943 factam,
1325 4874 1610 4930 audiendo
1635 4883 1690 4931 et
1749 4875 1992 4930 ﬁrman-

285 4961 356 5015 do
386 4961 705 5029 consentiit,
730 4962 1138 5018 consentiendo
1167 4963 1562 5033 iconiirmavit.

361 5072 380 5098 α
417 5050 470 5105 8.
527 5049 814 5105 Sanvarii.
872 5050 925 5106 8.
988 5050 1253 5107 Simonis.
1284 5051 1336 5106 S.
1395 5051 1626 5121 Fanvel,
1662 5051 1716 5106 S.
1760 5051 1988 5107 Bauna-

288 5137 358 5192 ri.
410 5138 464 5192 8.
519 5138 811 5194 Widerici.
873 5138 927 5194 S.
981 5138 1238 5195 Gerardi.
1273 5140 1325 5196 S.
1362 5139 1617 5196 Rotardi.
1649 5138 1703 5194 S.
1751 5140 1984 5196 Abonis.

287 5225 340 5280 S.
394 5227 684 5298 Auzgarii.
743 5228 796 5284 S.
832 5227 1055 5298 Optadi.
1108 5228 1161 5283 S.
1221 5228 1452 5284 Galfari.
1490 5228 1542 5283 S.
1597 5229 1856 5284 Athonis.
1931 5228 1984 5284 S.

288 5315 526 5370 Ardulti.
591 5315 643 5371 8.
705 5317 1010 5372 Bercharii,
1072 5317 1126 5372 S.
1187 5316 1548 5387 Raganaudi.
1587 5316 1640 5372 8.
1688 5317 1980 5373 Lcuderci.

291 5400 345 5454 S.
377 5401 613 5458 Alverti.
657 5404 710 5460 S.
769 5405 1113 5460 Fredebcrti.
1170 5403 1223 5459 S.
1261 5405 1570 5474 Badulphi.
1619 5404 1672 5459 S.
1727 5404 1982 5461 Gerardi.

291 5488 343 5543 S.
398 5488 682 5558 Sigiberli.
753 5491 806 5546 S.
873 5491 1185 5547 Gfslemari.
1263 5491 1317 5546 S.
1379 5492 1692 5548 Ganzelini.
1743 5493 1793 5547 S.
1853 5495 1986 5563 Atr-

2103 4346 2576 4404 Laudunensium
2611 4346 2784 4402 fuerit
2828 4347 3237 4404 cmmeterium.
3273 4348 3649 4418 Epitaphium
3692 4350 3816 4405 Gal-

2101 4435 2245 4491 drici
2282 4449 2423 4506 pene
2460 4435 2809 4491 obiteratum
2854 4443 3070 4506 prostat
3119 4444 3251 4493 ante
3307 4437 3484 4492 altare
3517 4436 3580 4505 VS.
3637 4438 3812 4493 Bene.

2101 4522 2234 4579 dicti
2260 4523 2317 4578 in
2354 4523 2475 4578 haec
2495 4522 2700 4578 verba:

2172 4658 2403 4711 Fructus
2428 4671 2684 4725 amorque
2705 4657 2905 4723 gregis,
2939 4658 3225 4726 utriusque
3265 4657 3530 4712 modestia
3560 4659 3733 4726 tegis.

2247 4730 2438 4783 Vivere
2457 4727 2587 4781 dum
2615 4728 2770 4781 licuit
2809 4727 3120 4782 Waldricus
3148 4732 3250 4782 iste
3273 4730 3404 4795 fuit.

2169 4799 2386 4853 Praesul
2401 4797 2694 4868 prudentis
2722 4813 2887 4867 super
2923 4799 3042 4853 alta
3059 4802 3276 4866 negotia
3294 4802 3500 4854 mentis.

2238 4871 2484 4925 Ecclesiae
2503 4870 2720 4938 clypeus
2747 4872 2821 4924 sit
2849 4885 2978 4924 suus
3009 4870 3136 4925 inde
3171 4871 3337 4924 Deus.

2171 4983 2182 4994 .
2265 4980 2280 4994 .
2360 4983 2370 4994 .
2456 4981 2467 4993 .
2547 4982 2558 4994 .
2635 4981 2648 4995 .
2731 4981 2743 4993 .
2827 4980 2841 4993 .
2921 4982 2933 4993 .
3015 4981 3027 4994 .
3113 4943 3223 4995 Via:
3262 4947 3408 4994 terra
3450 4945 3663 5011 recepit

2173 5050 2186 5063 .
2267 5051 2280 5065 .
2362 5051 2375 5064 .
2455 5050 2468 5063 .
2550 5051 2565 5067 .
2643 5050 2657 5065 .
2741 5053 2752 5065 .
2833 5012 3634 5082 .Pastoremjugulavitovis.

2166 5141 2287 5213 (“3)
2328 5141 2456 5198 CAP.
2506 5142 2607 5198 XI.
2659 5172 2728 5182 -ο
2792 5145 3052 5199 Thomam
3100 5147 3243 5199 enim
3291 5145 3729 5215 Codiciacensis,
3763 5154 3822 5202 ut

2096 5230 2321 5298 dicitur,
2377 5232 2573 5300 ﬁlium.
2628 5232 2761 5287 Late
2799 5232 2967 5288 etiam
3023 5233 3298 5289 nefandos
3348 5234 3582 5288 Thomm
3628 5250 3820 5292 mores

2095 5319 2218 5374 suis
2268 5319 2555 5374 coloribus
2605 5320 2866 5392 depingit
2912 5321 3194 5393 Sugerius
3232 5322 3291 5376 in
3343 5322 3471 5378 Vita
3537 5323 3820 5381 Ludovici

2095 5408 2304 5473 Grossi,
2362 5423 2492 5479 pag.
2544 5411 2632 5463 97.
2677 5410 2818 5466 Hist.
2869 5411 3073 5466 Franc.
3120 5418 3256 5467 tom.
3305 5410 3402 5479 IV,
3465 5411 3539 5467 ab
3587 5415 3821 5471 Andre:

2098 5497 2414 5551 Duchesne.
2447 5497 2533 5552 Ali
2561 5498 2775 5567 plaudo
2815 5497 3192 5554 nihilominus
3220 5498 3380 5554 illum
3419 5498 3619 5568 ipsum
3667 5503 3819 5559 Tho-
