3944 6084
177 241 308 294 1193

1429 234 1644 291 DOMNI
1681 235 1745 289 L.
1795 231 2142 289 D’ACHERY
2181 230 2406 288 NOTAE.

3533 238 3668 291 1194

158 382 309 425 mam
351 367 646 439 religionis
701 366 979 422 cultorem
1041 344 1348 433 exstitisse,
1406 364 1858 435 exhibuisseque
1888 373 1930 424 Α
1967 363 2100 420 duci
2131 363 2355 434 opinor.
2389 366 2461 420 At
2493 365 2787 434 quodnam
2816 365 3186 422 instrumenti
3224 366 3345 424 sive
3385 368 3668 424 machina

165 458 386 530 pietatis
413 456 688 513 exercitia
727 455 1082 511 demonstrat
1111 455 1470 524 subsequens
1492 455 1694 510 charta
1724 469 1736 508 :

238 588 258 613 ι
291 565 357 620 In
400 563 631 619 nomine
697 561 901 624 Patris,
955 567 1010 616 et
1053 559 1197 627 Filii,
1264 568 1320 616 et
1367 560 1613 630 Spiritus
1658 560 1860 615 sancti.

162 654 282 724 Ego
311 654 560 708 Thomas
588 650 687 705 Dei
736 650 924 721 gratia
969 649 1385 705 Codiciaceusis
1414 649 1703 715 dominus,
1730 663 1864 718 per-

163 741 416 812 pendens
457 747 680 810 quanta
708 746 920 794 sancta
961 737 1230 793 Ecclesia
1286 737 1609 792 reverentia
1652 737 1864 793 debea-

168 837 280 897 tur,
325 844 458 899 qua
497 828 604 882 sub
649 827 762 881 Deo
805 827 970 881 Patre
1021 826 1201 882 Mater
1247 833 1441 890 nostra
1487 833 1772 892 vocatur;
1806 825 1864 878 in

166 913 284 987 qua
324 930 425 985 per
473 915 829 984 baptismatis
876 921 1304 969 sacramentum
1352 926 1782 983 regeneramur,
1813 919 1868 968 et

166 1020 238 1061 ex
267 1019 383 1074 qua
414 1003 485 1059 ad
517 1001 974 1072 supercalestem
1007 1001 1325 1058 Jerusalem
1365 1009 1615 1057 nostram
1646 1000 1867 1070 princi-

167 1093 370 1164 paliter
415 1099 658 1146 matrem
705 1089 1067 1160 colligimur:
1119 1089 1417 1144 ecclesiam
1458 1089 1634 1144 beata
1673 1088 1865 1147 Maria

166 1180 470 1250 Novigeuti
521 1178 630 1234 sub
679 1185 874 1234 nostro
919 1184 1042 1247 post
1079 1177 1260 1236 Deum
1313 1177 1650 1247 patrocinio,
1696 1185 1750 1232 et
1798 1176 1867 1232 de

167 1268 378 1323 nostris
407 1266 701 1323 beneficiis
742 1265 1133 1333 constitutam,
1175 1265 1524 1336 prospiciens
1551 1265 1867 1335 plurimum

167 1355 422 1411 adebita
480 1354 740 1410 libertate
799 1353 1145 1419 claudicare,
1194 1361 1248 1408 et
1309 1354 1710 1410 ministrorum
1757 1367 1868 1408 no-

166 1449 417 1499 strorum
452 1443 930 1512 usurpationibus
961 1439 1361 1498 miserabiliter
1389 1443 1708 1513 subjacere,
1743 1441 1862 1507 tali,

172 1532 282 1587 Deo
312 1531 647 1600 inspirante,
686 1530 1064 1600 prarogativa
1103 1529 1357 1600 disposui
1393 1531 1704 1600 insignire;
1739 1543 1866 1584 eam

165 1620 318 1675 enim
381 1619 780 1685 reverentiam,
834 1632 1011 1688 quam
1071 1618 1143 1673 ab
1202 1619 1658 1674 antecessoribus
1727 1617 1868 1672 meis

1971 467 2154 523 genus
2179 453 2350 509 fuerit
2380 453 2682 510 siccatoria
2711 455 2972 510 nondum
3003 454 3133 525 legi.

2042 529 2158 610 ('3‘)
2190 540 2319 597 CAP.
2354 541 2507 598 XIV.
2539 572 2605 582 —
2637 543 2747 609 Quo
2794 543 3092 608 decedente,
3136 545 3237 597 iste
3266 545 3518 610 legitime.
3565 543 3670 599 Per

1970 641 2029 683 se
2061 635 2214 696 patet
2243 628 2695 684 demonstrativo
2722 631 2824 684 iste
2872 629 3375 696 Bartholomaum,
3407 629 3507 699 qui
3543 631 3669 685 Hu-

1972 715 2105 786 goui
2146 717 2438 784 successit,
2484 717 2557 772 ab
2603 725 2836 774 auctore
2884 717 3256 789 subintelligi.
3300 717 3380 772 De
3430 732 3546 787 quo
3590 718 3671 772 sic

1971 803 2315 860 Guillelmus
2356 805 2690 876 Nangiacus
2716 806 2775 860 in
2817 805 2958 860 Hist.
2994 821 3098 861 ms.
3152 820 3247 860 an.
3292 807 3446 858 1113.
3493 827 3513 853 ι
3550 803 3671 870 Quo

1973 892 2256 962 (Hugoue)
2304 900 2429 962 post
2476 902 2690 964 septem
2740 908 2962 948 menses
2999 901 3252 960 mortuo,
3302 893 3394 949 vir
3433 893 3673 948 illustris

1971 977 2425 1034 Bartholomaus
2472 981 2544 1035 ad
2576 981 2969 1049 episcopatum
3023 981 3374 1036 Laudunica
3422 980 3674 1036 civitatis

1972 1067 2348 1136 provehitur;
2406 1067 2577 1138 cujus
2627 1069 2913 1124 industria
2986 1069 3325 1139 episcopalis
3411 1069 3668 1137 ecclesia,

1972 1168 2105 1224 qua
2135 1154 2369 1210 incensa
2408 1155 2616 1223 fuerat,
2675 1155 2734 1213 iu
2788 1156 2948 1212 brevi
3005 1167 3293 1227 reparata,
3350 1166 3504 1226 est,»
3563 1166 3668 1214 etc.

1972 1242 2140 1298 Gesta
2193 1243 2591 1298 Bartholomai
2642 1252 2897 1300 recenset
2939 1246 3305 1302 Hermannus
3347 1247 3406 1300 in
3436 1246 3671 1316 Appen-

1972 1329 2134 1400 dice;
2190 1331 2314 1401 qui,
2366 1332 2522 1402 quod
2570 1332 2719 1387 inter
2775 1340 2980 1390 catera
3040 1333 3110 1388 ab
3155 1334 3352 1390 eodem
3410 1334 3673 1404 episcopo

1973 1420 2245 1488 praclare
2301 1428 2426 1476 acta
2491 1421 2782 1477 abbatiam
2841 1423 3283 1477 Fusuiaceusem
3351 1436 3673 1493 congrega-

1973 1506 2143 1562 tionis
2172 1507 2557 1564 Cistercieusis
2599 1509 2918 1565 condidisse
2959 1510 3222 1578 affirmet,
3274 1524 3461 1580 pauca
3512 1512 3674 1580 ejus-

1973 1594 2102 1650 dem
2146 1595 2500 1652 fundationis
2546 1612 2618 1653 ex
2683 1597 2922 1667 ipsomet
2972 1598 3340 1654 Fusniaceusi
3387 1599 3675 1655 tabulario

169 1707 350 1762 eidem
383 1707 636 1762 ecclesia
680 1667 998 1775 impensam
1045 1705 1316 1774 comperi,
1373 1706 1604 1775 scripto,
1655 1714 1704 1761 et
1754 1719 1867 1760 au-
1899 1667 1938 1720 Β
1979 1682 2208 1749 haus”,
2238 1692 2493 1740 ΓθίθΧθΓθ
2519 1683 2746 1741 libitum
2777 1692 2897 1741 θεῖε

170 1797 430 1852 ctoritate
465 1803 678 1862 nostra,
722 1802 778 1850 et
820 1809 1124 1865 procerum
1169 1801 1494 1850 nostrorum
1543 1793 1867 1850 testimonio

173 1885 447 1941 roborare
473 1882 718 1939 decrevi.

250 2013 270 2040 ε
311 1991 470 2046 Intra
499 1989 838 2045 constitutos
884 1987 1062 2059 igitur
1095 1989 1369 2044 terminos
1412 1987 1695 2044 ambitum
1719 1986 1870 2043 villa

174 2078 356 2149 ipsius
398 2078 476 2135 ita
505 2077 748 2133 liberum
781 2091 901 2132 esse
943 2077 1148 2132 debere
1193 2078 1544 2144 censuimus,
1581 2083 1642 2132 ut
1673 2076 1871 2132 nullus

175 2167 449 2222 clientum
498 2165 588 2220 vel
638 2166 1074 2235 praepositorum
1121 2173 1451 2221 nostrorum
1497 2166 1648 2221 intra
1689 2164 1872 2235 ipsius

174 2255 472 2320 terminos,
506 2268 611 2309 nec
641 2253 950 2318 hominem,
1000 2267 1105 2308 nec
1148 2253 1367 2324 aliquid
1409 2267 1611 2323 capere
1641 2253 1868 2322 audeat,

176 2343 265 2398 vel
307 2342 627 2412 quidquam
674 2356 708 2396 a
750 2355 1049 2412 quoquam
1098 2342 1250 2398 ullus
1297 2343 1618 2410 hominum,
1669 2350 1874 2412 prater

173 2429 439 2486 abbatem
467 2437 521 2486 et
555 2431 882 2496 monachos,
935 2437 1245 2499 prasumat
1295 2429 1572 2485 violenter
1620 2429 1870 2500 exigere,

172 2519 272 2574 sed
300 2533 334 2573 a
355 2519 581 2574 cunctis
619 2518 1038 2574 invasionibus.
1075 2532 1141 2574 ac
1164 2519 1210 2574 si
1243 2525 1522 2585 sacratus,
1557 2517 1629 2573 sit
1655 2517 1873 2573 immu-

172 2607 444 2662 nislocus
493 2607 632 2676 ipse.
675 2607 948 2662 Homines
974 2605 1078 2661 loci
1122 2606 1302 2675 ipsius
1349 2613 1558 2675 prater
1591 2606 1872 2676 quinque,

172 2709 321 2764 quos
367 2695 510 2750 mihi
555 2693 792 2762 retinui,
843 2695 956 2750 Deo
993 2702 1048 2750 et
1078 2694 1342 2750 Ecclesia
1375 2695 1692 2750 servituros
1721 2694 1877 2750 dere-

172 2782 339 2852 liqni,
374 2797 520 2853 quos
567 2782 698 2838 nolo
744 2782 948 2839 amodo
996 2797 1099 2853 pro
1134 2797 1259 2839 meo
1297 2783 1546 2846 servitio.
1594 2783 1703 2838 nisi
1742 2797 1874 2838 cum

171 2870 396 2926 abbatis
423 2877 479 2926 et
507 2869 754 2926 fratrum
788 2870 1018 2926 licentia
1050 2878 1105 2926 et
1135 2871 1434 2926 voluntate
1465 2870 1683 2941 urgeri.
1715 2869 1874 2936 Quod

173 2958 221 3013 si
253 2959 384 3028 quis
411 2972 613 3014 eorum
644 2971 792 3028 quos
819 2958 959 3014 mihi
990 2960 1206 3014 retineo
1224 2958 1296 3013 ad
1325 2972 1414 3014 me
1441 2958 1636 3013 venire
1668 2957 1875 3012 nolue-
1905 2961 1945 3016 C

173 3047 270 3113 rit,
305 3062 439 3102 cum
470 3061 602 3103 eum
626 3061 728 3117 per
767 3047 1096 3103 ministrum
1140 3061 1332 3103 meum
1364 3047 1733 3113 mandavero,
1765 3045 1872 3102 ab-

172 3133 290 3190 bati
320 3142 682 3206 suggeretur,
714 3135 806 3190 vel
839 3135 1034 3205 priori,
1069 3142 1169 3190 aut
1200 3135 1519 3204 praposito,
1549 3140 1614 3189 ut
1641 3147 1775 3190 eum
1799 3133 1872 3188 ad

173 3237 265 3278 me
294 3222 487 3278 venire
515 3222 701 3278 faciat.
749 3222 804 3278 Si
854 3231 1084 3292 propter
1118 3223 1397 3293 abbatem
1429 3223 1626 3278 venire
1673 3223 1871 3277 nolue-

172 3310 268 3377 rit,
307 3324 612 3380 nunquam
663 3324 766 3380 per
795 3309 1048 3381 aliquem
1082 3311 1383 3366 hominum
1417 3324 1675 3366 meorum
1721 3310 1875 3365 intra

173 3398 497 3454 districtum
535 3398 805 3454 territorii
851 3398 1100 3454 ecclesia
1147 3398 1427 3466 capietur.
1481 3397 1588 3454 Sed
1631 3404 1694 3454 ut
1721 3397 1876 3453 intra

172 3484 500 3540 districtum
530 3485 703 3540 castri
738 3485 848 3541 mei
875 3485 1082 3552 valeat,
1115 3492 1496 3554 exspectetur.

251 3613 272 3639 ι
312 3591 383 3646 Et
407 3591 453 3646 si
485 3591 557 3646 ab
588 3590 696 3646 hac
727 3591 816 3645 die
842 3590 901 3645 in
925 3598 1215 3660 posterum
1247 3590 1460 3660 aliquis
1491 3598 1766 3649 externus
1797 3589 1874 3644 ibi

173 3680 437 3735 habitare
477 3678 744 3746 voluerit,
778 3679 821 3734 si
865 3679 1237 3749 probabiliter
1268 3679 1411 3734 liber
1459 3687 1559 3746 est,
1611 3679 1876 3736 Ecclesia

172 3768 409 3824 servitio
472 3781 530 3823 se
570 3767 901 3836 mancipare
950 3766 1175 3837 poterit.
1227 3766 1496 3822 Similiter
1533 3774 1588 3822 et
1631 3767 1874 3824 advena.

173 3855 336 3923 Quod
366 3855 411 3909 si
453 3855 701 3926 alicujus
755 3855 937 3911 sancti
986 3869 1119 3911 eum
1165 3869 1286 3912 esse
1328 3855 1663 3924 constiterit,
1713 3871 1878 3912 meus

178 3944 306 3999 erit.
341 3965 361 3990 ι

249 4049 380 4120 (ιη’)
415 4050 550 4104 ῙΒΙῙ).
601 4078 670 4088 -ο
717 4049 890 4102 Facta
931 4054 1057 4103 sunt
1100 4049 1227 4114 hac,
1273 4056 1379 4104 etc.
1431 4047 1750 4105 Consimilis
1794 4058 1879 4107 est

179 4136 303 4192 istis
333 4138 590 4192 canonici
640 4136 1040 4192 Laudunensis
1068 4138 1356 4192 enarratio
1385 4152 1397 4190 :
1431 4157 1457 4186 «
1494 4139 1660 4193 Anno
1682 4139 1878 4194 Domi-

177 4225 238 4281 ni
291 4228 445 4292 tl-l2,
500 4225 861 4281 Waldericus
921 4225 1318 4282 Laudunensis
1382 4227 1680 4296 episcopus
1745 4242 1948 4310 cumD

177 4313 336 4369 cives
361 4314 540 4383 ipsius
588 4315 749 4370 urbis
787 4329 820 4369 a
871 4321 1231 4370 sacramento
1272 4319 1422 4368 659
1465 4314 1676 4384 jurata
1727 4331 1881 4372 com-

180 4400 480 4457 munitatis
507 4402 820 4458 studuissct
860 4417 1150 4471 revocare,
1192 4403 1413 4459 civibus
1457 4403 1513 4456 in
1545 4404 1880 4460 seditionem

179 4489 382 4557 versis,
399 4504 530 4544 cum
544 4490 894 4558 quibusdam
911 4490 1173 4546 fidelibus
1185 4491 1305 4546 suis
1317 4489 1608 4546 nobilibus
1619 4493 1666 4546 ei
1680 4492 1885 4547 subve-

181 4576 306 4633 nire
325 4576 673 4642 volentibus,
707 4577 885 4632 armis
921 4592 1120 4634 eorum
1156 4579 1424 4648 nequiter
1461 4585 1544 4634 est
1588 4579 1885 4635 confossus

181 4663 322 4721 feria
353 4665 558 4734 quinta
612 4664 981 4720 hebdomada
1026 4665 1334 4734 paschalis,
1381 4681 1480 4720 vur
1517 4665 1769 4734 (Guibert
1803 4672 1882 4733 ιιι)

181 4752 311 4810 Kal.
346 4752 496 4818 Maii,
533 4753 589 4806 in
640 4751 840 4807 litania
867 4752 1109 4822 majori:
1146 4753 1300 4809 unde
1338 4754 1576 4810 confusa
1614 4755 1885 4812 multitu-

181 4840 315 4896 dine
359 4839 753 4896 tumultuante
811 4840 1184 4896 succenditur
1241 4840 1478 4896 ecclesia
1542 4843 1886 4899 cathedralis

180 4943 316 4984 cum
363 4929 531 4983 domo
567 4927 903 4997 episcopali;
960 4942 1237 4984 succensa
1286 4937 1369 4985 est
1429 4929 1599 4985 etiam
1651 4931 1887 4988 ecclesia

181 5018 247 5072 Β.
308 5016 544 5071 Joannis
597 5015 861 5085 Baptista
916 5017 976 5072 iu
1041 5017 1275 5072 abbatia
1340 5017 1700 5088 monialium,
1752 5035 1884 5076 cum

179 5102 371 5157 aliisQ
411 5101 663 5157 ecclesiis
710 5116 740 5156 e
791 5101 978 5158 vicino
1027 5102 1508 5172 appendeutibus.
1567 5103 1889 5162 Ludovicus

180 5203 289 5246 rex
320 5189 678 5245 Francorum
725 5197 842 5245 tam
873 5203 1069 5246 severe
1120 5191 1306 5247 scelus
1339 5191 1492 5246 istud
1539 5191 1598 5246 in
1626 5201 1888 5248 auctores

181 5277 477 5334 seditionis
507 5277 668 5333 ultus
695 5285 797 5346 est,
826 5285 892 5334 ut
931 5286 1049 5334 tam
1095 5278 1324 5336 futuros
1356 5293 1534 5350 quam
1582 5290 1889 5351 prasentes

181 5366 387 5423 debeat
410 5367 744 5437 exemplum
764 5380 799 5424 a
827 5367 996 5423 simili
1031 5367 1241 5425 scelere
1282 5375 1514 5424 terrere.
1539 5390 1568 5419 ι

260 5472 378 5543 (ηδ)
409 5473 546 5529 lum.
582 5503 652 5512 ——
695 5473 848 5540 Quod
898 5475 1214 5529 siccatorias
1266 5479 1476 5529 vocant.
1509 5473 1557 5529 A
1606 5474 1754 5531 sicca
1785 5475 1888 5531 de-

544 5563 816 5628 PATROL.
871 5563 1074 5631 CLVI.

1974 1783 2048 1834 De
2075 1795 2132 1834 eo
2158 1780 2302 1848 quod
2344 1782 2766 1835 Barthotomaus
2812 1785 3092 1852 episcopus
3144 1785 3204 1836 in
3265 1784 3374 1837 loco
3421 1784 3520 1852 qui
3569 1783 3670 1836 Fu-

2276 1853 2494 1905 sm’acus
2525 1852 2733 1906 dicitur
2759 1853 3040 1906 abbatiam
3059 1855 3387 1907 construxit.

2051 1962 2079 1996 ‹‹
2108 1945 2175 2000 In
2213 1944 2443 2000 nomine
2491 1953 2705 2002 sancta
2735 1953 2789 2002 et
2838 1947 3155 2002 individua
3197 1947 3509 2002 Trinitatis.
3557 1948 3678 2018 Ego

1977 2032 2432 2088 Bartholomaus
2479 2033 2577 2089 Dei
2634 2033 2823 2104 gratia
2889 2034 3292 2090 Laudunensis
3353 2035 3674 2104 episcopus,

1980 2127 2179 2176 notum
2209 2134 2330 2176 esse
2363 2121 2634 2178 volumus
2666 2130 2784 2179 tam
2822 2122 3201 2192 prasentibus
3236 2137 3413 2193 quam
3445 2123 3675 2191 futuris,

1981 2209 2136 2279 quod
2185 2209 2505 2265 Fusniacus
2546 2218 2670 2266 erat
2709 2210 2966 2266 alodium
3017 2209 3209 2266 Sancti
3257 2210 3568 2275 Michaelis,
3600 2218 3674 2278 et,

1981 2311 2114 2353 cum
2144 2296 2303 2353 locus
2332 2298 2424 2352 ille
2455 2312 2569 2354 non
2600 2299 2849 2354 multum
2887 2306 3033 2354 esset
3062 2299 3220 2354 utilis
3261 2299 3444 2355 eidem
3493 2300 3678 2355 eccle-

1983 2385 2100 2452 sia,
2152 2384 2590 2455 impetravimus
2632 2387 2704 2442 ab
2754 2387 2984 2442 Elberto
3036 2387 3242 2442 abbate
3283 2395 3337 2442 et
3383 2387 3680 2443 monachis

1983 2472 2089 2527 loci
2120 2471 2294 2538 illius,
2320 2480 2382 2529 ut
2416 2473 2578 2529 illum
2610 2475 2798 2530 locum
2819 2475 2985 2530 nobis
3009 2475 3252 2531 liberum
3273 2483 3326 2532 et
3350 2476 3678 2532 absolutum

1985 2560 2265 2628 redderet,
2289 2561 2360 2615 ad
2386 2561 2712 2619 faciendum
2741 2563 3026 2633 quidquid
3049 2563 3179 2619 inde
3191 2563 3676 2620 facerevellemus.

1984 2647 2098 2704 Nos
2127 2655 2319 2704 autem
2353 2650 2620 2706 eumdem
2655 2651 2863 2719 locum,
2889 2665 3128 2708 assensu
3169 2651 3425 2722 pradicti
3455 2652 3679 2708 abbatis

1984 2743 2039 2792 et
2068 2736 2299 2804 capituli
2326 2737 2472 2807 ejus,
2509 2738 2802 2794 Bernardo
2831 2745 2886 2794 et
2914 2736 3212 2794 monachis
3241 2737 3309 2792 de
3337 2736 3674 2816 Claravalle,

1987 2823 2232 2879 liberum
2290 2832 2345 2880 et
2378 2825 2706 2881 absolutum
2752 2825 3124 2893 reddidimus,
3169 2832 3233 2880 ut
3271 2824 3347 2879 ibi
3389 2823 3677 2880 abbatiam

1985 2911 2436 2980 constituerent,
2477 2920 2532 2968 et
2577 2913 2752 2970 libere
2795 2921 2850 2970 et
2892 2914 3084 2984 quiete
3122 2915 3237 2969 Deo
3304 2912 3678 2969 deservireut.

2058 3022 2080 3049 ι
2115 3000 2324 3056 Actum
2358 3015 2511 3057 anno
2541 3001 2769 3057 Domini
2811 3001 3114 3058 millesimo
3159 3001 3468 3057 centesimo
3514 2998 3680 3070 vige-

1983 3088 2125 3144 simo
2157 3090 2362 3159 primo.
2401 3111 2423 3138 ι

2053 3177 2234 3233 Multa
2272 3184 2326 3233 et
2371 3177 2484 3233 alia
2517 3178 2762 3235 contulit
2805 3177 3082 3235 beneﬁcia
3135 3177 3504 3234 Fusuiaceusi
3553 3190 3681 3232 mo-

1982 3272 2231 3321 nasterio
2257 3266 2408 3322 idem
2451 3268 2795 3324 venerabilis
2829 3268 3083 3324 antistes.
3136 3266 3406 3338 Sepultus
3442 3267 3592 3338 jacet
3621 3265 3681 3320 in

1983 3353 2240 3423 ejusdem
2263 3355 2504 3410 canobii
2536 3357 2764 3426 templo,
2799 3355 2859 3411 in
2901 3371 3016 3427 quo
3064 3356 3364 3427 sequentia
3411 3355 3527 3411 duo
3555 3353 3674 3424 epi-

1988 3441 2183 3511 tapbia
2211 3450 2536 3498 cernuntur

2054 3547 2416 3616 Epitaphium
2477 3549 2919 3604 reverendissimi
2983 3549 3236 3617 praesulis
3298 3549 3683 3604 Bartholomai

2513 3619 2892 3674 Laudunensis
2912 3622 3151 3691 episcopi

1985 3723 2207 3795 Regum
2237 3723 2430 3792 stirpe,
2467 3723 2681 3795 ducum
2709 3731 3020 3795 generatus
3049 3724 3350 3795 sanguine.
3373 3725 3542 3782 claris

2057 3793 2290 3849 Clarum
2323 3808 2530 3848 nomen
2571 3793 2741 3849 habet
2762 3793 3215 3850 Bartholomaus
3253 3795 3398 3850 avis.

1985 3864 2289 3932 Promptus
2313 3864 2384 3918 ad
2415 3877 2577 3918 arma
2607 3865 2716 3920 fuit
2742 3865 2881 3920 dum
2898 3863 3098 3934 junior
3127 3865 3233 3920 iret
3267 3866 3326 3920 in
3359 3867 3576 3922 hostem

2058 3933 2238 3989 Multa
2268 3934 2525 4002 trophaa
2556 3934 2706 4001 tulit,
2740 3935 2838 3990 vix
2866 3933 3038 3991 habet
3070 3950 3257 4005 usque
3287 3951 3502 4005 parem.

1985 4005 2060 4060 At
2090 4005 2242 4059 Deus
2269 4005 2325 4059 in
2358 4018 2610 4073 praceps
2641 4006 2883 4061 retrahit
2912 4007 3218 4062 miseratus
3247 4009 3468 4063 euntis:

2056 4075 2171 4148 Nec
2203 4088 2382 4148 mora,
2407 4084 2597 4148 castra
2626 4075 2793 4148 fugit,
2826 4077 3052 4148 projicit
3082 4091 3244 4131 arma
3270 4078 3454 4133 ducis.

1987 4143 2238 4202 Clericus
2259 4145 2390 4200 inde
2420 4145 2612 4201 Remis
2630 4143 2898 4216 sequitur
2927 4143 3139 4204 virtute
3161 4148 3503 4216 Manassem,

2058 4217 2178 4289 lm_o
2199 4229 2392 4289 senem
2420 4217 2631 4272 fessum
2665 4218 2886 4287 fertque
2915 4219 3184 4289 subitque
3213 4220 3416 4276 vicem.

1989 4286 2258 4342 Lauduui
2286 4287 2502 4342 interea
2527 4301 2692 4343 sacra
2714 4286 2996 4344 mactatus
3029 4286 3104 4344 in'
3117 4290 3239 4346 ade

2060 4356 2298 4430 Prasul,
2321 4357 2440 4413 obit
2465 4358 2656 4414 subito
2684 4374 2699 4427 ;
2731 4373 2984 4430 moxque
3015 4368 3255 4416 vacante
3283 4361 3433 4429 sede,

1991 4428 2290 4512 Hu‘nc‘sibi
2316 4435 2599 4512 pastorem
2631 4430 2840 4509 clerus,
2868 4428 3232 4512 populusque
3265 4428 3572 4512 requirunt
3598 4445 3613 4499 ;

2061 4498 2488 4569 Abducuutque
2509 4499 2716 4567 Remis,
2754 4514 2820 4554 ac
2851 4498 2960 4555 sibi
2991 4498 3338 4569 prati'ciuut.

1990 4567 2092 4640 Sic‘
2113 4567 2254 4640 bene
2284 4567 2588 4640 pontificis,
2636 4567 3028 4640 meritumque
3069 4579 3124 4625 et
3156 4584 3366 4625 nomen
3405 4570 3682 4640 adeptus;

2059 4636 2227 4709 Quod
2252 4637 2603 4707 geritofticii,
2639 4640 2881 4708 perﬁcit,
2913 4636 3109 4709 implet
3138 4655 3304 4709 opus.

1992 4707 2269 4781 Exemplo
2310 4709 2614 4781 verboque
2632 4707 2863 4781 gregem
2889 4707 3053 4781 regit,
3085 4707 3275 4766 omnia
3308 4710 3494 4768 factus

2060 4755 3055 4856 cesseratjaagamagam;
3080 4755 3303 4856 διῖίίςίίέ.

1991 4846 2261 4922 Protinus
2292 4848 2423 4922 hinc
2446 4850 2634 4904 Maria
2663 4865 2940 4905 succensa
2973 4851 3276 4907 recondere
3312 4851 3523 4922 templa

2062 4917 2188 4972 Non
2222 4919 2447 4991 tardat;
2483 4928 2709 4989 reparat
2735 4929 2996 4991 tectaque
3031 4922 3330 4990 prasulea.

1990 4987 2151 5066 Tum.
2178 5001 2343 5066 sacra
2378 4987 2646 5066 Baptista
2677 4987 2994 5066 monachis
3024 4987 3182 5066 dans
3195 4993 3468 5060 claustra,
3506 4991 3689 5061 perire

2062 5057 2316 5112 Crimina
2345 5067 2400 5133 et
2427 5057 2550 5133 ipsa
2581 5061 2732 5133 facit,
2766 5063 3038 5133 scandala
3067 5061 3381 5133 suffugere.

1995 5127 2192 5201 Postea
2221 5127 2544 5185 canobium
2585 5127 2776 5187 Maria
2808 5132 2916 5188 sub
2950 5133 3181 5188 nomine
3213 5127 3438 5201 fundat,

2064 5198 2368 5254 Consecrat
2398 5201 2516 5273 ipse
2552 5202 2664 5258 Deo
2696 5203 3165 5273 Fusniacumque
3193 5211 3380 5259 vocat.

1996 5268 2182 5355 Fusus
2215 5277 2277 5355 ut
2301 5271 2498 5355 ecan
2519 5273 2690 5355 castis
2712 5273 2778 5355 in
2801 5268 3083 5355 cordibus
3109 5273 3259 5355 ignis

2066 5340 2304 5414 Ardeat,
2329 5340 2573 5414 incaleat
2603 5344 3047 5414 pectoribusque
3077 5340 3204 5414 piis.

1996 5409 2401 5485 thuetribus
2423 5413 2576 5485 votis
2604 5409 2877 5484 triplicem
2909 5409 3346 5485 quasi—funibus
3368 5414 3583 5472 hostem

2069 5480 2341 5550 Implicet,
2373 5482 2444 5538 ad
2476 5480 2734 5554 pugnam
2764 5480 2959 5555 dirigit
2989 5485 3082 5542 hic
3120 5486 3318 5542 aciem.

3303 5580 3386 5639 38
