  <div class='ocr_page' id='page_1' title='image "/cluster/home/n/w/nwhite01/storage/ocr_20150623/156/hvd.32044054760145/603.png"; bbox 0 0 3924 6090; ppageno 0'>
   <div class='ocr_carea' id='block_1_1' title="bbox 307 251 442 304">
    <p class='ocr_par' dir='ltr' id='par_1_1' title="bbox 307 251 442 304">
     <span class='ocr_line' id='line_1_1' title="bbox 307 251 442 304; baseline -0.022 0"><span class='ocrx_word' id='word_1_1' title='bbox 307 251 442 304; x_wconf 77' lang='grc'><strong>119⁸5</strong></span> 
     </span>
    </p>
   </div>
   <div class='ocr_carea' id='block_1_2' title="bbox 304 366 1510 437">
    <p class='ocr_par' dir='ltr' id='par_1_2' title="bbox 304 366 1510 437">
     <span class='ocr_line' id='line_1_2' title="bbox 304 366 1510 437; baseline -0.014 0"><span class='ocrx_word' id='word_1_2' title='bbox 304 381 393 437; x_wconf 91' lang='lat' dir='ltr'><strong>Sic</strong></span> <span class='ocrx_word' id='word_1_3' title='bbox 422 379 579 434; x_wconf 82' lang='lat' dir='ltr'><strong>decet</strong></span> <span class='ocrx_word' id='word_1_4' title='bbox 607 382 733 430; x_wconf 89' lang='lat' dir='ltr'><strong>et...</strong></span> <span class='ocrx_word' id='word_1_5' title='bbox 771 372 938 428; x_wconf 89' lang='lat' dir='ltr'><strong>funes</strong></span> <span class='ocrx_word' id='word_1_6' title='bbox 969 367 1295 434; x_wconf 86' lang='lat' dir='ltr'><strong>dissolvere,</strong></span> <span class='ocrx_word' id='word_1_7' title='bbox 1329 366 1510 421; x_wconf 88' lang='lat' dir='ltr'><strong>fastus</strong></span> 
     </span>
    </p>
   </div>
   <div class='ocr_carea' id='block_1_3' title="bbox 375 439 1674 511">
    <p class='ocr_par' dir='ltr' id='par_1_3' title="bbox 375 439 1674 511">
     <span class='ocr_line' id='line_1_3' title="bbox 375 439 1674 511; baseline -0.012 -6"><span class='ocrx_word' id='word_1_8' title='bbox 375 452 654 511; x_wconf 87' lang='lat' dir='ltr'><strong>Sternere,</strong></span> <span class='ocrx_word' id='word_1_9' title='bbox 689 442 1011 498; x_wconf 85' lang='lat' dir='ltr'><strong>mundanus</strong></span> <span class='ocrx_word' id='word_1_10' title='bbox 1036 439 1281 511; x_wconf 83' lang='lat' dir='ltr'><strong>tundere</strong></span> <span class='ocrx_word' id='word_1_11' title='bbox 1311 439 1500 492; x_wconf 87' lang='lat' dir='ltr'><strong>carnis</strong></span> <span class='ocrx_word' id='word_1_12' title='bbox 1521 449 1674 511; x_wconf 77' lang='lat' dir='ltr'><strong>acus.</strong></span> 
     </span>
    </p>
   </div>
   <div class='ocr_carea' id='block_1_4' title="bbox 305 507 1690 587">
    <p class='ocr_par' dir='ltr' id='par_1_4' title="bbox 305 507 1690 587">
     <span class='ocr_line' id='line_1_4' title="bbox 305 507 1690 587; baseline -0.009 -14"><span class='ocrx_word' id='word_1_13' title='bbox 305 522 592 587; x_wconf 70' lang='lat' dir='ltr'><strong>Bnlieryas</strong></span> <span class='ocrx_word' id='word_1_14' title='bbox 615 507 863 587; x_wconf 81' lang='lat' dir='ltr'><strong>condens</strong></span> <span class='ocrx_word' id='word_1_15' title='bbox 893 511 1168 567; x_wconf 88' lang='lat' dir='ltr'><strong>scelerum</strong></span> <span class='ocrx_word' id='word_1_16' title='bbox 1200 509 1421 587; x_wconf 76' lang='lat' dir='ltr'><strong>spineta</strong></span> <span class='ocrx_word' id='word_1_17' title='bbox 1453 507 1690 583; x_wconf 86' lang='lat' dir='ltr'><strong>revellit,</strong></span> 
     </span>
    </p>
   </div>
   <div class='ocr_carea' id='block_1_5' title="bbox 373 576 1780 656">
    <p class='ocr_par' dir='ltr' id='par_1_5' title="bbox 373 576 1780 656">
     <span class='ocr_line' id='line_1_5' title="bbox 373 576 1780 656; baseline -0.011 -12"><span class='ocrx_word' id='word_1_18' title='bbox 373 577 666 656; x_wconf 77' lang='lat' dir='ltr'><strong>Terraque</strong></span> <span class='ocrx_word' id='word_1_19' title='bbox 695 583 804 656; x_wconf 86' lang='lat' dir='ltr'><strong>fert</strong></span> <span class='ocrx_word' id='word_1_20' title='bbox 837 583 1059 656; x_wconf 82' lang='lat' dir='ltr'><strong>fructus</strong></span> <span class='ocrx_word' id='word_1_21' title='bbox 1088 576 1262 656; x_wconf 80' lang='lat' dir='ltr'><strong>quam</strong></span> <span class='ocrx_word' id='word_1_22' title='bbox 1299 581 1457 647; x_wconf 88' lang='lat' dir='ltr'><strong>prius</strong></span> <span class='ocrx_word' id='word_1_23' title='bbox 1490 580 1607 656; x_wconf 71' lang='lat' dir='ltr'><strong>ipse</strong></span> <span class='ocrx_word' id='word_1_24' title='bbox 1628 576 1780 656; x_wconf 82' lang='lat' dir='ltr'><strong>colit.</strong></span> 
     </span>
    </p>
   </div>
   <div class='ocr_carea' id='block_1_6' title="bbox 303 647 1829 724">
    <p class='ocr_par' dir='ltr' id='par_1_6' title="bbox 303 647 1829 724">
     <span class='ocr_line' id='line_1_6' title="bbox 303 647 1829 724; baseline -0.01 -9"><span class='ocrx_word' id='word_1_25' title='bbox 303 647 588 716; x_wconf 72' lang='lat' dir='ltr'><strong>Mentibus</strong></span> <span class='ocrx_word' id='word_1_26' title='bbox 607 655 837 724; x_wconf 80' lang='lat' dir='ltr'><strong>expellit</strong></span> <span class='ocrx_word' id='word_1_27' title='bbox 869 647 1149 714; x_wconf 77' lang='lat' dir='ltr'><strong>tenebras,</strong></span> <span class='ocrx_word' id='word_1_28' title='bbox 1172 650 1486 724; x_wconf 82' lang='lat' dir='ltr'><strong>lucemque</strong></span> <span class='ocrx_word' id='word_1_29' title='bbox 1503 647 1829 724; x_wconf 64' lang='lat' dir='ltr'><strong>refundens</strong></span> 
     </span>
    </p>
   </div>
   <div class='ocr_carea' id='block_1_7' title="bbox 376 719 1701 789">
    <p class='ocr_par' dir='ltr' id='par_1_7' title="bbox 376 719 1701 789">
     <span class='ocr_line' id='line_1_7' title="bbox 376 719 1701 789; baseline -0.011 -4"><span class='ocrx_word' id='word_1_30' title='bbox 376 733 483 784; x_wconf 90' lang='lat' dir='ltr'><strong>Dat</strong></span> <span class='ocrx_word' id='word_1_31' title='bbox 514 719 729 783; x_wconf 80' lang='lat' dir='ltr'><strong>Vallem</strong></span> <span class='ocrx_word' id='word_1_32' title='bbox 761 725 1008 789; x_wconf 81' lang='lat' dir='ltr'><strong>Claram,</strong></span> <span class='ocrx_word' id='word_1_33' title='bbox 1045 721 1276 777; x_wconf 90' lang='lat' dir='ltr'><strong>luminis</strong></span> <span class='ocrx_word' id='word_1_34' title='bbox 1305 733 1468 774; x_wconf 90' lang='lat' dir='ltr'><strong>arma</strong></span> <span class='ocrx_word' id='word_1_35' title='bbox 1498 719 1701 775; x_wconf 88' lang='lat' dir='ltr'><strong>ferens.</strong></span> 
     </span>
    </p>
   </div>
   <div class='ocr_carea' id='block_1_8' title="bbox 303 789 1757 869">
    <p class='ocr_par' dir='ltr' id='par_1_8' title="bbox 303 789 1757 869">
     <span class='ocr_line' id='line_1_8' title="bbox 303 789 1757 869; baseline -0.01 -13"><span class='ocrx_word' id='word_1_36' title='bbox 303 800 592 869; x_wconf 81' lang='lat' dir='ltr'><strong>Lampada</strong></span> <span class='ocrx_word' id='word_1_37' title='bbox 618 812 689 852; x_wconf 92' lang='lat' dir='ltr'><strong>ne</strong></span> <span class='ocrx_word' id='word_1_38' title='bbox 719 809 960 869; x_wconf 84' lang='lat' dir='ltr'><strong>vacuam</strong></span> <span class='ocrx_word' id='word_1_39' title='bbox 985 794 1146 862; x_wconf 88' lang='lat' dir='ltr'><strong>virgo</strong></span> <span class='ocrx_word' id='word_1_40' title='bbox 1177 792 1340 869; x_wconf 73' lang='lat' dir='ltr'><strong>ferat,</strong></span> <span class='ocrx_word' id='word_1_41' title='bbox 1375 797 1549 869; x_wconf 81' lang='lat' dir='ltr'><strong>auget</strong></span> <span class='ocrx_word' id='word_1_42' title='bbox 1585 789 1757 869; x_wconf 85' lang='lat' dir='ltr'><strong>oliva,</strong></span> 
     </span>
    </p>
   </div>
   <div class='ocr_carea' id='block_1_9' title="bbox 376 861 1699 935">
    <p class='ocr_par' dir='ltr' id='par_1_9' title="bbox 376 861 1699 935">
     <span class='ocr_line' id='line_1_9' title="bbox 376 861 1699 935; baseline -0.011 -9"><span class='ocrx_word' id='word_1_43' title='bbox 376 861 766 926; x_wconf 84' lang='lat' dir='ltr'><strong>Monstrolium</strong></span> <span class='ocrx_word' id='word_1_44' title='bbox 797 861 1098 935; x_wconf 36' lang='lat' dir='ltr'><strong>plantans,’</strong></span> <span class='ocrx_word' id='word_1_45' title='bbox 1119 862 1359 935; x_wconf 79' lang='lat' dir='ltr'><strong>pullulet</strong></span> <span class='ocrx_word' id='word_1_46' title='bbox 1388 861 1699 935; x_wconf 26' lang='lat' dir='ltr'><strong>unde‘olea.</strong></span> 
     </span>
    </p>
   </div>
   <div class='ocr_carea' id='block_1_10' title="bbox 304 930 1897 1003">
    <p class='ocr_par' dir='ltr' id='par_1_10' title="bbox 304 930 1897 1003">
     <span class='ocr_line' id='line_1_10' title="bbox 304 930 1897 1003; baseline -0.01 -6"><span class='ocrx_word' id='word_1_47' title='bbox 304 943 459 996; x_wconf 88' lang='lat' dir='ltr'><strong>Daus</strong></span> <span class='ocrx_word' id='word_1_48' title='bbox 489 930 1014 995; x_wconf 62' lang='lat' dir='ltr'><strong>Preemonst&#39;ratum,</strong></span> <span class='ocrx_word' id='word_1_49' title='bbox 1055 947 1152 1003; x_wconf 88' lang='lat' dir='ltr'><strong>per</strong></span> <span class='ocrx_word' id='word_1_50' title='bbox 1208 933 1376 986; x_wconf 88' lang='lat' dir='ltr'><strong>devia</strong></span> <span class='ocrx_word' id='word_1_51' title='bbox 1399 930 1897 1003; x_wconf 81' lang='lat' dir='ltr'><strong>euntibus_aptum</strong></span> 
     </span>
    </p>
   </div>
   <div class='ocr_carea' id='block_1_11' title="bbox 378 1001 1925 1075">
    <p class='ocr_par' dir='ltr' id='par_1_11' title="bbox 378 1001 1925 1075">
     <span class='ocr_line' id='line_1_11' title="bbox 378 1001 1925 1075; baseline -0.009 -9"><span class='ocrx_word' id='word_1_52' title='bbox 378 1014 647 1066; x_wconf 80' lang='lat' dir='ltr'><strong>Monstrat</strong></span> <span class='ocrx_word' id='word_1_53' title='bbox 680 1009 806 1073; x_wconf 89' lang='lat' dir='ltr'><strong>iter,</strong></span> <span class='ocrx_word' id='word_1_54' title='bbox 834 1001 1099 1075; x_wconf 81' lang='lat' dir='ltr'><strong>sequitur</strong></span> <span class='ocrx_word' id='word_1_55' title='bbox 1120 1004 1279 1075; x_wconf 79' lang='lat' dir='ltr'><strong>quod</strong></span> <span class='ocrx_word' id='word_1_56' title='bbox 1297 1016 1484 1075; x_wconf 82' lang='lat' dir='ltr'><strong>novus</strong></span> <span class='ocrx_word' id='word_1_57' title='bbox 1507 1002 1644 1056; x_wconf 90' lang='lat' dir='ltr'><strong>ordo</strong></span> <span class='ocrx_word' id='word_1_58' title='bbox 1668 1001 1925 1054; x_wconf 85' lang='lat' dir='ltr'><strong>Patrum.</strong></span> 
     </span>
    </p>
   </div>
   <div class='ocr_carea' id='block_1_12' title="bbox 308 1073 1603 1151">
    <p class='ocr_par' dir='ltr' id='par_1_12' title="bbox 308 1073 1603 1151">
     <span class='ocr_line' id='line_1_12' title="bbox 308 1073 1603 1151; baseline -0.01 -13"><span class='ocrx_word' id='word_1_59' title='bbox 308 1082 554 1151; x_wconf 76' lang='lat' dir='ltr'><strong>Legibus</strong></span> <span class='ocrx_word' id='word_1_60' title='bbox 593 1081 898 1135; x_wconf 87' lang='lat' dir='ltr'><strong>instituens</strong></span> <span class='ocrx_word' id='word_1_61' title='bbox 917 1073 1603 1151; x_wconf 29' lang='lat' dir='ltr'><strong>‘NorbertiMartinianos</strong></span> 
     </span>
    </p>
   </div>
   <div class='ocr_carea' id='block_1_13' title="bbox 379 1143 1574 1218">
    <p class='ocr_par' dir='ltr' id='par_1_13' title="bbox 379 1143 1574 1218">
     <span class='ocr_line' id='line_1_13' title="bbox 379 1143 1574 1218; baseline -0.011 -10"><span class='ocrx_word' id='word_1_62' title='bbox 379 1143 693 1218; x_wconf 81' lang='lat' dir='ltr'><strong>Urbicolas,</strong></span> <span class='ocrx_word' id='word_1_63' title='bbox 724 1163 908 1203; x_wconf 82' lang='lat' dir='ltr'><strong>mures</strong></span> <span class='ocrx_word' id='word_1_64' title='bbox 937 1144 1170 1218; x_wconf 77' lang='lat' dir='ltr'><strong>corrigit</strong></span> <span class='ocrx_word' id='word_1_65' title='bbox 1204 1143 1356 1198; x_wconf 88' lang='lat' dir='ltr'><strong>hisce</strong></span> <span class='ocrx_word' id='word_1_66' title='bbox 1381 1143 1574 1218; x_wconf 84' lang='lat' dir='ltr'><strong>malos.</strong></span> 
     </span>
    </p>
   </div>
   <div class='ocr_carea' id='block_1_14' title="bbox 305 1214 1825 1290">
    <p class='ocr_par' dir='ltr' id='par_1_14' title="bbox 305 1214 1825 1290">
     <span class='ocr_line' id='line_1_14' title="bbox 305 1214 1825 1290; baseline -0.009 -12"><span class='ocrx_word' id='word_1_67' title='bbox 305 1224 661 1290; x_wconf 88' lang='lat' dir='ltr'><strong>Quissiacum</strong></span> <span class='ocrx_word' id='word_1_68' title='bbox 681 1214 908 1290; x_wconf 43' lang='lat' dir='ltr'><strong>&#39;jaciens</strong></span> <span class='ocrx_word' id='word_1_69' title='bbox 936 1214 1122 1290; x_wconf 83' lang='lat' dir='ltr'><strong>quatit</strong></span> <span class='ocrx_word' id='word_1_70' title='bbox 1152 1228 1370 1290; x_wconf 85' lang='lat' dir='ltr'><strong>arcum,</strong></span> <span class='ocrx_word' id='word_1_71' title='bbox 1396 1214 1506 1268; x_wconf 89' lang='lat' dir='ltr'><strong>tela</strong></span> <span class='ocrx_word' id='word_1_72' title='bbox 1535 1217 1825 1281; x_wconf 86' lang='lat' dir='ltr'><strong>retorquet</strong></span> 
     </span>
    </p>
   </div>
   <div class='ocr_carea' id='block_1_15' title="bbox 378 1288 1679 1358">
    <p class='ocr_par' dir='ltr' id='par_1_15' title="bbox 378 1288 1679 1358">
     <span class='ocr_line' id='line_1_15' title="bbox 378 1288 1679 1358; baseline -0.008 -11"><span class='ocrx_word' id='word_1_73' title='bbox 378 1288 772 1358; x_wconf 58' lang='lat' dir='ltr'><strong>Daemouis,&#39;ac</strong></span> <span class='ocrx_word' id='word_1_74' title='bbox 804 1288 1014 1343; x_wconf 89' lang='lat' dir='ltr'><strong>animis</strong></span> <span class='ocrx_word' id='word_1_75' title='bbox 1043 1288 1216 1341; x_wconf 83' lang='lat' dir='ltr'><strong>noxia</strong></span> <span class='ocrx_word' id='word_1_76' title='bbox 1238 1292 1446 1358; x_wconf 84' lang='lat' dir='ltr'><strong>cuncta</strong></span> <span class='ocrx_word' id='word_1_77' title='bbox 1467 1291 1679 1358; x_wconf 83' lang='lat' dir='ltr'><strong>_m_ov_et.</strong></span> 
     </span>
    </p>
   </div>
   <div class='ocr_carea' id='block_1_16' title="bbox 310 1353 1673 1432">
    <p class='ocr_par' dir='ltr' id='par_1_16' title="bbox 310 1353 1673 1432">
     <span class='ocr_line' id='line_1_16' title="bbox 310 1353 1673 1432; baseline -0.012 -11"><span class='ocrx_word' id='word_1_78' title='bbox 310 1365 562 1432; x_wconf 87' lang='lat' dir='ltr'><strong>Forcipe,</strong></span> <span class='ocrx_word' id='word_1_79' title='bbox 595 1353 904 1432; x_wconf 78' lang='lat' dir='ltr'><strong>Thenaliis,</strong></span> <span class='ocrx_word' id='word_1_80' title='bbox 937 1364 1164 1432; x_wconf 81' lang='lat' dir='ltr'><strong>sumpto</strong></span> <span class='ocrx_word' id='word_1_81' title='bbox 1191 1354 1438 1432; x_wconf 73' lang='lat' dir='ltr'><strong>carbone</strong></span> <span class='ocrx_word' id='word_1_82' title='bbox 1467 1353 1673 1432; x_wconf 75' lang='lat' dir='ltr'><strong>labella</strong></span> 
     </span>
    </p>
   </div>
   <div class='ocr_carea' id='block_1_17' title="bbox 377 1423 1716 1498">
    <p class='ocr_par' dir='ltr' id='par_1_17' title="bbox 377 1423 1716 1498">
     <span class='ocr_line' id='line_1_17' title="bbox 377 1423 1716 1498; baseline -0.01 -9"><span class='ocrx_word' id='word_1_83' title='bbox 377 1423 635 1498; x_wconf 49' lang='lat' dir='ltr'><strong>Mund&#39;at,</strong></span> <span class='ocrx_word' id='word_1_84' title='bbox 670 1441 722 1486; x_wconf 89' lang='lat' dir='ltr'><strong>et</strong></span> <span class='ocrx_word' id='word_1_85' title='bbox 750 1438 812 1485; x_wconf 93' lang='lat' dir='ltr'><strong>ut</strong></span> <span class='ocrx_word' id='word_1_86' title='bbox 841 1427 1138 1498; x_wconf 86' lang='lat' dir='ltr'><strong>Cherubin</strong></span> <span class='ocrx_word' id='word_1_87' title='bbox 1160 1432 1316 1480; x_wconf 89' lang='lat' dir='ltr'><strong>casta</strong></span> <span class='ocrx_word' id='word_1_88' title='bbox 1342 1424 1443 1498; x_wconf 78' lang='lat' dir='ltr'><strong>dat</strong></span> <span class='ocrx_word' id='word_1_89' title='bbox 1468 1423 1716 1498; x_wconf 75' lang='lat' dir='ltr'><strong>eloquia.</strong></span> 
     </span>
    </p>
   </div>
   <div class='ocr_carea' id='block_1_18' title="bbox 305 1493 1760 1570">
    <p class='ocr_par' dir='ltr' id='par_1_18' title="bbox 305 1493 1760 1570">
     <span class='ocr_line' id='line_1_18' title="bbox 305 1493 1760 1570; baseline -0.01 -9"><span class='ocrx_word' id='word_1_90' title='bbox 305 1507 454 1562; x_wconf 88' lang='lat' dir='ltr'><strong>Clari</strong></span> <span class='ocrx_word' id='word_1_91' title='bbox 489 1493 656 1558; x_wconf 86' lang='lat' dir='ltr'><strong>fontis</strong></span> <span class='ocrx_word' id='word_1_92' title='bbox 686 1514 867 1570; x_wconf 80' lang='lat' dir='ltr'><strong>aquas</strong></span> <span class='ocrx_word' id='word_1_93' title='bbox 895 1497 1236 1570; x_wconf 72' lang='lat' dir='ltr'><strong>facientibus</strong></span> <span class='ocrx_word' id='word_1_94' title='bbox 1265 1495 1518 1570; x_wconf 76' lang='lat' dir='ltr'><strong>exhibet,</strong></span> <span class='ocrx_word' id='word_1_95' title='bbox 1557 1493 1760 1563; x_wconf 85' lang='lat' dir='ltr'><strong>hisque</strong></span> 
     </span>
    </p>
   </div>
   <div class='ocr_carea' id='block_1_19' title="bbox 377 1566 1628 1633">
    <p class='ocr_par' dir='ltr' id='par_1_19' title="bbox 377 1566 1628 1633">
     <span class='ocr_line' id='line_1_19' title="bbox 377 1566 1628 1633; baseline -0.012 -3"><span class='ocrx_word' id='word_1_96' title='bbox 377 1575 631 1630; x_wconf 88' lang='lat' dir='ltr'><strong>Turbida</strong></span> <span class='ocrx_word' id='word_1_97' title='bbox 663 1566 972 1626; x_wconf 72' lang='lat' dir='ltr'><strong>mundanae</strong></span> <span class='ocrx_word' id='word_1_98' title='bbox 1004 1567 1243 1622; x_wconf 82' lang='lat' dir='ltr'><strong>fiumina</strong></span> <span class='ocrx_word' id='word_1_99' title='bbox 1275 1566 1415 1620; x_wconf 91' lang='lat' dir='ltr'><strong>tollit</strong></span> <span class='ocrx_word' id='word_1_100' title='bbox 1441 1578 1628 1633; x_wconf 70' lang='lat' dir='ltr'><strong>aquze.</strong></span> 
     </span>
    </p>
   </div>
   <div class='ocr_carea' id='block_1_20' title="bbox 308 1633 1716 1705">
    <p class='ocr_par' dir='ltr' id='par_1_20' title="bbox 308 1633 1716 1705">
     <span class='ocr_line' id='line_1_20' title="bbox 308 1633 1716 1705; baseline -0.009 -5"><span class='ocrx_word' id='word_1_101' title='bbox 308 1645 572 1701; x_wconf 89' lang='lat' dir='ltr'><strong>Buccilici</strong></span> <span class='ocrx_word' id='word_1_102' title='bbox 607 1643 818 1697; x_wconf 89' lang='lat' dir='ltr'><strong>bellum</strong></span> <span class='ocrx_word' id='word_1_103' title='bbox 842 1640 993 1693; x_wconf 82' lang='lat' dir='ltr'><strong>vitiis</strong></span> <span class='ocrx_word' id='word_1_104' title='bbox 1019 1637 1183 1705; x_wconf 87' lang='lat' dir='ltr'><strong>quasi</strong></span> <span class='ocrx_word' id='word_1_105' title='bbox 1217 1636 1462 1690; x_wconf 90' lang='lat' dir='ltr'><strong>buccina</strong></span> <span class='ocrx_word' id='word_1_106' title='bbox 1483 1633 1716 1704; x_wconf 86' lang='lat' dir='ltr'><strong>clangit,</strong></span> 
     </span>
    </p>
   </div>
   <div class='ocr_carea' id='block_1_21' title="bbox 378 1707 1494 1783">
    <p class='ocr_par' dir='ltr' id='par_1_21' title="bbox 378 1707 1494 1783">
     <span class='ocr_line' id='line_1_21' title="bbox 378 1707 1494 1783; baseline -0.01 -14"><span class='ocrx_word' id='word_1_107' title='bbox 378 1715 610 1783; x_wconf 85' lang='lat' dir='ltr'><strong>Oraque</strong></span> <span class='ocrx_word' id='word_1_108' title='bbox 640 1712 853 1783; x_wconf 84' lang='lat' dir='ltr'><strong>divinis</strong></span> <span class='ocrx_word' id='word_1_109' title='bbox 879 1707 1150 1783; x_wconf 83' lang='lat' dir='ltr'><strong>laudibus</strong></span> <span class='ocrx_word' id='word_1_110' title='bbox 1175 1715 1311 1783; x_wconf 78' lang='lat' dir='ltr'><strong>apta</strong></span> <span class='ocrx_word' id='word_1_111' title='bbox 1344 1707 1494 1783; x_wconf 79' lang='lat' dir='ltr'><strong>facit.</strong></span> 
     </span>
    </p>
   </div>
   <div class='ocr_carea' id='block_1_22' title="bbox 310 1774 1792 1852">
    <p class='ocr_par' dir='ltr' id='par_1_22' title="bbox 310 1774 1792 1852">
     <span class='ocr_line' id='line_1_22' title="bbox 310 1774 1792 1852; baseline -0.01 -11"><span class='ocrx_word' id='word_1_112' title='bbox 310 1774 812 1852; x_wconf 60' lang='lat' dir='ltr'><strong>Fessus&#39;episcopii</strong></span> <span class='ocrx_word' id='word_1_113' title='bbox 840 1780 1068 1835; x_wconf 86' lang='lat' dir='ltr'><strong>tandem</strong></span> <span class='ocrx_word' id='word_1_114' title='bbox 1099 1774 1507 1845; x_wconf 56' lang='lat' dir='ltr'><strong>sub&#39;pondere,</strong></span> <span class='ocrx_word' id='word_1_115' title='bbox 1549 1774 1792 1829; x_wconf 88' lang='lat' dir='ltr'><strong>honores</strong></span> 
     </span>
    </p>
   </div>
   <div class='ocr_carea' id='block_1_23' title="bbox 382 1852 1820 1918">
    <p class='ocr_par' dir='ltr' id='par_1_23' title="bbox 382 1852 1820 1918">
     <span class='ocr_line' id='line_1_23' title="bbox 382 1852 1820 1918; baseline -0.01 -8"><span class='ocrx_word' id='word_1_116' title='bbox 382 1857 616 1916; x_wconf 77' lang='lat' dir='ltr'><strong>Deserit,</strong></span> <span class='ocrx_word' id='word_1_117' title='bbox 650 1867 715 1908; x_wconf 88' lang='lat' dir='ltr'><strong>ac</strong></span> <span class='ocrx_word' id='word_1_118' title='bbox 746 1852 984 1916; x_wconf 85' lang='lat' dir='ltr'><strong>clerum,</strong></span> <span class='ocrx_word' id='word_1_119' title='bbox 1019 1861 1287 1918; x_wconf 88' lang='lat' dir='ltr'><strong>prospera</strong></span> <span class='ocrx_word' id='word_1_120' title='bbox 1318 1853 1546 1918; x_wconf 85' lang='lat' dir='ltr'><strong>cuneta,</strong></span> <span class='ocrx_word' id='word_1_121' title='bbox 1581 1852 1629 1898; x_wconf 85' lang='lat' dir='ltr'><strong>et</strong></span> <span class='ocrx_word' id='word_1_122' title='bbox 1655 1857 1820 1918; x_wconf 68' lang='lat' dir='ltr'><strong>opus.</strong></span> 
     </span>
    </p>
   </div>
   <div class='ocr_carea' id='block_1_24' title="bbox 311 1913 1927 1992">
    <p class='ocr_par' dir='ltr' id='par_1_24' title="bbox 311 1913 1927 1992">
     <span class='ocr_line' id='line_1_24' title="bbox 311 1913 1927 1992; baseline -0.009 -11"><span class='ocrx_word' id='word_1_123' title='bbox 311 1913 656 1981; x_wconf 76' lang='lat' dir='ltr'><strong>Fusniacuin</strong></span> <span class='ocrx_word' id='word_1_124' title='bbox 690 1924 846 1992; x_wconf 87' lang='lat' dir='ltr'><strong>petit,</strong></span> <span class='ocrx_word' id='word_1_125' title='bbox 873 1913 1199 1992; x_wconf 60' lang='lat' dir='ltr'><strong>inde&#39;siinul</strong></span> <span class='ocrx_word' id='word_1_126' title='bbox 1236 1917 1662 1992; x_wconf 70' lang='lat' dir='ltr'><strong>quodve-uerat,</strong></span> <span class='ocrx_word' id='word_1_127' title='bbox 1693 1913 1886 1984; x_wconf 88' lang='lat' dir='ltr'><strong>implet</strong></span> <span class='ocrx_word' id='word_1_128' title='bbox 1915 1929 1927 1978; x_wconf 90' lang='lat'><strong>;</strong></span> 
     </span>
    </p>
   </div>
   <div class='ocr_carea' id='block_1_25' title="bbox 380 1985 1775 2065">
    <p class='ocr_par' dir='ltr' id='par_1_25' title="bbox 380 1985 1775 2065">
     <span class='ocr_line' id='line_1_25' title="bbox 380 1985 1775 2065; baseline -0.009 -14"><span class='ocrx_word' id='word_1_129' title='bbox 380 1996 588 2065; x_wconf 83' lang='lat' dir='ltr'><strong>Sponte</strong></span> <span class='ocrx_word' id='word_1_130' title='bbox 620 1985 1109 2065; x_wconf 58' lang='lat' dir='ltr'><strong>ﬁt&#39;etuionachus</strong></span> <span class='ocrx_word' id='word_1_131' title='bbox 1133 1985 1362 2058; x_wconf 66' lang='lat' dir='ltr'><strong>praesul,</strong></span> <span class='ocrx_word' id='word_1_132' title='bbox 1395 1987 1595 2065; x_wconf 81' lang='lat' dir='ltr'><strong>ibique</strong></span> <span class='ocrx_word' id='word_1_133' title='bbox 1622 1985 1775 2040; x_wconf 82' lang='lat' dir='ltr'><strong>latet.</strong></span> 
     </span>
    </p>
   </div>
   <div class='ocr_carea' id='block_1_26' title="bbox 307 2057 1521 2127">
    <p class='ocr_par' dir='ltr' id='par_1_26' title="bbox 307 2057 1521 2127">
     <span class='ocr_line' id='line_1_26' title="bbox 307 2057 1521 2127; baseline -0.009 -6"><span class='ocrx_word' id='word_1_134' title='bbox 307 2067 375 2121; x_wconf 85' lang='lat' dir='ltr'><strong>Ut</strong></span> <span class='ocrx_word' id='word_1_135' title='bbox 403 2057 548 2121; x_wconf 79' lang='lat' dir='ltr'><strong>liber</strong></span> <span class='ocrx_word' id='word_1_136' title='bbox 580 2071 739 2118; x_wconf 87' lang='lat' dir='ltr'><strong>vacet</strong></span> <span class='ocrx_word' id='word_1_137' title='bbox 772 2062 861 2116; x_wconf 91' lang='lat' dir='ltr'><strong>ille</strong></span> <span class='ocrx_word' id='word_1_138' title='bbox 894 2062 1024 2122; x_wconf 89' lang='lat' dir='ltr'><strong>Deo,</strong></span> <span class='ocrx_word' id='word_1_139' title='bbox 1054 2057 1320 2127; x_wconf 82' lang='lat' dir='ltr'><strong>totusque</strong></span> <span class='ocrx_word' id='word_1_140' title='bbox 1351 2057 1521 2112; x_wconf 89' lang='lat' dir='ltr'><strong>saluti</strong></span> 
     </span>
    </p>
   </div>
   <div class='ocr_carea' id='block_1_27' title="bbox 377 2126 1643 2202">
    <p class='ocr_par' dir='ltr' id='par_1_27' title="bbox 377 2126 1643 2202">
     <span class='ocr_line' id='line_1_27' title="bbox 377 2126 1643 2202; baseline -0.009 -10"><span class='ocrx_word' id='word_1_141' title='bbox 377 2135 723 2192; x_wconf 88' lang='lat' dir='ltr'><strong>Incumbens</strong></span> <span class='ocrx_word' id='word_1_142' title='bbox 753 2133 1015 2202; x_wconf 74' lang='lat' dir='ltr'><strong>propriae.</strong></span> <span class='ocrx_word' id='word_1_143' title='bbox 1047 2126 1256 2202; x_wconf 78' lang='lat' dir='ltr'><strong>gaudet</strong></span> <span class='ocrx_word' id='word_1_144' title='bbox 1285 2142 1483 2183; x_wconf 90' lang='lat' dir='ltr'><strong>amara</strong></span> <span class='ocrx_word' id='word_1_145' title='bbox 1509 2126 1643 2202; x_wconf 85' lang='lat' dir='ltr'><strong>pati.</strong></span> 
     </span>
    </p>
   </div>
   <div class='ocr_carea' id='block_1_28' title="bbox 303 2195 1716 2274">
    <p class='ocr_par' dir='ltr' id='par_1_28' title="bbox 303 2195 1716 2274">
     <span class='ocr_line' id='line_1_28' title="bbox 303 2195 1716 2274; baseline -0.009 -11"><span class='ocrx_word' id='word_1_146' title='bbox 303 2206 519 2262; x_wconf 86' lang='lat' dir='ltr'><strong>Occidit</strong></span> <span class='ocrx_word' id='word_1_147' title='bbox 551 2195 1070 2274; x_wconf 58' lang='lat' dir='ltr'><strong>oppressus&#39;seuio;</strong></span> <span class='ocrx_word' id='word_1_148' title='bbox 1085 2200 1447 2274; x_wconf 87' lang='lat' dir='ltr'><strong>dignumque</strong></span> <span class='ocrx_word' id='word_1_149' title='bbox 1467 2195 1716 2274; x_wconf 74' lang='lat' dir='ltr'><strong>sepulcri</strong></span> 
     </span>
    </p>
   </div>
   <div class='ocr_carea' id='block_1_29' title="bbox 376 2267 1745 2340">
    <p class='ocr_par' dir='ltr' id='par_1_29' title="bbox 376 2267 1745 2340">
     <span class='ocr_line' id='line_1_29' title="bbox 376 2267 1745 2340; baseline -0.009 -7"><span class='ocrx_word' id='word_1_150' title='bbox 376 2267 828 2333; x_wconf 59' lang='lat' dir='ltr'><strong>Marmo&#39;r&#39;habet</strong></span> <span class='ocrx_word' id='word_1_151' title='bbox 853 2286 1079 2340; x_wconf 86' lang='lat' dir='ltr'><strong>corpus,</strong></span> <span class='ocrx_word' id='word_1_152' title='bbox 1114 2267 1274 2325; x_wconf 73' lang='lat' dir='ltr'><strong>triens</strong></span> <span class='ocrx_word' id='word_1_153' title='bbox 1305 2267 1441 2339; x_wconf 84' lang='lat' dir='ltr'><strong>petit</strong></span> <span class='ocrx_word' id='word_1_154' title='bbox 1466 2270 1581 2323; x_wconf 89' lang='lat' dir='ltr'><strong>alta</strong></span> <span class='ocrx_word' id='word_1_155' title='bbox 1613 2267 1745 2340; x_wconf 74' lang='lat' dir='ltr'><strong>poli.</strong></span> 
     </span>
    </p>
   </div>
   <div class='ocr_carea' id='block_1_30' title="bbox 305 2336 1813 2416">
    <p class='ocr_par' dir='ltr' id='par_1_30' title="bbox 305 2336 1813 2416">
     <span class='ocr_line' id='line_1_30' title="bbox 305 2336 1813 2416; baseline -0.007 -16"><span class='ocrx_word' id='word_1_156' title='bbox 305 2354 456 2402; x_wconf 74' lang='lat'><strong>660</strong></span> <span class='ocrx_word' id='word_1_157' title='bbox 487 2348 691 2416; x_wconf 84' lang='lat' dir='ltr'><strong>Sicque</strong></span> <span class='ocrx_word' id='word_1_158' title='bbox 725 2359 832 2400; x_wconf 91' lang='lat' dir='ltr'><strong>sua</strong></span> <span class='ocrx_word' id='word_1_159' title='bbox 861 2336 1038 2416; x_wconf 64' lang='lat' dir='ltr'><strong>partis</strong></span> <span class='ocrx_word' id='word_1_160' title='bbox 1068 2341 1283 2416; x_wconf 77' lang='lat' dir='ltr'><strong>fruitur</strong></span> <span class='ocrx_word' id='word_1_161' title='bbox 1307 2336 1525 2416; x_wconf 68' lang='lat' dir='ltr'><strong>virtute</strong></span> <span class='ocrx_word' id='word_1_162' title='bbox 1554 2336 1813 2393; x_wconf 84' lang='lat' dir='ltr'><strong>coronis:</strong></span> 
     </span>
    </p>
   </div>
   <div class='ocr_carea' id='block_1_31' title="bbox 376 2410 1556 2490">
    <p class='ocr_par' dir='ltr' id='par_1_31' title="bbox 376 2410 1556 2490">
     <span class='ocr_line' id='line_1_31' title="bbox 376 2410 1556 2490; baseline -0.009 -16"><span class='ocrx_word' id='word_1_163' title='bbox 376 2410 641 2490; x_wconf 73' lang='lat' dir='ltr'><strong>Cingitur</strong></span> <span class='ocrx_word' id='word_1_164' title='bbox 660 2424 714 2472; x_wconf 91' lang='lat' dir='ltr'><strong>et</strong></span> <span class='ocrx_word' id='word_1_165' title='bbox 744 2410 924 2471; x_wconf 78' lang='lat' dir='ltr'><strong>ternis</strong></span> <span class='ocrx_word' id='word_1_166' title='bbox 956 2413 1112 2468; x_wconf 87' lang='lat' dir='ltr'><strong>frons</strong></span> <span class='ocrx_word' id='word_1_167' title='bbox 1136 2426 1244 2467; x_wconf 90' lang='lat' dir='ltr'><strong>sua</strong></span> <span class='ocrx_word' id='word_1_168' title='bbox 1271 2410 1556 2466; x_wconf 88' lang='lat' dir='ltr'><strong>laureolis.</strong></span> 
     </span>
    </p>
   </div>
   <div class='ocr_carea' id='block_1_32' title="bbox 800 2524 1466 2583">
    <p class='ocr_par' dir='ltr' id='par_1_32' title="bbox 800 2524 1466 2583">
     <span class='ocr_line' id='line_1_32' title="bbox 800 2524 1466 2583; baseline -0.009 0"><span class='ocrx_word' id='word_1_169' title='bbox 800 2526 976 2583; x_wconf 79' lang='lat' dir='ltr'><strong>Aliud</strong></span> <span class='ocrx_word' id='word_1_170' title='bbox 1008 2528 1156 2581; x_wconf 81' lang='lat' dir='ltr'><strong>circa</strong></span> <span class='ocrx_word' id='word_1_171' title='bbox 1182 2524 1466 2580; x_wconf 86' lang='lat' dir='ltr'><strong>tumulum.</strong></span> 
     </span>
    </p>
   </div>
   <div class='ocr_carea' id='block_1_33' title="bbox 304 2625 1767 2710">
    <p class='ocr_par' dir='ltr' id='par_1_33' title="bbox 304 2625 1767 2710">
     <span class='ocr_line' id='line_1_33' title="bbox 304 2625 1767 2710; baseline -0.01 -15"><span class='ocrx_word' id='word_1_172' title='bbox 304 2637 409 2706; x_wconf 87' lang='lat' dir='ltr'><strong>Qui</strong></span> <span class='ocrx_word' id='word_1_173' title='bbox 435 2639 587 2710; x_wconf 85' lang='lat' dir='ltr'><strong>jacet</strong></span> <span class='ocrx_word' id='word_1_174' title='bbox 615 2636 708 2692; x_wconf 92' lang='lat' dir='ltr'><strong>hic</strong></span> <span class='ocrx_word' id='word_1_175' title='bbox 737 2633 948 2710; x_wconf 70' lang='lat' dir='ltr'><strong>praesul</strong></span> <span class='ocrx_word' id='word_1_176' title='bbox 974 2631 1291 2710; x_wconf 81' lang='lat' dir='ltr'><strong>Marianam</strong></span> <span class='ocrx_word' id='word_1_177' title='bbox 1316 2627 1570 2710; x_wconf 77' lang='lat' dir='ltr'><strong>condidit</strong></span> <span class='ocrx_word' id='word_1_178' title='bbox 1589 2625 1767 2710; x_wconf 70' lang='lat' dir='ltr'><strong>aedem</strong></span> 
     </span>
    </p>
   </div>
   <div class='ocr_carea' id='block_1_34' title="bbox 376 2697 1724 2777">
    <p class='ocr_par' dir='ltr' id='par_1_34' title="bbox 376 2697 1724 2777">
     <span class='ocr_line' id='line_1_34' title="bbox 376 2697 1724 2777; baseline -0.01 -12"><span class='ocrx_word' id='word_1_179' title='bbox 376 2697 658 2775; x_wconf 67' lang='lat' dir='ltr'><strong>Lauduni,</strong></span> <span class='ocrx_word' id='word_1_180' title='bbox 685 2697 1014 2777; x_wconf 78' lang='lat' dir='ltr'><strong>pariterque</strong></span> <span class='ocrx_word' id='word_1_181' title='bbox 1034 2704 1235 2777; x_wconf 67' lang='lat' dir='ltr'><strong>domos</strong></span> <span class='ocrx_word' id='word_1_182' title='bbox 1259 2697 1525 2777; x_wconf 77' lang='lat' dir='ltr'><strong>antistitis</strong></span> <span class='ocrx_word' id='word_1_183' title='bbox 1547 2705 1724 2777; x_wconf 79' lang='lat' dir='ltr'><strong>ustas.</strong></span> 
     </span>
    </p>
   </div>
   <div class='ocr_carea' id='block_1_35' title="bbox 303 2769 1994 2850">
    <p class='ocr_par' dir='ltr' id='par_1_35' title="bbox 303 2769 1994 2850">
     <span class='ocr_line' id='line_1_35' title="bbox 303 2769 1994 2850; baseline -0.009 -13"><span class='ocrx_word' id='word_1_184' title='bbox 303 2780 538 2850; x_wconf 87' lang='lat' dir='ltr'><strong>Templa</strong></span> <span class='ocrx_word' id='word_1_185' title='bbox 563 2769 755 2850; x_wconf 76' lang='lat' dir='ltr'><strong>decem</strong></span> <span class='ocrx_word' id='word_1_186' title='bbox 796 2769 1108 2850; x_wconf 70' lang='lat' dir='ltr'><strong>instruxit;</strong></span> <span class='ocrx_word' id='word_1_187' title='bbox 1143 2771 1443 2850; x_wconf 70' lang='lat' dir='ltr'><strong>Benedicto</strong></span> <span class='ocrx_word' id='word_1_188' title='bbox 1482 2769 1724 2848; x_wconf 81' lang='lat' dir='ltr'><strong>contulit</strong></span> <span class='ocrx_word' id='word_1_189' title='bbox 1765 2779 1994 2850; x_wconf 70' lang='lat' dir='ltr'><strong>unum:</strong></span> 
     </span>
    </p>
   </div>
   <div class='ocr_carea' id='block_1_36' title="bbox 375 2838 1823 2918">
    <p class='ocr_par' dir='ltr' id='par_1_36' title="bbox 375 2838 1823 2918">
     <span class='ocr_line' id='line_1_36' title="bbox 375 2838 1823 2918; baseline -0.01 -11"><span class='ocrx_word' id='word_1_190' title='bbox 375 2838 664 2906; x_wconf 68' lang='lat' dir='ltr'><strong>Bernardo</strong></span> <span class='ocrx_word' id='word_1_191' title='bbox 687 2855 975 2918; x_wconf 87' lang='lat' dir='ltr'><strong>quatuor;</strong></span> <span class='ocrx_word' id='word_1_192' title='bbox 1006 2838 1304 2900; x_wconf 82' lang='lat' dir='ltr'><strong>Nortberto</strong></span> <span class='ocrx_word' id='word_1_193' title='bbox 1335 2841 1596 2911; x_wconf 87' lang='lat' dir='ltr'><strong>quinque</strong></span> <span class='ocrx_word' id='word_1_194' title='bbox 1625 2838 1823 2910; x_wconf 86' lang='lat' dir='ltr'><strong>piavit.</strong></span> 
     </span>
    </p>
   </div>
   <div class='ocr_carea' id='block_1_37' title="bbox 373 2943 2067 3020">
    <p class='ocr_par' dir='ltr' id='par_1_37' title="bbox 373 2943 2067 3020">
     <span class='ocr_line' id='line_1_37' title="bbox 373 2943 2067 3020; baseline -0.01 -6"><span class='ocrx_word' id='word_1_195' title='bbox 373 2957 545 3014; x_wconf 85' lang='lat' dir='ltr'><strong>Addit</strong></span> <span class='ocrx_word' id='word_1_196' title='bbox 591 2964 646 3012; x_wconf 91' lang='lat' dir='ltr'><strong>et</strong></span> <span class='ocrx_word' id='word_1_197' title='bbox 690 2951 976 3010; x_wconf 90' lang='lat' dir='ltr'><strong>Guillelm.</strong></span> <span class='ocrx_word' id='word_1_198' title='bbox 1023 2950 1091 3005; x_wconf 93' lang='lat' dir='ltr'><strong>de</strong></span> <span class='ocrx_word' id='word_1_199' title='bbox 1119 2948 1339 3019; x_wconf 89' lang='lat' dir='ltr'><strong>Nangis</strong></span> <span class='ocrx_word' id='word_1_200' title='bbox 1371 2947 1581 3002; x_wconf 83' lang='lat' dir='ltr'><strong>Hister.</strong></span> <span class='ocrx_word' id='word_1_201' title='bbox 1631 2959 1756 3000; x_wconf 90' lang='lat' dir='ltr'><strong>ms:</strong></span> <span class='ocrx_word' id='word_1_202' title='bbox 1792 2965 1820 2994; x_wconf 85' lang='grc'><strong>‹‹</strong></span> <span class='ocrx_word' id='word_1_203' title='bbox 1853 2943 1999 2999; x_wconf 88' lang='lat' dir='ltr'><strong>Bar-</strong></span> <span class='ocrx_word' id='word_1_204' title='bbox 2029 2965 2067 3020; x_wconf 73' lang='grc' dir='ltr'>ο</span> 
     </span>
    </p>
   </div>
   <div class='ocr_carea' id='block_1_38' title="bbox 305 3032 1998 3108">
    <p class='ocr_par' dir='ltr' id='par_1_38' title="bbox 305 3032 1998 3108">
     <span class='ocr_line' id='line_1_38' title="bbox 305 3032 1998 3108; baseline -0.012 -3"><span class='ocrx_word' id='word_1_205' title='bbox 305 3047 641 3105; x_wconf 75' lang='lat' dir='ltr'><strong>tholomaeus</strong></span> <span class='ocrx_word' id='word_1_206' title='bbox 670 3038 1073 3098; x_wconf 90' lang='lat' dir='ltr'><strong>Laudunensis</strong></span> <span class='ocrx_word' id='word_1_207' title='bbox 1100 3037 1273 3108; x_wconf 89' lang='lat' dir='ltr'><strong>episc.</strong></span> <span class='ocrx_word' id='word_1_208' title='bbox 1310 3049 1464 3092; x_wconf 89' lang='lat' dir='ltr'><strong>anno</strong></span> <span class='ocrx_word' id='word_1_209' title='bbox 1510 3047 1728 3090; x_wconf 84' lang='lat' dir='ltr'><strong>xxxvut</strong></span> <span class='ocrx_word' id='word_1_210' title='bbox 1757 3032 1848 3088; x_wconf 90' lang='lat' dir='ltr'><strong>sui</strong></span> <span class='ocrx_word' id='word_1_211' title='bbox 1876 3032 1998 3101; x_wconf 86' lang='lat' dir='ltr'><strong>epi-</strong></span> 
     </span>
    </p>
   </div>
   <div class='ocr_carea' id='block_1_39' title="bbox 302 3118 1999 3203">
    <p class='ocr_par' dir='ltr' id='par_1_39' title="bbox 302 3118 1999 3203">
     <span class='ocr_line' id='line_1_39' title="bbox 302 3118 1999 3203; baseline -0.011 -12"><span class='ocrx_word' id='word_1_212' title='bbox 302 3141 590 3203; x_wconf 90' lang='lat' dir='ltr'><strong>scopatus,</strong></span> <span class='ocrx_word' id='word_1_213' title='bbox 671 3133 1011 3196; x_wconf 89' lang='lat' dir='ltr'><strong>comtempto</strong></span> <span class='ocrx_word' id='word_1_214' title='bbox 1091 3123 1295 3180; x_wconf 89' lang='lat' dir='ltr'><strong>mundi</strong></span> <span class='ocrx_word' id='word_1_215' title='bbox 1374 3121 1662 3178; x_wconf 89' lang='lat' dir='ltr'><strong>schemate</strong></span> <span class='ocrx_word' id='word_1_216' title='bbox 1735 3118 1999 3176; x_wconf 84' lang='lat' dir='ltr'><strong>Fusniaci</strong></span> 
     </span>
    </p>
   </div>
   <div class='ocr_carea' id='block_1_40' title="bbox 306 3212 1234 3276">
    <p class='ocr_par' dir='ltr' id='par_1_40' title="bbox 306 3212 1234 3276">
     <span class='ocr_line' id='line_1_40' title="bbox 306 3212 1234 3276; baseline -0.013 -1"><span class='ocrx_word' id='word_1_217' title='bbox 306 3221 568 3276; x_wconf 88' lang='lat' dir='ltr'><strong>induitur</strong></span> <span class='ocrx_word' id='word_1_218' title='bbox 601 3217 802 3273; x_wconf 89' lang='lat' dir='ltr'><strong>habitu</strong></span> <span class='ocrx_word' id='word_1_219' title='bbox 830 3212 1172 3269; x_wconf 90' lang='lat' dir='ltr'><strong>monachali.</strong></span> <span class='ocrx_word' id='word_1_220' title='bbox 1208 3232 1234 3260; x_wconf 81' lang='grc'><strong>››</strong></span> 
     </span>
    </p>
   </div>
   <div class='ocr_carea' id='block_1_41' title="bbox 374 3293 1998 3367">
    <p class='ocr_par' dir='ltr' id='par_1_41' title="bbox 374 3293 1998 3367">
     <span class='ocr_line' id='line_1_41' title="bbox 374 3293 1998 3367; baseline -0.011 -2"><span class='ocrx_word' id='word_1_221' title='bbox 374 3310 528 3364; x_wconf 86' lang='lat' dir='ltr'><strong>Inter</strong></span> <span class='ocrx_word' id='word_1_222' title='bbox 559 3308 754 3362; x_wconf 88' lang='lat' dir='ltr'><strong>beatos</strong></span> <span class='ocrx_word' id='word_1_223' title='bbox 797 3308 1129 3358; x_wconf 88' lang='lat' dir='ltr'><strong>accensetur</strong></span> <span class='ocrx_word' id='word_1_224' title='bbox 1175 3299 1233 3354; x_wconf 92' lang='lat' dir='ltr'><strong>in</strong></span> <span class='ocrx_word' id='word_1_225' title='bbox 1287 3295 1605 3367; x_wconf 86' lang='lat' dir='ltr'><strong>Menologio</strong></span> <span class='ocrx_word' id='word_1_226' title='bbox 1655 3293 1998 3352; x_wconf 86' lang='lat' dir='ltr'><strong>Cistertiensi</strong></span> 
     </span>
    </p>
   </div>
   <div class='ocr_carea' id='block_1_42' title="bbox 303 3385 2000 3454">
    <p class='ocr_par' dir='ltr' id='par_1_42' title="bbox 303 3385 2000 3454">
     <span class='ocr_line' id='line_1_42' title="bbox 303 3385 2000 3454; baseline -0.01 0"><span class='ocrx_word' id='word_1_227' title='bbox 303 3398 374 3454; x_wconf 88' lang='lat' dir='ltr'><strong>ad</strong></span> <span class='ocrx_word' id='word_1_228' title='bbox 435 3403 662 3452; x_wconf 85' lang='lat' dir='ltr'><strong>sextum</strong></span> <span class='ocrx_word' id='word_1_229' title='bbox 731 3391 968 3447; x_wconf 86' lang='lat' dir='ltr'><strong>Kalend.</strong></span> <span class='ocrx_word' id='word_1_230' title='bbox 1031 3388 1206 3454; x_wconf 88' lang='lat' dir='ltr'><strong>Julii;</strong></span> <span class='ocrx_word' id='word_1_231' title='bbox 1288 3394 1522 3442; x_wconf 86' lang='lat' dir='ltr'><strong>auclore</strong></span> <span class='ocrx_word' id='word_1_232' title='bbox 1602 3385 2000 3454; x_wconf 82' lang='lat' dir='ltr'><strong>Chrysostomo</strong></span> 
     </span>
    </p>
   </div>
   <div class='ocr_carea' id='block_1_43' title="bbox 303 3470 2000 3554">
    <p class='ocr_par' dir='ltr' id='par_1_43' title="bbox 303 3470 2000 3554">
     <span class='ocr_line' id='line_1_43' title="bbox 303 3470 2000 3554; baseline -0.01 -12"><span class='ocrx_word' id='word_1_233' title='bbox 303 3485 644 3554; x_wconf 85' lang='lat' dir='ltr'><strong>Henriquez.</strong></span> <span class='ocrx_word' id='word_1_234' title='bbox 679 3483 757 3536; x_wconf 91' lang='lat' dir='ltr'><strong>De</strong></span> <span class='ocrx_word' id='word_1_235' title='bbox 788 3477 1200 3534; x_wconf 73' lang='lat' dir='ltr'><strong>Bartholomzeo</strong></span> <span class='ocrx_word' id='word_1_236' title='bbox 1248 3482 1431 3546; x_wconf 90' lang='lat' dir='ltr'><strong>agunt</strong></span> <span class='ocrx_word' id='word_1_237' title='bbox 1461 3481 1724 3529; x_wconf 87' lang='lat' dir='ltr'><strong>auctores</strong></span> <span class='ocrx_word' id='word_1_238' title='bbox 1767 3470 2000 3541; x_wconf 89' lang='lat' dir='ltr'><strong>plurimi</strong></span> 
     </span>
    </p>
   </div>
   <div class='ocr_carea' id='block_1_44' title="bbox 302 3559 2001 3645">
    <p class='ocr_par' dir='ltr' id='par_1_44' title="bbox 302 3559 2001 3645">
     <span class='ocr_line' id='line_1_44' title="bbox 302 3559 2001 3645; baseline -0.009 -15"><span class='ocrx_word' id='word_1_239' title='bbox 302 3589 447 3645; x_wconf 90' lang='lat' dir='ltr'><strong>quos</strong></span> <span class='ocrx_word' id='word_1_240' title='bbox 469 3573 726 3628; x_wconf 89' lang='lat' dir='ltr'><strong>referunt</strong></span> <span class='ocrx_word' id='word_1_241' title='bbox 758 3568 907 3623; x_wconf 88' lang='lat' dir='ltr'><strong>idem</strong></span> <span class='ocrx_word' id='word_1_242' title='bbox 940 3565 1264 3634; x_wconf 88' lang='lat' dir='ltr'><strong>Heuriquez</strong></span> <span class='ocrx_word' id='word_1_243' title='bbox 1292 3563 1363 3619; x_wconf 89' lang='lat' dir='ltr'><strong>ad</strong></span> <span class='ocrx_word' id='word_1_244' title='bbox 1397 3563 1450 3617; x_wconf 89' lang='lat' dir='ltr'><strong>id</strong></span> <span class='ocrx_word' id='word_1_245' title='bbox 1471 3562 1584 3617; x_wconf 89' lang='lat' dir='ltr'><strong>diei</strong></span> <span class='ocrx_word' id='word_1_246' title='bbox 1618 3576 1630 3615; x_wconf 90' lang='lat'>:</span> <span class='ocrx_word' id='word_1_247' title='bbox 1662 3568 1716 3616; x_wconf 90' lang='lat' dir='ltr'><strong>et</strong></span> <span class='ocrx_word' id='word_1_248' title='bbox 1745 3559 2001 3630; x_wconf 84' lang='lat' dir='ltr'><strong>Angelus</strong></span> 
     </span>
    </p>
   </div>
   <div class='ocr_carea' id='block_1_45' title="bbox 301 3651 1994 3730">
    <p class='ocr_par' dir='ltr' id='par_1_45' title="bbox 301 3651 1994 3730">
     <span class='ocr_line' id='line_1_45' title="bbox 301 3651 1994 3730; baseline -0.009 -12"><span class='ocrx_word' id='word_1_249' title='bbox 301 3661 602 3730; x_wconf 87' lang='lat' dir='ltr'><strong>Maurique</strong></span> <span class='ocrx_word' id='word_1_250' title='bbox 622 3657 828 3713; x_wconf 87' lang='lat' dir='ltr'><strong>Annal.</strong></span> <span class='ocrx_word' id='word_1_251' title='bbox 864 3655 999 3711; x_wconf 90' lang='lat' dir='ltr'><strong>Cist.</strong></span> <span class='ocrx_word' id='word_1_252' title='bbox 1030 3666 1124 3707; x_wconf 92' lang='lat' dir='ltr'><strong>an.</strong></span> <span class='ocrx_word' id='word_1_253' title='bbox 1166 3654 1321 3717; x_wconf 92' lang='grc'><strong>1120,</strong></span> <span class='ocrx_word' id='word_1_254' title='bbox 1372 3665 1498 3720; x_wconf 88' lang='lat' dir='ltr'><strong>cap.</strong></span> <span class='ocrx_word' id='word_1_255' title='bbox 1541 3652 1592 3716; x_wconf 87' lang='lat'><strong>2,</strong></span> <span class='ocrx_word' id='word_1_256' title='bbox 1628 3663 1685 3704; x_wconf 93' lang='lat' dir='ltr'><strong>n.</strong></span> <span class='ocrx_word' id='word_1_257' title='bbox 1730 3651 1779 3716; x_wconf 89' lang='grc'><strong>1,</strong></span> <span class='ocrx_word' id='word_1_258' title='bbox 1813 3655 1868 3703; x_wconf 87' lang='lat' dir='ltr'><strong>et</strong></span> <span class='ocrx_word' id='word_1_259' title='bbox 1900 3662 1994 3703; x_wconf 89' lang='lat' dir='ltr'><strong>au.</strong></span> 
     </span>
    </p>
   </div>
   <div class='ocr_carea' id='block_1_46' title="bbox 302 3742 874 3818">
    <p class='ocr_par' dir='ltr' id='par_1_46' title="bbox 302 3742 874 3818">
     <span class='ocr_line' id='line_1_46' title="bbox 302 3742 874 3818; baseline -0.016 -13"><span class='ocrx_word' id='word_1_260' title='bbox 302 3754 457 3814; x_wconf 83' lang='grc'><strong>1142,</strong></span> <span class='ocrx_word' id='word_1_261' title='bbox 491 3762 615 3818; x_wconf 88' lang='lat' dir='ltr'><strong>cap.</strong></span> <span class='ocrx_word' id='word_1_262' title='bbox 649 3749 696 3811; x_wconf 92' lang='grc'><strong>1,</strong></span> <span class='ocrx_word' id='word_1_263' title='bbox 731 3759 788 3800; x_wconf 93' lang='lat' dir='ltr'><strong>n.</strong></span> <span class='ocrx_word' id='word_1_264' title='bbox 821 3742 874 3798; x_wconf 92' lang='lat'><strong>3.</strong></span> 
     </span>
    </p>
   </div>
   <div class='ocr_carea' id='block_1_47' title="bbox 372 3826 1999 3909">
    <p class='ocr_par' dir='ltr' id='par_1_47' title="bbox 372 3826 1999 3909">
     <span class='ocr_line' id='line_1_47' title="bbox 372 3826 1999 3909; baseline -0.01 -16"><span class='ocrx_word' id='word_1_265' title='bbox 372 3836 482 3909; x_wconf 67' lang='grc' dir='ltr'><strong>(ίιδ)</strong></span> <span class='ocrx_word' id='word_1_266' title='bbox 519 3836 652 3893; x_wconf 77' lang='lat' dir='ltr'><strong>CAP.</strong></span> <span class='ocrx_word' id='word_1_267' title='bbox 711 3832 862 3890; x_wconf 82' lang='lat' dir='ltr'><strong>XIV.</strong></span> <span class='ocrx_word' id='word_1_268' title='bbox 911 3859 979 3872; x_wconf 91' lang='lat'><em>-</em></span> <span class='ocrx_word' id='word_1_269' title='bbox 1038 3829 1108 3882; x_wconf 69' lang='lat' dir='ltr'><strong>Ab</strong></span> <span class='ocrx_word' id='word_1_270' title='bbox 1157 3829 1398 3898; x_wconf 76' lang='lat' dir='ltr'><strong>archiep.</strong></span> <span class='ocrx_word' id='word_1_271' title='bbox 1444 3827 1609 3882; x_wconf 81' lang='lat' dir='ltr'><strong>totius</strong></span> <span class='ocrx_word' id='word_1_272' title='bbox 1665 3826 1908 3880; x_wconf 60' lang='lat' dir='ltr'><strong>Francia</strong></span> <span class='ocrx_word' id='word_1_273' title='bbox 1949 3827 1999 3877; x_wconf 86' lang='lat' dir='ltr'><strong>et</strong></span> 
     </span>
    </p>
   </div>
   <div class='ocr_carea' id='block_1_48' title="bbox 298 3912 1999 3998">
    <p class='ocr_par' dir='ltr' id='par_1_48' title="bbox 298 3912 1999 3998">
     <span class='ocr_line' id='line_1_48' title="bbox 298 3912 1999 3998; baseline -0.011 -15"><span class='ocrx_word' id='word_1_274' title='bbox 298 3928 561 3998; x_wconf 80' lang='lat' dir='ltr'><strong>episcopis</strong></span> <span class='ocrx_word' id='word_1_275' title='bbox 609 3922 952 3978; x_wconf 82' lang='lat' dir='ltr'><strong>anathemate</strong></span> <span class='ocrx_word' id='word_1_276' title='bbox 1017 3917 1363 3987; x_wconf 83' lang='lat' dir='ltr'><strong>pulsabatur.</strong></span> <span class='ocrx_word' id='word_1_277' title='bbox 1434 3913 1774 3982; x_wconf 81' lang='lat' dir='ltr'><strong>Expressius</strong></span> <span class='ocrx_word' id='word_1_278' title='bbox 1821 3912 1999 3967; x_wconf 86' lang='lat' dir='ltr'><strong>abbas</strong></span> 
     </span>
    </p>
   </div>
   <div class='ocr_carea' id='block_1_49' title="bbox 298 3999 1997 4086">
    <p class='ocr_par' dir='ltr' id='par_1_49' title="bbox 298 3999 1997 4086">
     <span class='ocr_line' id='line_1_49' title="bbox 298 3999 1997 4086; baseline -0.011 -14"><span class='ocrx_word' id='word_1_279' title='bbox 298 4015 575 4086; x_wconf 88' lang='lat' dir='ltr'><strong>Sugerius</strong></span> <span class='ocrx_word' id='word_1_280' title='bbox 601 4012 657 4067; x_wconf 91' lang='lat' dir='ltr'><strong>in</strong></span> <span class='ocrx_word' id='word_1_281' title='bbox 687 4011 818 4067; x_wconf 86' lang='lat' dir='ltr'><strong>Vita</strong></span> <span class='ocrx_word' id='word_1_282' title='bbox 840 4006 1114 4063; x_wconf 90' lang='lat' dir='ltr'><strong>Ludovici</strong></span> <span class='ocrx_word' id='word_1_283' title='bbox 1160 4005 1349 4060; x_wconf 91' lang='lat' dir='ltr'><strong>Grossi</strong></span> <span class='ocrx_word' id='word_1_284' title='bbox 1382 4003 1480 4059; x_wconf 91' lang='lat' dir='ltr'><strong>ubi</strong></span> <span class='ocrx_word' id='word_1_285' title='bbox 1512 4015 1726 4072; x_wconf 88' lang='lat' dir='ltr'><strong>supra:</strong></span> <span class='ocrx_word' id='word_1_286' title='bbox 1765 4020 1792 4051; x_wconf 89' lang='lat'><strong>«</strong></span> <span class='ocrx_word' id='word_1_287' title='bbox 1817 3999 1997 4069; x_wconf 91' lang='lat' dir='ltr'><strong>Cujus</strong></span> 
     </span>
    </p>
   </div>
   <div class='ocr_carea' id='block_1_50' title="bbox 298 4088 1997 4171">
    <p class='ocr_par' dir='ltr' id='par_1_50' title="bbox 298 4088 1997 4171">
     <span class='ocr_line' id='line_1_50' title="bbox 298 4088 1997 4171; baseline -0.009 -13"><span class='ocrx_word' id='word_1_288' title='bbox 298 4104 568 4171; x_wconf 79' lang='lat' dir='ltr'><strong>(Thomae)</strong></span> <span class='ocrx_word' id='word_1_289' title='bbox 602 4097 942 4154; x_wconf 86' lang='lat' dir='ltr'><strong>intolerabili</strong></span> <span class='ocrx_word' id='word_1_290' title='bbox 988 4095 1228 4165; x_wconf 86' lang='lat' dir='ltr'><strong>fatigata</strong></span> <span class='ocrx_word' id='word_1_291' title='bbox 1275 4091 1553 4155; x_wconf 88' lang='lat' dir='ltr'><strong>molestia,</strong></span> <span class='ocrx_word' id='word_1_292' title='bbox 1588 4105 1720 4145; x_wconf 91' lang='lat' dir='ltr'><strong>cum</strong></span> <span class='ocrx_word' id='word_1_293' title='bbox 1779 4088 1997 4144; x_wconf 89' lang='lat' dir='ltr'><strong>sederet</strong></span> 
     </span>
    </p>
   </div>
   <div class='ocr_carea' id='block_1_51' title="bbox 299 4176 1988 4256">
    <p class='ocr_par' dir='ltr' id='par_1_51' title="bbox 299 4176 1988 4256">
     <span class='ocr_line' id='line_1_51' title="bbox 299 4176 1988 4256; baseline -0.01 -10"><span class='ocrx_word' id='word_1_294' title='bbox 299 4189 520 4246; x_wconf 81' lang='lat' dir='ltr'><strong>Belvaci</strong></span> <span class='ocrx_word' id='word_1_295' title='bbox 549 4189 605 4242; x_wconf 91' lang='lat' dir='ltr'><strong>in</strong></span> <span class='ocrx_word' id='word_1_296' title='bbox 637 4185 889 4256; x_wconf 82' lang='lat' dir='ltr'><strong>generali</strong></span> <span class='ocrx_word' id='word_1_297' title='bbox 921 4190 1212 4239; x_wconf 89' lang='lat' dir='ltr'><strong>conventu</strong></span> <span class='ocrx_word' id='word_1_298' title='bbox 1253 4181 1550 4237; x_wconf 90' lang='lat' dir='ltr'><strong>Gallicana</strong></span> <span class='ocrx_word' id='word_1_299' title='bbox 1586 4176 1858 4242; x_wconf 88' lang='lat' dir='ltr'><strong>Ecclesia,</strong></span> <span class='ocrx_word' id='word_1_300' title='bbox 1884 4184 1988 4230; x_wconf 90' lang='lat' dir='ltr'><strong>etc.</strong></span> 
     </span>
    </p>
   </div>
   <div class='ocr_carea' id='block_1_52' title="bbox 1345 227 2773 292">
    <p class='ocr_par' dir='ltr' id='par_1_52' title="bbox 1345 227 2773 292">
     <span class='ocr_line' id='line_1_52' title="bbox 1345 227 2773 292; baseline -0.006 0"><span class='ocrx_word' id='word_1_301' title='bbox 1345 238 1433 292; x_wconf 80' lang='lat' dir='ltr'><strong>AD</strong></span> <span class='ocrx_word' id='word_1_302' title='bbox 1472 237 1622 292; x_wconf 82' lang='lat' dir='ltr'><strong>OPP.</strong></span> <span class='ocrx_word' id='word_1_303' title='bbox 1667 236 1821 291; x_wconf 84' lang='lat' dir='ltr'><strong>VEN.</strong></span> <span class='ocrx_word' id='word_1_304' title='bbox 1864 233 2196 289; x_wconf 82' lang='lat' dir='ltr'><strong>GUIBEBTI</strong></span> <span class='ocrx_word' id='word_1_305' title='bbox 2236 228 2327 286; x_wconf 83' lang='lat' dir='ltr'><strong>DE</strong></span> <span class='ocrx_word' id='word_1_306' title='bbox 2369 227 2773 285; x_wconf 82' lang='lat' dir='ltr'><strong>NOVIGENTO</strong></span> 
     </span>
    </p>
   </div>
   <div class='ocr_carea' id='block_1_53' title="bbox 3701 228 3838 277">
    <p class='ocr_par' dir='ltr' id='par_1_53' title="bbox 3701 228 3838 277">
     <span class='ocr_line' id='line_1_53' title="bbox 3701 228 3838 277; baseline -0.036 0"><span class='ocrx_word' id='word_1_307' title='bbox 3701 228 3838 277; x_wconf 71' lang='lat' dir='ltr'><strong>H96</strong></span> 
     </span>
    </p>
   </div>
   <div class='ocr_carea' id='block_1_54' title="bbox 2025 355 3838 424">
    <p class='ocr_par' dir='ltr' id='par_1_54' title="bbox 2025 355 3838 424">
     <span class='ocr_line' id='line_1_54' title="bbox 2025 355 3838 424; baseline -0.003 -5"><span class='ocrx_word' id='word_1_308' title='bbox 2025 367 2068 421; x_wconf 82' lang='lat' dir='ltr'><strong>A</strong></span> <span class='ocrx_word' id='word_1_309' title='bbox 2108 376 2289 417; x_wconf 90' lang='lat' dir='ltr'><strong>annos</strong></span> <span class='ocrx_word' id='word_1_310' title='bbox 2322 361 2527 415; x_wconf 89' lang='lat' dir='ltr'><strong>iterum</strong></span> <span class='ocrx_word' id='word_1_311' title='bbox 2558 363 2992 413; x_wconf 89' lang='lat' dir='ltr'><strong>commoverunt</strong></span> <span class='ocrx_word' id='word_1_312' title='bbox 3015 356 3247 424; x_wconf 86' lang='lat' dir='ltr'><strong>urbem;</strong></span> <span class='ocrx_word' id='word_1_313' title='bbox 3269 369 3336 411; x_wconf 86' lang='lat' dir='ltr'><strong>ac</strong></span> <span class='ocrx_word' id='word_1_314' title='bbox 3353 356 3579 412; x_wconf 88' lang='lat' dir='ltr'><strong>saniem</strong></span> <span class='ocrx_word' id='word_1_315' title='bbox 3603 355 3838 413; x_wconf 83' lang='lat' dir='ltr'><strong>vulnus</strong></span> 
     </span>
    </p>
   </div>
   <div class='ocr_carea' id='block_1_55' title="bbox 2104 444 3836 514">
    <p class='ocr_par' dir='ltr' id='par_1_55' title="bbox 2104 444 3836 514">
     <span class='ocr_line' id='line_1_55' title="bbox 2104 444 3836 514; baseline -0.004 -9"><span class='ocrx_word' id='word_1_316' title='bbox 2104 449 2510 506; x_wconf 89' lang='lat' dir='ltr'><strong>recrudescens</strong></span> <span class='ocrx_word' id='word_1_317' title='bbox 2578 446 2730 501; x_wconf 89' lang='lat' dir='ltr'><strong>foras</strong></span> <span class='ocrx_word' id='word_1_318' title='bbox 2774 445 2985 514; x_wconf 90' lang='lat' dir='ltr'><strong>erupit.</strong></span> <span class='ocrx_word' id='word_1_319' title='bbox 3065 444 3246 500; x_wconf 88' lang='lat' dir='ltr'><strong>Testis</strong></span> <span class='ocrx_word' id='word_1_320' title='bbox 3310 452 3395 500; x_wconf 88' lang='lat' dir='ltr'><strong>est</strong></span> <span class='ocrx_word' id='word_1_321' title='bbox 3471 444 3836 514; x_wconf 65' lang='lat' dir='ltr'><strong>saepiuscule</strong></span> 
     </span>
    </p>
   </div>
   <div class='ocr_carea' id='block_1_56' title="bbox 2105 534 3837 608">
    <p class='ocr_par' dir='ltr' id='par_1_56' title="bbox 2105 534 3837 608">
     <span class='ocr_line' id='line_1_56' title="bbox 2105 534 3837 608; baseline -0.003 -15"><span class='ocrx_word' id='word_1_322' title='bbox 2105 538 2419 608; x_wconf 85' lang='lat' dir='ltr'><strong>productus</strong></span> <span class='ocrx_word' id='word_1_323' title='bbox 2452 534 2846 590; x_wconf 82' lang='lat' dir='ltr'><strong>Laudunensis</strong></span> <span class='ocrx_word' id='word_1_324' title='bbox 2877 534 3226 588; x_wconf 90' lang='lat' dir='ltr'><strong>canonicus:</strong></span> <span class='ocrx_word' id='word_1_325' title='bbox 3272 555 3291 581; x_wconf 82' lang='grc' dir='ltr'>ι</span> <span class='ocrx_word' id='word_1_326' title='bbox 3335 534 3505 588; x_wconf 88' lang='lat' dir='ltr'><strong>Anno</strong></span> <span class='ocrx_word' id='word_1_327' title='bbox 3544 535 3696 588; x_wconf 82' lang='lat' dir='ltr'><strong>H77</strong></span> <span class='ocrx_word' id='word_1_328' title='bbox 3739 534 3837 588; x_wconf 85' lang='lat' dir='ltr'><strong>ho-</strong></span> 
     </span>
    </p>
   </div>
   <div class='ocr_carea' id='block_1_57' title="bbox 2105 620 3836 691">
    <p class='ocr_par' dir='ltr' id='par_1_57' title="bbox 2105 620 3836 691">
     <span class='ocr_line' id='line_1_57' title="bbox 2105 620 3836 691; baseline -0.002 -10"><span class='ocrx_word' id='word_1_329' title='bbox 2105 626 2293 681; x_wconf 89' lang='lat' dir='ltr'><strong>mines</strong></span> <span class='ocrx_word' id='word_1_330' title='bbox 2328 625 2396 680; x_wconf 91' lang='lat' dir='ltr'><strong>de</strong></span> <span class='ocrx_word' id='word_1_331' title='bbox 2426 623 2788 679; x_wconf 88' lang='lat' dir='ltr'><strong>Laudunesio</strong></span> <span class='ocrx_word' id='word_1_332' title='bbox 2819 622 2878 676; x_wconf 93' lang='lat' dir='ltr'><strong>iu</strong></span> <span class='ocrx_word' id='word_1_333' title='bbox 2913 621 3313 691; x_wconf 63' lang='lat' dir='ltr'><strong>prwjudicium</strong></span> <span class='ocrx_word' id='word_1_334' title='bbox 3349 620 3599 691; x_wconf 88' lang='lat' dir='ltr'><strong>episcopi</strong></span> <span class='ocrx_word' id='word_1_335' title='bbox 3639 622 3836 677; x_wconf 86' lang='lat' dir='ltr'><strong>Eccle-</strong></span> 
     </span>
    </p>
   </div>
   <div class='ocr_carea' id='block_1_58' title="bbox 2107 709 3835 780">
    <p class='ocr_par' dir='ltr' id='par_1_58' title="bbox 2107 709 3835 780">
     <span class='ocr_line' id='line_1_58' title="bbox 2107 709 3835 780; baseline -0.002 -11"><span class='ocrx_word' id='word_1_336' title='bbox 2107 716 2204 769; x_wconf 69' lang='lat' dir='ltr'><strong>siae</strong></span> <span class='ocrx_word' id='word_1_337' title='bbox 2255 712 2676 774; x_wconf 85' lang='lat' dir='ltr'><strong>Laudunensis,</strong></span> <span class='ocrx_word' id='word_1_338' title='bbox 2724 712 2859 767; x_wconf 86' lang='lat' dir='ltr'><strong>data</strong></span> <span class='ocrx_word' id='word_1_339' title='bbox 2928 710 3047 780; x_wconf 89' lang='lat' dir='ltr'><strong>regi</strong></span> <span class='ocrx_word' id='word_1_340' title='bbox 3096 709 3387 766; x_wconf 76' lang='lat' dir='ltr'><strong>Ludovico</strong></span> <span class='ocrx_word' id='word_1_341' title='bbox 3436 711 3835 766; x_wconf 74' lang='lat' dir='ltr'><strong>mstimationc</strong></span> 
     </span>
    </p>
   </div>
   <div class='ocr_carea' id='block_1_59' title="bbox 2108 798 3834 874">
    <p class='ocr_par' dir='ltr' id='par_1_59' title="bbox 2108 798 3834 874">
     <span class='ocr_line' id='line_1_59' title="bbox 2108 798 3834 874; baseline -0.005 -15"><span class='ocrx_word' id='word_1_342' title='bbox 2108 802 2385 874; x_wconf 76' lang='lat' dir='ltr'><strong>pecuniae,</strong></span> <span class='ocrx_word' id='word_1_343' title='bbox 2435 800 2822 857; x_wconf 90' lang='lat' dir='ltr'><strong>communiam</strong></span> <span class='ocrx_word' id='word_1_344' title='bbox 2879 798 3295 854; x_wconf 88' lang='lat' dir='ltr'><strong>ordinaverunt</strong></span> <span class='ocrx_word' id='word_1_345' title='bbox 3353 798 3591 864; x_wconf 89' lang='lat' dir='ltr'><strong>habere,</strong></span> <span class='ocrx_word' id='word_1_346' title='bbox 3643 807 3704 855; x_wconf 90' lang='lat' dir='ltr'><strong>et</strong></span> <span class='ocrx_word' id='word_1_347' title='bbox 3756 800 3834 852; x_wconf 85' lang='lat' dir='ltr'><strong>sic</strong></span> 
     </span>
    </p>
   </div>
   <div class='ocr_carea' id='block_1_60' title="bbox 2107 887 3834 962">
    <p class='ocr_par' dir='ltr' id='par_1_60' title="bbox 2107 887 3834 962">
     <span class='ocr_line' id='line_1_60' title="bbox 2107 887 3834 962; baseline -0.003 -15"><span class='ocrx_word' id='word_1_348' title='bbox 2107 904 2404 962; x_wconf 89' lang='lat' dir='ltr'><strong>perperam</strong></span> <span class='ocrx_word' id='word_1_349' title='bbox 2437 889 2772 959; x_wconf 82' lang='lat' dir='ltr'><strong>cogitantes,</strong></span> <span class='ocrx_word' id='word_1_350' title='bbox 2799 901 2834 942; x_wconf 89' lang='lat' dir='ltr'><strong>a</strong></span> <span class='ocrx_word' id='word_1_351' title='bbox 2869 887 3012 958; x_wconf 91' lang='lat' dir='ltr'><strong>jugo</strong></span> <span class='ocrx_word' id='word_1_352' title='bbox 3055 887 3349 942; x_wconf 87' lang='lat' dir='ltr'><strong>servitutis</strong></span> <span class='ocrx_word' id='word_1_353' title='bbox 3393 887 3665 942; x_wconf 82' lang='lat' dir='ltr'><strong>cervices</strong></span> <span class='ocrx_word' id='word_1_354' title='bbox 3695 902 3834 942; x_wconf 81' lang='lat' dir='ltr'><strong>suas</strong></span> 
     </span>
    </p>
   </div>
   <div class='ocr_carea' id='block_1_61' title="bbox 2106 975 3833 1034">
    <p class='ocr_par' dir='ltr' id='par_1_61' title="bbox 2106 975 3833 1034">
     <span class='ocr_line' id='line_1_61' title="bbox 2106 975 3833 1034; baseline -0.002 0"><span class='ocrx_word' id='word_1_355' title='bbox 2106 987 2162 1034; x_wconf 86' lang='lat' dir='ltr'><strong>et</strong></span> <span class='ocrx_word' id='word_1_356' title='bbox 2217 992 2455 1034; x_wconf 89' lang='lat' dir='ltr'><strong>suorum</strong></span> <span class='ocrx_word' id='word_1_357' title='bbox 2509 976 2802 1032; x_wconf 70' lang='lat' dir='ltr'><strong>haeredqu</strong></span> <span class='ocrx_word' id='word_1_358' title='bbox 2872 982 3143 1031; x_wconf 84' lang='lat' dir='ltr'><strong>excutere</strong></span> <span class='ocrx_word' id='word_1_359' title='bbox 3192 975 3455 1030; x_wconf 85' lang='lat' dir='ltr'><strong>arbitrati</strong></span> <span class='ocrx_word' id='word_1_360' title='bbox 3531 983 3706 1030; x_wconf 91' lang='lat' dir='ltr'><strong>sunt.</strong></span> <span class='ocrx_word' id='word_1_361' title='bbox 3770 980 3833 1030; x_wconf 82' lang='lat' dir='ltr'><strong>At</strong></span> 
     </span>
    </p>
   </div>
   <div class='ocr_carea' id='block_1_62' title="bbox 2108 1062 3831 1138">
    <p class='ocr_par' dir='ltr' id='par_1_62' title="bbox 2108 1062 3831 1138">
     <span class='ocr_line' id='line_1_62' title="bbox 2108 1062 3831 1138; baseline -0.002 -15"><span class='ocrx_word' id='word_1_362' title='bbox 2108 1066 2387 1138; x_wconf 84' lang='lat' dir='ltr'><strong>Rogerius</strong></span> <span class='ocrx_word' id='word_1_363' title='bbox 2433 1064 2697 1135; x_wconf 90' lang='lat' dir='ltr'><strong>egregius</strong></span> <span class='ocrx_word' id='word_1_364' title='bbox 2757 1062 3156 1119; x_wconf 90' lang='lat' dir='ltr'><strong>Laudunensis</strong></span> <span class='ocrx_word' id='word_1_365' title='bbox 3205 1063 3510 1132; x_wconf 89' lang='lat' dir='ltr'><strong>episcopus</strong></span> <span class='ocrx_word' id='word_1_366' title='bbox 3570 1077 3684 1132; x_wconf 86' lang='lat' dir='ltr'><strong>per</strong></span> <span class='ocrx_word' id='word_1_367' title='bbox 3743 1079 3831 1128; x_wconf 86' lang='lat' dir='ltr'><strong>se,</strong></span> 
     </span>
    </p>
   </div>
   <div class='ocr_carea' id='block_1_63' title="bbox 2108 1151 3831 1226">
    <p class='ocr_par' dir='ltr' id='par_1_63' title="bbox 2108 1151 3831 1226">
     <span class='ocr_line' id='line_1_63' title="bbox 2108 1151 3831 1226; baseline -0.003 -15"><span class='ocrx_word' id='word_1_368' title='bbox 2108 1170 2209 1226; x_wconf 89' lang='lat' dir='ltr'><strong>per</strong></span> <span class='ocrx_word' id='word_1_369' title='bbox 2258 1155 2486 1220; x_wconf 90' lang='lat' dir='ltr'><strong>amicos,</strong></span> <span class='ocrx_word' id='word_1_370' title='bbox 2535 1153 2687 1224; x_wconf 90' lang='lat' dir='ltr'><strong>regis</strong></span> <span class='ocrx_word' id='word_1_371' title='bbox 2725 1151 3088 1222; x_wconf 71' lang='lat' dir='ltr'><strong>praesentiam</strong></span> <span class='ocrx_word' id='word_1_372' title='bbox 3129 1151 3290 1214; x_wconf 88' lang='lat' dir='ltr'><strong>adiit,</strong></span> <span class='ocrx_word' id='word_1_373' title='bbox 3335 1159 3388 1206; x_wconf 89' lang='lat' dir='ltr'><strong>et</strong></span> <span class='ocrx_word' id='word_1_374' title='bbox 3429 1158 3495 1206; x_wconf 90' lang='lat' dir='ltr'><strong>ut</strong></span> <span class='ocrx_word' id='word_1_375' title='bbox 3545 1153 3831 1206; x_wconf 76' lang='lat' dir='ltr'><strong>Ecclesiae</strong></span> 
     </span>
    </p>
   </div>
   <div class='ocr_carea' id='block_1_64' title="bbox 2109 1239 3830 1308">
    <p class='ocr_par' dir='ltr' id='par_1_64' title="bbox 2109 1239 3830 1308">
     <span class='ocr_line' id='line_1_64' title="bbox 2109 1239 3830 1308; baseline -0.002 -11"><span class='ocrx_word' id='word_1_376' title='bbox 2109 1257 2228 1299; x_wconf 66' lang='lat' dir='ltr'><strong>suae</strong></span> <span class='ocrx_word' id='word_1_377' title='bbox 2258 1243 2644 1308; x_wconf 89' lang='lat' dir='ltr'><strong>misereretur,</strong></span> <span class='ocrx_word' id='word_1_378' title='bbox 2678 1239 3065 1296; x_wconf 89' lang='lat' dir='ltr'><strong>communiam</strong></span> <span class='ocrx_word' id='word_1_379' title='bbox 3098 1253 3398 1294; x_wconf 89' lang='lat' dir='ltr'><strong>servorum</strong></span> <span class='ocrx_word' id='word_1_380' title='bbox 3433 1254 3692 1294; x_wconf 87' lang='lat' dir='ltr'><strong>suorum</strong></span> <span class='ocrx_word' id='word_1_381' title='bbox 3727 1241 3830 1294; x_wconf 91' lang='lat' dir='ltr'><strong>de-</strong></span> 
     </span>
    </p>
   </div>
   <div class='ocr_carea' id='block_1_65' title="bbox 2111 1327 3836 1397">
    <p class='ocr_par' dir='ltr' id='par_1_65' title="bbox 2111 1327 3836 1397">
     <span class='ocr_line' id='line_1_65' title="bbox 2111 1327 3836 1397; baseline -0.002 -10"><span class='ocrx_word' id='word_1_382' title='bbox 2111 1331 2316 1397; x_wconf 89' lang='lat' dir='ltr'><strong>ﬂendo,</strong></span> <span class='ocrx_word' id='word_1_383' title='bbox 2350 1330 2532 1386; x_wconf 89' lang='lat' dir='ltr'><strong>modis</strong></span> <span class='ocrx_word' id='word_1_384' title='bbox 2569 1328 2840 1384; x_wconf 92' lang='lat' dir='ltr'><strong>omnibus</strong></span> <span class='ocrx_word' id='word_1_385' title='bbox 2880 1328 3163 1383; x_wconf 84' lang='lat' dir='ltr'><strong>exoravit.</strong></span> <span class='ocrx_word' id='word_1_386' title='bbox 3210 1327 3331 1382; x_wconf 81' lang='lat' dir='ltr'><strong>Rex</strong></span> <span class='ocrx_word' id='word_1_387' title='bbox 3365 1341 3524 1394; x_wconf 90' lang='lat' dir='ltr'><strong>vero,</strong></span> <span class='ocrx_word' id='word_1_388' title='bbox 3565 1335 3639 1383; x_wconf 92' lang='lat' dir='ltr'><strong>ut</strong></span> <span class='ocrx_word' id='word_1_389' title='bbox 3690 1328 3836 1383; x_wconf 87' lang='lat' dir='ltr'><strong>dici-</strong></span> 
     </span>
    </p>
   </div>
   <div class='ocr_carea' id='block_1_66' title="bbox 2112 1415 3835 1488">
    <p class='ocr_par' dir='ltr' id='par_1_66' title="bbox 2112 1415 3835 1488">
     <span class='ocr_line' id='line_1_66' title="bbox 2112 1415 3835 1488; baseline -0.003 -13"><span class='ocrx_word' id='word_1_390' title='bbox 2112 1427 2228 1486; x_wconf 90' lang='lat' dir='ltr'><strong>tur,</strong></span> <span class='ocrx_word' id='word_1_391' title='bbox 2273 1418 2566 1488; x_wconf 88' lang='lat' dir='ltr'><strong>sponsioni</strong></span> <span class='ocrx_word' id='word_1_392' title='bbox 2619 1416 2878 1487; x_wconf 75' lang='lat' dir='ltr'><strong>pecunite</strong></span> <span class='ocrx_word' id='word_1_393' title='bbox 2938 1416 3162 1470; x_wconf 68' lang='lat' dir='ltr'><strong>haerens</strong></span> <span class='ocrx_word' id='word_1_394' title='bbox 3215 1415 3550 1485; x_wconf 78' lang='lat' dir='ltr'><strong>episcopum</strong></span> <span class='ocrx_word' id='word_1_395' title='bbox 3606 1424 3671 1470; x_wconf 89' lang='lat' dir='ltr'><strong>et</strong></span> <span class='ocrx_word' id='word_1_396' title='bbox 3703 1431 3835 1472; x_wconf 88' lang='lat' dir='ltr'><strong>suos</strong></span> 
     </span>
    </p>
   </div>
   <div class='ocr_carea' id='block_1_67' title="bbox 2112 1505 3828 1575">
    <p class='ocr_par' dir='ltr' id='par_1_67' title="bbox 2112 1505 3828 1575">
     <span class='ocr_line' id='line_1_67' title="bbox 2112 1505 3828 1575; baseline -0.002 -12"><span class='ocrx_word' id='word_1_397' title='bbox 2112 1523 2225 1563; x_wconf 93' lang='lat' dir='ltr'><strong>non</strong></span> <span class='ocrx_word' id='word_1_398' title='bbox 2270 1508 2512 1563; x_wconf 88' lang='lat' dir='ltr'><strong>audivit.</strong></span> <span class='ocrx_word' id='word_1_399' title='bbox 2551 1507 2863 1575; x_wconf 88' lang='lat' dir='ltr'><strong>Episcopus</strong></span> <span class='ocrx_word' id='word_1_400' title='bbox 2903 1518 3060 1567; x_wconf 87' lang='lat' dir='ltr'><strong>vero,</strong></span> <span class='ocrx_word' id='word_1_401' title='bbox 3104 1509 3168 1559; x_wconf 89' lang='lat' dir='ltr'><strong>ut</strong></span> <span class='ocrx_word' id='word_1_402' title='bbox 3212 1510 3337 1559; x_wconf 89' lang='lat' dir='ltr'><strong>erat</strong></span> <span class='ocrx_word' id='word_1_403' title='bbox 3380 1505 3828 1574; x_wconf 84' lang='lat' dir='ltr'><strong>magnanimus,</strong></span> 
     </span>
    </p>
   </div>
   <div class='ocr_carea' id='block_1_68' title="bbox 2111 1591 3831 1664">
    <p class='ocr_par' dir='ltr' id='par_1_68' title="bbox 2111 1591 3831 1664">
     <span class='ocr_line' id='line_1_68' title="bbox 2111 1591 3831 1664; baseline -0.003 -15"><span class='ocrx_word' id='word_1_404' title='bbox 2111 1596 2313 1651; x_wconf 86' lang='lat' dir='ltr'><strong>videns</strong></span> <span class='ocrx_word' id='word_1_405' title='bbox 2343 1609 2399 1651; x_wconf 89' lang='lat' dir='ltr'><strong>se</strong></span> <span class='ocrx_word' id='word_1_406' title='bbox 2434 1595 2587 1664; x_wconf 88' lang='lat' dir='ltr'><strong>apud</strong></span> <span class='ocrx_word' id='word_1_407' title='bbox 2635 1607 2826 1664; x_wconf 88' lang='lat' dir='ltr'><strong>regem</strong></span> <span class='ocrx_word' id='word_1_408' title='bbox 2881 1607 3027 1661; x_wconf 67' lang='lat' dir='ltr'><strong>saape</strong></span> <span class='ocrx_word' id='word_1_409' title='bbox 3077 1591 3422 1661; x_wconf 90' lang='lat' dir='ltr'><strong>requisitum</strong></span> <span class='ocrx_word' id='word_1_410' title='bbox 3474 1606 3598 1645; x_wconf 89' lang='lat' dir='ltr'><strong>non</strong></span> <span class='ocrx_word' id='word_1_411' title='bbox 3652 1592 3831 1661; x_wconf 80' lang='lat' dir='ltr'><strong>proti-</strong></span> 
     </span>
    </p>
   </div>
   <div class='ocr_carea' id='block_1_69' title="bbox 2111 1679 3833 1753">
    <p class='ocr_par' dir='ltr' id='par_1_69' title="bbox 2111 1679 3833 1753">
     <span class='ocr_line' id='line_1_69' title="bbox 2111 1679 3833 1753; baseline -0.004 -14"><span class='ocrx_word' id='word_1_412' title='bbox 2111 1698 2258 1751; x_wconf 89' lang='lat' dir='ltr'><strong>cere,</strong></span> <span class='ocrx_word' id='word_1_413' title='bbox 2305 1685 2597 1753; x_wconf 87' lang='lat' dir='ltr'><strong>proprium</strong></span> <span class='ocrx_word' id='word_1_414' title='bbox 2647 1695 2831 1751; x_wconf 90' lang='lat' dir='ltr'><strong>genus</strong></span> <span class='ocrx_word' id='word_1_415' title='bbox 2878 1694 3050 1735; x_wconf 92' lang='lat' dir='ltr'><strong>suum</strong></span> <span class='ocrx_word' id='word_1_416' title='bbox 3099 1679 3446 1743; x_wconf 89' lang='lat' dir='ltr'><strong>sollicitavit,</strong></span> <span class='ocrx_word' id='word_1_417' title='bbox 3489 1687 3560 1734; x_wconf 89' lang='lat' dir='ltr'><strong>ut</strong></span> <span class='ocrx_word' id='word_1_418' title='bbox 3602 1693 3715 1748; x_wconf 89' lang='lat' dir='ltr'><strong>per</strong></span> <span class='ocrx_word' id='word_1_419' title='bbox 3742 1693 3833 1734; x_wconf 85' lang='lat' dir='ltr'><strong>eos</strong></span> 
     </span>
    </p>
   </div>
   <div class='ocr_carea' id='block_1_70' title="bbox 2111 1766 3828 1839">
    <p class='ocr_par' dir='ltr' id='par_1_70' title="bbox 2111 1766 3828 1839">
     <span class='ocr_line' id='line_1_70' title="bbox 2111 1766 3828 1839; baseline -0.004 -14"><span class='ocrx_word' id='word_1_420' title='bbox 2111 1771 2179 1826; x_wconf 92' lang='lat' dir='ltr'><strong>de</strong></span> <span class='ocrx_word' id='word_1_421' title='bbox 2208 1770 2388 1826; x_wconf 90' lang='lat' dir='ltr'><strong>servis</strong></span> <span class='ocrx_word' id='word_1_422' title='bbox 2425 1770 2530 1825; x_wconf 87' lang='lat' dir='ltr'><strong>sibi</strong></span> <span class='ocrx_word' id='word_1_423' title='bbox 2580 1769 2823 1839; x_wconf 88' lang='lat' dir='ltr'><strong>ingratis</strong></span> <span class='ocrx_word' id='word_1_424' title='bbox 2868 1776 2924 1823; x_wconf 89' lang='lat' dir='ltr'><strong>et</strong></span> <span class='ocrx_word' id='word_1_425' title='bbox 2965 1767 3245 1823; x_wconf 88' lang='lat' dir='ltr'><strong>rebellare</strong></span> <span class='ocrx_word' id='word_1_426' title='bbox 3289 1766 3630 1822; x_wconf 90' lang='lat' dir='ltr'><strong>volentibus</strong></span> <span class='ocrx_word' id='word_1_427' title='bbox 3683 1767 3828 1822; x_wconf 87' lang='lat' dir='ltr'><strong>ulci-</strong></span> 
     </span>
    </p>
   </div>
   <div class='ocr_carea' id='block_1_71' title="bbox 2110 1855 3828 1926">
    <p class='ocr_par' dir='ltr' id='par_1_71' title="bbox 2110 1855 3828 1926">
     <span class='ocr_line' id='line_1_71' title="bbox 2110 1855 3828 1926; baseline -0.003 -12"><span class='ocrx_word' id='word_1_428' title='bbox 2110 1867 2386 1915; x_wconf 87' lang='lat' dir='ltr'><strong>sceretur.</strong></span> <span class='ocrx_word' id='word_1_429' title='bbox 2426 1857 2868 1914; x_wconf 86' lang='lat' dir='ltr'><strong>Conﬂuentibus</strong></span> <span class='ocrx_word' id='word_1_430' title='bbox 2903 1856 3163 1926; x_wconf 89' lang='lat' dir='ltr'><strong>undique</strong></span> <span class='ocrx_word' id='word_1_431' title='bbox 3197 1855 3268 1910; x_wconf 89' lang='lat' dir='ltr'><strong>ad</strong></span> <span class='ocrx_word' id='word_1_432' title='bbox 3298 1870 3433 1910; x_wconf 86' lang='lat' dir='ltr'><strong>eum</strong></span> <span class='ocrx_word' id='word_1_433' title='bbox 3468 1855 3565 1911; x_wconf 91' lang='lat' dir='ltr'><strong>sui</strong></span> <span class='ocrx_word' id='word_1_434' title='bbox 3597 1855 3828 1926; x_wconf 83' lang='lat' dir='ltr'><strong>generis</strong></span> 
     </span>
    </p>
   </div>
   <div class='ocr_carea' id='block_1_72' title="bbox 2111 1943 3827 2018">
    <p class='ocr_par' dir='ltr' id='par_1_72' title="bbox 2111 1943 3827 2018">
     <span class='ocr_line' id='line_1_72' title="bbox 2111 1943 3827 2018; baseline -0.004 -15"><span class='ocrx_word' id='word_1_435' title='bbox 2111 1947 2470 2018; x_wconf 89' lang='lat' dir='ltr'><strong>principibus</strong></span> <span class='ocrx_word' id='word_1_436' title='bbox 2511 1961 2642 2002; x_wconf 91' lang='lat' dir='ltr'><strong>cum</strong></span> <span class='ocrx_word' id='word_1_437' title='bbox 2694 1945 2822 2001; x_wconf 89' lang='lat' dir='ltr'><strong>aliis</strong></span> <span class='ocrx_word' id='word_1_438' title='bbox 2889 1944 3109 2011; x_wconf 88' lang='lat' dir='ltr'><strong>amicis,</strong></span> <span class='ocrx_word' id='word_1_439' title='bbox 3183 1943 3542 2010; x_wconf 85' lang='lat' dir='ltr'><strong>necessariis,</strong></span> <span class='ocrx_word' id='word_1_440' title='bbox 3618 1944 3827 1998; x_wconf 72' lang='lat' dir='ltr'><strong>Iacobo</strong></span> 
     </span>
    </p>
   </div>
   <div class='ocr_carea' id='block_1_73' title="bbox 2109 2031 3726 2100">
    <p class='ocr_par' dir='ltr' id='par_1_73' title="bbox 2109 2031 3726 2100">
     <span class='ocr_line' id='line_1_73' title="bbox 2109 2031 3726 2100; baseline -0.002 -11"><span class='ocrx_word' id='word_1_441' title='bbox 2109 2036 2323 2091; x_wconf 90' lang='lat' dir='ltr'><strong>scilicet</strong></span> <span class='ocrx_word' id='word_1_442' title='bbox 2346 2034 2578 2090; x_wconf 92' lang='lat' dir='ltr'><strong>domino</strong></span> <span class='ocrx_word' id='word_1_443' title='bbox 2609 2034 2678 2089; x_wconf 91' lang='lat' dir='ltr'><strong>de</strong></span> <span class='ocrx_word' id='word_1_444' title='bbox 2705 2031 2980 2100; x_wconf 83' lang='lat' dir='ltr'><strong>Avennis,</strong></span> <span class='ocrx_word' id='word_1_445' title='bbox 3012 2039 3067 2088; x_wconf 91' lang='lat' dir='ltr'><strong>et</strong></span> <span class='ocrx_word' id='word_1_446' title='bbox 3096 2032 3302 2088; x_wconf 90' lang='lat' dir='ltr'><strong>comite</strong></span> <span class='ocrx_word' id='word_1_447' title='bbox 3336 2031 3405 2087; x_wconf 88' lang='lat' dir='ltr'><strong>de</strong></span> <span class='ocrx_word' id='word_1_448' title='bbox 3439 2031 3726 2087; x_wconf 79' lang='lat' dir='ltr'><strong>Rostolio.</strong></span> 
     </span>
    </p>
   </div>
   <div class='ocr_carea' id='block_1_74' title="bbox 2192 2119 3825 2190">
    <p class='ocr_par' dir='ltr' id='par_1_74' title="bbox 2192 2119 3825 2190">
     <span class='ocr_line' id='line_1_74' title="bbox 2192 2119 3825 2190; baseline -0.004 -11"><span class='ocrx_word' id='word_1_449' title='bbox 2192 2145 2212 2172; x_wconf 77' lang='grc' dir='ltr'>ι</span> <span class='ocrx_word' id='word_1_450' title='bbox 2242 2124 2380 2179; x_wconf 92' lang='lat' dir='ltr'><strong>Pars</strong></span> <span class='ocrx_word' id='word_1_451' title='bbox 2417 2131 2609 2179; x_wconf 89' lang='lat' dir='ltr'><strong>autem</strong></span> <span class='ocrx_word' id='word_1_452' title='bbox 2655 2123 2899 2177; x_wconf 89' lang='lat' dir='ltr'><strong>adversa</strong></span> <span class='ocrx_word' id='word_1_453' title='bbox 2945 2135 3060 2176; x_wconf 91' lang='lat' dir='ltr'><strong>non</strong></span> <span class='ocrx_word' id='word_1_454' title='bbox 3093 2120 3316 2190; x_wconf 88' lang='lat' dir='ltr'><strong>ignara,</strong></span> <span class='ocrx_word' id='word_1_455' title='bbox 3366 2133 3571 2174; x_wconf 87' lang='lat' dir='ltr'><strong>eorum</strong></span> <span class='ocrx_word' id='word_1_456' title='bbox 3609 2119 3825 2174; x_wconf 88' lang='lat' dir='ltr'><strong>adven-</strong></span> 
     </span>
    </p>
   </div>
   <div class='ocr_carea' id='block_1_75' title="bbox 2109 2207 3819 2280">
    <p class='ocr_par' dir='ltr' id='par_1_75' title="bbox 2109 2207 3819 2280">
     <span class='ocr_line' id='line_1_75' title="bbox 2109 2207 3819 2280; baseline -0.004 -12"><span class='ocrx_word' id='word_1_457' title='bbox 2109 2218 2232 2268; x_wconf 91' lang='lat' dir='ltr'><strong>tum</strong></span> <span class='ocrx_word' id='word_1_458' title='bbox 2273 2226 2404 2268; x_wconf 90' lang='lat' dir='ltr'><strong>cum</strong></span> <span class='ocrx_word' id='word_1_459' title='bbox 2459 2211 2579 2267; x_wconf 88' lang='lat' dir='ltr'><strong>suis</strong></span> <span class='ocrx_word' id='word_1_460' title='bbox 2630 2209 2994 2280; x_wconf 78' lang='lat' dir='ltr'><strong>adiutoribus</strong></span> <span class='ocrx_word' id='word_1_461' title='bbox 3055 2207 3504 2278; x_wconf 61' lang='lat' dir='ltr'><strong>praestolabatur</strong></span> <span class='ocrx_word' id='word_1_462' title='bbox 3570 2217 3819 2262; x_wconf 87' lang='lat' dir='ltr'><strong>armata.</strong></span> 
     </span>
    </p>
   </div>
   <div class='ocr_carea' id='block_1_76' title="bbox 2109 2296 3822 2366">
    <p class='ocr_par' dir='ltr' id='par_1_76' title="bbox 2109 2296 3822 2366">
     <span class='ocr_line' id='line_1_76' title="bbox 2109 2296 3822 2366; baseline -0.004 -10"><span class='ocrx_word' id='word_1_463' title='bbox 2109 2300 2400 2357; x_wconf 89' lang='lat' dir='ltr'><strong>Venerant</strong></span> <span class='ocrx_word' id='word_1_464' title='bbox 2437 2299 2602 2355; x_wconf 91' lang='lat' dir='ltr'><strong>eisin</strong></span> <span class='ocrx_word' id='word_1_465' title='bbox 2634 2297 2941 2365; x_wconf 81' lang='lat' dir='ltr'><strong>auxilium,</strong></span> <span class='ocrx_word' id='word_1_466' title='bbox 2985 2311 3058 2352; x_wconf 85' lang='lat' dir='ltr'><strong>ex</strong></span> <span class='ocrx_word' id='word_1_467' title='bbox 3108 2296 3234 2351; x_wconf 89' lang='lat' dir='ltr'><strong>aliis</strong></span> <span class='ocrx_word' id='word_1_468' title='bbox 3274 2296 3658 2363; x_wconf 89' lang='lat' dir='ltr'><strong>communiis,</strong></span> <span class='ocrx_word' id='word_1_469' title='bbox 3692 2297 3822 2366; x_wconf 86' lang='lat' dir='ltr'><strong>plu-</strong></span> 
     </span>
    </p>
   </div>
   <div class='ocr_carea' id='block_1_77' title="bbox 2110 2384 3823 2455">
    <p class='ocr_par' dir='ltr' id='par_1_77' title="bbox 2110 2384 3823 2455">
     <span class='ocr_line' id='line_1_77' title="bbox 2110 2384 3823 2455; baseline -0.004 -11"><span class='ocrx_word' id='word_1_470' title='bbox 2110 2388 2261 2455; x_wconf 90' lang='lat' dir='ltr'><strong>rimi,</strong></span> <span class='ocrx_word' id='word_1_471' title='bbox 2293 2387 2544 2444; x_wconf 89' lang='lat' dir='ltr'><strong>Galfrido</strong></span> <span class='ocrx_word' id='word_1_472' title='bbox 2590 2384 3019 2452; x_wconf 88' lang='lat' dir='ltr'><strong>Silvanectensi,</strong></span> <span class='ocrx_word' id='word_1_473' title='bbox 3063 2392 3205 2440; x_wconf 88' lang='lat' dir='ltr'><strong>tunc</strong></span> <span class='ocrx_word' id='word_1_474' title='bbox 3252 2384 3637 2439; x_wconf 89' lang='lat' dir='ltr'><strong>Lauduneusi</strong></span> <span class='ocrx_word' id='word_1_475' title='bbox 3676 2398 3823 2453; x_wconf 65' lang='lat' dir='ltr'><strong>prie-</strong></span> 
     </span>
    </p>
   </div>
   <div class='ocr_carea' id='block_1_78' title="bbox 2109 2472 3823 2546">
    <p class='ocr_par' dir='ltr' id='par_1_78' title="bbox 2109 2472 3823 2546">
     <span class='ocr_line' id='line_1_78' title="bbox 2109 2472 3823 2546; baseline -0.002 -14"><span class='ocrx_word' id='word_1_476' title='bbox 2109 2477 2309 2546; x_wconf 89' lang='lat' dir='ltr'><strong>posito,</strong></span> <span class='ocrx_word' id='word_1_477' title='bbox 2353 2481 2718 2546; x_wconf 89' lang='lat' dir='ltr'><strong>procurante.</strong></span> <span class='ocrx_word' id='word_1_478' title='bbox 2763 2473 2868 2529; x_wconf 90' lang='lat' dir='ltr'><strong>Sed</strong></span> <span class='ocrx_word' id='word_1_479' title='bbox 2897 2487 2970 2529; x_wconf 86' lang='lat' dir='ltr'><strong>ex</strong></span> <span class='ocrx_word' id='word_1_480' title='bbox 3020 2473 3171 2542; x_wconf 90' lang='lat' dir='ltr'><strong>regis</strong></span> <span class='ocrx_word' id='word_1_481' title='bbox 3222 2480 3512 2542; x_wconf 71' lang='lat' dir='ltr'><strong>praecepto</strong></span> <span class='ocrx_word' id='word_1_482' title='bbox 3557 2472 3823 2528; x_wconf 86' lang='lat' dir='ltr'><strong>homines</strong></span> 
     </span>
    </p>
   </div>
   <div class='ocr_carea' id='block_1_79' title="bbox 2109 2561 3818 2621">
    <p class='ocr_par' dir='ltr' id='par_1_79' title="bbox 2109 2561 3818 2621">
     <span class='ocr_line' id='line_1_79' title="bbox 2109 2561 3818 2621; baseline -0.004 0"><span class='ocrx_word' id='word_1_483' title='bbox 2109 2565 2296 2621; x_wconf 90' lang='lat' dir='ltr'><strong>Sancti</strong></span> <span class='ocrx_word' id='word_1_484' title='bbox 2356 2564 2609 2620; x_wconf 86' lang='lat' dir='ltr'><strong>Medardi</strong></span> <span class='ocrx_word' id='word_1_485' title='bbox 2657 2561 3080 2618; x_wconf 90' lang='lat' dir='ltr'><strong>Suessionensis</strong></span> <span class='ocrx_word' id='word_1_486' title='bbox 3146 2561 3217 2616; x_wconf 92' lang='lat' dir='ltr'><strong>ad</strong></span> <span class='ocrx_word' id='word_1_487' title='bbox 3267 2574 3469 2616; x_wconf 91' lang='lat' dir='ltr'><strong>eorum</strong></span> <span class='ocrx_word' id='word_1_488' title='bbox 3523 2561 3818 2616; x_wconf 88' lang='lat' dir='ltr'><strong>auxilium</strong></span> 
     </span>
    </p>
   </div>
   <div class='ocr_carea' id='block_1_80' title="bbox 2107 2648 3820 2718">
    <p class='ocr_par' dir='ltr' id='par_1_80' title="bbox 2107 2648 3820 2718">
     <span class='ocr_line' id='line_1_80' title="bbox 2107 2648 3820 2718; baseline -0.004 -10"><span class='ocrx_word' id='word_1_489' title='bbox 2107 2652 2536 2708; x_wconf 84' lang='lat' dir='ltr'><strong>conﬂuxerunt.</strong></span> <span class='ocrx_word' id='word_1_490' title='bbox 2568 2649 2910 2708; x_wconf 87' lang='lat' dir='ltr'><strong>Communia</strong></span> <span class='ocrx_word' id='word_1_491' title='bbox 2939 2649 3008 2705; x_wconf 91' lang='lat' dir='ltr'><strong>de</strong></span> <span class='ocrx_word' id='word_1_492' title='bbox 3051 2648 3333 2718; x_wconf 90' lang='lat' dir='ltr'><strong>Crespeio,</strong></span> <span class='ocrx_word' id='word_1_493' title='bbox 3364 2649 3716 2704; x_wconf 86' lang='lat' dir='ltr'><strong>communia</strong></span> <span class='ocrx_word' id='word_1_494' title='bbox 3759 2649 3820 2703; x_wconf 85' lang='lat' dir='ltr'><strong>de</strong></span> 
     </span>
    </p>
   </div>
   <div class='ocr_carea' id='block_1_81' title="bbox 2108 2736 3819 2806">
    <p class='ocr_par' dir='ltr' id='par_1_81' title="bbox 2108 2736 3819 2806">
     <span class='ocr_line' id='line_1_81' title="bbox 2108 2736 3819 2806; baseline -0.002 -11"><span class='ocrx_word' id='word_1_495' title='bbox 2108 2741 2250 2796; x_wconf 87' lang='lat' dir='ltr'><strong>Velli</strong></span> <span class='ocrx_word' id='word_1_496' title='bbox 2297 2742 2355 2795; x_wconf 93' lang='lat' dir='ltr'><strong>in</strong></span> <span class='ocrx_word' id='word_1_497' title='bbox 2409 2755 2608 2796; x_wconf 90' lang='lat' dir='ltr'><strong>eorum</strong></span> <span class='ocrx_word' id='word_1_498' title='bbox 2668 2738 2958 2794; x_wconf 82' lang='lat' dir='ltr'><strong>auxilium</strong></span> <span class='ocrx_word' id='word_1_499' title='bbox 3032 2744 3447 2793; x_wconf 88' lang='lat' dir='ltr'><strong>convenerunt.</strong></span> <span class='ocrx_word' id='word_1_500' title='bbox 3502 2736 3819 2806; x_wconf 82' lang='lat' dir='ltr'><strong>Apparatis</strong></span> 
     </span>
    </p>
   </div>
   <div class='ocr_carea' id='block_1_82' title="bbox 2108 2822 3816 2899">
    <p class='ocr_par' dir='ltr' id='par_1_82' title="bbox 2108 2822 3816 2899">
     <span class='ocr_line' id='line_1_82' title="bbox 2108 2822 3816 2899; baseline -0.005 -14"><span class='ocrx_word' id='word_1_501' title='bbox 2108 2829 2303 2899; x_wconf 88' lang='lat' dir='ltr'><strong>itaque</strong></span> <span class='ocrx_word' id='word_1_502' title='bbox 2335 2828 2471 2884; x_wconf 90' lang='lat' dir='ltr'><strong>hinc</strong></span> <span class='ocrx_word' id='word_1_503' title='bbox 2499 2828 2629 2883; x_wconf 90' lang='lat' dir='ltr'><strong>inde</strong></span> <span class='ocrx_word' id='word_1_504' title='bbox 2663 2826 2840 2896; x_wconf 90' lang='lat' dir='ltr'><strong>copiis</strong></span> <span class='ocrx_word' id='word_1_505' title='bbox 2884 2832 3261 2891; x_wconf 89' lang='lat' dir='ltr'><strong>armatorum,</strong></span> <span class='ocrx_word' id='word_1_506' title='bbox 3299 2831 3415 2879; x_wconf 91' lang='lat' dir='ltr'><strong>tota</strong></span> <span class='ocrx_word' id='word_1_507' title='bbox 3441 2822 3542 2878; x_wconf 90' lang='lat' dir='ltr'><strong>illa</strong></span> <span class='ocrx_word' id='word_1_508' title='bbox 3573 2823 3816 2880; x_wconf 83' lang='lat' dir='ltr'><strong>rustica-</strong></span> 
     </span>
    </p>
   </div>
   <div class='ocr_carea' id='block_1_83' title="bbox 2106 2912 3817 2983">
    <p class='ocr_par' dir='ltr' id='par_1_83' title="bbox 2106 2912 3817 2983">
     <span class='ocr_line' id='line_1_83' title="bbox 2106 2912 3817 2983; baseline -0.004 -10"><span class='ocrx_word' id='word_1_509' title='bbox 2106 2932 2182 2973; x_wconf 87' lang='lat' dir='ltr'><strong>na</strong></span> <span class='ocrx_word' id='word_1_510' title='bbox 2205 2917 2536 2983; x_wconf 88' lang='lat' dir='ltr'><strong>multitudo,</strong></span> <span class='ocrx_word' id='word_1_511' title='bbox 2564 2916 2682 2972; x_wconf 93' lang='lat' dir='ltr'><strong>solo</strong></span> <span class='ocrx_word' id='word_1_512' title='bbox 2722 2915 2953 2970; x_wconf 89' lang='lat' dir='ltr'><strong>nomine</strong></span> <span class='ocrx_word' id='word_1_513' title='bbox 2993 2914 3242 2970; x_wconf 89' lang='lat' dir='ltr'><strong>militum</strong></span> <span class='ocrx_word' id='word_1_514' title='bbox 3282 2912 3382 2982; x_wconf 90' lang='lat' dir='ltr'><strong>qui</strong></span> <span class='ocrx_word' id='word_1_515' title='bbox 3417 2921 3817 2968; x_wconf 83' lang='lat' dir='ltr'><strong>convenerant</strong></span> 
     </span>
    </p>
   </div>
   <div class='ocr_carea' id='block_1_84' title="bbox 2111 3000 3817 3076">
    <p class='ocr_par' dir='ltr' id='par_1_84' title="bbox 2111 3000 3817 3076">
     <span class='ocr_line' id='line_1_84' title="bbox 2111 3000 3817 3076; baseline -0.005 -14"><span class='ocrx_word' id='word_1_516' title='bbox 2111 3007 2324 3074; x_wconf 88' lang='lat' dir='ltr'><strong>territa,</strong></span> <span class='ocrx_word' id='word_1_517' title='bbox 2361 3005 2558 3076; x_wconf 91' lang='lat' dir='ltr'><strong>fugam</strong></span> <span class='ocrx_word' id='word_1_518' title='bbox 2582 3003 2892 3060; x_wconf 91' lang='lat' dir='ltr'><strong>consuluit.</strong></span> <span class='ocrx_word' id='word_1_519' title='bbox 2928 3002 3085 3059; x_wconf 66' lang='lat' dir='ltr'><strong>Caesa</strong></span> <span class='ocrx_word' id='word_1_520' title='bbox 3114 3001 3221 3058; x_wconf 94' lang='lat' dir='ltr'><strong>fuit</strong></span> <span class='ocrx_word' id='word_1_521' title='bbox 3250 3001 3325 3056; x_wconf 90' lang='lat' dir='ltr'><strong>ibi</strong></span> <span class='ocrx_word' id='word_1_522' title='bbox 3361 3000 3691 3056; x_wconf 88' lang='lat' dir='ltr'><strong>multitudo</strong></span> <span class='ocrx_word' id='word_1_523' title='bbox 3715 3015 3817 3056; x_wconf 89' lang='lat' dir='ltr'><strong>non</strong></span> 
     </span>
    </p>
   </div>
   <div class='ocr_carea' id='block_1_85' title="bbox 2111 3088 3821 3162">
    <p class='ocr_par' dir='ltr' id='par_1_85' title="bbox 2111 3088 3821 3162">
     <span class='ocr_line' id='line_1_85' title="bbox 2111 3088 3821 3162; baseline -0.005 -12"><span class='ocrx_word' id='word_1_524' title='bbox 2111 3095 2354 3159; x_wconf 89' lang='lat' dir='ltr'><strong>modica,</strong></span> <span class='ocrx_word' id='word_1_525' title='bbox 2387 3093 2485 3149; x_wconf 90' lang='lat' dir='ltr'><strong>sed</strong></span> <span class='ocrx_word' id='word_1_526' title='bbox 2512 3106 2710 3148; x_wconf 90' lang='lat' dir='ltr'><strong>eorum</strong></span> <span class='ocrx_word' id='word_1_527' title='bbox 2760 3091 2862 3162; x_wconf 92' lang='lat' dir='ltr'><strong>qui</strong></span> <span class='ocrx_word' id='word_1_528' title='bbox 2904 3090 2965 3145; x_wconf 92' lang='lat' dir='ltr'><strong>in</strong></span> <span class='ocrx_word' id='word_1_529' title='bbox 3005 3090 3176 3161; x_wconf 90' lang='lat' dir='ltr'><strong>aquis</strong></span> <span class='ocrx_word' id='word_1_530' title='bbox 3219 3088 3518 3160; x_wconf 88' lang='lat' dir='ltr'><strong>perierunt</strong></span> <span class='ocrx_word' id='word_1_531' title='bbox 3563 3089 3821 3144; x_wconf 83' lang='lat' dir='ltr'><strong>incertus</strong></span> 
     </span>
    </p>
   </div>
   <div class='ocr_carea' id='block_1_86' title="bbox 2109 3197 2405 3239">
    <p class='ocr_par' dir='ltr' id='par_1_86' title="bbox 2109 3197 2405 3239">
     <span class='ocr_line' id='line_1_86' title="bbox 2109 3197 2405 3239; baseline -0.01 0"><span class='ocrx_word' id='word_1_532' title='bbox 2109 3197 2405 3239; x_wconf 90' lang='lat' dir='ltr'><strong>numerus.</strong></span> 
     </span>
    </p>
   </div>
   <div class='ocr_carea' id='block_1_87' title="bbox 2185 3263 3819 3335">
    <p class='ocr_par' dir='ltr' id='par_1_87' title="bbox 2185 3263 3819 3335">
     <span class='ocr_line' id='line_1_87' title="bbox 2185 3263 3819 3335; baseline -0.006 -8"><span class='ocrx_word' id='word_1_533' title='bbox 2185 3295 2205 3320; x_wconf 76' lang='grc' dir='ltr'>ι</span> <span class='ocrx_word' id='word_1_534' title='bbox 2244 3272 2376 3326; x_wconf 72' lang='lat' dir='ltr'><strong>Haec</strong></span> <span class='ocrx_word' id='word_1_535' title='bbox 2404 3278 2607 3326; x_wconf 91' lang='lat' dir='ltr'><strong>autum</strong></span> <span class='ocrx_word' id='word_1_536' title='bbox 2659 3276 2786 3325; x_wconf 89' lang='lat' dir='ltr'><strong>acta</strong></span> <span class='ocrx_word' id='word_1_537' title='bbox 2833 3274 2970 3324; x_wconf 92' lang='lat' dir='ltr'><strong>sunt</strong></span> <span class='ocrx_word' id='word_1_538' title='bbox 3003 3266 3256 3322; x_wconf 89' lang='lat' dir='ltr'><strong>secunda</strong></span> <span class='ocrx_word' id='word_1_539' title='bbox 3297 3263 3437 3321; x_wconf 84' lang='lat' dir='ltr'><strong>feria</strong></span> <span class='ocrx_word' id='word_1_540' title='bbox 3489 3273 3622 3335; x_wconf 87' lang='lat' dir='ltr'><strong>post</strong></span> <span class='ocrx_word' id='word_1_541' title='bbox 3664 3267 3819 3320; x_wconf 74' lang='lat' dir='ltr'><strong>Inco-</strong></span> 
     </span>
    </p>
   </div>
   <div class='ocr_carea' id='block_1_88' title="bbox 2107 3353 3820 3415">
    <p class='ocr_par' dir='ltr' id='par_1_88' title="bbox 2107 3353 3820 3415">
     <span class='ocr_line' id='line_1_88' title="bbox 2107 3353 3820 3415; baseline -0.004 -1"><span class='ocrx_word' id='word_1_542' title='bbox 2107 3363 2251 3414; x_wconf 81' lang='lat' dir='ltr'><strong>cavit</strong></span> <span class='ocrx_word' id='word_1_543' title='bbox 2282 3376 2368 3414; x_wconf 87' lang='lat' dir='ltr'><strong>me</strong></span> <span class='ocrx_word' id='word_1_544' title='bbox 2413 3359 2485 3415; x_wconf 90' lang='lat' dir='ltr'><strong>ad</strong></span> <span class='ocrx_word' id='word_1_545' title='bbox 2515 3358 2908 3414; x_wconf 90' lang='lat' dir='ltr'><strong>molendinum</strong></span> <span class='ocrx_word' id='word_1_546' title='bbox 2956 3354 3147 3411; x_wconf 89' lang='lat' dir='ltr'><strong>Sancti</strong></span> <span class='ocrx_word' id='word_1_547' title='bbox 3188 3354 3418 3410; x_wconf 81' lang='lat' dir='ltr'><strong>Martini</strong></span> <span class='ocrx_word' id='word_1_548' title='bbox 3455 3353 3820 3409; x_wconf 89' lang='lat' dir='ltr'><strong>Laudunen-</strong></span> 
     </span>
    </p>
   </div>
   <div class='ocr_carea' id='block_1_89' title="bbox 2107 3441 3818 3518">
    <p class='ocr_par' dir='ltr' id='par_1_89' title="bbox 2107 3441 3818 3518">
     <span class='ocr_line' id='line_1_89' title="bbox 2107 3441 3818 3518; baseline -0.005 -13"><span class='ocrx_word' id='word_1_549' title='bbox 2107 3449 2204 3518; x_wconf 92' lang='lat' dir='ltr'><strong>sis,</strong></span> <span class='ocrx_word' id='word_1_550' title='bbox 2251 3449 2345 3505; x_wconf 92' lang='lat' dir='ltr'><strong>cui</strong></span> <span class='ocrx_word' id='word_1_551' title='bbox 2378 3463 2586 3504; x_wconf 90' lang='lat' dir='ltr'><strong>nomen</strong></span> <span class='ocrx_word' id='word_1_552' title='bbox 2615 3455 2698 3503; x_wconf 89' lang='lat' dir='ltr'><strong>est</strong></span> <span class='ocrx_word' id='word_1_553' title='bbox 2745 3449 3070 3515; x_wconf 86' lang='lat' dir='ltr'><strong>Comporte,</strong></span> <span class='ocrx_word' id='word_1_554' title='bbox 3128 3457 3301 3514; x_wconf 90' lang='lat' dir='ltr'><strong>quem</strong></span> <span class='ocrx_word' id='word_1_555' title='bbox 3357 3442 3550 3498; x_wconf 89' lang='lat' dir='ltr'><strong>locum</strong></span> <span class='ocrx_word' id='word_1_556' title='bbox 3583 3441 3818 3498; x_wconf 80' lang='lat' dir='ltr'><strong>fuerant</strong></span> 
     </span>
    </p>
   </div>
   <div class='ocr_carea' id='block_1_90' title="bbox 2106 3530 3816 3608">
    <p class='ocr_par' dir='ltr' id='par_1_90' title="bbox 2106 3530 3816 3608">
     <span class='ocr_line' id='line_1_90' title="bbox 2106 3530 3816 3608; baseline -0.006 -14"><span class='ocrx_word' id='word_1_557' title='bbox 2106 3536 2435 3608; x_wconf 66' lang='lat' dir='ltr'><strong>depraedati.</strong></span> <span class='ocrx_word' id='word_1_558' title='bbox 2478 3535 2748 3606; x_wconf 91' lang='lat' dir='ltr'><strong>Sequenti</strong></span> <span class='ocrx_word' id='word_1_559' title='bbox 2777 3548 2915 3590; x_wconf 88' lang='lat' dir='ltr'><strong>vero</strong></span> <span class='ocrx_word' id='word_1_560' title='bbox 2964 3539 3157 3589; x_wconf 69' lang='lat' dir='ltr'><strong>aestate</strong></span> <span class='ocrx_word' id='word_1_561' title='bbox 3204 3531 3458 3602; x_wconf 87' lang='lat' dir='ltr'><strong>ejusdem</strong></span> <span class='ocrx_word' id='word_1_562' title='bbox 3509 3530 3681 3596; x_wconf 89' lang='lat' dir='ltr'><strong>anni,</strong></span> <span class='ocrx_word' id='word_1_563' title='bbox 3720 3544 3816 3586; x_wconf 73' lang='lat' dir='ltr'><strong>rex</strong></span> 
     </span>
    </p>
   </div>
   <div class='ocr_carea' id='block_1_91' title="bbox 2107 3618 3815 3692">
    <p class='ocr_par' dir='ltr' id='par_1_91' title="bbox 2107 3618 3815 3692">
     <span class='ocr_line' id='line_1_91' title="bbox 2107 3618 3815 3692; baseline -0.004 -14"><span class='ocrx_word' id='word_1_564' title='bbox 2107 3625 2434 3682; x_wconf 88' lang='lat' dir='ltr'><strong>Ludovicus</strong></span> <span class='ocrx_word' id='word_1_565' title='bbox 2463 3625 2652 3680; x_wconf 91' lang='lat' dir='ltr'><strong>ultum</strong></span> <span class='ocrx_word' id='word_1_566' title='bbox 2687 3623 2767 3677; x_wconf 89' lang='lat' dir='ltr'><strong>ire</strong></span> <span class='ocrx_word' id='word_1_567' title='bbox 2799 3629 2962 3692; x_wconf 90' lang='lat' dir='ltr'><strong>parat</strong></span> <span class='ocrx_word' id='word_1_568' title='bbox 3001 3629 3251 3691; x_wconf 87' lang='lat' dir='ltr'><strong>stragem</strong></span> <span class='ocrx_word' id='word_1_569' title='bbox 3293 3618 3524 3674; x_wconf 89' lang='lat' dir='ltr'><strong>illorum</strong></span> <span class='ocrx_word' id='word_1_570' title='bbox 3557 3618 3631 3674; x_wconf 91' lang='lat' dir='ltr'><strong>de</strong></span> <span class='ocrx_word' id='word_1_571' title='bbox 3667 3618 3815 3673; x_wconf 83' lang='lat' dir='ltr'><strong>Lau-</strong></span> 
     </span>
    </p>
   </div>
   <div class='ocr_carea' id='block_1_92' title="bbox 2106 3705 3814 3779">
    <p class='ocr_par' dir='ltr' id='par_1_92' title="bbox 2106 3705 3814 3779">
     <span class='ocr_line' id='line_1_92' title="bbox 2106 3705 3814 3779; baseline -0.005 -10"><span class='ocrx_word' id='word_1_572' title='bbox 2106 3713 2366 3778; x_wconf 89' lang='lat' dir='ltr'><strong>dunesio,</strong></span> <span class='ocrx_word' id='word_1_573' title='bbox 2418 3713 2476 3767; x_wconf 91' lang='lat' dir='ltr'><strong>in</strong></span> <span class='ocrx_word' id='word_1_574' title='bbox 2520 3711 2754 3767; x_wconf 82' lang='lat' dir='ltr'><strong>fratrem</strong></span> <span class='ocrx_word' id='word_1_575' title='bbox 2805 3709 3054 3779; x_wconf 89' lang='lat' dir='ltr'><strong>episcopi</strong></span> <span class='ocrx_word' id='word_1_576' title='bbox 3104 3707 3447 3764; x_wconf 82' lang='lat' dir='ltr'><strong>Beinaldum</strong></span> <span class='ocrx_word' id='word_1_577' title='bbox 3506 3705 3814 3761; x_wconf 90' lang='lat' dir='ltr'><strong>dominum</strong></span> 
     </span>
    </p>
   </div>
   <div class='ocr_carea' id='block_1_93' title="bbox 2106 3793 3817 3870">
    <p class='ocr_par' dir='ltr' id='par_1_93' title="bbox 2106 3793 3817 3870">
     <span class='ocr_line' id='line_1_93' title="bbox 2106 3793 3817 3870; baseline -0.005 -14"><span class='ocrx_word' id='word_1_578' title='bbox 2106 3800 2175 3856; x_wconf 91' lang='lat' dir='ltr'><strong>de</strong></span> <span class='ocrx_word' id='word_1_579' title='bbox 2207 3800 2408 3856; x_wconf 84' lang='lat' dir='ltr'><strong>Boseio</strong></span> <span class='ocrx_word' id='word_1_580' title='bbox 2457 3799 2708 3870; x_wconf 86' lang='lat' dir='ltr'><strong>(Rosoy).</strong></span> <span class='ocrx_word' id='word_1_581' title='bbox 2756 3797 3020 3854; x_wconf 89' lang='lat' dir='ltr'><strong>Pervenit</strong></span> <span class='ocrx_word' id='word_1_582' title='bbox 3051 3795 3123 3851; x_wconf 89' lang='lat' dir='ltr'><strong>ad</strong></span> <span class='ocrx_word' id='word_1_583' title='bbox 3167 3801 3421 3850; x_wconf 89' lang='lat' dir='ltr'><strong>castrum</strong></span> <span class='ocrx_word' id='word_1_584' title='bbox 3472 3794 3713 3848; x_wconf 85' lang='lat' dir='ltr'><strong>comitis</strong></span> <span class='ocrx_word' id='word_1_585' title='bbox 3751 3793 3817 3848; x_wconf 89' lang='lat' dir='ltr'><strong>de</strong></span> 
     </span>
    </p>
   </div>
   <div class='ocr_carea' id='block_1_94' title="bbox 2106 3881 3817 3958">
    <p class='ocr_par' dir='ltr' id='par_1_94' title="bbox 2106 3881 3817 3958">
     <span class='ocr_line' id='line_1_94' title="bbox 2106 3881 3817 3958; baseline -0.005 -14"><span class='ocrx_word' id='word_1_586' title='bbox 2106 3889 2303 3944; x_wconf 81' lang='lat' dir='ltr'><strong>Roscio</strong></span> <span class='ocrx_word' id='word_1_587' title='bbox 2354 3889 2580 3958; x_wconf 79' lang='lat' dir='ltr'><strong>(Roucy)</strong></span> <span class='ocrx_word' id='word_1_588' title='bbox 2638 3887 2731 3942; x_wconf 89' lang='lat' dir='ltr'><strong>cui</strong></span> <span class='ocrx_word' id='word_1_589' title='bbox 2781 3899 2989 3941; x_wconf 90' lang='lat' dir='ltr'><strong>nomen</strong></span> <span class='ocrx_word' id='word_1_590' title='bbox 3048 3883 3186 3950; x_wconf 88' lang='lat' dir='ltr'><strong>Nisi,</strong></span> <span class='ocrx_word' id='word_1_591' title='bbox 3242 3882 3363 3948; x_wconf 90' lang='lat' dir='ltr'><strong>ubi,</strong></span> <span class='ocrx_word' id='word_1_592' title='bbox 3423 3881 3629 3936; x_wconf 88' lang='lat' dir='ltr'><strong>amicis</strong></span> <span class='ocrx_word' id='word_1_593' title='bbox 3681 3882 3817 3937; x_wconf 88' lang='lat' dir='ltr'><strong>dicti</strong></span> 
     </span>
    </p>
   </div>
   <div class='ocr_carea' id='block_1_95' title="bbox 2106 3971 3818 4040">
    <p class='ocr_par' dir='ltr' id='par_1_95' title="bbox 2106 3971 3818 4040">
     <span class='ocr_line' id='line_1_95' title="bbox 2106 3971 3818 4040; baseline -0.004 -9"><span class='ocrx_word' id='word_1_594' title='bbox 2106 3977 2321 4032; x_wconf 90' lang='lat' dir='ltr'><strong>domini</strong></span> <span class='ocrx_word' id='word_1_595' title='bbox 2371 3976 2440 4031; x_wconf 89' lang='lat' dir='ltr'><strong>de</strong></span> <span class='ocrx_word' id='word_1_596' title='bbox 2489 3975 2688 4032; x_wconf 87' lang='lat' dir='ltr'><strong>Boseio</strong></span> <span class='ocrx_word' id='word_1_597' title='bbox 2735 3971 3221 4030; x_wconf 89' lang='lat' dir='ltr'><strong>satisfacientihus</strong></span> <span class='ocrx_word' id='word_1_598' title='bbox 3262 3971 3402 4040; x_wconf 86' lang='lat' dir='ltr'><strong>regi,</strong></span> <span class='ocrx_word' id='word_1_599' title='bbox 3449 3983 3552 4038; x_wconf 89' lang='lat' dir='ltr'><strong>pro</strong></span> <span class='ocrx_word' id='word_1_600' title='bbox 3601 3984 3675 4024; x_wconf 84' lang='lat' dir='ltr'><strong>eo</strong></span> <span class='ocrx_word' id='word_1_601' title='bbox 3721 3972 3818 4025; x_wconf 89' lang='lat' dir='ltr'><strong>in-</strong></span> 
     </span>
    </p>
   </div>
   <div class='ocr_carea' id='block_1_96' title="bbox 2104 4062 3818 4131">
    <p class='ocr_par' dir='ltr' id='par_1_96' title="bbox 2104 4062 3818 4131">
     <span class='ocr_line' id='line_1_96' title="bbox 2104 4062 3818 4131; baseline -0.005 -10"><span class='ocrx_word' id='word_1_602' title='bbox 2104 4065 2350 4121; x_wconf 91' lang='lat' dir='ltr'><strong>tervenit</strong></span> <span class='ocrx_word' id='word_1_603' title='bbox 2403 4063 2828 4131; x_wconf 86' lang='lat' dir='ltr'><strong>reconciliatio;</strong></span> <span class='ocrx_word' id='word_1_604' title='bbox 2881 4062 2958 4117; x_wconf 91' lang='lat' dir='ltr'><strong>ita</strong></span> <span class='ocrx_word' id='word_1_605' title='bbox 3006 4067 3198 4116; x_wconf 87' lang='lat' dir='ltr'><strong>tamen</strong></span> <span class='ocrx_word' id='word_1_606' title='bbox 3239 4067 3304 4115; x_wconf 91' lang='lat' dir='ltr'><strong>ut</strong></span> <span class='ocrx_word' id='word_1_607' title='bbox 3341 4065 3597 4114; x_wconf 87' lang='lat' dir='ltr'><strong>castrum</strong></span> <span class='ocrx_word' id='word_1_608' title='bbox 3635 4073 3818 4113; x_wconf 88' lang='lat' dir='ltr'><strong>suum</strong></span> 
     </span>
    </p>
   </div>
   <div class='ocr_carea' id='block_1_97' title="bbox 2103 4146 3818 4222">
    <p class='ocr_par' dir='ltr' id='par_1_97' title="bbox 2103 4146 3818 4222">
     <span class='ocr_line' id='line_1_97' title="bbox 2103 4146 3818 4222; baseline -0.005 -13"><span class='ocrx_word' id='word_1_609' title='bbox 2103 4154 2176 4209; x_wconf 91' lang='lat' dir='ltr'><strong>ab</strong></span> <span class='ocrx_word' id='word_1_610' title='bbox 2197 4167 2262 4209; x_wconf 93' lang='lat' dir='ltr'><strong>eo</strong></span> <span class='ocrx_word' id='word_1_611' title='bbox 2292 4153 2560 4222; x_wconf 90' lang='lat' dir='ltr'><strong>deinceps</strong></span> <span class='ocrx_word' id='word_1_612' title='bbox 2589 4155 3019 4221; x_wconf 87' lang='lat' dir='ltr'><strong>recognosceret</strong></span> <span class='ocrx_word' id='word_1_613' title='bbox 3065 4147 3397 4203; x_wconf 90' lang='lat' dir='ltr'><strong>tenendum.</strong></span> <span class='ocrx_word' id='word_1_614' title='bbox 3445 4146 3818 4202; x_wconf 89' lang='lat' dir='ltr'><strong>Venerabilis</strong></span> 
     </span>
    </p>
   </div>
   <div class='ocr_carea' id='block_1_98' title="bbox 297 4235 3814 4340">
    <p class='ocr_par' dir='ltr' id='par_1_98' title="bbox 297 4235 3814 4340">
     <span class='ocr_line' id='line_1_98' title="bbox 297 4235 3814 4340; baseline -0.013 -4"><span class='ocrx_word' id='word_1_615' title='bbox 297 4235 668 4337; x_wconf 60' lang='lat' dir='ltr'><strong>Venerabili;</strong></span> <span class='ocrx_word' id='word_1_616' title='bbox 687 4276 737 4330; x_wconf 93' lang='lat' dir='ltr'><strong>S.</strong></span> <span class='ocrx_word' id='word_1_617' title='bbox 774 4275 840 4330; x_wconf 81' lang='grc' dir='ltr'><strong>Β.</strong></span> <span class='ocrx_word' id='word_1_618' title='bbox 875 4273 940 4327; x_wconf 90' lang='grc' dir='ltr'><strong>Ε.</strong></span> <span class='ocrx_word' id='word_1_619' title='bbox 979 4235 1212 4340; x_wconf 78' lang='lat' dir='ltr'><strong>legatus</strong></span> <span class='ocrx_word' id='word_1_620' title='bbox 1233 4235 1405 4336; x_wconf 82' lang='lat' dir='ltr'><strong>Ceno,</strong></span> <span class='ocrx_word' id='word_1_621' title='bbox 1461 4235 1856 4322; x_wconf 30' lang='lat' dir='ltr'><strong>Praenestinus,</strong></span> <span class='ocrx_word' id='word_1_622' title='bbox 1883 4263 1996 4334; x_wconf 91' lang='lat' dir='ltr'><strong>epi-</strong></span> <span class='ocrx_word' id='word_1_623' title='bbox 2023 4263 2066 4317; x_wconf 91' lang='lat' dir='ltr'><strong>D</strong></span> <span class='ocrx_word' id='word_1_624' title='bbox 2105 4256 2240 4298; x_wconf 65' lang='lat' dir='ltr'><strong>vero</strong></span> <span class='ocrx_word' id='word_1_625' title='bbox 2287 4241 2587 4340; x_wconf 58' lang='grc' dir='ltr'><strong>ἐρίδοορξιε</strong></span> <span class='ocrx_word' id='word_1_626' title='bbox 2639 4240 2784 4294; x_wconf 67' lang='lat' dir='ltr'><strong>iram</strong></span> <span class='ocrx_word' id='word_1_627' title='bbox 2847 4237 2998 4308; x_wconf 65' lang='lat' dir='ltr'><strong>regis</strong></span> <span class='ocrx_word' id='word_1_628' title='bbox 3022 4236 3347 4340; x_wconf 39' lang='lat' dir='ltr'><strong>.decnnanf</strong></span> <span class='ocrx_word' id='word_1_629' title='bbox 3617 4235 3814 4340; x_wconf 39' lang='lat' dir='ltr'><strong>Giane-</strong></span> 
     </span>
    </p>
   </div>
   <div class='ocr_carea' id='block_1_99' title="bbox 294 4353 1993 4437">
    <p class='ocr_par' dir='ltr' id='par_1_99' title="bbox 294 4353 1993 4437">
     <span class='ocr_line' id='line_1_99' title="bbox 294 4353 1993 4437; baseline -0.011 -14"><span class='ocrx_word' id='word_1_630' title='bbox 294 4381 501 4437; x_wconf 87' lang='lat' dir='ltr'><strong>scopus</strong></span> <span class='ocrx_word' id='word_1_631' title='bbox 531 4365 969 4420; x_wconf 87' lang='lat' dir='ltr'><strong>innumerarum</strong></span> <span class='ocrx_word' id='word_1_632' title='bbox 1010 4360 1274 4430; x_wconf 87' lang='lat' dir='ltr'><strong>pulsatus</strong></span> <span class='ocrx_word' id='word_1_633' title='bbox 1304 4355 1562 4413; x_wconf 89' lang='lat' dir='ltr'><strong>molestia</strong></span> <span class='ocrx_word' id='word_1_634' title='bbox 1602 4353 1993 4423; x_wconf 88' lang='lat' dir='ltr'><strong>querelarum,</strong></span> 
     </span>
    </p>
   </div>
   <div class='ocr_carea' id='block_1_100' title="bbox 293 4440 1994 4521">
    <p class='ocr_par' dir='ltr' id='par_1_100' title="bbox 293 4440 1994 4521">
     <span class='ocr_line' id='line_1_100' title="bbox 293 4440 1994 4521; baseline -0.01 -11"><span class='ocrx_word' id='word_1_635' title='bbox 293 4464 417 4521; x_wconf 72' lang='lat' dir='ltr'><strong>etc,</strong></span> <span class='ocrx_word' id='word_1_636' title='bbox 454 4452 816 4509; x_wconf 88' lang='lat' dir='ltr'><strong>anathemate</strong></span> <span class='ocrx_word' id='word_1_637' title='bbox 859 4448 1109 4519; x_wconf 90' lang='lat' dir='ltr'><strong>generali</strong></span> <span class='ocrx_word' id='word_1_638' title='bbox 1142 4447 1511 4504; x_wconf 85' lang='lat' dir='ltr'><strong>detruncans,</strong></span> <span class='ocrx_word' id='word_1_639' title='bbox 1545 4441 1848 4512; x_wconf 86' lang='lat' dir='ltr'><strong>cingulum</strong></span> <span class='ocrx_word' id='word_1_640' title='bbox 1881 4440 1994 4496; x_wconf 91' lang='lat' dir='ltr'><strong>mi-</strong></span> 
     </span>
    </p>
   </div>
   <div class='ocr_carea' id='block_1_101' title="bbox 296 4527 1994 4601">
    <p class='ocr_par' dir='ltr' id='par_1_101' title="bbox 296 4527 1994 4601">
     <span class='ocr_line' id='line_1_101' title="bbox 296 4527 1994 4601; baseline -0.01 -3"><span class='ocrx_word' id='word_1_641' title='bbox 296 4544 516 4598; x_wconf 89' lang='lat' dir='ltr'><strong>litarem</strong></span> <span class='ocrx_word' id='word_1_642' title='bbox 576 4541 624 4595; x_wconf 93' lang='lat' dir='ltr'><strong>ei</strong></span> <span class='ocrx_word' id='word_1_643' title='bbox 678 4539 806 4594; x_wconf 90' lang='lat' dir='ltr'><strong>licet</strong></span> <span class='ocrx_word' id='word_1_644' title='bbox 861 4535 1083 4592; x_wconf 86' lang='lat' dir='ltr'><strong>absenti</strong></span> <span class='ocrx_word' id='word_1_645' title='bbox 1134 4530 1403 4601; x_wconf 88' lang='lat' dir='ltr'><strong>deciugit,</strong></span> <span class='ocrx_word' id='word_1_646' title='bbox 1456 4529 1528 4584; x_wconf 93' lang='lat' dir='ltr'><strong>ab</strong></span> <span class='ocrx_word' id='word_1_647' title='bbox 1577 4527 1731 4584; x_wconf 91' lang='lat' dir='ltr'><strong>omni</strong></span> <span class='ocrx_word' id='word_1_648' title='bbox 1779 4528 1994 4582; x_wconf 91' lang='lat' dir='ltr'><strong>honore</strong></span> 
     </span>
    </p>
   </div>
   <div class='ocr_carea' id='block_1_102' title="bbox 296 4615 1990 4701">
    <p class='ocr_par' dir='ltr' id='par_1_102' title="bbox 296 4615 1990 4701">
     <span class='ocr_line' id='line_1_102' title="bbox 296 4615 1990 4701; baseline -0.011 -13"><span class='ocrx_word' id='word_1_649' title='bbox 296 4642 574 4701; x_wconf 87' lang='lat' dir='ltr'><strong>tauquam</strong></span> <span class='ocrx_word' id='word_1_650' title='bbox 629 4627 989 4691; x_wconf 90' lang='lat' dir='ltr'><strong>sceleratum,</strong></span> <span class='ocrx_word' id='word_1_651' title='bbox 1035 4621 1400 4686; x_wconf 90' lang='lat' dir='ltr'><strong>infamatum,</strong></span> <span class='ocrx_word' id='word_1_652' title='bbox 1452 4616 1762 4674; x_wconf 91' lang='lat' dir='ltr'><strong>Christiani</strong></span> <span class='ocrx_word' id='word_1_653' title='bbox 1808 4615 1990 4670; x_wconf 90' lang='lat' dir='ltr'><strong>nomi-</strong></span> 
     </span>
    </p>
   </div>
   <div class='ocr_carea' id='block_1_103' title="bbox 295 4705 1993 4780">
    <p class='ocr_par' dir='ltr' id='par_1_103' title="bbox 295 4705 1993 4780">
     <span class='ocr_line' id='line_1_103' title="bbox 295 4705 1993 4780; baseline -0.012 -4"><span class='ocrx_word' id='word_1_654' title='bbox 295 4722 384 4776; x_wconf 91' lang='lat' dir='ltr'><strong>nis</strong></span> <span class='ocrx_word' id='word_1_655' title='bbox 413 4709 1254 4780; x_wconf 86' lang='lat' dir='ltr'><strong>inimicum,omniumjudicio</strong></span> <span class='ocrx_word' id='word_1_656' title='bbox 1285 4706 1538 4777; x_wconf 89' lang='lat' dir='ltr'><strong>deponit,</strong></span> <span class='ocrx_word' id='word_1_657' title='bbox 1575 4727 1595 4752; x_wconf 80' lang='grc' dir='ltr'>ι</span> <span class='ocrx_word' id='word_1_658' title='bbox 1636 4712 1742 4760; x_wconf 91' lang='lat' dir='ltr'><strong>etc.</strong></span> <span class='ocrx_word' id='word_1_659' title='bbox 1779 4705 1993 4758; x_wconf 87' lang='lat' dir='ltr'><strong>Auctor</strong></span> 
     </span>
    </p>
   </div>
   <div class='ocr_carea' id='block_1_104' title="bbox 295 4793 1990 4878">
    <p class='ocr_par' dir='ltr' id='par_1_104' title="bbox 295 4793 1990 4878">
     <span class='ocr_line' id='line_1_104' title="bbox 295 4793 1990 4878; baseline -0.012 -13"><span class='ocrx_word' id='word_1_660' title='bbox 295 4805 640 4878; x_wconf 80' lang='lat' dir='ltr'><strong>Appendicis</strong></span> <span class='ocrx_word' id='word_1_661' title='bbox 677 4803 842 4858; x_wconf 76' lang='lat' dir='ltr'><strong>editze</strong></span> <span class='ocrx_word' id='word_1_662' title='bbox 887 4800 956 4854; x_wconf 88' lang='lat' dir='ltr'><strong>ad</strong></span> <span class='ocrx_word' id='word_1_663' title='bbox 1003 4797 1370 4868; x_wconf 91' lang='lat' dir='ltr'><strong>Sigibertum,</strong></span> <span class='ocrx_word' id='word_1_664' title='bbox 1423 4795 1652 4849; x_wconf 74' lang='lat' dir='ltr'><strong>Thomze</strong></span> <span class='ocrx_word' id='word_1_665' title='bbox 1698 4793 1990 4848; x_wconf 89' lang='lat' dir='ltr'><strong>funestum</strong></span> 
     </span>
    </p>
   </div>
   <div class='ocr_carea' id='block_1_105' title="bbox 296 4879 1992 4952">
    <p class='ocr_par' dir='ltr' id='par_1_105' title="bbox 296 4879 1992 4952">
     <span class='ocr_line' id='line_1_105' title="bbox 296 4879 1992 4952; baseline -0.011 0"><span class='ocrx_word' id='word_1_666' title='bbox 296 4897 464 4952; x_wconf 84' lang='lat' dir='ltr'><strong>finem</strong></span> <span class='ocrx_word' id='word_1_667' title='bbox 498 4892 735 4949; x_wconf 88' lang='lat' dir='ltr'><strong>strictim</strong></span> <span class='ocrx_word' id='word_1_668' title='bbox 760 4887 1025 4944; x_wconf 89' lang='lat' dir='ltr'><strong>ostendit.</strong></span> <span class='ocrx_word' id='word_1_669' title='bbox 1066 4906 1092 4935; x_wconf 69' lang='grc' dir='ltr'><strong>ι(</strong></span> <span class='ocrx_word' id='word_1_670' title='bbox 1124 4887 1234 4940; x_wconf 86' lang='lat' dir='ltr'><strong>An.</strong></span> <span class='ocrx_word' id='word_1_671' title='bbox 1264 4887 1419 4950; x_wconf 89' lang='grc'><strong>1130,</strong></span> <span class='ocrx_word' id='word_1_672' title='bbox 1451 4884 1698 4938; x_wconf 91' lang='lat' dir='ltr'><strong>Thomas</strong></span> <span class='ocrx_word' id='word_1_673' title='bbox 1723 4881 1790 4935; x_wconf 91' lang='lat' dir='ltr'><strong>de</strong></span> <span class='ocrx_word' id='word_1_674' title='bbox 1813 4879 1992 4934; x_wconf 87' lang='lat' dir='ltr'><strong>Marla</strong></span> 
     </span>
    </p>
   </div>
   <div class='ocr_carea' id='block_1_106' title="bbox 295 4967 1991 5052">
    <p class='ocr_par' dir='ltr' id='par_1_106' title="bbox 295 4967 1991 5052">
     <span class='ocr_line' id='line_1_106' title="bbox 295 4967 1991 5052; baseline -0.013 -11"><span class='ocrx_word' id='word_1_675' title='bbox 295 4986 350 5040; x_wconf 91' lang='lat' dir='ltr'><strong>in</strong></span> <span class='ocrx_word' id='word_1_676' title='bbox 383 4998 488 5039; x_wconf 92' lang='lat' dir='ltr'><strong>suo</strong></span> <span class='ocrx_word' id='word_1_677' title='bbox 519 4980 744 5052; x_wconf 91' lang='lat' dir='ltr'><strong>proprio</strong></span> <span class='ocrx_word' id='word_1_678' title='bbox 774 4976 1061 5031; x_wconf 79' lang='lat' dir='ltr'><strong>conducta</strong></span> <span class='ocrx_word' id='word_1_679' title='bbox 1095 4973 1477 5044; x_wconf 87' lang='lat' dir='ltr'><strong>negotiatores</strong></span> <span class='ocrx_word' id='word_1_680' title='bbox 1506 4970 1632 5026; x_wconf 92' lang='lat' dir='ltr'><strong>dolo</strong></span> <span class='ocrx_word' id='word_1_681' title='bbox 1661 4967 1912 5036; x_wconf 89' lang='lat' dir='ltr'><strong>capiens,</strong></span> <span class='ocrx_word' id='word_1_682' title='bbox 1957 4979 1991 5020; x_wconf 91' lang='lat' dir='ltr'><strong>a</strong></span> 
     </span>
    </p>
   </div>
   <div class='ocr_carea' id='block_1_107' title="bbox 292 5054 1990 5146">
    <p class='ocr_par' dir='ltr' id='par_1_107' title="bbox 292 5054 1990 5146">
     <span class='ocr_line' id='line_1_107' title="bbox 292 5054 1990 5146; baseline -0.014 -15"><span class='ocrx_word' id='word_1_683' title='bbox 292 5088 424 5146; x_wconf 87' lang='lat' dir='ltr'><strong>rege</strong></span> <span class='ocrx_word' id='word_1_684' title='bbox 469 5069 754 5127; x_wconf 88' lang='lat' dir='ltr'><strong>Ludovico</strong></span> <span class='ocrx_word' id='word_1_685' title='bbox 798 5080 930 5121; x_wconf 92' lang='lat' dir='ltr'><strong>cum</strong></span> <span class='ocrx_word' id='word_1_686' title='bbox 959 5062 1220 5120; x_wconf 79' lang='lat' dir='ltr'><strong>exercitu</strong></span> <span class='ocrx_word' id='word_1_687' title='bbox 1259 5061 1591 5131; x_wconf 83' lang='lat' dir='ltr'><strong>impetitur;</strong></span> <span class='ocrx_word' id='word_1_688' title='bbox 1623 5065 1678 5113; x_wconf 92' lang='lat' dir='ltr'><strong>et</strong></span> <span class='ocrx_word' id='word_1_689' title='bbox 1707 5071 1740 5110; x_wconf 91' lang='lat' dir='ltr'><strong>a</strong></span> <span class='ocrx_word' id='word_1_690' title='bbox 1768 5054 1990 5110; x_wconf 83' lang='lat' dir='ltr'><strong>Radul-</strong></span> 
     </span>
    </p>
   </div>
   <div class='ocr_carea' id='block_1_108' title="bbox 291 5142 1987 5232">
    <p class='ocr_par' dir='ltr' id='par_1_108' title="bbox 291 5142 1987 5232">
     <span class='ocr_line' id='line_1_108' title="bbox 291 5142 1987 5232; baseline -0.014 -13"><span class='ocrx_word' id='word_1_691' title='bbox 291 5142 404 5232; x_wconf 77' lang='lat' dir='ltr'><strong>pho</strong></span> <span class='ocrx_word' id='word_1_692' title='bbox 447 5155 969 5217; x_wconf 83' lang='lat' dir='ltr'><strong>Viromanduorum</strong></span> <span class='ocrx_word' id='word_1_693' title='bbox 1022 5151 1262 5217; x_wconf 90' lang='lat' dir='ltr'><strong>comite,</strong></span> <span class='ocrx_word' id='word_1_694' title='bbox 1321 5149 1378 5203; x_wconf 91' lang='lat' dir='ltr'><strong>in</strong></span> <span class='ocrx_word' id='word_1_695' title='bbox 1426 5146 1703 5203; x_wconf 89' lang='lat' dir='ltr'><strong>ultionem</strong></span> <span class='ocrx_word' id='word_1_696' title='bbox 1759 5142 1987 5198; x_wconf 84' lang='lat' dir='ltr'><strong>Henrici</strong></span> 
     </span>
    </p>
   </div>
   <div class='ocr_carea' id='block_1_109' title="bbox 293 5231 1982 5313">
    <p class='ocr_par' dir='ltr' id='par_1_109' title="bbox 293 5231 1982 5313">
     <span class='ocr_line' id='line_1_109' title="bbox 293 5231 1982 5313; baseline -0.013 -9"><span class='ocrx_word' id='word_1_697' title='bbox 293 5231 485 5305; x_wconf 86' lang='lat' dir='ltr'><strong>fratris</strong></span> <span class='ocrx_word' id='word_1_698' title='bbox 515 5246 626 5313; x_wconf 90' lang='lat' dir='ltr'><strong>sui,</strong></span> <span class='ocrx_word' id='word_1_699' title='bbox 657 5243 1002 5300; x_wconf 90' lang='lat' dir='ltr'><strong>vulneratus</strong></span> <span class='ocrx_word' id='word_1_700' title='bbox 1025 5247 1080 5294; x_wconf 89' lang='lat' dir='ltr'><strong>et</strong></span> <span class='ocrx_word' id='word_1_701' title='bbox 1109 5245 1335 5308; x_wconf 88' lang='lat' dir='ltr'><strong>captus,</strong></span> <span class='ocrx_word' id='word_1_702' title='bbox 1370 5233 1636 5292; x_wconf 87' lang='lat' dir='ltr'><strong>Lauduni</strong></span> <span class='ocrx_word' id='word_1_703' title='bbox 1666 5231 1932 5287; x_wconf 90' lang='lat' dir='ltr'><strong>moritur.</strong></span> <span class='ocrx_word' id='word_1_704' title='bbox 1963 5250 1982 5276; x_wconf 78' lang='grc' dir='ltr'><strong><em>ι</em></strong></span> 
     </span>
    </p>
   </div>
   <div class='ocr_carea' id='block_1_110' title="bbox 365 5319 1988 5407">
    <p class='ocr_par' dir='ltr' id='par_1_110' title="bbox 365 5319 1988 5407">
     <span class='ocr_line' id='line_1_110' title="bbox 365 5319 1988 5407; baseline -0.012 -17"><span class='ocrx_word' id='word_1_705' title='bbox 365 5335 479 5407; x_wconf 69' lang='lat'><strong>(“5)</strong></span> <span class='ocrx_word' id='word_1_706' title='bbox 527 5337 662 5390; x_wconf 79' lang='lat' dir='ltr'><strong>Iulo.</strong></span> <span class='ocrx_word' id='word_1_707' title='bbox 720 5362 791 5372; x_wconf 97' lang='lat'><strong>—</strong></span> <span class='ocrx_word' id='word_1_708' title='bbox 837 5332 960 5384; x_wconf 82' lang='lat' dir='ltr'><strong>Post</strong></span> <span class='ocrx_word' id='word_1_709' title='bbox 1023 5329 1300 5394; x_wconf 82' lang='lat' dir='ltr'><strong>funestum</strong></span> <span class='ocrx_word' id='word_1_710' title='bbox 1365 5322 1570 5378; x_wconf 72' lang='lat' dir='ltr'><strong>excidii</strong></span> <span class='ocrx_word' id='word_1_711' title='bbox 1616 5319 1988 5376; x_wconf 82' lang='lat' dir='ltr'><strong>Laudunensis</strong></span> 
     </span>
    </p>
   </div>
   <div class='ocr_carea' id='block_1_111' title="bbox 291 5407 1987 5488">
    <p class='ocr_par' dir='ltr' id='par_1_111' title="bbox 291 5407 1987 5488">
     <span class='ocr_line' id='line_1_111' title="bbox 291 5407 1987 5488; baseline -0.011 -10"><span class='ocrx_word' id='word_1_712' title='bbox 291 5430 551 5478; x_wconf 78' lang='lat' dir='ltr'><strong>eventum.</strong></span> <span class='ocrx_word' id='word_1_713' title='bbox 606 5421 729 5478; x_wconf 83' lang='lat' dir='ltr'><strong>Non</strong></span> <span class='ocrx_word' id='word_1_714' title='bbox 775 5417 1044 5488; x_wconf 89' lang='lat' dir='ltr'><strong>equidem</strong></span> <span class='ocrx_word' id='word_1_715' title='bbox 1096 5416 1188 5470; x_wconf 92' lang='lat' dir='ltr'><strong>hic</strong></span> <span class='ocrx_word' id='word_1_716' title='bbox 1230 5420 1440 5468; x_wconf 89' lang='lat' dir='ltr'><strong>metam</strong></span> <span class='ocrx_word' id='word_1_717' title='bbox 1489 5407 1840 5465; x_wconf 87' lang='lat' dir='ltr'><strong>facinoribus</strong></span> <span class='ocrx_word' id='word_1_718' title='bbox 1883 5421 1987 5475; x_wconf 91' lang='lat' dir='ltr'><strong>po-</strong></span> 
     </span>
    </p>
   </div>
   <div class='ocr_carea' id='block_1_112' title="bbox 293 5495 1988 5571">
    <p class='ocr_par' dir='ltr' id='par_1_112' title="bbox 293 5495 1988 5571">
     <span class='ocr_line' id='line_1_112' title="bbox 293 5495 1988 5571; baseline -0.01 -5"><span class='ocrx_word' id='word_1_719' title='bbox 293 5527 456 5566; x_wconf 82' lang='lat' dir='ltr'><strong>suere</strong></span> <span class='ocrx_word' id='word_1_720' title='bbox 479 5509 928 5570; x_wconf 82' lang='lat' dir='ltr'><strong>I.audunenses;</strong></span> <span class='ocrx_word' id='word_1_721' title='bbox 962 5504 1109 5558; x_wconf 90' lang='lat' dir='ltr'><strong>ultra</strong></span> <span class='ocrx_word' id='word_1_722' title='bbox 1136 5500 1416 5571; x_wconf 80' lang='lat' dir='ltr'><strong>progressi</strong></span> <span class='ocrx_word' id='word_1_723' title='bbox 1439 5505 1596 5553; x_wconf 84' lang='lat' dir='ltr'><strong>sunt.</strong></span> <span class='ocrx_word' id='word_1_724' title='bbox 1628 5495 1988 5564; x_wconf 86' lang='lat' dir='ltr'><strong>Postaliquot</strong></span> 
     </span>
    </p>
   </div>
   <div class='ocr_carea' id='block_1_113' title="bbox 2103 4322 3812 4399">
    <p class='ocr_par' dir='ltr' id='par_1_113' title="bbox 2103 4322 3812 4399">
     <span class='ocr_line' id='line_1_113' title="bbox 2103 4322 3812 4399; baseline -0.004 -13"><span class='ocrx_word' id='word_1_725' title='bbox 2103 4344 2234 4386; x_wconf 91' lang='lat' dir='ltr'><strong>rum</strong></span> <span class='ocrx_word' id='word_1_726' title='bbox 2287 4337 2426 4386; x_wconf 90' lang='lat' dir='ltr'><strong>tunc</strong></span> <span class='ocrx_word' id='word_1_727' title='bbox 2478 4329 2897 4399; x_wconf 88' lang='lat' dir='ltr'><strong>Lingonensem</strong></span> <span class='ocrx_word' id='word_1_728' title='bbox 2945 4325 3277 4396; x_wconf 91' lang='lat' dir='ltr'><strong>episcopum</strong></span> <span class='ocrx_word' id='word_1_729' title='bbox 3330 4323 3496 4379; x_wconf 89' lang='lat' dir='ltr'><strong>latuit</strong></span> <span class='ocrx_word' id='word_1_730' title='bbox 3534 4322 3597 4377; x_wconf 92' lang='lat' dir='ltr'><strong>in</strong></span> <span class='ocrx_word' id='word_1_731' title='bbox 3660 4324 3812 4379; x_wconf 80' lang='lat' dir='ltr'><strong>Bur-</strong></span> 
     </span>
    </p>
   </div>
   <div class='ocr_carea' id='block_1_114' title="bbox 2103 4421 2410 4494">
    <p class='ocr_par' dir='ltr' id='par_1_114' title="bbox 2103 4421 2410 4494">
     <span class='ocr_line' id='line_1_114' title="bbox 2103 4421 2410 4494; baseline -0.023 -15"><span class='ocrx_word' id='word_1_732' title='bbox 2103 4421 2344 4494; x_wconf 89' lang='lat' dir='ltr'><strong>gundia.</strong></span> <span class='ocrx_word' id='word_1_733' title='bbox 2383 4440 2410 4472; x_wconf 80' lang='grc'><strong>››</strong></span> 
     </span>
    </p>
   </div>
   <div class='ocr_carea' id='block_1_115' title="bbox 2175 4509 3815 4586">
    <p class='ocr_par' dir='ltr' id='par_1_115' title="bbox 2175 4509 3815 4586">
     <span class='ocr_line' id='line_1_115' title="bbox 2175 4509 3815 4586; baseline -0.005 -14"><span class='ocrx_word' id='word_1_734' title='bbox 2175 4515 2290 4586; x_wconf 83' lang='grc'><strong>(¹¹⁷)</strong></span> <span class='ocrx_word' id='word_1_735' title='bbox 2316 4516 2448 4573; x_wconf 79' lang='lat' dir='ltr'><strong>CAP.</strong></span> <span class='ocrx_word' id='word_1_736' title='bbox 2482 4515 2594 4572; x_wconf 81' lang='lat' dir='ltr'><strong>XV.</strong></span> <span class='ocrx_word' id='word_1_737' title='bbox 2635 4544 2706 4555; x_wconf 97' lang='lat'><strong>—</strong></span> <span class='ocrx_word' id='word_1_738' title='bbox 2755 4514 3160 4569; x_wconf 77' lang='lat' dir='ltr'><strong>Matriculan’os</strong></span> <span class='ocrx_word' id='word_1_739' title='bbox 3202 4514 3410 4565; x_wconf 79' lang='lat' dir='ltr'><strong>vocant.</strong></span> <span class='ocrx_word' id='word_1_740' title='bbox 3447 4509 3555 4574; x_wconf 88' lang='lat' dir='ltr'><strong>Qui</strong></span> <span class='ocrx_word' id='word_1_741' title='bbox 3585 4509 3651 4564; x_wconf 91' lang='lat' dir='ltr'><strong>in</strong></span> <span class='ocrx_word' id='word_1_742' title='bbox 3684 4512 3815 4564; x_wconf 88' lang='lat' dir='ltr'><strong>sin-</strong></span> 
     </span>
    </p>
   </div>
   <div class='ocr_carea' id='block_1_116' title="bbox 2101 4597 3816 4677">
    <p class='ocr_par' dir='ltr' id='par_1_116' title="bbox 2101 4597 3816 4677">
     <span class='ocr_line' id='line_1_116' title="bbox 2101 4597 3816 4677; baseline -0.005 -16"><span class='ocrx_word' id='word_1_743' title='bbox 2101 4606 2252 4677; x_wconf 89' lang='lat' dir='ltr'><strong>gulis</strong></span> <span class='ocrx_word' id='word_1_744' title='bbox 2279 4603 2530 4661; x_wconf 89' lang='lat' dir='ltr'><strong>ecclesiis</strong></span> <span class='ocrx_word' id='word_1_745' title='bbox 2567 4603 2887 4658; x_wconf 75' lang='lat' dir='ltr'><strong>matriculze</strong></span> <span class='ocrx_word' id='word_1_746' title='bbox 2935 4613 3254 4670; x_wconf 91' lang='lat' dir='ltr'><strong>pauperum</strong></span> <span class='ocrx_word' id='word_1_747' title='bbox 3303 4611 3501 4653; x_wconf 89' lang='lat' dir='ltr'><strong>curam</strong></span> <span class='ocrx_word' id='word_1_748' title='bbox 3545 4597 3816 4667; x_wconf 84' lang='lat' dir='ltr'><strong>agebant</strong></span> 
     </span>
    </p>
   </div>
   <div class='ocr_carea' id='block_1_117' title="bbox 2098 4687 3816 4762">
    <p class='ocr_par' dir='ltr' id='par_1_117' title="bbox 2098 4687 3816 4762">
     <span class='ocr_line' id='line_1_117' title="bbox 2098 4687 3816 4762; baseline -0.006 -13"><span class='ocrx_word' id='word_1_749' title='bbox 2098 4703 2152 4750; x_wconf 89' lang='lat' dir='ltr'><strong>et</strong></span> <span class='ocrx_word' id='word_1_750' title='bbox 2183 4708 2381 4750; x_wconf 88' lang='lat' dir='ltr'><strong>eorum</strong></span> <span class='ocrx_word' id='word_1_751' title='bbox 2425 4692 2709 4762; x_wconf 88' lang='lat' dir='ltr'><strong>stipendia</strong></span> <span class='ocrx_word' id='word_1_752' title='bbox 2748 4690 3175 4760; x_wconf 89' lang='lat' dir='ltr'><strong>dispensabant,</strong></span> <span class='ocrx_word' id='word_1_753' title='bbox 3226 4687 3393 4742; x_wconf 87' lang='lat' dir='ltr'><strong>hodie</strong></span> <span class='ocrx_word' id='word_1_754' title='bbox 3429 4688 3816 4751; x_wconf 71' lang='lat' dir='ltr'><strong>Marguiui&#39;ers</strong></span> 
     </span>
    </p>
   </div>
   <div class='ocr_carea' id='block_1_118' title="bbox 2100 4773 3815 4844">
    <p class='ocr_par' dir='ltr' id='par_1_118' title="bbox 2100 4773 3815 4844">
     <span class='ocr_line' id='line_1_118' title="bbox 2100 4773 3815 4844; baseline -0.005 -6"><span class='ocrx_word' id='word_1_755' title='bbox 2100 4783 2272 4838; x_wconf 87' lang='lat' dir='ltr'><strong>Plura</strong></span> <span class='ocrx_word' id='word_1_756' title='bbox 2301 4782 2429 4837; x_wconf 91' lang='lat' dir='ltr'><strong>vide</strong></span> <span class='ocrx_word' id='word_1_757' title='bbox 2459 4781 2518 4835; x_wconf 92' lang='lat' dir='ltr'><strong>in</strong></span> <span class='ocrx_word' id='word_1_758' title='bbox 2571 4788 2688 4835; x_wconf 88' lang='lat' dir='ltr'><strong>not.</strong></span> <span class='ocrx_word' id='word_1_759' title='bbox 2732 4778 2946 4834; x_wconf 89' lang='lat' dir='ltr'><strong>clariss.</strong></span> <span class='ocrx_word' id='word_1_760' title='bbox 2986 4791 3051 4832; x_wconf 89' lang='lat' dir='ltr'><strong>ac</strong></span> <span class='ocrx_word' id='word_1_761' title='bbox 3086 4774 3388 4831; x_wconf 91' lang='lat' dir='ltr'><strong>doctissimi</strong></span> <span class='ocrx_word' id='word_1_762' title='bbox 3422 4773 3700 4844; x_wconf 87' lang='lat' dir='ltr'><strong>Biguonii</strong></span> <span class='ocrx_word' id='word_1_763' title='bbox 3742 4776 3815 4829; x_wconf 87' lang='lat' dir='ltr'><strong>ad</strong></span> 
     </span>
    </p>
   </div>
   <div class='ocr_carea' id='block_1_119' title="bbox 2097 4861 3814 4936">
    <p class='ocr_par' dir='ltr' id='par_1_119' title="bbox 2097 4861 3814 4936">
     <span class='ocr_line' id='line_1_119' title="bbox 2097 4861 3814 4936; baseline -0.005 -10"><span class='ocrx_word' id='word_1_764' title='bbox 2097 4879 2315 4926; x_wconf 85' lang='lat' dir='ltr'><strong>veteres</strong></span> <span class='ocrx_word' id='word_1_765' title='bbox 2363 4867 2616 4924; x_wconf 89' lang='lat' dir='ltr'><strong>Formul.</strong></span> <span class='ocrx_word' id='word_1_766' title='bbox 2656 4866 3000 4936; x_wconf 89' lang='lat' dir='ltr'><strong>Marculphi,</strong></span> <span class='ocrx_word' id='word_1_767' title='bbox 3030 4880 3161 4936; x_wconf 88' lang='lat' dir='ltr'><strong>pag.</strong></span> <span class='ocrx_word' id='word_1_768' title='bbox 3197 4865 3321 4932; x_wconf 85' lang='grc'><strong>615,</strong></span> <span class='ocrx_word' id='word_1_769' title='bbox 3368 4877 3426 4925; x_wconf 88' lang='lat' dir='ltr'><strong>n,</strong></span> <span class='ocrx_word' id='word_1_770' title='bbox 3457 4861 3814 4918; x_wconf 86' lang='lat' dir='ltr'><strong>etVossium</strong></span> 
     </span>
    </p>
   </div>
   <div class='ocr_carea' id='block_1_120' title="bbox 2098 4956 2961 5026">
    <p class='ocr_par' dir='ltr' id='par_1_120' title="bbox 2098 4956 2961 5026">
     <span class='ocr_line' id='line_1_120' title="bbox 2098 4956 2961 5026; baseline -0.009 -11"><span class='ocrx_word' id='word_1_771' title='bbox 2098 4960 2176 5015; x_wconf 88' lang='lat' dir='ltr'><strong>De</strong></span> <span class='ocrx_word' id='word_1_772' title='bbox 2200 4959 2355 5013; x_wconf 92' lang='lat' dir='ltr'><strong>vitiis</strong></span> <span class='ocrx_word' id='word_1_773' title='bbox 2376 4956 2655 5013; x_wconf 85' lang='lat' dir='ltr'><strong>sermonis</strong></span> <span class='ocrx_word' id='word_1_774' title='bbox 2678 4970 2808 5026; x_wconf 90' lang='lat' dir='ltr'><strong>pag.</strong></span> <span class='ocrx_word' id='word_1_775' title='bbox 2834 4956 2961 5009; x_wconf 87' lang='lat'><strong>496.</strong></span> 
     </span>
    </p>
   </div>
   <div class='ocr_carea' id='block_1_121' title="bbox 2167 5038 3812 5118">
    <p class='ocr_par' dir='ltr' id='par_1_121' title="bbox 2167 5038 3812 5118">
     <span class='ocr_line' id='line_1_121' title="bbox 2167 5038 3812 5118; baseline -0.005 -18"><span class='ocrx_word' id='word_1_776' title='bbox 2167 5046 2285 5118; x_wconf 68' lang='lat'><strong>(“8)</strong></span> <span class='ocrx_word' id='word_1_777' title='bbox 2315 5047 2450 5101; x_wconf 79' lang='lat' dir='ltr'><strong>Imp.</strong></span> <span class='ocrx_word' id='word_1_778' title='bbox 2478 5075 2547 5084; x_wconf 92' lang='lat'><strong>-—</strong></span> <span class='ocrx_word' id='word_1_779' title='bbox 2591 5047 2642 5099; x_wconf 91' lang='lat' dir='ltr'><strong>Is</strong></span> <span class='ocrx_word' id='word_1_780' title='bbox 2680 5048 2867 5098; x_wconf 85' lang='lat' dir='ltr'><strong>contra</strong></span> <span class='ocrx_word' id='word_1_781' title='bbox 2914 5043 3066 5097; x_wconf 80' lang='lat' dir='ltr'><strong>datis</strong></span> <span class='ocrx_word' id='word_1_782' title='bbox 3107 5039 3339 5094; x_wconf 72' lang='lat' dir='ltr'><strong>vadibus</strong></span> <span class='ocrx_word' id='word_1_783' title='bbox 3373 5038 3506 5091; x_wconf 81' lang='lat' dir='ltr'><strong>bello</strong></span> <span class='ocrx_word' id='word_1_784' title='bbox 3555 5039 3812 5105; x_wconf 69' lang='lat' dir='ltr'><strong>pugilla-</strong></span> 
     </span>
    </p>
   </div>
   <div class='ocr_carea' id='block_1_122' title="bbox 2099 5127 3810 5205">
    <p class='ocr_par' dir='ltr' id='par_1_122' title="bbox 2099 5127 3810 5205">
     <span class='ocr_line' id='line_1_122' title="bbox 2099 5127 3810 5205; baseline -0.005 -15"><span class='ocrx_word' id='word_1_785' title='bbox 2099 5143 2252 5191; x_wconf 85' lang='lat' dir='ltr'><strong>turus</strong></span> <span class='ocrx_word' id='word_1_786' title='bbox 2285 5137 2537 5205; x_wconf 76' lang='lat' dir='ltr'><strong>impetiit.</strong></span> <span class='ocrx_word' id='word_1_787' title='bbox 2573 5133 2664 5188; x_wconf 88' lang='lat' dir='ltr'><strong>Nil</strong></span> <span class='ocrx_word' id='word_1_788' title='bbox 2689 5131 2959 5187; x_wconf 89' lang='lat' dir='ltr'><strong>usitatius</strong></span> <span class='ocrx_word' id='word_1_789' title='bbox 2988 5128 3143 5199; x_wconf 90' lang='lat' dir='ltr'><strong>apud</strong></span> <span class='ocrx_word' id='word_1_790' title='bbox 3173 5129 3442 5197; x_wconf 90' lang='lat' dir='ltr'><strong>antiquos</strong></span> <span class='ocrx_word' id='word_1_791' title='bbox 3472 5127 3810 5195; x_wconf 82' lang='lat' dir='ltr'><strong>scriptores,</strong></span> 
     </span>
    </p>
   </div>
   <div class='ocr_carea' id='block_1_123' title="bbox 2096 5214 3811 5295">
    <p class='ocr_par' dir='ltr' id='par_1_123' title="bbox 2096 5214 3811 5295">
     <span class='ocr_line' id='line_1_123' title="bbox 2096 5214 3811 5295; baseline -0.006 -15"><span class='ocrx_word' id='word_1_792' title='bbox 2096 5225 2574 5295; x_wconf 87' lang='lat' dir='ltr'><strong>frequentiusque</strong></span> <span class='ocrx_word' id='word_1_793' title='bbox 2621 5222 2699 5276; x_wconf 93' lang='lat' dir='ltr'><strong>nil</strong></span> <span class='ocrx_word' id='word_1_794' title='bbox 2752 5221 2809 5276; x_wconf 92' lang='lat' dir='ltr'><strong>in</strong></span> <span class='ocrx_word' id='word_1_795' title='bbox 2845 5219 3137 5275; x_wconf 88' lang='lat' dir='ltr'><strong>veteribus</strong></span> <span class='ocrx_word' id='word_1_796' title='bbox 3183 5215 3406 5272; x_wconf 90' lang='lat' dir='ltr'><strong>schedis</strong></span> <span class='ocrx_word' id='word_1_797' title='bbox 3441 5214 3678 5280; x_wconf 66' lang='lat' dir='ltr'><strong>(mediae</strong></span> <span class='ocrx_word' id='word_1_798' title='bbox 3710 5230 3811 5284; x_wconf 84' lang='lat' dir='ltr'><strong>po-</strong></span> 
     </span>
    </p>
   </div>
   <div class='ocr_carea' id='block_1_124' title="bbox 2097 5301 3815 5379">
    <p class='ocr_par' dir='ltr' id='par_1_124' title="bbox 2097 5301 3815 5379">
     <span class='ocr_line' id='line_1_124' title="bbox 2097 5301 3815 5379; baseline -0.009 -10"><span class='ocrx_word' id='word_1_799' title='bbox 2097 5314 2379 5370; x_wconf 90' lang='lat' dir='ltr'><strong>tissimum</strong></span> <span class='ocrx_word' id='word_1_800' title='bbox 2430 5311 2638 5379; x_wconf 70' lang='lat' dir='ltr'><strong>mtatis)</strong></span> <span class='ocrx_word' id='word_1_801' title='bbox 2665 5308 2935 5375; x_wconf 90' lang='lat' dir='ltr'><strong>occurrit,</strong></span> <span class='ocrx_word' id='word_1_802' title='bbox 2979 5320 3157 5376; x_wconf 89' lang='lat' dir='ltr'><strong>quam</strong></span> <span class='ocrx_word' id='word_1_803' title='bbox 3205 5303 3416 5368; x_wconf 88' lang='lat' dir='ltr'><strong>duello,</strong></span> <span class='ocrx_word' id='word_1_804' title='bbox 3449 5301 3572 5356; x_wconf 83' lang='lat' dir='ltr'><strong>sive</strong></span> <span class='ocrx_word' id='word_1_805' title='bbox 3605 5303 3815 5372; x_wconf 59' lang='lat' dir='ltr'><strong>singu-</strong></span> 
     </span>
    </p>
   </div>
   <div class='ocr_carea' id='block_1_125' title="bbox 2095 5391 3812 5460">
    <p class='ocr_par' dir='ltr' id='par_1_125' title="bbox 2095 5391 3812 5460">
     <span class='ocr_line' id='line_1_125' title="bbox 2095 5391 3812 5460; baseline -0.008 -3"><span class='ocrx_word' id='word_1_806' title='bbox 2095 5402 2198 5457; x_wconf 90' lang='lat' dir='ltr'><strong>lari</strong></span> <span class='ocrx_word' id='word_1_807' title='bbox 2245 5401 2558 5456; x_wconf 90' lang='lat' dir='ltr'><strong>certamine</strong></span> <span class='ocrx_word' id='word_1_808' title='bbox 2613 5412 2701 5453; x_wconf 88' lang='lat' dir='ltr'><strong>res</strong></span> <span class='ocrx_word' id='word_1_809' title='bbox 2752 5404 3152 5452; x_wconf 85' lang='lat' dir='ltr'><strong>controversas</strong></span> <span class='ocrx_word' id='word_1_810' title='bbox 3204 5392 3445 5447; x_wconf 89' lang='lat' dir='ltr'><strong>diluere.</strong></span> <span class='ocrx_word' id='word_1_811' title='bbox 3503 5391 3599 5454; x_wconf 80' lang='lat' dir='ltr'><strong>At,</strong></span> <span class='ocrx_word' id='word_1_812' title='bbox 3665 5393 3812 5460; x_wconf 80' lang='lat' dir='ltr'><strong>quia</strong></span> 
     </span>
    </p>
   </div>
   <div class='ocr_carea' id='block_1_126' title="bbox 2094 5477 3808 5560">
    <p class='ocr_par' dir='ltr' id='par_1_126' title="bbox 2094 5477 3808 5560">
     <span class='ocr_line' id='line_1_126' title="bbox 2094 5477 3808 5560; baseline -0.008 -13"><span class='ocrx_word' id='word_1_813' title='bbox 2094 5490 2419 5560; x_wconf 86' lang='lat' dir='ltr'><strong>complures</strong></span> <span class='ocrx_word' id='word_1_814' title='bbox 2447 5493 2856 5557; x_wconf 85' lang='lat' dir='ltr'><strong>argumentum</strong></span> <span class='ocrx_word' id='word_1_815' title='bbox 2889 5483 3036 5540; x_wconf 89' lang='lat' dir='ltr'><strong>istud</strong></span> <span class='ocrx_word' id='word_1_816' title='bbox 3080 5487 3523 5552; x_wconf 86' lang='lat' dir='ltr'><strong>pertractarunt,</strong></span> <span class='ocrx_word' id='word_1_817' title='bbox 3560 5477 3642 5533; x_wconf 85' lang='lat' dir='ltr'><strong>ab</strong></span> <span class='ocrx_word' id='word_1_818' title='bbox 3677 5478 3808 5543; x_wconf 70' lang='lat' dir='ltr'><strong>huc,</strong></span> 
     </span>
    </p>
   </div>
  </div>
