3924 6090
163 297 208 345 Η
221 293 280 346 97

1405 291 1619 347 DOMNI
1662 294 1721 346 L.
1769 292 2119 350 D'ACHERY
2161 295 2378 350 ΝΟΤΑΞ.

3509 311 3642 360 1198

155 427 246 482 etsi
276 426 462 482 multa
492 441 611 497 prae
641 425 912 482 manibus
940 425 1279 493 habeamus,
1313 433 1630 496 temperare
1653 427 1841 482 visum
1874 432 1910 483 Α
1955 430 2172 486 vientes
2206 431 2316 498 sui,
2370 431 2492 487 sine
2539 447 2778 489 assensu
2827 441 3020 490 nostro
3063 443 3118 491 et
3153 436 3485 494 ofﬁcialium
3536 456 3644 496 no-

153 525 254 583 est;
281 531 348 571 ne
380 516 543 584 periti
576 515 799 571 lectoris
829 516 1192 570 stomachum
1226 531 1376 585 saepe
1415 516 1624 585 szepius
1669 530 1835 586 repe-

158 605 249 658 tita
277 604 588 674 ingerendo
623 604 694 659 ad
729 618 1002 659 nauseam
1047 619 1233 674 usque
1269 619 1621 659 moveamus.
1660 605 1840 674 Legas

159 691 344 746 Pithcei
374 693 724 747 Glossarium
757 692 827 746 ad
861 691 1245 761 Capitularia;
1278 692 1674 760 Sirmundum,
1708 693 1834 748 Not.

157 780 223 834 ab
260 779 352 835 lib.
388 795 445 834 ιιι
485 779 720 849 epistola
773 782 876 849 28;
929 779 1164 835 Goliridi
1211 780 1425 849 Vindo;
1474 780 1739 850 Bosquet.
1779 780 1837 834 in

159 869 278 922 libri
324 883 362 923 ιι
405 869 699 937 epistolam
736 871 864 934 136;
917 869 1212 924 Innocent.
1261 869 1369 935 Ill;
1428 868 1836 938 Spelmannum

160 957 209 1010 in
253 956 554 1022 Glossario,
600 956 792 1011 verbis
826 972 1110 1025 :campus,
1156 957 1412 1023 duellum,
1445 965 1498 1012 et
1542 957 1836 1024 judicium.

221 1049 354 1097 uel
396 1043 588 1098 Unum
617 1057 690 1099 ex
737 1043 936 1098 multis
981 1044 1218 1114 seligere
1266 1045 1451 1113 placet
1509 1044 1837 1113 exemplum

159 1130 390 1202 insignis
418 1131 614 1195 duelli,
655 1145 727 1186 ex
765 1131 1115 1186 membranis
1145 1146 1348 1201 nempe
1386 1131 1630 1202 hujusce
1672 1132 1839 1187 char-

159 1218 454 1288 iophylacii
507 1218 697 1274 Sancti
731 1218 997 1274 Germani
1038 1219 1392 1282 Parisiensis,
1435 1235 1551 1289 quo
1598 1219 1658 1274 in
1705 1219 1841 1274 Gal-

161 1307 231 1362 lia
301 1307 712 1362 monomachize
783 1307 1285 1377 quamdiutissime
1361 1321 1530 1363 usum
1589 1307 1844 1377 viguisse

161 1393 446 1450 advertere
477 1402 578 1450 est.
613 1395 792 1450 Habet
821 1395 901 1452 ita
932 1409 946 1449 :

229 1503 248 1529 ι
280 1482 344 1537 In
403 1482 612 1538 Christi
673 1483 922 1550 nomine,
986 1497 1091 1554 ego
1141 1482 1455 1538 Gaufridus
1506 1483 1605 1538 Dei
1658 1484 1845 1554 gratia

158 1571 326 1625 abbas
388 1570 578 1626 Sancti
635 1571 902 1626 Germani
961 1572 1313 1635 Parisiensis,
1371 1579 1424 1627 et
1455 1573 1582 1642 ejus
1638 1586 1841 1627 mona-

155 1660 301 1714 sterii
357 1667 694 1724 conventus,
736 1668 939 1716 notum
981 1675 1101 1716 esse
1157 1661 1426 1716 volumus
1482 1661 1844 1716 universitati

157 1748 517 1817 praesentium
568 1748 782 1818 pariter
822 1757 877 1804 et
929 1749 1281 1814 futurorum,
1327 1749 1480 1818 quod
1523 1727 1892 1818 Stephanusl

155 1838 219 1892 de
260 1837 539 1892 Mathiaco
591 1838 737 1906 cepit
778 1838 1088 1907 quemdam
1131 1837 1418 1893 hominem
1447 1844 1709 1892 nostrum
1743 1838 1845 1892 In-

153 1923 491 1993 gclrannum
535 1924 603 1978 de
649 1924 1030 1994 Antogniaco,
1068 1925 1346 1995 quoniam
1385 1925 1501 1994 ipse
1535 1925 1709 1994 juxta
1746 1939 1846 1994 pu-

154 2011 351 2066 blicam
406 2017 645 2066 stratam
720 2011 988 2066 fossetum
1062 2012 1354 2081 quoddam
1417 2011 1678 2074 faciebat,
1744 2011 1843 2067 ubi

155 2100 296 2154 idem
345 2099 666 2168 Stephanus
715 2107 768 2154 et
819 2099 1168 2154 Eustachius
1211 2099 1278 2154 de
1321 2100 1541 2163 Bivera,
1602 2114 1844 2155 consan-

156 2187 398 2255 guineus
445 2189 590 2258 ejus,
653 2187 896 2242 mediam
953 2195 1169 2256 partem
1225 2186 1451 2241 vicariae
1522 2201 1580 2241 se
1634 2187 1846 2242 habere

153 2276 489 2331 clamabant.
523 2275 646 2330 Non
679 2283 869 2330 autem
901 2275 1051 2330 hanc
1098 2275 1369 2345 injuriam
1408 2288 1584 2345 super
1630 2274 1846 2344 injusta

155 2365 410 2433 raptione
461 2363 708 2418 hominis
757 2364 935 2419 nostri
982 2363 1150 2418 nobis
1203 2363 1415 2418 illatam
1447 2363 1674 2418 domino
1724 2363 1846 2433 regi

157 2451 525 2507 ostendimus.
559 2453 683 2521 Ipse
714 2465 849 2506 vero
879 2466 980 2520 per
1018 2451 1501 2506 submonitiouem
1535 2451 1592 2505 in
1623 2451 1842 2507 curiam

159 2539 369 2608 regiam
433 2538 686 2604 veniens,
756 2552 954 2593 omnes
1028 2545 1228 2606 terras,
1303 2549 1508 2606 praeter
1560 2551 1848 2608 arpennos

155 2635 316 2682 extra
369 2626 565 2681 villam
624 2626 986 2697 Antogniaci,
1041 2632 1094 2681 et
1151 2633 1315 2681 extra
1376 2626 1542 2681 villas
1596 2626 1666 2680 ad
1719 2639 1845 2680 eam

159 2715 516 2784 pertinentes,
564 2715 634 2770 de
681 2714 900 2769 vicaria
947 2729 1124 2784 quam
1178 2714 1462 2770 clamabat
1511 2729 1633 2769 esse
1695 2727 1844 2769 asse-

158 2803 341 2871 rebat;
373 2806 428 2857 et
459 2803 580 2858 ideo
615 2803 951 2872 praedictum
984 2803 1273 2857 hominem
1322 2809 1585 2857 nostrum
1629 2802 1845 2871 absque

153 2905 255 2945 suo
288 2904 523 2945 assensu
553 2905 717 2946 secus
756 2891 907 2945 viam
952 2890 1255 2945 fodientem
1307 2897 1554 2960 ceperat.
1613 2889 1844 2946 Dicebat

157 2979 386 3047 insuper
426 2978 578 3048 quod
629 2987 791 3048 pater
837 2993 996 3037 suus.
1030 2986 1085 3034 et
1122 2978 1239 3047 ipse
1283 2986 1404 3048 post
1451 2987 1692 3049 patrem,
1743 2992 1844 3033 va-

153 3066 248 3121 dia
275 3065 423 3133 belli,
458 3066 504 3121 si
539 3066 799 3137 quinque
843 3066 900 3120 in
929 3066 1066 3121 villa
1106 3065 1446 3137 Antogniaci
1499 3065 1842 3132 evenissent,

152 3150 222 3205 ad
255 3150 605 3206 voluntatem
644 3164 807 3205 suam
836 3164 908 3205 ex
938 3150 1350 3205 consuetudine
1400 3150 1554 3219 apud
1598 3150 1846 3204 Mathia-

150 3252 282 3294 cum
315 3246 370 3293 et
399 3238 554 3309 apud
585 3237 894 3293 Colliacum
927 3238 1234 3293 duxerant.
1281 3239 1366 3294 Ad
1407 3238 1560 3308 quod
1591 3239 1845 3308 proban-

153 3324 291 3380 dum
322 3323 468 3379 duos
495 3323 754 3378 homines
781 3323 1064 3378 exhibuit.

231 3433 252 3460 ι
289 3412 462 3468 Porro
511 3425 616 3467 nos
669 3411 790 3466 haec
833 3412 1025 3466 omnia
1073 3425 1174 3480 pro
1219 3410 1460 3466 ecclesia
1509 3419 1705 3466 nostra
1747 3426 1846 3468 ne-

151 3509 372 3572 gantes,
425 3513 524 3570 per
574 3500 920 3555 Landricum
972 3500 1040 3555 de
1079 3499 1436 3570 Antogniaco
1512 3512 1700 3555 unum
1779 3501 1847 3555 de

151 3589 557 3659 probatoribus
611 3589 748 3648 suis,
819 3589 1137 3644 secundum
1191 3587 1560 3643 Lambertum
1613 3587 1682 3642 de
1732 3588 1848 3644 Ma-

151 3677 364 3744 tbiaco,
395 3677 453 3730 in
500 3676 910 3746 approbatione
960 3675 1218 3731 facienda
1265 3689 1442 3745 quam
1490 3675 1846 3745 promiserat,

152 3767 496 3822 mendosum
524 3778 646 3820 esse
699 3765 1166 3820 monstravimus.
1219 3765 1422 3834 Igitur,
1462 3763 1727 3832 pluribus
1757 3764 1850 3818 in-

152 3852 613 3910 tercurrentibus
644 3851 980 3919 intervallis,
1021 3852 1092 3907 ad
1139 3851 1287 3907 diem
1319 3865 1353 3906 a
1396 3851 1626 3907 domino
1663 3858 1848 3907 statu-

153 3949 280 3997 tum
319 3940 476 3995 venit
505 3939 657 3994 idem
692 3937 1038 4007 Stephanus,
1088 3953 1220 3994 cum
1245 3953 1349 3993 suo
1398 3938 1600 4008 pugili,
1644 3938 1702 3992 in
1744 3953 1853 3994 cu-

156 4029 304 4085 riam
331 4027 548 4083 domini
602 4026 753 4097 regis
799 4026 1073 4093 Parisius,
1116 4026 1216 4081 ubi
1261 4025 1464 4080 fratres
1516 4026 1692 4081 nostri
1727 4025 1855 4081 Bai-

153 4117 376 4173 nardus
405 4123 461 4171 et
508 4113 821 4183 Philippus,
875 4127 910 4168 a
940 4113 1102 4169 nobis
1139 4113 1428 4181 destinati,
1478 4112 1601 4169 loco
1649 4113 1852 4182 nostri,

153 4207 307 4262 sicut
338 4205 406 4260 ad
438 4204 692 4260 duellum
728 4203 870 4258 bene
897 4201 1106 4258 muniti
1130 4202 1461 4256 adfuerunt.

1874 3023 1912 3076 C

1947 527 2217 582 strorum,
2273 521 2554 576 debebant
2583 522 2652 576 de
2696 523 2830 593 jure
2871 531 3137 580 metretas
3182 526 3249 581 de
3289 527 3426 584 villa
3481 530 3647 599 Pyro-

1947 607 2039 660 dio
2070 607 2138 661 ad
2172 607 2400 676 irectum
2447 623 2671 678 parare.
2717 611 3076 681 Ingelbertus
3125 623 3314 670 autem
3367 617 3434 671 de
3476 618 3648 672 Anto-

1948 695 2150 765 gniaco
2209 697 2310 751 uni
2377 697 2606 754 illorum
2665 699 2988 767 hominum,
3050 702 3231 758 Odoni
3289 714 3641 773 nuncupato,

1946 783 2358 852 contradicens,
2408 787 2796 843 testimonium
2847 788 3026 857 ipsius
3074 805 3248 860 super
3278 792 3384 848 hoc
3434 793 3644 847 falsum

1946 884 2068 924 esse
2105 885 2162 926 se
2202 873 2580 940 probaturum
2624 875 2852 944 publice
2895 879 3177 947 asseruit;
3217 888 3270 935 et
3309 881 3406 945 sic,
3463 881 3648 934 vadiis

1950 956 2079 1011 belli
2136 959 2284 1014 inter
2337 975 2430 1015 eos
2486 963 2823 1028 commissis,
2877 965 2947 1020 ad
3021 967 3277 1023 duellum
3322 968 3646 1024 faciendum

1946 1043 2142 1098 eadem
2190 1044 2310 1100 dies
2368 1048 2605 1116 praefixa
2663 1050 2790 1106 fuit.
2854 1052 3116 1122 Cumque
3177 1055 3416 1111 victoria
3466 1057 3647 1124 primo

1948 1130 2132 1200 pugili
2163 1141 2373 1200 nostro,
2407 1135 2554 1192 sicut
2579 1139 2915 1205 praedictum
2958 1149 3060 1207 est,
3095 1142 3370 1210 cessisset,
3427 1146 3645 1214 prazfati

1950 1218 2154 1274 fratres
2200 1222 2377 1277 nostri
2429 1223 2756 1282 Bainardus
2802 1235 2856 1282 et
2899 1228 3200 1299 Philippus
3253 1239 3512 1288 nostrum
3547 1249 3648 1303 pu-

1948 1306 2137 1376 gilem,
2196 1309 2410 1365 scilicet
2469 1312 2877 1382 Iugelbertum,
2938 1330 3071 1371 cum
3125 1318 3422 1374 obsidibus
3477 1321 3647 1377 bonis

1951 1396 2007 1450 in
2043 1396 2294 1452 medium
2325 1397 2691 1466 adducentes,
2725 1403 3060 1458 obtulerunt
3087 1405 3384 1474 judicibus
3415 1423 3548 1464 eum
3576 1412 3644 1465 ad

1952 1483 2308 1552 probandum
2338 1487 2490 1556 quod
2525 1489 2864 1556 promiserat
2897 1506 2908 1544 :
2944 1499 3001 1547 at
3021 1493 3360 1561 saepedictus
3402 1495 3645 1567 Stepha-

1952 1585 2062 1626 nus
2119 1586 2366 1642 praesens
2409 1573 2613 1632 ibidem
2670 1592 2782 1632 non
2831 1578 2958 1644 fuit,
3000 1593 3105 1634 nec
3153 1582 3407 1650 pugilem
3451 1598 3644 1651 suum,

1953 1660 2100 1715 sicut
2130 1675 2251 1716 mos
2275 1671 2378 1728 est,
2425 1679 2556 1719 cum
2607 1666 2905 1722 obsidibus
2955 1670 3306 1736 prietaxatis,
3354 1672 3649 1740 judicibus

1951 1749 2235 1804 exhibuit.
2315 1751 2475 1806 Unde
2540 1753 2704 1808 iidem
2777 1755 2999 1825 judices
3070 1756 3349 1813 fratribus
3417 1760 3645 1826 nostris,

1955 1836 2244 1892 Rainardo
2291 1847 2346 1892 et
2398 1840 2672 1909 Philippo,
2721 1857 2853 1897 cum
2910 1844 3204 1914 pugilibus
3253 1853 3306 1901 et
3354 1848 3650 1904 obsidibus

1956 1923 2163 1978 nostris
2194 1925 2477 1981 dederunt
2532 1927 2818 1983 licentiam
2886 1931 3184 1985 recedendi
3243 1946 3278 1987 a
3336 1934 3518 1988 curia.
3579 1937 3654 1990 Et

1954 2024 2084 2064 cum
2119 2010 2220 2079 ipsi
2257 2012 2481 2081 judices
2518 2028 2552 2068 a
2588 2015 2752 2069 curia
2780 2025 3059 2071 exeuntes
3091 2017 3238 2073 irent
3277 2018 3350 2073 ad
3391 2020 3644 2089 propria,

1956 2099 2368 2166 praenominato
2441 2100 2724 2170 Stephano
2783 2103 3184 2172 obviaverunt,
3281 2121 3474 2176 quem,
3547 2123 3648 2177 pro

1953 2179 2176 2236 defectu
2205 2183 2512 2252 utriusque
2543 2183 2716 2238 duelli
2751 2192 3005 2253 captum,
3040 2199 3172 2241 cum
3203 2187 3324 2242 suis
3355 2189 3650 2258 pugilibus

1953 2275 2007 2323 et
2035 2269 2330 2324 obsidibus
2359 2269 2416 2325 in
2446 2271 2675 2327 castello
2707 2281 3043 2342 posuerunt.
3083 2296 3102 2321 ι

2023 2353 2141 2427 (¹¹⁹)
2191 2358 2328 2412 Ιιιιι).
2385 2387 2458 2399 -
2513 2359 2671 2414 Sacri
2721 2361 2904 2414 laticis
2941 2363 3173 2426 judicio.
3230 2363 3310 2418 De
3362 2363 3646 2434 ejusmodi

1956 2445 2410 2514 probationibus,
2463 2461 2619 2518 aqua
2665 2448 2851 2503 calida
2899 2463 2966 2505 ac
3016 2450 3162 2505 ferro
3191 2452 3480 2520 candenti,
3511 2468 3646 2509 cou-

1954 2531 2178 2586 sulendi
2228 2541 2487 2589 auctores
2535 2535 2703 2590 modo
2761 2535 2938 2602 citati,
2985 2551 3089 2592 nec
3131 2553 3244 2593 non
3293 2539 3529 2596 Juretus
3575 2543 3647 2596 ad

1958 2619 2148 2674 Ivonis
2198 2621 2375 2690 epist.
2419 2624 2488 2676 ’73
2553 2631 2606 2678 et
2673 2623 2790 2678 168.
2854 2624 3368 2682 Verumcnimvero
3447 2629 3647 2697 prohi-

1959 2707 2131 2763 buere
2164 2708 2356 2763 duella
2394 2717 2448 2765 et
2486 2710 2706 2780 judicia
2748 2711 3070 2780 Stephanus
3103 2713 3206 2768 PP.
3243 2714 3310 2769 V.
3344 2718 3397 2783 2,
3440 2726 3645 2785 quzest.

1955 2797 1988 2849 5
2030 2795 2411 2865 Consuluisti;
2455 2797 2734 2854 C(Blestiu.
2790 2800 2890 2866 Ill,
2946 2801 3132 2869 capite
3183 2801 3336 2857 Cura
3375 2806 3644 2873 suscepti.

1956 2883 2034 2938 De
2063 2891 2292 2952 purgat.
2348 2885 2542 2955 vulg;
2583 2887 2876 2942 Innocent.
2925 2888 3024 2948 III,
3075 2902 3199 2958 cap.
3234 2891 3320 2944 Ex
3350 2890 3552 2948 litteris
3581 2893 3650 2947 de

1953 2972 2283 3027 excessibus
2327 2973 2578 3042 preelat.;
2623 2975 2912 3030 Honorius
2950 2976 3049 3043 ΙΙΙ,
3105 2978 3287 3047 capite
3333 2979 3554 3046 Dilecti,
3594 2989 3649 3035 et

1953 3059 2108 3114 alibi.

2021 3148 2146 3202 Non
2193 3148 2437 3218 vulgare
2477 3157 2560 3205 est
2599 3150 2752 3220 quod
2801 3151 3037 3221 protulit
3081 3152 3366 3223 judicium
3415 3155 3647 3227 (insigni

1955 3235 2234 3291 miraculo
2271 3237 2696 3306 consignatum)
2743 3238 2797 3292 S.
2830 3239 3067 3296 Pontius
3101 3241 3279 3296 abbas
3317 3242 3366 3297 S.
3407 3245 3648 3300 Andreae

1954 3323 2353 3379 Audaonensis
2405 3326 2578 3394 juxta
2630 3326 3001 3395 Avenionem,
3065 3327 3189 3384 ideo
3231 3329 3324 3385 hic
3369 3331 3647 3387 adnotan-

1955 3412 2132 3477 dum;
2165 3425 2368 3481 nempe
2414 3420 2587 3482 caput
2629 3414 2695 3468 10
2727 3414 2872 3470 Vitae
2905 3415 3160 3484 ejusdem
3212 3417 3457 3483 abbatis,
3500 3433 3646 3474 non-

1956 3499 2092 3554 dum
2134 3499 2286 3568 typis
2333 3500 2636 3570 evulgatae,
2694 3501 2845 3556 etab
2891 3502 3102 3570 aequali
3149 3505 3504 3574 conscriptae,
3551 3508 3647 3562 de-

1956 3586 2369 3642 scribendum:
2433 3607 2461 3634 ‹‹
2519 3587 2633 3642 Nec
2698 3589 3183 3657 praetereundum,
3254 3606 3356 3647 nec
3423 3592 3648 3650 silentio

1955 3674 2361 3730 occultandum
2414 3674 2657 3745 dignum
2709 3675 2825 3731 fore
2875 3677 3255 3746 decernimus,
3308 3682 3461 3749 quod
3520 3682 3648 3736 illo-

1957 3775 2090 3818 rum
2120 3761 2304 3817 relatu
2349 3761 2451 3832 qui
2482 3771 2789 3832 prmsentes
2838 3764 3076 3820 aderant
3114 3765 3460 3822 audivimus.
3493 3767 3646 3835 Qua-

1956 3850 2090 3905 dam
2124 3863 2377 3920 namque
2405 3851 2496 3906 die
2538 3851 2630 3906 vir
2659 3851 2870 3906 domini
2917 3852 3196 3923 (Pontius)
3230 3858 3651 3913 transeundum

1959 3938 2301 3994 Rhodanum
2334 3952 2434 4008 pro
2463 3939 2809 4008 quibusdam
2832 3941 2919 3994 sni
2956 3941 3269 4011 magisterii
3293 3944 3534 4013 negotiis
3559 3947 3652 4001 di-

1960 4033 2274 4097 sposuerat.
2329 4027 2652 4082 Matulinali
2701 4028 2898 4097 itaque
2932 4028 3224 4102 [tempore]
3274 4035 3654 4090 sacrosanctis

1962 4115 2245 4185 mysteriis
2270 4115 2588 4170 secundum
2605 4129 2777 4171 suum
2802 4130 3013 4172 morem
3039 4117 3332 4174 humiliter
3353 4121 3656 4189 persolutis

1961 4203 2340 4259 descendebat
2368 4202 2442 4258 ad
2497 4202 2680 4272 ripam
2719 4218 2853 4260 cum
2895 4205 3160 4274 pluribus
3203 4207 3389 4276 sociis,
3433 4211 3655 4266 statim-

234 4318 256 4342 ι
294 4293 556 4357 Proinde,
615 4298 962 4361 pertractata
1008 4304 1182 4346 causa
1237 4290 1296 4344 in
1343 4289 1645 4360 prmsentia
1693 4290 1923 4372 Pari-D
1962 4306 2076 4361 que
2141 4297 2273 4347 ante
2299 4305 2433 4347 eum
2494 4291 2816 4348 adveniunt
2880 4300 3046 4350 terrae
3099 4295 3288 4351 cultor
3349 4305 3405 4351 et
3468 4306 3658 4354 custos

154 4381 436 4438 siensium
488 4380 920 4449 praepositorum
976 4377 1260 4434 Guillelmi
1309 4377 1378 4433 de
1404 4378 1667 4446 Gornaio,
1713 4378 1853 4434 Bai-

156 4469 318 4526 noldi
358 4469 428 4524 de
485 4467 848 4532 Bellomonte,
907 4467 1174 4524 Balduini
1229 4466 1614 4534 Flandrensis,
1663 4467 1854 4522 locum

155 4557 382 4613 domini
413 4557 562 4627 regis
606 4555 947 4622 tenentium,
997 4569 1130 4612 cum
1180 4569 1295 4610 non
1325 4562 1508 4624 posset
1555 4555 1706 4610 inter
1751 4567 1856 4609 nos

153 4655 212 4702 et
236 4647 577 4716 praedictum
615 4644 967 4714 Stephanum
999 4657 1115 4713 pax
1165 4643 1404 4708 ﬁrmari,
1430 4643 1718 4699 adductus
1770 4649 1853 4697 est

157 4736 219 4790 in
254 4734 441 4790 medio
480 4741 722 4802 uterque
769 4731 928 4803 pugil
984 4739 1037 4787 et
1085 4731 1158 4786 ad
1205 4730 1682 4786 conﬂictationem
1743 4740 1859 4786 sta-

151 4831 352 4889 tutus;
417 4834 668 4890 cumque
725 4820 893 4876 ambo
949 4819 1050 4874 diu
1113 4818 1481 4888 multumque
1532 4818 1859 4874 conﬂictas—

150 4918 310 4978 sent,
337 4918 394 4966 et
423 4923 540 4964 sese
573 4908 814 4964 invicem
837 4907 1176 4978 gravissime
1207 4906 1568 4974 afﬂixissent,
1611 4908 1858 4975 tandem,

155 5001 278 5055 Deo
331 4997 672 5063 auxiliante,
725 4996 888 5067 pugil
964 5003 1174 5062 noster,
1235 4995 1631 5051 adversarium
1689 5009 1861 5051 suum

152 5086 407 5144 viriliter
431 5093 485 5141 et
519 5084 796 5140 audacter
834 5083 1132 5150 invadens,
1175 5082 1411 5138 oculum
1447 5084 1502 5138 ei
1551 5083 1785 5152 eripuit,
1809 5089 1865 5138 et

152 5182 322 5231 tanto
366 5172 668 5229 conamine
714 5186 845 5227 eum
877 5171 1162 5238 gravavit,
1197 5170 1372 5239 quod,
1422 5171 1515 5225 illo
1565 5172 1864 5240 profitente

153 5277 218 5319 se
252 5262 471 5318 victum
502 5275 641 5326 esse,
677 5259 916 5314 victoria
947 5258 1053 5313 sibi
1083 5259 1268 5314 cessit.

235 5371 266 5402 α
333 5351 614 5405 Praeterea
673 5348 871 5402 eadem
948 5347 1039 5401 die
1109 5346 1478 5416 supradictus
1537 5345 1861 5415 Stephanus

155 5439 488 5495 adduxerat
514 5438 659 5492 duos
715 5435 976 5490 homines
1031 5433 1088 5488 in
1141 5434 1415 5500 medium,
1467 5448 1569 5504 per
1615 5447 1865 5502 quorum

160 5526 560 5582 testimonium
621 5523 864 5592 probare
930 5521 1155 5578 volebat
1218 5521 1372 5590 quod
1435 5522 1551 5591 ipse
1606 5521 1694 5576 vel
1756 5534 1869 5576 ser-

1965 4380 2138 4435 boum
2189 4393 2449 4446 suorum,
2504 4380 2561 4435 in
2635 4393 2812 4436 manu
2867 4388 3065 4437 tenens
3109 4396 3420 4447 vomerem,
3494 4387 3658 4442 alter-

1963 4467 2144 4522 cando
2169 4481 2300 4523 cum
2341 4466 2490 4522 socio
2531 4481 2656 4534 suo,
2687 4468 3094 4537 proclamando
3142 4468 3306 4524 illum
3338 4470 3656 4541 latronem;

1963 4554 2247 4624 siquidem
2301 4554 2516 4611 nudius
2561 4555 2764 4611 tertius
2802 4555 2950 4611 idem
3001 4569 3198 4611 vomer
3236 4571 3351 4612 non
3393 4558 3559 4630 longe
3589 4563 3660 4620 ab

1967 4648 2158 4697 aratro
2189 4642 2298 4698 sub
2326 4649 2478 4697 terra
2510 4643 2580 4698 ab
2609 4643 2806 4699 eodem
2855 4650 3080 4698 aratore
3109 4652 3411 4713 coopertus
3451 4646 3658 4719 fuerat,

1969 4728 2194 4784 nemine
2243 4736 2517 4798 praesente
2565 4728 2656 4784 vel
2707 4728 2955 4796 vidente,
3018 4729 3127 4784 nisi
3185 4743 3291 4785 suo
3339 4733 3508 4800 socio,
3560 4737 3660 4805 qui

1963 4817 2134 4888 juxta
2190 4817 2406 4872 aderat.
2452 4817 2784 4886 Requisitus
2831 4821 2982 4870 662
3040 4816 3097 4870 in
3149 4817 3486 4889 crastinum,
3548 4837 3664 4880 non

1968 4913 2051 4961 est
2098 4902 2364 4961 inventus
2412 4919 2513 4975 per
2542 4905 2822 4960 triduum.
2870 4903 2995 4970 Qua
3043 4905 3111 4959 de
3168 4919 3229 4961 re
3277 4905 3422 4963 alter
3465 4919 3666 4967 contra

1971 4992 2212 5048 alterum
2245 4992 2668 5062 conquerendo,
2696 4989 3018 5060 iimpetebat
3068 5005 3223 5047 unus
3257 4992 3437 5051 alium
3480 4995 3664 5054 furem

1970 5080 2218 5136 vomeris
2271 5078 2697 5149 proclamando.
2759 5079 2960 5134 Aiebat
3014 5093 3171 5150 ergo,
3223 5081 3513 5152 inquiens,
3565 5089 3665 5157 qui

1972 5169 2349 5224 absconderat
2381 5183 2393 5221 :
2423 5167 2582 5222 nullo
2639 5175 2933 5236 praesente,
2983 5182 3086 5222 nec
3134 5169 3189 5223 in
3234 5173 3496 5239 proximo
3539 5177 3670 5231 exi-

1973 5263 2174 5323 stente,
2218 5263 2450 5326 excepto
2493 5261 2543 5308 te
2583 5255 2722 5321 solo,
2771 5254 2878 5310 fuit
2920 5263 3087 5310 terra:
3131 5260 3484 5328 suppositus,
3535 5277 3669 5332 pro-

1977 5353 2101 5414 pter
2154 5344 2308 5415 quod
2362 5351 2414 5398 te
2466 5341 2626 5397 illum
2682 5342 2984 5398 abstulisse
3039 5343 3307 5400 dicimus.
3361 5347 3672 5410 Praedictus

1975 5434 2146 5489 etiam
2212 5433 2303 5487 vir
2364 5431 2590 5486 Domini
2653 5429 3044 5500 supradictam
3113 5441 3244 5488 ante
3309 5449 3368 5491 se
3432 5439 3674 5498 audiens

1979 5519 2422 5590 querimoniam,
2508 5517 2791 5574 ambobus
2867 5517 3170 5575 subridens
3245 5521 3392 5579 hanc
3469 5527 3675 5583 indixit
