3924 6090
299 260 436 313 1199
1323 251 1433 306 AD.
1476 250 1626 306 OPP.
1667 249 1822 305 VEN.
1865 248 2202 306 GUIBERTI
2240 249 2330 304 DE
2369 247 2762 304 NOVIGENTO
3683 250 3810 302 1200

296 387 679 448 sententiam:
746 384 1008 442 Mittatur
1084 396 1260 454 prope
1337 382 1524 452 ripam
1589 381 1739 437 sicut
1811 381 1989 437 videri
2022 390 2064 441 Α
2175 380 2286 451 (ιη)
2329 380 2460 438 CAP.
2505 380 2659 436 XIX.
2702 408 2775 421 —
2813 378 2907 434 Ad
2949 383 3150 433 sanctae
3183 381 3610 434 conversationis
3659 381 3809 434 habi-

296 482 466 550 possit
514 491 711 534 vomer
763 477 821 530 in
879 489 1034 543 aqua
1081 471 1365 540 Rhodani,
1423 478 1477 527 et
1524 470 1996 540 consignabimus
2106 473 2236 523 tum.
2282 469 2498 525 Auctor
2525 468 2781 538 ipsemet,
2817 467 2910 523 lib.
2943 483 2959 522 ι
2992 468 3134 524 Vita
3163 483 3300 534 suae,
3338 481 3462 538 cap.
3495 468 3581 523 8:
3632 490 3658 516 α
3706 468 3810 523 Su-

296 585 424 626 eam
452 569 510 623 in
539 567 773 621 nomine
817 563 1065 620 Domini.
1106 561 1268 628 Quod
1299 561 1410 615 viri
1452 559 1550 616 Dei
1580 560 1797 615 dictum
1847 559 1994 613 facto
2103 566 2293 627 scepto
2377 565 2589 613 sanctae
2674 557 3120 612 conversationis
3196 556 3399 612 habitu
3475 557 3812 626 perenniter

297 667 380 714 est
409 655 666 713 celeriter
704 653 1102 722 adimpletum.
1144 651 1305 705 Tunc
1345 662 1597 718 namque
1636 647 1726 702 vir
1769 642 1993 702 Domini
2106 647 2343 701 Domino
2365 646 2702 702 deserviere.
2743 667 2764 694 ι
2802 646 2887 701 Ita
2917 646 3164 717 Magnus
3191 645 3522 716 Gregorius,
3555 645 3808 714 Dialog.,

297 747 464 816 signo
519 751 730 799 sanctae
798 741 986 797 crucis
1045 753 1260 809 aquam
1314 736 1700 804 sanctificans,
1756 735 1946 806 inquit
1978 749 1990 788 :
2105 735 2202 789 lib.
2237 750 2295 803 ιι,
2328 749 2452 804 cap.
2490 739 2508 788 1
2545 743 2678 790 ante
2723 735 2871 790 med.
2905 750 2918 788 :
2949 757 2969 783 ε
3009 734 3557 803 Eique(Benedicto)
3594 741 3809 788 sach

297 832 542 889 Nudatis
585 829 836 888 brachiis
891 829 980 884 ille
1026 828 1095 882 de
1135 842 1251 898 quo
1292 827 1423 896 plus
1474 826 1796 893 dubitatur,
1842 823 1995 893 prior
2104 823 2560 878 conversationis
2599 823 2860 878 habitum
2909 822 3159 879 tradidit.
3198 844 3218 871 ι
3253 823 3657 892 Perantiquus
3707 836 3811 877 au—

299 922 371 977 ab
431 933 586 990 aqua
630 931 919 974 vomerem
969 916 1166 983 elevet,
1197 915 1323 971 etsi
1353 929 1486 970 reus
1534 914 1672 970 furti
1719 913 1810 978 sit,
1845 913 1996 968 Deus
2103 919 2224 967 ctor
2253 911 2397 968 Vitae
2449 911 2504 966 S.
2537 911 2847 978 Geremari,
2879 925 3025 982 ,cap.
3080 912 3134 978 3,
3170 911 3320 966 infra
3364 911 3518 967 inter
3573 909 3811 967 Addita-

295 1011 490 1081 justus
527 1015 581 1063 et
610 1021 810 1073 verax,
857 1006 963 1060 hoc
999 1019 1106 1061 sua
1144 1004 1394 1060 bonitate
1434 1002 1664 1058 revelet.
1704 1001 1994 1056 Audacter
2104 1006 2340 1054 menta:
2377 1021 2398 1048 ι
2465 999 2760 1056 Construit
2817 1000 3318 1071 congregationem
3382 1001 3808 1056 monachorum

301 1101 496 1168 itaque
525 1096 634 1152 sibi
667 1095 803 1150 furti
833 1095 1096 1149 conscius
1128 1093 1200 1148 ad
1238 1091 1662 1148 extrahendum
1701 1103 1990 1145 vomerem
2102 1087 2209 1142 sub
2253 1094 2451 1143 sancta
2500 1089 2930 1144 conversatione
2978 1089 3332 1160 degentium.
3370 1108 3396 1141 υ
3455 1088 3628 1144 Unde
3678 1087 3808 1143 olim

298 1202 371 1243 ex
419 1199 574 1254 aqua
614 1197 853 1238 manum
914 1181 1125 1244 intulit,
1173 1194 1352 1251 quam
1403 1180 1556 1234 velut
1611 1179 1667 1233 in
1714 1177 1991 1233 cacabum
2103 1175 2347 1245 majores
2378 1176 2574 1242 nostri,
2609 1176 2709 1233 ubi
2747 1177 2816 1232 de
2848 1177 3204 1233 institutione
3246 1176 3566 1233 monastica
3623 1189 3809 1231 sermo

303 1273 594 1330 bullientis
633 1285 800 1340 aqum
831 1270 1095 1336 misisset,
1138 1278 1476 1334 crematum,
1509 1274 1562 1322 et
1601 1266 1722 1321 sine
1763 1279 1993 1320 vomere
2103 1264 2431 1331 haberetur,
2465 1279 2692 1321 summa
2738 1281 2870 1322 cum
2916 1266 3281 1322 veneratione
3321 1265 3476 1335 loqui
3518 1265 3804 1321 solebant.

302 1362 514 1418 retulit.
551 1361 693 1416 Mira
724 1359 918 1428 itaque
948 1372 1037 1413 res
1079 1373 1182 1412 nec
1220 1355 1427 1412 nostris
1455 1355 1680 1411 smculis
1718 1354 1995 1408 hactenus
2101 1352 2334 1408 Concilii
2393 1353 2453 1408 in
2502 1354 2712 1422 palatio
2769 1355 3044 1411 Vernensi
3095 1369 3221 1424 cap.
3276 1355 3330 1422 5,
3381 1354 3638 1408 ordinem
3685 1368 3803 1408 san-

303 1449 521 1506 audita.
576 1449 746 1518 Aqua
795 1446 947 1502 enim
999 1444 1343 1501 naturaliter
1390 1443 1602 1514 frigida
1641 1442 1712 1499 ad
1751 1442 1990 1496 demon-
2101 1446 2282 1510 ctum;
2334 1440 2756 1498 Suessionensis
2803 1457 2898 1498 an.
2949 1443 3076 1510 744,
3126 1457 3250 1513 cap.
3305 1447 3359 1511 3,
3397 1443 3659 1510 regulam
3699 1457 3806 1496 san-

304 1537 600 1594 strandam
658 1534 738 1590 rei
799 1534 1074 1602 pollutam
1131 1533 1285 1587 furto
1364 1530 1789 1596 conscientiam,
1850 1529 1995 1584 furis
2101 1533 2270 1594 ctam;
2305 1531 2559 1600 Mogunt.
2595 1531 2703 1586 sub
2734 1533 2916 1586 Leone
2945 1545 3093 1601 papa
3123 1531 3224 1598 III,
3253 1546 3378 1601 cap.
3427 1535 3512 1599 11,
3557 1535 3804 1585 sanctam

303 1624 608 1681 cremando
640 1622 960 1689 brachium,
996 1621 1263 1676 vindicta:
1306 1621 1432 1675 fecit
1462 1619 1756 1685 indicium,
1804 1617 1994 1672 homi-
2102 1618 2344 1683 regulam
2373 1619 2664 1688 appellant
2689 1620 2902 1676 Patres.

303 1712 596 1780 nibusque
635 1724 707 1764 ex
749 1710 855 1763 hoc
885 1710 1031 1763 facto
1086 1707 1449 1774 mirantibus,
1484 1721 1550 1761 ac
1595 1705 1704 1759 viri
1738 1705 1832 1759 Dei
1871 1718 1994 1758 san-
2023 1697 2063 1750 Β
2172 1705 2279 1760 Sed
2311 1715 2365 1762 et
2411 1707 2649 1764 Carolus
2697 1709 2911 1779 Magn.,
2945 1716 3223 1778 praecepto
3269 1708 3722 1764 membranaceo
3743 1707 3800 1762 ad

304 1799 483 1855 ctitati
547 1812 796 1868 prmsens
850 1797 1196 1852 miraculum
1240 1795 1679 1859 ascribentibus,
1742 1792 1820 1848 ait
1876 1793 1994 1861 ipse
2105 1795 2471 1852 Benedictum
2527 1797 2762 1852 Anianm
2818 1797 3082 1853 abbatem
3143 1797 3211 1852 de
3261 1797 3571 1852 donatione
3629 1796 3804 1852 Cella:-

304 1902 437 1943 cum
467 1887 775 1956 precibus:
817 1907 837 1933 ι
873 1885 1198 1940 Laudemus
1229 1883 1287 1938 in
1340 1883 1460 1938 suis
1487 1882 1698 1937 sanctis
1725 1881 1996 1950 operibus
2101 1882 2293 1950 Novae,
2348 1891 2456 1940 etc.
2493 1899 2506 1939 :
2557 1907 2576 1932 ι
2629 1885 2971 1954 Supradicta
3018 1885 3141 1940 loca
3184 1885 3396 1940 habere
3441 1885 3803 1955 dignoscitur

301 1975 610 2031 Dominum
657 1975 824 2044 (Psal.
860 1987 1072 2039 χχχιχ,
1107 1973 1212 2042 19),
1251 1993 1271 2019 ι
1310 1971 1593 2041 siquidem
1629 1992 1648 2018 ι
1696 1972 1813 2038 ipse
1860 1969 1994 2024 facit
2103 1971 2488 2041 (Benedictus)
2551 1973 2740 2030 denuo
2799 1989 2900 2043 per
2965 1981 3172 2029 nostra;
3238 1973 3603 2029 auctoritatis
3675 1989 3802 2044 prse-

299 2063 587 2119 mirabilia
637 2063 794 2118 solus
844 2063 1010 2130 (Psal.
1056 2075 1208 2125 Lxxr,
1258 2060 1366 2129 18),
1406 2082 1426 2107 ι
1463 2059 1610 2115 sicut
1665 2059 1799 2114 dicit
1859 2058 1996 2112 Pro-
2103 2066 2354 2128 ceptum,
2388 2061 2437 2115 ei
2470 2068 2522 2116 et
2551 2062 2848 2118 monachis
2879 2063 3000 2118 suis
3030 2062 3170 2117 inibi
3199 2062 3310 2117 sub
3351 2070 3556 2117 sancta
3604 2062 3801 2132 regula

299 2153 469 2222 pheta
538 2150 848 2207 veridicus.
907 2150 1114 2204 Nullus
1194 2149 1398 2218 utique
1464 2147 1793 2203 mortalium
1867 2146 1996 2201 fecit
2102 2148 2565 2216 consistentibus,
2621 2149 2952 2219 plenissima
2997 2150 3423 2215 deliberatione,
3481 2165 3589 2220 pro
3656 2165 3792 2206 mer-

299 2254 558 2309 unquam
592 2239 877 2294 mirabilia
909 2238 1016 2293 nisi
1058 2238 1208 2293 Deus
1247 2238 1417 2293 homo
1455 2237 1637 2292 factus
1681 2236 1739 2291 in
1768 2236 1995 2306 virgine
2104 2235 2236 2291 cede
2270 2237 2478 2293 animm
2529 2247 2736 2295 nostrae
2792 2240 2988 2295 cedere
3050 2246 3105 2295 et
3162 2239 3505 2295 confirmare
3563 2239 3801 2296 debere-

297 2329 498 2384 Maria.
532 2328 631 2383 Ille
663 2327 839 2398 igitur
863 2327 1152 2393 laudetur,
1182 2326 1496 2381 honoretur
1523 2331 1576 2380 et
1609 2323 1992 2396 glorificetur:
2104 2337 2254 2391 mus,
2289 2345 2312 2375 ι
2362 2332 2468 2381 etc.
2509 2325 2643 2381 Pius
2691 2326 3018 2382 Ludovicus
3059 2327 3247 2382 Caroli
3290 2327 3442 2383 filius
3480 2326 3543 2382 in
3589 2328 3800 2384 conﬁr-

298 2416 427 2471 fecit
452 2417 605 2471 enim
646 2415 812 2470 nobis
850 2428 957 2470 sua
1003 2415 1209 2484 pietate
1248 2413 1565 2484 cognitum,
1607 2412 1762 2482 quod
1792 2409 1999 2466 nostris
2105 2413 2356 2470 matione
2403 2412 2628 2469 abbatis
2672 2414 2930 2484 ejusdem
2976 2416 3328 2484 monasterii,
3382 2429 3565 2485 quam
3631 2431 3801 2486 supra

295 2504 478 2560 oculis
526 2504 796 2559 manebat
841 2502 1262 2558 absconditum.
1311 2501 1415 2558 Cui
1447 2508 1532 2557 est
1588 2501 1770 2556 honor
1797 2507 1852 2555 et
1881 2499 1998 2570 glo-
2105 2502 2453 2558 retulimus:
2489 2524 2510 2551 ι
2602 2502 2858 2573 Magistri
2923 2511 2977 2559 et
3055 2503 3315 2560 doctores
3401 2512 3625 2559 sanctas
3698 2520 3800 2560 non

297 2592 384 2646 ria
410 2592 467 2647 in
491 2591 701 2648 saecula
732 2591 1097 2646 saeculorum.
1135 2590 1338 2645 Amen.
1367 2611 1388 2637 ι
2106 2590 2292 2646 solum
2324 2590 2608 2661 regularis
2636 2590 2792 2660 vitae,
2829 2605 3035 2648 verum
3074 2593 3261 2648 omnis
3300 2591 3628 2661 spiritualis
3673 2607 3798 2648 nor-

369 2679 482 2750 (13°)
516 2680 649 2737 CAP.
693 2680 875 2736 XVII.
922 2708 995 2721 —
1047 2681 1511 2748 Dispensationem
1563 2679 1694 2732 Filii
1757 2678 1996 2745 Virginis
2105 2691 2234 2745 mae,
2271 2698 2292 2726 ι
2365 2685 2470 2733 etc.
2526 2678 2793 2734 Nicolaus
2852 2693 3002 2749 papa
3044 2679 3117 2746 ΙΙ,
3169 2679 3540 2751 privilegium
3613 2682 3800 2738 archi-

291 2769 624 2837 phantasma
658 2783 769 2824 esse
803 2770 1070 2834 fatentur,
1117 2770 1219 2822 etc.
1268 2766 1718 2824 Manichaeorum
1762 2767 1869 2822 hoc
1914 2774 1998 2823 est
2106 2765 2410 2821 mandritae
2456 2765 2698 2836 hujusce
2728 2766 3057 2822 monasterii
3106 2766 3312 2822 Poncio
3360 2769 3648 2836 concedit,
3712 2785 3802 2840 ap-

295 2856 757 2912 deliramentum.
830 2855 1225 2925 Inspiciendus
1281 2856 1342 2910 B.
1404 2855 1716 2926 Augustini
1764 2855 1862 2912 lib.
1920 2856 2000 2911 De
2108 2852 2360 2921 probans
2398 2854 2670 2909 universa
2697 2869 2829 2924 quae
2868 2854 3230 2911 contulerant
3274 2870 3456 2926 reges,
3499 2858 3802 2929 ceterique

296 2943 630 3011 haeresibus,
663 2945 803 3013 fcap.
852 2945 920 2999 46
961 2951 1083 3013 post
1124 2943 1415 3011 medium;
1458 2942 1512 2997 S.
1558 2943 1686 3009 Leo,
1721 2957 1926 2998 sermo.
1963 2946 1993 2995 5
2024 2995 2061 3017 ﬂ
2107 2939 2457 2995 Christiani:
2516 2962 2536 2990 α
2591 2941 2923 3008 Licentiam,
2974 2941 3186 3013 inquit,
3230 2942 3465 2999 donanti
3511 2946 3802 3017 paeniten-

860 2995 914 2999 -ν
965 2995 1081 3013 τη-
1558 2995 1686 3009 -τη
2593 2995 2631 2996 η
2999 2995 3186 3013 arei,
3236 2995 3465 2999 ——————-
3511 2995 3773 3017 Γ---ην-

295 3031 373 3087 De
409 3033 630 3102 jejunio
671 3033 873 3088 decimi
923 3032 1152 3098 mensis,
1205 3031 1314 3086 sub
1363 3031 1544 3100 med.;
1595 3046 1800 3087 sermo.
1841 3033 1876 3086 4
1915 3033 1994 3087 De
2023 2995 2062 3049 ο
2105 3027 2243 3082 tiam
2272 3028 2342 3084 ad
2391 3043 2449 3084 se
2503 3029 2893 3100 undecunque
2947 3030 3244 3086 humiliter
3297 3035 3797 3102 concurrentibus.

295 3118 764 3190 Quadragesima,
807 3126 938 3175 ante
982 3119 1174 3185 ﬁnem,
1215 3126 1270 3174 et
1317 3119 1442 3190 ejus
1478 3119 1644 3189 epist.
1684 3119 1753 3174 93
1793 3128 1996 3191 contra
2102 3115 2757 3187 excommunicandique
2819 3131 3115 3187 perversos
3178 3123 3514 3189 potestatem
3577 3123 3800 3189 habeat,

295 3206 768 3274 Priscillianistas,
826 3221 950 3276 cap.
1020 3211 1081 3273 7;
1150 3207 1590 3263 Prmdestinatus
1646 3208 1847 3264 haeresi
1901 3209 1993 3277 46,
2101 3208 2158 3259 et
2198 3203 2453 3259 solvendi
2504 3203 2932 3274 satisfacientes,
2975 3206 3313 3264 auctoritate
3359 3210 3680 3278 apostolica
3727 3213 3803 3267 in-

293 3293 363 3347 60
396 3301 450 3349 et
481 3294 567 3348 70.
2103 3291 2428 3362 dulgemus,
2459 3300 2564 3348 etc.
2609 3295 2679 3349 Et
2703 3308 2774 3349 ne
2805 3309 3043 3364 parvam
3084 3297 3401 3366 quamlibet
3441 3302 3802 3358 occasionem

366 3382 435 3437 At
459 3382 612 3437 enim
645 3381 701 3437 in
734 3381 933 3449 Gallia,
965 3396 1080 3438 non
1111 3382 1278 3438 modo
1327 3390 1633 3453 postquam
1667 3385 1850 3453 sopita
1883 3385 1996 3440 hae-
2105 3380 2359 3449 przedicti
2411 3381 2517 3436 loci
2593 3383 2958 3452 congregatio
3037 3383 3370 3440 adinveniat
3442 3390 3802 3458 exsequendi

295 3470 435 3525 resis
499 3471 930 3541 Barengariana
989 3479 1094 3535 est,
1179 3471 1526 3528 territorium
1590 3471 1994 3529 Suessionense
2103 3483 2234 3538 quae
2265 3477 2463 3525 sancta
2493 3479 2627 3526 sunt
2651 3479 2704 3526 et
2719 3471 2896 3541 justa,
2919 3479 3199 3528 etsanctze
3229 3474 3442 3543 regulae
3465 3489 3796 3546 congrua,-

295 3555 466 3613 hacce
518 3558 785 3626 pestifera
832 3558 1127 3614 Clementii
1184 3560 1380 3629 (quem
1427 3561 1700 3616 tuebatur
1748 3563 1995 3618 Joannes
2101 3565 2208 3614 etc.
2277 3559 2367 3614 Ex
2433 3559 2642 3614 tabulis
2725 3559 2983 3630 ejusdem
3061 3562 3412 3617 monasterii.
3493 3563 3805 3620 Instituens

291 3645 498 3714 comes)
519 3646 646 3702 labe
675 3646 949 3702 infectum
989 3655 1091 3711 est,
1127 3650 1240 3703 imo
1275 3647 1331 3702 in
1361 3648 1726 3704 Armonicam
1759 3664 1994 3720 quoque
2101 3645 2419 3717 Neuﬁngus
2479 3647 2910 3718 Andegavensis
2975 3647 3222 3718 episcop.
3284 3649 3626 3719 monachos,
3692 3655 3803 3721 (ex-

295 3734 650 3801 provinciam
686 3733 809 3804 ipsa
835 3735 1035 3790 eadem
1077 3742 1411 3804 tempestate
1451 3735 1709 3792 diversas
1752 3738 1996 3795 haereses
2102 3733 2281 3802 pulsis
2323 3733 2630 3805 canonicis)
2680 3735 2739 3790 in
2789 3735 3134 3792 monaSIerio
3197 3735 3252 3792 S.
3291 3737 3512 3805 Albini,
3563 3741 3649 3795 sic
3689 3741 3803 3796 elo-

291 3821 532 3891 serpisse
586 3822 747 3878 docet
811 3823 976 3893 [Iugo
1029 3823 1504 3894 Rothomagensis
1552 3825 1828 3894 archiep..
1877 3832 1992 3881 tra-
2103 3822 2308 3891 quitur
2361 3823 2421 3878 in
2468 3824 2690 3880 schedis
2734 3825 3072 3880 veteribus:
3112 3847 3133 3873 ε
3181 3825 3488 3897 Privilegia
3547 3843 3687 3899 quae
3741 3843 3804 3884 ex

292 3910 452 3960 ctatu
484 3905 560 3960 De
589 3904 923 3971 haeresibus,
962 3905 1065 3975 qui
1096 3905 1307 3962 idcirco
1337 3905 1587 3975 primum
1621 3922 1779 3964 nunc
1816 3907 1928 3964 luci
1960 3923 1994 3964 a
2103 3910 2342 3980 antiquo
2389 3911 2683 3967 canonicis
2733 3913 2990 3982 ejusdem
3031 3913 3280 3970 ecclesiae
3321 3914 3557 3971 fuerant
3607 3918 3807 3973 obten-

292 3991 458 4047 nobis
483 3993 810 4062 exponitur.
838 3993 1106 4062 Reperies
1131 3993 1279 4051 inter
1299 3995 1707 4051 additamenta.
2103 4005 2178 4066 ta,
2227 4004 2379 4053 063
2427 4000 2704 4056 fratribus
2744 4014 2979 4070 quoque
3016 4015 3173 4057 nunc
3209 4003 3320 4058 Deo
3368 4002 3583 4060 ibidem
3635 4020 3810 4076 regu-

363 4078 474 4150 (¹²¹)
505 4081 642 4136 Isin.
684 4111 752 4121 —
791 4084 1003 4136 Interea
1042 4085 1382 4151 perreximus
1422 4084 1498 4138 ad
1537 4084 1821 4138 amcitiam
1859 4085 1992 4140 Bel-
2103 4087 2300 4143 lariter
2325 4088 2728 4155 servientibus,
2763 4095 2960 4144 nostra
3002 4091 3341 4146 auctoritate
3389 4091 3806 4150 ﬁrmaremus:

292 4182 534 4222 vacense.
567 4168 672 4224 Cui
712 4169 981 4238 praesedit
1011 4173 1163 4226 Cono
1193 4171 1416 4242 legatus
1449 4171 1734 4228 Paschalis
1772 4173 1842 4240 11,
1893 4187 1987 4228 an.
2102 4176 2258 4245 quod
2310 4190 2414 4232 nos
2463 4176 2724 4232 ordinem
2763 4184 3029 4233 sanctum
3084 4178 3338 4236 attollere
3375 4181 3686 4251 cupientes
3724 4183 3801 4239 fe.

297 4256 452 4322 lll4,
493 4257 648 4326 quod
677 4271 856 4326 supra
880 4258 1069 4314 visum
1095 4267 1197 4315 est.
1220 4259 1488 4329 Append.
1525 4260 1594 4314 ad
1622 4259 1990 4330 Sigibertum,
2019 4289 2062 4344 ι)
2101 4264 2305 4334 cimus,
2342 4285 2364 4313 ι
2401 4272 2509 4321 etc.

289 4351 344 4399 et
374 4344 644 4400 Nicolaus
675 4345 818 4401 Vitae
851 4346 902 4402 8.
930 4345 1216 4402 Codefridi
1245 4348 1342 4403 lib.
1375 4361 1458 4414 ιιι,
1499 4361 1622 4417 cap.
1653 4348 1705 4404 9.
2169 4355 2238 4408 At
2265 4367 2401 4408 vero
2443 4353 2491 4408 si
2545 4353 2698 4410 ultra
2738 4354 3194 4425 progrediamur,
3235 4364 3290 4412 et
3341 4357 3644 4414 anteriora
3699 4375 3802 4415 sae-

361 4433 478 4501 (ηε)
510 4431 640 4489 CAP.
701 4433 912 4490 XVIII.
963 4463 1034 4474 —
1073 4435 1495 4490 Sordidissimas
1538 4436 1747 4491 bracas.
1799 4436 1986 4505 0vid.,
2098 4439 2229 4496 cula
2257 4441 2642 4509 attendamus,
2671 4442 3066 4498 coanobiticam
3098 4444 3273 4499 vitam
3304 4444 3574 4502 Ecclesiae
3612 4448 3803 4504 Patres

287 4518 479 4587 Trist.,
514 4520 615 4576 lib.
652 4535 750 4591 III;
782 4520 927 4592 eleg.
973 4521 1062 4588 10,
1118 4521 1354 4577 braccas
1404 4533 1700 4593 memorat,
1734 4525 1802 4580 de
1839 4541 1990 4596 qua—
2095 4528 2259 4603 [miris
2295 4529 2620 4586 cumulasse
2669 4530 2942 4587 laudibus
2990 4532 3376 4587 advertemus.
3425 4532 3482 4588 S.
3545 4535 3804 4592 Athana-

286 4621 418 4662 rum
445 4609 684 4678 antiquo
706 4625 817 4666 usu
835 4609 1089 4676 Vossius,
1122 4610 1200 4665 De
1225 4610 1381 4666 vitiis
1401 4613 1698 4679 sermonis,
1733 4627 1864 4684 pag.
1901 4618 1981 4670 10.
2095 4616 2236 4684 sius,
2270 4616 2548 4673 referente
2569 4617 2846 4686 Cedreno,
2880 4634 3122 4675 numero
3165 4621 3285 4675 sive
3309 4634 3432 4690 cap.
3479 4625 3543 4677 91
3607 4624 3801 4680 Histo-

284 4694 432 4761 Quid
485 4711 623 4753 vero
679 4704 884 4752 sonent
933 4697 1092 4768 apud
1149 4705 1430 4754 nostrates
1473 4699 1779 4772 indigitant
1827 4702 1984 4758 Moli-
2096 4704 2193 4760 rize
2226 4719 2239 4758 :
2277 4727 2297 4754 ι
2333 4706 2476 4762 Cum
2506 4706 2620 4762 duo
2649 4706 2765 4761 sint
2793 4707 2924 4762 vitae
2977 4720 3208 4778 genera,
3262 4708 3546 4764 mediocre
3583 4725 3797 4777 unum,

285 4797 540 4839 smenses
605 4784 871 4840 monachi
932 4785 1088 4854 apud
1155 4785 1408 4843 Orderic.
1472 4787 1736 4856 Vitalem,
1819 4791 1983 4858 Hist.,
2093 4800 2146 4848 et
2174 4793 2443 4850 humanae
2491 4793 2621 4849 vitae
2669 4794 3194 4864 accommodatum;
3245 4795 3493 4852 alterum
3575 4801 3799 4871 angeli-

283 4871 382 4928 lib.
439 4887 555 4939 VIII,
621 4887 752 4943 pag.
824 4872 977 4928 712:
1014 4892 1043 4925 ‹‹
1105 4876 1206 4930 Ast
1249 4888 1446 4931 omnes
1504 4877 1699 4946 populi
1766 4877 1986 4934 braccis
2093 4895 2247 4946 cum,
2270 4889 2325 4937 et
2354 4881 2748 4950 apostolicum,
2782 4889 2957 4951 atque
2997 4882 3463 4952 incomparabile,
3513 4889 3685 4955 quod
3727 4899 3802 4944 est

284 4966 531 5016 utuntur
559 4962 620 5016 in
649 4960 888 5016 occiduo
937 4961 1196 5031 climate;
1229 4977 1332 5019 nec
1361 4964 1441 5020 eis
1477 4972 1594 5020 tam
1634 4979 1736 5034 pro
1774 4966 1984 5038 frigore
2091 4967 2440 5038 virginitatis
2464 4977 2639 5040 atque
2696 4969 3024 5027 monasticae
3074 4969 3226 5037 vitm,
3261 4993 3282 5018 ι
3339 4980 3446 5027 etc.
3495 4974 3566 5028 Et
3601 4979 3802 5044 paucis

281 5063 458 5118 quam
490 5063 590 5118 pro
631 5048 905 5106 dedecore
944 5058 1164 5106 norunt
1204 5064 1413 5107 carere.
1464 5051 1686 5118 Quibus
1726 5067 1828 5122 pro
1857 5068 1986 5110 cau-
2091 5055 2444 5126 interjectis:
2484 5078 2505 5106 ι
2540 5059 2732 5129 Atque
2759 5057 2894 5113 hinc
2925 5059 3234 5128 Dionysius
3263 5059 3355 5114 ille
3386 5063 3753 5130 apostolicus
3785 5082 3797 5116 :

279 5138 355 5193 sis
387 5137 535 5193 idem
567 5151 692 5192 mos
724 5144 807 5193 est
846 5137 903 5192 in
951 5146 1144 5195 nostro
1185 5139 1406 5195 ordine.
1439 5158 1464 5192 ι)
1508 5139 1720 5210 Nempe
1759 5143 1980 5200 braccis
2087 5142 2357 5200 Omnium
2419 5158 2716 5202 sacrorum
2773 5145 3043 5202 ordinum
3081 5161 3390 5218 supremus
3435 5156 3494 5204 et
3541 5151 3800 5207 celsissi-

282 5225 580 5280 femoralia
622 5225 1000 5297 intelligunt;
1062 5227 1192 5282 inde
1249 5228 1494 5284 braccile
1543 5228 1976 5301 diminutivum,
2090 5245 2218 5288 mus
2261 5241 2345 5289 est
2395 5232 2812 5290 monachorum
2865 5235 3027 5300 ordo,
3065 5256 3086 5284 ι
3118 5243 3225 5291 etc.
3271 5235 3396 5301 Qua
3421 5235 3495 5292 de
3525 5251 3594 5293 re
3625 5240 3800 5296 Theo

287 5313 442 5381 quod
506 5313 936 5384 subligaculum
1000 5315 1181 5385 aliqui
1249 5314 1722 5385 interpretantur.
1791 5317 1980 5375 Adeas
2084 5320 2278 5377 dosius
2308 5321 2443 5392 imp.
2480 5322 2788 5378 monachos
2832 5322 3133 5392 alloquens
3190 5323 3398 5379 ibidem
3445 5323 3631 5381 infra.
3668 5342 3794 5398 cap.

281 5400 614 5456 Menardum
679 5401 736 5455 in
805 5401 1180 5458 Concordiam
1245 5402 1604 5473 regularum,
1684 5397 1807 5474 cap.
1881 5409 1970 5475 42,
2092 5409 2188 5462 130
2221 5423 2234 5462 ;
2272 5431 2292 5456 ε
2347 5409 2501 5464 Beati
2546 5423 2614 5464 ac
2663 5410 2970 5466 felicissimi
3011 5411 3283 5480 profecto,
3334 5426 3457 5480 vos,
3495 5397 3794 5484 monachi,

281 5500 410 5557 pag.
442 5488 1655 5561 894;etHaeftenum,Disquisit.monast.,
1691 5506 1822 5564 pag.
1843 5495 1968 5550 495.
2079 5495 2234 5564 estis,
2271 5515 2292 5544 ι
2391 5504 2496 5552 etc.
2567 5498 2634 5552 In
2695 5497 2928 5555 laudem
2993 5498 3047 5554 S.
3101 5499 3404 5556 Athanasii
3461 5505 3791 5562 orationem
