3924 6090
165 265 291 317 1201

1434 260 1649 316 ΠΟΜΝΙ
1688 262 1743 316 L.
1787 258 2135 316 D’ACHERY
2173 259 2393 316 NOTAE.

3533 263 3554 314 1
3565 264 3671 315 202

157 392 358 449 habuit
398 391 448 447 8
489 391 728 461 Gregor.
769 390 904 447 Naz.
953 397 1156 459 estque
1208 391 1391 446 oratio
1446 393 1535 458 2t,
1587 391 1686 446 ubi
1732 392 1842 447 sub
1872 398 1916 451 Α
1954 390 2184 447 Carnot.
2240 387 2512 460 praedicat
2583 387 2704 444 suis
2757 387 2960 444 litteris
3009 389 3080 445 ad
3144 388 3413 445 abbatem
3497 391 3665 447 Bonae

156 482 304 538 med.
343 496 354 536 :
385 504 405 530 ι
444 481 529 536 Ad
559 494 726 536 sacra
763 479 863 535 illa
900 485 954 535 et
985 479 1184 534 divina
1231 480 1461 551 ngypti
1513 480 1863 535 monasteria

159 585 216 624 se
249 569 487 636 confert,
538 569 598 624 in
647 568 864 638 quibus
923 567 1182 623 homines
1212 582 1246 623 a
1293 569 1508 624 mundo
1553 583 1612 623 se
1648 568 1865 624 distra-

160 659 378 725 hentes,
445 659 558 713 Deo
612 657 825 712 vivunt
881 657 1068 727 magis
1127 671 1303 726 quam
1356 657 1547 712 caeteri
1610 657 1866 713 homines

161 747 262 816 qui
294 746 352 800 in
384 760 620 815 corpore
671 751 1000 800 versantur.
1047 766 1067 792 ι
1096 744 1292 814 {Quam
1324 745 1396 800 ob
1437 759 1556 800 rem
1591 745 1644 800 S.
1678 745 1865 815 Chry-

162 841 449 901 sostomo.,
484 833 681 890 homil.
729 836 816 900 70,
863 833 921 888 in
961 847 1086 902 cap.
1125 834 1213 887 22.
1239 834 1479 890 Matth.:
1519 855 1538 882 ι
1574 833 1698 889 Non
1726 834 1865 890 coelo

162 923 502 978 diverticula
556 923 978 978 monachorum
1043 921 1268 977 minora
1320 922 1659 977 aestimanda
1706 931 1861 979 sunt.

164 1010 370 1080 Angeli
418 1024 642 1080 nempe,
691 1011 804 1064 imo
865 1023 1002 1065 vero
1061 1009 1182 1077 ipse
1234 1023 1468 1078 quoque
1525 1009 1865 1080 angelorum

163 1098 441 1154 Dominus
480 1110 876 1167 szepenumero
935 1096 1007 1150 ad
1033 1110 1129 1151 eos
1157 1095 1550 1151 divertuutur.
1591 1116 1612 1142 ι
1649 1096 1865 1150 lterum

163 1188 394 1256 Cregor.
460 1187 630 1248 Naz.,
679 1193 832 1242 orat.
885 1185 958 1240 ad
1001 1184 1300 1240 Julianum
1356 1185 1519 1240 Trib.
1579 1198 1784 1254 exseq.
1848 1199 1861 1236 :

169 1298 190 1324 ι
227 1275 325 1330 Dei
383 1288 580 1330 servos
609 1281 663 1330 et
692 1273 1020 1343 discipulos,
1055 1273 1373 1328 caelestium
1425 1286 1622 1329 rerum
1673 1272 1861 1340 inspe-

163 1370 366 1426 ctores,
419 1361 646 1433 generis
693 1361 872 1417 nostri
920 1360 1222 1431 primitias,
1267 1361 1390 1416 haec
1419 1359 1730 1424 columina,
1764 1359 1868 1414 has

165 1451 298 1506 fidei
363 1458 570 1506 nostrae
627 1463 888 1518 coronas,
957 1450 1058 1504 hos
1126 1447 1322 1518 templi
1371 1448 1657 1518 lapides,»
1732 1455 1862 1514 etc.,

165 1538 413 1609 appellat
483 1539 792 1594 monachos
841 1538 912 1593 Et
965 1536 1290 1593 Salvianus.
1326 1536 1422 1592 lib.
1477 1551 1575 1592 VIII
1623 1536 1702 1592 De
1751 1550 1864 1607 gu-

164 1627 284 1683 ber.
319 1634 463 1697 post.
493 1627 641 1683 med.
677 1641 690 1681 :
721 1648 741 1675 ι
769 1624 1153 1695 SanctosiDei.
1192 1646 1213 1674 ›

235 1715 557 1772 Concilium
608 1714 947 1771 Toletanum
993 1729 1050 1769 IV
1083 1714 1191 1769 sub
1234 1712 1480 1769 Honorio
1511 1712 1615 1767 PP.
1654 1713 1698 1767 Ι.
1734 1725 1861 1781 cap.
1895 1698 1935 1753 Β

169 1805 237 1857 50
277 1817 289 1856 :
331 1824 352 1851 ι
400 1801 604 1858 Clerici
643 1801 767 1872 lqui
817 1801 1239 1857 monachorum
1286 1800 1638 1871 propositum
1689 1813 1866 1869 appe-

168 1897 320 1957 tunt,
355 1891 496 1960 quia
527 1890 816 1946 meliorem
849 1890 1027 1945 vitam
1056 1889 1218 1960 sequi
1250 1888 1512 1959 cupiunt,
1546 1888 1755 1945 liberos
1787 1887 1867 1943 eis

168 1979 240 2034 ab
288 1978 567 2048 episcopis
603 1979 661 2034 in
710 1978 1068 2034 monasteriis
1115 1977 1313 2049 largiri
1367 1983 1586 2047 oportet
1639 1977 1865 2047 ingres-

168 2081 286 2122 sus.
344 2089 364 2114 ι
420 2067 748 2123 Bonifacius
787 2081 933 2137 papa
969 2066 1046 2122 IV
1100 2066 1318 2123 clericis
1364 2065 1718 2136 Anglicanis,
1763 2063 1864 2134 qui

170 2155 328 2211 omni
355 2156 543 2212 studio
563 2157 808 2226 totisque
836 2156 1060 2212 viribus
1106 2155 1434 2222 monachos,
1469 2154 1623 2225 quod
1653 2151 1866 2208 mortui

170 2251 359 2302 essent
413 2245 649 2312 mundo,
695 2245 1033 2300 clericorum
1084 2243 1286 2299 officiis
1332 2257 1526 2299 arcere
1569 2242 1865 2298 conaban-

171 2339 288 2401 tur,
322 2332 690 2402 respondens,
726 2332 873 2387 inter
901 2332 1014 2388 alia
1059 2331 1140 2387 sic
1187 2331 1483 2387 rescribit:
1525 2351 1544 2379 ι
1594 2329 1864 2386 Sacerdo-

174 2427 256 2477 tes
304 2421 480 2490 igitur
532 2419 799 2476 monachi
851 2428 906 2475 et
952 2418 1232 2485 canonici,
1293 2419 1395 2488 qui
1451 2418 1706 2488 quotidie
1766 2416 1865 2472 Dei

172 2517 456 2579 praecepta
481 2509 852 2572 annuntiant,
894 2507 1083 2578 angeli
1139 2514 1422 2563 vocantur
1469 2507 1689 2562 ratione
1747 2520 1863 2561 non

171 2597 509 2668 incongrua.
551 2596 655 2652 Sed
707 2597 1113 2666 unusquisque
1143 2595 1440 2667 angelicus
1469 2595 1606 2650 ordo
1644 2602 1864 2664 quanto

170 2687 487 2742 claritatem
540 2685 637 2740 Dei
678 2685 906 2740 vicinus
959 2684 1403 2754 contemplatur,
1451 2690 1609 2740 tanto
1666 2682 1862 2754 digni-

172 2782 286 2831 tate
349 2774 649 2830 sublimior
703 2773 1030 2829 aftirmatur
1075 2788 1088 2827 :
1167 2787 1300 2828 nam
1393 2771 1480 2827 uti
1527 2771 1858 2837 Cberubim,

169 2863 436 2919 monachi
484 2877 584 2918 sex
633 2862 737 2917 alis
777 2861 1064 2928 velantur,
1119 2882 1141 2910 ι
1208 2869 1315 2917 etc.
1377 2861 1557 2917 Habet
1597 2860 1720 2916 haec
1763 2861 1862 2916 Ivo

169 2952 403 3016 decret.,
449 2957 596 3020 part.
666 2965 765 3015 vn,
820 2963 946 3018 cap.
998 2952 1084 3003 22.
1127 2947 1386 3006 Concinit
1434 2948 1494 3004 in
1543 2947 1692 3003 hanc
1740 2961 1860 3003 rem

171 3053 496 3108 anonymus
526 3045 691 3107 poeta
737 3037 796 3092 in
836 3037 985 3093 notis
1025 3037 1319 3093 Sirmundi
1363 3037 1437 3092 ad
1486 3035 1584 3092 lib.
1625 3051 1700 3091 IV.
1748 3035 1864 3091 Go-

171 3123 387 3181 defredi
427 3123 630 3192 Vindo,
655 3123 819 3194 epist.
846 3126 867 3179 l
893 3123 952 3178 in
986 3124 1114 3179 line.

242 3257 332 3312 Sic
361 3256 628 3312 Cherubin
656 3257 800 3324 coelo,
833 3258 1083 3311 monachi
1104 3257 1292 3311 tellure
1318 3259 1613 3322 manentes,

318 3346 490 3399 Unum
517 3344 653 3400 dant
676 3346 776 3398 uni
793 3347 1077 3399 servitium
1099 3347 1336 3399 Domino.

171 3475 432 3546 Denique
479 3476 857 3546 subsequiora
896 3483 1153 3546 tempora
1199 3475 1505 3546 paululum
1590 3473 1867 3544 inspicia-

171 3576 321 3618 mus.
375 3563 440 3618 In
477 3563 713 3620 concilio
753 3563 1137 3620 Lemovicensi
1181 3577 1276 3619 an.
1314 3563 1469 3630 1034,
1519 3562 1600 3618 ita
1635 3575 1731 3616 eos
1764 3559 1866 3630 qui

170 3650 552 3708 consedebant
581 3651 792 3709 affatur
849 3667 1058 3722 praises
1093 3667 1106 3706 :
1144 3673 1166 3701 ι
1225 3651 1314 3707 Illi
1361 3650 1516 3707 enim
1554 3647 1866 3721 (monachi)

173 3739 380 3795 nostris
408 3740 631 3811 legibus
667 3740 984 3812 constringi
1023 3755 1137 3796 non
1158 3740 1386 3808 debent,
1429 3739 1532 3809 qui
1575 3740 1727 3794 ultra
1764 3751 1867 3792 nos

172 3841 274 3896 per
324 3835 540 3884 arctam
577 3835 632 3884 et
682 3837 991 3901 angustam
1055 3836 1278 3900 portam
1345 3827 1478 3884 vitae
1534 3825 1869 3897 ingrediun-

175 3922 289 3971 tur.
326 3937 347 3964 ι
384 3916 599 3972 Deinde
642 3924 765 3987 post
797 3931 1018 3987 pauca:
1083 3938 1104 3966 ‹
1142 3916 1394 3973 Abbates
1425 3915 1722 3986 regulares
1751 3927 1866 3968 non

172 4002 297 4058 ideo
351 4003 424 4058 ad
480 4003 767 4073 synodum
841 4004 1037 4060 venire
1104 4017 1244 4074 cogo
1321 4001 1498 4072 hujus
1567 4000 1738 4066 sedis,
1805 4005 1869 4055 ut

175 4098 520 4161 arguantur,
572 4092 670 4147 sed
711 4099 774 4148 ut
826 4092 966 4148 mihi
998 4092 1067 4148 de
1098 4091 1272 4148 rebus
1305 4088 1698 4148 ecclesiasticis
1745 4102 1866 4143 mo-

174 4180 443 4236 derandis
488 4179 816 4237 consultum
848 4181 1173 4251 praebeant;
1207 4187 1497 4251 quatenus
1529 4177 1657 4248 ipsi,
1708 4176 1871 4247 spiri-

179 4268 360 4324 tuales
385 4267 514 4336 viri,
576 4269 638 4348 in
683 4269 1058 4326 retributione
1108 4283 1332 4325 corona:
1372 4281 1595 4324 mecum
1625 4265 1868 4336 'partici-
1893 4295 1938 4349 Ι)

178 4366 402 4426 pentur.
464 4377 485 4406 ι
540 4343 700 4414 Unde
757 4357 810 4414 S.
866 4359 972 4414 Leo
1024 4358 1128 4413 PP.
1201 4357 1281 4412 IX
1340 4356 1753 4412 monachorum
1809 4355 1863 4410 S.

177 4443 418 4516 Remigii
463 4444 522 4500 in
574 4445 810 4502 concilio
858 4445 1158 4502 Remensi:
1214 4466 1242 4495 «
1295 4444 1617 4501 societatem
1670 4443 1869 4499 devote

175 4533 332 4602 petiit
395 4531 525 4602 (fert
569 4539 735 4589 vetus
777 4534 994 4605 charta)
1041 4541 1096 4590 et
1151 4533 1387 4604 accepit,
1441 4545 1724 4602 suamque
1792 4529 1872 4586 eis

178 4619 472 4677 humiliter
506 4621 830 4690 petentibus
860 4622 1104 4692 largitus
1133 4629 1236 4687 est,
1291 4643 1312 4670 ι
1364 4629 1470 4677 etc.
1505 4620 1672 4676 Anno
1713 4621 1867 4686 l049,

175 4724 293 4780 quo
359 4709 480 4766 loco
533 4705 862 4764 monasticis
916 4708 1063 4765 votis
1137 4708 1396 4765 astrictos
1467 4706 1702 4763 haberet
1769 4706 1870 4762 Ivo

1969 478 2150 534 Vallis
2180 477 2548 546 Bernerium;
2610 477 2698 532 his
2754 491 2890 533 mox
2933 477 3103 533 ﬁnem
3141 478 3350 534 nostris
3389 479 3668 534 observa~

1968 566 2221 622 tionibus
2269 566 2648 634 imponemus.
2694 565 2747 620 S.
2812 566 3161 632 Bernardus,
3196 580 3364 621 serm.
3421 568 3499 622 De
3528 581 3666 623 ver-

1972 653 2056 709 bis
2088 653 2360 708 Domini:
2399 673 2426 700 ‹‹
2472 653 2619 709 Vere
2675 653 3010 716 claustrum,
3072 653 3278 709 fratres
3337 655 3470 720 mei,
3527 670 3661 711 vere

1971 743 2168 812 religio
2214 748 2297 798 est
2337 742 2656 810 paradisus.
2717 762 2745 791 ››
2798 742 3000 797 Petrus
3042 741 3311 809 Blesens.,
3365 743 3531 812 epist.
3597 747 3660 797 l3

1970 831 2080 886 sub
2113 832 2319 886 linem:
2360 853 2380 879 ι
2417 832 2596 886 Juxta
2636 831 2976 886 sententiam
3017 830 3204 886 cordis
3235 830 3364 898 mei,
3398 831 3446 885 si
3491 845 3668 900 para-

1968 916 2129 973 disus
2181 918 2240 972 in
2271 918 2379 973 hac
2410 917 2528 973 vita
2572 918 2839 987 praesenti
2895 924 2998 984 est,
3061 918 3152 973 vel
3190 917 3251 972 in
3287 918 3536 973 claustro
3562 926 3666 985 est,

1971 1007 2060 1062 vel
2093 1007 2151 1061 in
2182 1007 2396 1062 schola.
2453 1027 2472 1054 ι
2508 1007 2579 1062 Et
2611 1006 2741 1075 pius
2776 1007 3024 1062 Joannes
3079 1005 3310 1062 Gerson.
3347 1006 3451 1061 lib.
3492 1022 3551 1062 ut
3594 1009 3671 1063 De

1972 1094 2284 1150 imitatione
2323 1094 2550 1160 Christi,
2602 1109 2727 1164 cap.
2759 1096 2827 1148 56
2879 1109 2890 1147 :
2957 1116 2977 1142 α
3015 1094 3159 1151 Vere
3199 1094 3315 1149 vita
3377 1095 3513 1149 boni
3552 1109 3664 1150 mo.

1972 1183 2143 1238 nachi
2174 1197 2321 1238 crux
2354 1189 2457 1248 est,
2499 1183 2597 1238 sed
2626 1182 2749 1238 dux
2769 1182 3037 1252 paradisi.
3071 1201 3097 1232 ι)

2041 1270 2325 1327 Οωιθιιιιω
2380 1285 2476 1326 eas
2525 1269 2616 1326 SS.
2680 1271 2916 1326 Patrum
2992 1270 3301 1326 sententias
3352 1270 3434 1326 sic
3492 1284 3526 1325 a
3581 1285 3670 1327 me

1972 1359 2261 1429 expositas
2319 1359 2489 1415 velim
2543 1359 2761 1427 credas,
2822 1374 2936 1414 non
3004 1359 3075 1414 ad
3143 1359 3376 1426 fastum,
3431 1373 3547 1415 non
3601 1359 3674 1415 ad

1973 1446 2342 1518 philautiam;
2410 1447 2530 1503 sive
2584 1454 2648 1503 ut
2678 1447 2805 1502 aliis
2835 1446 3135 1502 ordinibus
3189 1446 3520 1504 institutum
3551 1462 3674 1502 mo-

1972 1535 2280 1603 nasticum,
2341 1536 2496 1606 quod
2538 1536 2593 1590 id
2637 1535 2744 1591 sim
2795 1535 3118 1604 amplexus,
3167 1535 3439 1590 anteferri
3481 1536 3673 1605 (appe-

1974 1625 2122 1696 tam(
2160 1640 2184 1670 ι
2223 1623 2384 1680 Absit
2449 1623 2586 1679 mihi
2619 1623 2872 1694 gloriari,
2908 1623 3015 1677 nisi
3079 1624 3136 1678 in
3213 1637 3384 1678 cruce
3440 1623 3669 1678 Domini

1974 1714 2152 1769 nostri
2207 1715 2340 1770 Jesu
2397 1712 2628 1778 Christi,
2683 1726 2783 1782 per
2815 1725 2986 1781 quem
3020 1710 3160 1765 mihi
3190 1710 3445 1765 mundus
3480 1710 3672 1764 cruei—

1975 1801 2130 1858 ﬁxus
2158 1810 2260 1858 est.
2293 1808 2347 1857 et
2375 1816 2481 1872 ego
2518 1800 2736 1856 mundo
2779 1799 3010 1868 (Galat.)
3059 1814 3137 1865 vn,
3173 1800 3278 1864 l4).
3327 1817 3355 1847 »
3387 1799 3508 1852 Imo
3539 1812 3672 1852 vero

1973 1904 2135 1946 mens
2164 1904 2291 1945 mea
2342 1888 2701 1959 potissimum
2750 1888 2878 1951 fuit,
2922 1901 3052 1956 quae
3090 1886 3231 1941 mihi
3264 1887 3431 1954 linter
3472 1885 3672 1956 legen-

1973 1977 2112 2033 dum
2171 1977 2532 2047 collegeram,
2581 1973 2797 2045 speculi
2854 1974 3055 2041 instar,
3117 1973 3184 2028 iis
3245 1973 3368 2042 qui,
3433 1972 3674 2028 terrenis

1971 2066 2147 2122 rebus
2183 2065 2479 2135 despectis,
2512 2063 2722 2119 Christi
2764 2076 2942 2118 suave
2971 2063 3182 2132 jugum
3214 2060 3473 2116 humeris
3501 2060 3674 2121 iultro

1974 2152 2391 2223 imposuerunt,
2445 2151 2722 2223 objicere;
2787 2157 3079 2220 quatenus
3130 2151 3399 2219 repetere
3459 2157 3677 2220 queant

1972 2243 2163 2298 animo
2202 2242 2357 2312 quod
2387 2242 2641 2307 Gerson.,
2677 2239 2772 2294 ubi
2814 2251 2992 2307 supra
3021 2251 3147 2307 cap.
3186 2240 3269 2304 lO,
3307 2237 3447 2292 tanti
3497 2237 3672 2292 facit:

1978 2353 1999 2380 ι
2074 2330 2204 2387 Non
2251 2330 2401 2386 enim
2449 2329 2718 2385 omnibus
2775 2327 3103 2398 (exclamat)
3167 2326 3370 2382 datum
3417 2326 3519 2381 'est
3584 2333 3669 2393 ut,

1971 2418 2241 2475 omnibus
2271 2417 2568 2486 abdicatis,
2589 2415 2800 2472 saeculo
2829 2415 3178 2481 renuntient,
3211 2421 3266 2469 et
3298 2413 3673 2470 monasticam

1971 2507 2149 2562 vitam
2227 2513 2503 2562 assumat.
2594 2527 2615 2551 ι
2676 2504 2790 2560 Nec
2854 2517 2968 2558 non
3034 2509 3090 2558 et
3141 2516 3256 2572 quo
3310 2501 3517 2558 animae
3606 2516 3673 2562 ac

1971 2593 2222 2665 corporis
2287 2594 2438 2650 vires
2503 2592 2826 2659 collineare,
2897 2597 2953 2646 et
3026 2597 3315 2659 quantum
3360 2590 3668 2656 virtutum,

1970 2677 2405 2752 sanctitatisque
2436 2681 2729 2753 fastigium
2778 2685 3033 2748 spectare
3065 2677 3330 2744 debeant,
3383 2676 3526 2732 nihil
3555 2691 3668 2732 non

1969 2780 2299 2843 agnoscant.
2353 2773 2539 2841 Atque
2589 2770 2668 2825 illi
2706 2777 2980 2840 praeterea
3039 2767 3385 2823 verecundia
3452 2767 3673 2837 percel—

1971 2861 2188 2929 lantur,
2242 2859 2460 2930 quibus
2506 2857 2662 2914 cordi
2710 2855 2944 2911 minime
2971 2863 3053 2911 est
3085 2855 3258 2910 hocce
3285 2854 3434 2920 {vitae
3465 2868 3668 2925 genus,

1970 2932 2191 3005 scilicet
2239 2947 2618 3014 abstinentiae,
2680 2945 2936 3017 jejuniis,
2996 2943 3229 3015 vigiliis,
3290 2943 3668 3009 chameuniis,

1969 3037 2212 3105 silentio,
2245 3036 2538 3093 solitudini
2565 3042 2620 3091 et
2651 3033 2887 3100 caeteris,
2922 3047 3053 3103 quae
3088 3032 3289 3103 gravia
3340 3045 3407 3087 ac
3439 3031 3674 3086 molesta

1969 3126 2130 3204 carni
2156 3139 2357 3181 revera
2387 3123 2676 3188 videntur,
2728 3120 3192 3178 exercitamentis
3229 3134 3462 3190 operam
3513 3119 3670 3184 dare,

1971 3227 2148 3283 seque
2171 3213 2243 3268 ad
2281 3227 2348 3268 ea
2379 3211 2725 3281 perﬁcienda
2775 3210 2923 3266 votis
2951 3209 3330 3279 obstringere,
3372 3215 3494 3262 tum
3523 3220 3676 3273 .ver—

1971 3302 2078 3368 bis,
2147 3308 2267 3357 tum
2320 3300 2495 3357 etiam
2535 3298 2763 3369 scriptis
2811 3297 3158 3367 improbant,
3209 3297 3559 3365 studentque
3596 3293 3676 3348 fa-

1971 3390 2203 3445 stidium
2237 3402 2546 3460 suggerere
2581 3387 2970 3456 praefatorum,
3024 3399 3326 3454 perperam
3371 3384 3671 3438 edocentes

1971 3491 2167 3533 rerum
2199 3491 2370 3532 usum
2402 3475 2545 3530 nihil
2577 3488 2812 3544 prorsus
2845 3486 3126 3529 remoram
3173 3471 3509 3527 Christianae
3543 3483 3676 3538 per-

1972 3564 2200 3621 fectioni
2255 3565 2485 3628 mferre,
2536 3563 2703 3618 modo
2742 3561 2889 3616 adsit
2943 3560 3224 3629 charitas;
3310 3557 3476 3629 quasi
3536 3571 3673 3613 vero

1973 3651 2095 3707 haec
2142 3651 2264 3721 ipsa
2316 3648 2644 3706 conservari
2693 3648 2886 3718 possit,
2921 3646 3212 3717 (charitas,
3246 3646 3506 3716 inquam,
3543 3659 3674 3714 quae

1973 3754 2087 3794 non
2144 3738 2352 3810 quaerit
2401 3751 2532 3808 quae
2586 3751 2693 3791 sua
2761 3742 2918 3802 sunt,
2975 3734 3070 3791 sed
3100 3735 3242 3804 jquae
3296 3734 3430 3789 Jesu
3460 3731 3672 3789 Christi

1975 3830 2024 3893 (I
2072 3829 2191 3884 Cor.
2262 3841 2380 3890 xm,
2425 3826 2502 3896 5),
2554 3825 2660 3880 nisi
2713 3838 2923 3892 corpus
2971 3822 3319 3892 ﬁcastigetur,
3381 3820 3678 3891 redigatur

1977 3917 2034 3973 in
2063 3916 2398 3973 servitutem
2457 3915 2506 3985 (Ι
2556 3916 2676 3970 Cor.
2710 3927 2789 3980 1x,
2832 3911 2939 3982 2'7),
2992 3909 3482 3982 quemadmodum
3534 3908 3679 3978 Apo-

1973 4005 2172 4072 stolus,
2221 4012 2275 4061 et
2331 4009 2616 4075 quotquot
2659 4001 2978 4058 sanctitatis
3023 3999 3256 4056 nomine
3309 3998 3369 4055 in
3418 3997 3673 4054 Ecclesia

1973 4107 2338 4160 veneramur,
2375 4092 2706 4148 actitavere.

1973 4223 2124 4274 664
2175 4219 2350 4274 leonis
2403 4217 2746 4272 Camotensis
2797 4217 3038 4285 episcopi
3099 4215 3294 4268 littera
3349 4212 3424 4266 ad
3468 4214 3670 4287 Berneo

2243 4309 2388 4361 rium
2420 4301 2749 4360 Bonzvailis
2778 4305 3096 4360 monasterii
3124 4303 3390 4357 abbatem.

2052 4463 2073 4489 ε
2117 4439 2398 4506 Quoniam
2437 4437 2835 4508 dispositiones
2881 4434 3393 4493 ecclesiasticarum
3455 4445 3669 4498 rerum,

1980 4527 2287 4598 episcopali
2345 4541 2500 4583 cura
2563 4526 2873 4593 faciendas,
2927 4525 3286 4581 decretorum
3305 4529 3359 4576 et
3388 4533 3674 4575 canonum

1982 4617 2207 4688 paginae
2250 4615 2590 4683 concedunt,
2635 4622 2739 4670 etc.
2780 4635 2800 4662 ι
2839 4614 2974 4669 Vide
3002 4611 3145 4666 inter
3189 4609 3442 4679 epistolas
3471 4609 3673 4675 Ivonis,

1979 4705 2130 4776 apud
2158 4718 2253 4759 nos
2286 4708 2424 4760 tomo
2453 4719 2578 4759 mox
2599 4701 2821 4758 edendo.
3717 4690 3724 4696 ’

1843 4929 2021 4973 PINIS.

1379 5163 1533 5220 SOLI
1573 5163 1714 5218 Ι)Εο
1763 5159 2003 5218 HONOR
2049 5160 2140 5216 ET
2193 5159 2478 5217 GLORIA.
