3924 6090
243 201 375 252 1203
481 249 483 252 ,

1271 198 1364 250 AD
1403 195 1558 251 OPP.
1601 198 1755 252 VEN.
1799 195 2136 251 GUIBERTI
2177 195 2266 251 DE
2307 193 2698 251 NOVIGENTO

3642 189 3790 242 1203

1463 504 2508 612 ADDITAMENTA

453 734 677 856 AD
764 731 1572 857 GUIBERTI
1657 724 2220 855 OPERA
2300 728 3534 853 ILLUSTRANDA.

583 1152 1056 1298 VITA
1167 1152 1314 1296 S.
1448 1147 2476 1293 GEREMARI
2575 1149 3411 1299 ABBATIS

1577 1397 1870 1455 OBDINIS
1910 1396 1970 1453 S.
2020 1397 2402 1454 BENEDICTI
2417 1439 2433 1466 ,

787 1571 1238 1645 AUCTORE
1313 1569 1688 1656 QUIDEM
1764 1568 2244 1643 ANONYMO
2323 1570 2500 1642 SED
2556 1570 3222 1697 IPERANTIQUO.

636 1886 957 1938 661-667
993 1881 1219 1938 CAPUT
1259 1880 1564 1937 PRIMUM.

327 2003 602 2071 Tempore
653 1998 958 2071 Dagoberti
991 1998 1143 2069 regis
1177 1997 1552 2064 Francorum,
1583 2011 1714 2052 cum
1757 1996 1950 2052 fideles

257 2089 468 2146 Christi
505 2089 698 2143 odium
764 2101 865 2156 pro
915 2086 1150 2141 veritate
1202 2085 1582 2152 incurrerent,
1611 2093 1665 2141 et
1697 2100 1798 2155 per
1827 2085 1952 2141 Gal-

260 2179 395 2234 liam
427 2192 461 2232 a
519 2175 790 2232 membris
844 2174 1058 2230 diaboli
1103 2188 1205 2243 pro
1247 2171 1475 2229 nomine
1521 2174 1727 2228 Christi
1771 2174 1952 2229 multa

260 2267 628 2332 sustinerent,
675 2264 879 2320 beatus
918 2263 1261 2319 Geremarus
1290 2263 1360 2317 ad
1397 2263 1795 2332 proterendam
1854 2277 1952 2317 ra-

264 2355 410 2411 biem
441 2351 902 2423 perfidorumlfet
933 2352 1003 2406 ad
1033 2351 1518 2407 corroborandam
1572 2350 1738 2406 fidem
1783 2351 1952 2407 Chri-

262 2444 604 2508 stianorum,
629 2441 766 2496 villa
793 2440 1193 2507 Giviarandra,
1221 2454 1352 2509 qua:
1377 2439 1486 2494 sita
1508 2446 1590 2494 est
1630 2438 1687 2494 in
1708 2439 1954 2496 confinio

266 2530 700 2589 Belvacensium
738 2543 914 2600 super
972 2527 1216 2584 ﬂuvium
1270 2529 1458 2592 Ittam,
1507 2535 1799 2583 annuente
1856 2529 1954 2584 Dei

266 2619 584 2684 clementia,
625 2625 787 2672 ortus
823 2623 925 2672 est.
983 2615 1214 2671 Genitor
1250 2615 1376 2685 ejus
1418 2616 1648 2671 nomine
1677 2615 1956 2688 Rigober-

269 2716 380 2775 tus,
413 2715 467 2762 et
505 2705 753 2776 genitrix
802 2704 934 2760 illus
967 2703 1196 2759 nomine
1238 2703 1382 2773 Aga,
1443 2717 1516 2758 ex
1543 2702 1722 2772 {gente
1773 2703 1958 2758 Fran-

270 2809 467 2851 corum
512 2794 686 2849 nobili
716 2801 858 2848 orta.
890 2792 1063 2848 Ortus
1110 2791 1358 2861 denique
1406 2790 1728 2846 illustribus
1761 2804 1958 2860 paren-

269 2885 424 2939 tibus
453 2895 616 2937 sacro
673 2881 824 2936 fonte
862 2880 1201 2948 baptizatur,
1234 2885 1288 2934 et
1333 2892 1496 2933 sacra
1527 2878 1635 2933 tide
1663 2879 1961 2948 consigna-

275 2982 367 3028 tur
428 2985 440 3024 :
490 2971 669 3026 sacris
715 2967 1246 3039 etenimzmysteriis
1294 2967 1641 3022 imbuendus
1692 2968 1956 3024 traditur.

273 3061 441 3116 Hunc
471 3058 757 3128 siquidem
781 3057 1083 3126 genitores,
1110 3055 1265 3110 velut
1287 3054 1526 3110 unicum
1557 3055 1736 3110 lilium
1773 3063 1963 3111 tenere

1982 1890 2025 1940 Α
2064 1880 2299 1936 nuntios
2328 1879 2778 1936 accersiviteum
2814 1881 2871 1936 in
2899 1881 3180 1952 palatium
3212 1899 3407 1953 suum,
3443 1895 3504 1942 et
3566 1889 3781 1944 videns

2056 1982 2193 2024 eum
2257 1968 2575 2039 elegantem
2625 1977 2679 2026 et
2735 1969 2966 2026 doctum
3020 1970 3077 2026 in
3109 1972 3318 2040 verbis,
3351 1982 3407 2030 et
3440 1977 3776 2046 sapientem

2059 2056 2118 2111 in
2151 2056 2422 2122 consiliis,
2476 2056 2724 2127 praefecit
2753 2072 2887 2114 eum
2931 2059 3184 2116 consiliis
3223 2062 3372 2130 suis;
3405 2063 3588 2134 cujus
3635 2079 3777 2121 con-

2058 2145 2182 2202 silio
2212 2145 2474 2215 quandiu
2528 2145 2838 2216 acquievit,
2897 2149 3100 2204 tandiu
3132 2157 3365 2206 strenue
3400 2153 3775 2209 Francorum

2063 2247 2308 2305 regnum
2338 2234 2604 2290 obtinuit.

2733 2324 2966 2381 CAPUT
3006 2326 3072 2380 II.

2134 2436 2322 2506 Igitur
2353 2452 2465 2493 non
2519 2439 2717 2495 multis
2779 2440 2948 2495 annis
2987 2442 3317 2511 juventutis
3363 2458 3489 2500 suae
3523 2445 3585 2500 in
3623 2447 3779 2518 regis

2065 2524 2368 2596 Dagoberti
2422 2526 2630 2595 palatio
2703 2528 2966 2598 expletis,
3047 2536 3292 2586 tractare
3342 2547 3545 2589 secum
3602 2535 3778 2604 cmpit

2065 2627 2236 2683 quem
2269 2614 2372 2668 sibi
2406 2614 2463 2670 in
2507 2615 2835 2672 haereditate
2887 2631 2994 2673 sua
3027 2619 3245 2674 sociare
3283 2619 3587 2689 potuisset.
3658 2623 3776 2678 Hoc

2065 2709 2258 2758 autem
2330 2717 2397 2758 eo
2470 2704 2754 2775 cogitante
2803 2720 2936 2761 cum
2983 2721 3267 2763 consensu
3316 2708 3470 2779 regis
3530 2719 3776 2767 caetero-

2067 2804 2315 2860 rumque
2334 2791 2686 2858 Francorum
2715 2793 2953 2850 sociavit
2983 2794 3089 2850 sibi
3115 2795 3364 2865 puellam
3394 2798 3449 2852 in
3463 2799 3770 2871 conjugio,

2068 2879 2300 2934 nomine
2357 2881 2694 2936 Domanam.
2755 2882 2871 2937 Hoc
2927 2882 3135 2938 idcirco
3173 2886 3426 2940 maxime
3494 2885 3657 2953 fecit,
3714 2896 3772 2945 ut

2071 2966 2201 3022 inde
2232 2975 2554 3036 procrearet
2582 2968 2836 3039 aliquem
2872 2969 3132 3026 futurum
3167 2973 3475 3040 haeredem,
3514 2989 3589 3030 ne
3653 2983 3779 3045 post

2072 3062 2309 3110 mortem
2343 3055 2470 3125 ejus
2501 3057 2703 3127 gravia
2731 3057 3003 3112 scandala
3032 3059 3326 3116 orirentur
3356 3061 3508 3117 inter
3548 3077 3774 3132 paren-

272 3151 574 3220 diligeutes
630 3147 993 3202 tradiderunt
1054 3144 1262 3200 scholis
1343 3144 1727 3200 erudiendum
1787 3152 1961 3216 atque
1993 3184 2033 3238 Β
2072 3151 2154 3199 tes
2183 3158 2317 3199 suos
2358 3159 2431 3199 ex
2463 3145 2789 3201 hazreditate
2817 3160 2951 3217 sua;
2986 3147 3235 3203 habebat
3264 3163 3521 3219 namque
3561 3165 3780 3221 quam-

277 3235 680 3294 instruendum
708 3234 965 3290 doctrina
999 3233 1229 3290 Christi.

345 3327 472 3382 Post
527 3337 778 3394 quorum
839 3330 1079 3378 mortem
1128 3322 1329 3378 beatus
1364 3323 1723 3388 Geremarus,
1784 3323 1968 3394 magis

275 3429 342 3471 ac
390 3414 576 3485 magis
622 3413 681 3468 in
709 3411 917 3468 Christi
953 3425 1145 3466 amore
1182 3411 1580 3477 exardescens,
1623 3425 1738 3467 non
1778 3425 1966 3468 cessa-

278 3505 372 3559 bat
400 3500 783 3558 substantiam
836 3513 1003 3554 suam
1047 3512 1288 3569 erogare
1325 3499 1702 3568 pauperibus;
1753 3498 1964 3555 sciebat

274 3593 426 3650 enim
459 3591 597 3662 quia
621 3589 775 3660 quod
805 3588 1157 3658 pauperibus
1183 3587 1374 3653 dabat,
1406 3587 1512 3657 ipsi
1555 3587 1796 3642 Domino
1831 3588 1962 3644 Jesu

274 3681 496 3736 Christo
561 3677 872 3743 tribuebat,
930 3677 1077 3732 sicut
1139 3675 1288 3730 idem
1356 3675 1636 3731 Dominus
1693 3675 1829 3730 dicit
1905 3676 1961 3732 in

275 3768 624 3840 Evangelia:
683 3787 711 3816 «
755 3766 916 3830 Quod
975 3764 1076 3821 uni
1133 3779 1206 3819 ex
1255 3764 1507 3820 minimis
1539 3765 1680 3820 meis
1732 3765 1961 3830 fecistis,

275 3857 416 3914 mihi
456 3855 664 3912 fecistis
703 3855 921 3922 (Matth.
966 3869 1098 3919 xxv,
1125 3854 1240 3919 40.)
1280 3873 1298 3900 ο
1343 3852 1710 3921 Przeparabat
1742 3853 1848 3909 sibi
1895 3853 1964 3909 de

273 3939 617 3998 transitoriis
654 3946 886 4000 aeterna,
942 3944 997 3992 et
1036 3937 1104 3991 dc
1153 3936 1385 3992 caducis
1423 3938 1660 4005 praemia
1689 3936 1811 3992 sine
1853 3938 1964 3994 fine

274 4043 574 4085 mansura.
616 4026 714 4082 His
737 4033 792 4082 et
839 4024 965 4080 aliis
995 4025 1193 4081 multis
1229 4024 1508 4093 exemplis
1539 4025 1960 4094 corroboratus,

269 4117 532 4188 captivis,
591 4113 889 4185 orphanis,
940 4113 1152 4179 viduis,
1209 4112 1560 4183 pauperibus
1616 4113 1964 4170 incessanter

273 4205 658 4264 substantiam
688 4201 1250 4271 suamimpendebat.
1276 4201 1379 4256 Sed
1410 4215 1543 4256 cum
1569 4200 1689 4271 jam
1723 4200 1960 4256 Domino

272 4293 578 4366 placuisset
618 4292 888 4348 meritum
921 4291 1176 4347 revelare
1221 4289 1417 4346 multis
1448 4289 1598 4346 beati
1647 4289 1958 4355 Geremari,

273 4383 568 4456 quoniam,
620 4379 767 4436 sicut
817 4378 934 4449 ipse
984 4379 1119 4434 dicit
1166 4378 1224 4433 in
1273 4377 1584 4448 Evangelia
1626 4392 1638 4431 :
1696 4399 1716 4425 ι
1781 4378 1960 4434 Nemo

2075 3231 2325 3302 plurima
2372 3233 2606 3302 praedia,
2665 3241 2950 3305 erantque
2989 3235 3040 3291 ei
3109 3244 3377 3305 parentes
3421 3237 3673 3306 plurimi
3721 3242 3776 3296 in

2073 3320 2282 3390 palatio
2328 3322 2480 3392 regis
2529 3323 2854 3393 Dagoberti.
2905 3325 3154 3393 Accepta
3211 3339 3345 3380 vero
3397 3339 3586 3381 uxore
3643 3342 3771 3395 sua,

2071 3408 2375 3478 complevit
2412 3410 2564 3464 circa
2590 3425 2724 3466 eum
2762 3410 3038 3466 Dominus
3070 3411 3522 3468 misericordiam
3566 3429 3771 3484 suam;

2073 3496 2370 3566 generavit
2398 3511 2469 3552 ex
2521 3512 2589 3552 ea
2619 3497 2764 3552 duas
2799 3498 2974 3568 ﬁlias;
3022 3513 3275 3569 quarum
3335 3500 3494 3569 prior
3523 3501 3674 3558 dum
3704 3504 3769 3557 ad

2071 3591 2356 3639 maturam
2391 3591 2612 3640 aetatem
2644 3585 2984 3654 perveniret,
3041 3601 3246 3656 sponso
3274 3586 3634 3658 destinatur;
3680 3590 3771 3644 sed

2070 3672 2233 3742 virgo
2273 3674 2604 3742 permansit,
2659 3681 2837 3730 morte
2880 3673 3291 3730 interveniente
3320 3676 3528 3731 carnis.
3563 3678 3774 3732 Iunior

2070 3761 2280 3817 tradita
2335 3761 2659 3818 monasticis
2722 3762 3056 3832 disciplinis,
3109 3763 3166 3819 in
3225 3763 3559 3834 virginitate
3620 3771 3771 3820 ωδ

2067 3850 2402 3920 permansit;
2437 3851 2518 3905 sic
2548 3850 2605 3905 in
2635 3850 2961 3920 virginitate
2990 3851 3242 3921 corporis
3293 3851 3477 3907 ambae
3511 3856 3771 3922 iperma-

2071 3946 2268 3994 nentes
2318 3946 2657 3994 meruerunt
2702 3939 3026 4009 computari
3061 3940 3208 3995 inter
3235 3941 3550 4010 prudentes
3589 3943 3771 4013 virgi-

2069 4041 2212 4083 nes:
2257 4027 2516 4097 sepelivit
2552 4035 2742 4084 autem
2789 4043 2885 4084 eas
2932 4028 2994 4083 Β.
3033 4028 3378 4084 Geremarus
3407 4028 3467 4084 in
3524 4029 3768 4086 ecclesia

2069 4116 2129 4170 B.
2161 4115 2400 4186 Remigii
2432 4116 2488 4170 in
2532 4117 2800 4186 pradicto
2847 4116 2992 4184 vico,
3027 4117 3123 4172 ubi
3171 4117 3352 4172 multa
3384 4117 3641 4188 largitus
3689 4126 3770 4174 est

2067 4204 2136 4260 de
2163 4205 2406 4274 propriis
2436 4204 2626 4260 rebus.

2138 4292 2396 4362 Expletis
2435 4299 2628 4349 autem
2683 4293 2880 4350 multis
2927 4293 3151 4360 diebus,
3193 4294 3346 4349 dedit
3387 4294 3472 4350 eis
3540 4295 3771 4362 filium;

2064 4395 2241 4449 super
2260 4391 2432 4451 quem
2471 4381 2730 4451 gaudens
2745 4388 2801 4436 et
2845 4381 3163 4447 exsultans,
3196 4381 3398 4437 beatus
3419 4381 3774 4440 Geremarus

271 4472 568 4529 lucernam
620 4467 898 4535 accendit,
969 4474 1022 4523 et
1054 4468 1111 4522 in
1147 4465 1478 4522 abscondito
1536 4465 1721 4535 ponit;
1751 4466 1957 4536 'neque
1989 4481 2027 4534 Β
2067 4467 2382 4524 transmisit
2409 4482 2542 4523 eum
2585 4468 2750 4523 beato
2788 4468 3082 4532 Audoeno,
3117 4468 3222 4538 qui
3249 4476 3386 4524 tunc
3420 4467 3536 4522 illis
3562 4469 3773 4524 diebus

270 4561 379 4616 sub
406 4558 613 4625 modio,
649 4557 747 4613 sed
804 4569 978 4626 super
1023 4554 1453 4620 candelabrum,
1489 4561 1554 4609 ut
1607 4553 1706 4624 qui
1760 4553 1958 4625 ingre-

270 4648 513 4704 diuntur
561 4647 754 4703 lumen
803 4644 1036 4700 videant
1096 4646 1238 4711 (Luc.
1300 4655 1374 4709 χι,
1407 4644 1524 4710 33),
1575 4664 1597 4690 ι
1661 4650 1958 4711 creperum

268 4737 459 4806 plures
491 4736 841 4790 Francorum
890 4731 959 4786 ad
990 4745 1122 4786 eum
1153 4743 1514 4796 concurrere,
1577 4731 1806 4800 fruique
1835 4731 1961 4800 ejus

266 4823 624 4880 sanctissima
675 4820 1053 4887 allocutione;
1090 4834 1236 4889 quos
1288 4832 1434 4889 pane
1492 4819 1735 4875 caelestis
1794 4819 1960 4875 verbi

267 4912 524 4983 quotidie
573 4924 826 4982 pascens,
881 4908 1224 4964 admonebat
1267 4921 1364 4964 eos
1409 4914 1474 4963 ut
1517 4907 1709 4974 ﬁdem,
1761 4907 1957 4962 chari-

265 5009 459 5069 tatem,
547 4999 904 5055 dilectionem
977 4996 1075 5052 Dei
1153 5003 1208 5052 et
1279 4995 1636 5052 dilectionem
1711 4995 1953 5064 proximi

264 5087 668 5146 inviolabiliter
741 5084 1067 5151 retinerent,
1136 5091 1190 5140 et
1259 5083 1443 5140 multa
1519 5082 1633 5138 alia
1708 5081 1954 5138 caelestia

261 5192 444 5246 arma,
493 5176 708 5246 quibus
753 5173 1130 5228 conscendere
1200 5179 1422 5241 possent
1478 5170 1705 5238 coelum,
1763 5177 1818 5226 et
1860 5170 1953 5225 de-

263 5266 472 5322 bellare
503 5262 744 5319 humani
769 5261 996 5332 generis
1033 5261 1350 5316 inimicum.

334 5354 464 5409 Haec
528 5352 607 5408 ita
657 5365 723 5406 eo
797 5355 1018 5419 agente,
1087 5348 1309 5404 audivit
1373 5347 1581 5403 famam
1633 5345 1948 5402 sanctitatis

259 5442 394 5512 ejus
419 5446 592 5508 atque
649 5436 969 5508 prudentia:
999 5451 1099 5492 rex
1162 5436 1536 5507 Dagobertus,
1599 5433 1946 5502 mittensque

2069 4554 2127 4609 in
2165 4554 2374 4623 palatio
2433 4556 2586 4624 regis
2631 4556 2985 4624 morabatur,
3037 4555 3210 4625 cujus
3269 4555 3506 4612 consilio
3552 4565 3773 4612 cuncta

2072 4642 2296 4712 agebat,
2354 4650 2407 4698 et
2439 4642 2581 4698 nihil
2639 4650 2807 4698 extra
2854 4651 3205 4712 praeceptum
3266 4643 3442 4713 ipsius
3486 4643 3770 4712 faciebat;

2070 4737 2308 4800 eratque
2364 4731 2416 4786 ei
2465 4730 2951 4787 familiarissimus
2998 4733 3220 4788 amicus
3271 4738 3324 4787 et
3381 4731 3438 4786 in
3495 4735 3776 4790 omnibus

2068 4819 2296 4874 secretis
2336 4819 2456 4875 suis
2521 4818 2630 4874 sibi
2689 4818 2982 4884 conscius;
3040 4820 3418 4888 narravitque
3468 4821 3522 4874 ei
3569 4824 3773 4876 omnia

2066 4920 2198 4975 qua:
2229 4907 2572 4973 acciderant,
2627 4913 2682 4961 et
2721 4906 2874 4976 quod
2918 4905 3068 4962 filius
3097 4906 3178 4961 illi
3226 4915 3604 4962 successerat.
3668 4909 3770 4974 Qui
3819 4951 3827 4959 .

2064 4995 2305 5050 audiens
2339 4995 2458 5050 haec
2495 4995 2689 5049 omnia
2737 4993 2974 5064 gavisus
3007 5001 3110 5062 est,
3161 5003 3218 5050 et
3261 4994 3589 5063 suscipiens
3619 5011 3768 5065 pue—

2063 5097 2195 5138 rum
2231 5082 2598 5138 catechisavit
2635 5096 2803 5149 eum;
2852 5091 3286 5154 praeparatoque
3322 5081 3477 5138 fonte
3522 5083 3768 5153 ',baptis-

2061 5171 2249 5237 matis,
2282 5170 2591 5241 baptizavit
2627 5184 2758 5225 eum
2810 5170 2869 5225 in
2912 5171 3142 5226 nomine
3185 5178 3398 5226 sanctae
3444 5179 3502 5226 et
3543 5172 3768 5226 indivi-

2058 5258 2187 5314 duze
2232 5259 2546 5324 Trinitatis,
2595 5272 2811 5314 vocans
2853 5272 2984 5313 eum
3018 5259 3269 5313 nomime
3329 5257 3763 5326 Amalbertum,

2054 5354 2107 5402 et
2135 5347 2218 5403 sic
2274 5346 2560 5416 msyteriis
2607 5361 2738 5416 quae
2778 5360 2956 5401 sacrae
3005 5346 3132 5402 fidei
3177 5347 3536 5402 conveniunt
3569 5347 3765 5403 initia-

2053 5441 2198 5501 tum,
2269 5435 2484 5492 remisit
2545 5449 2679 5492 eum
2739 5433 2810 5490 ad
2884 5434 3115 5490 beatum
3160 5435 3561 5490 Geremarum.
3634 5435 3763 5502 Qui,
