3924 6090
138 275 154 325 l
170 270 269 324 205'

1361 270 1588 324 AUDIT.
1628 297 1685 308 --
1725 269 1881 324 VITA
1922 271 1976 324 S.
2022 265 2416 324 GEREMARI.

3509 262 3640 340 1206

125 414 390 458 crescens
441 406 497 455 et
544 398 801 471 quotidie
852 397 1172 468 proﬁciens,
1225 378 1532 456 factusest
1581 396 1834 466 honoraé
1859 406 1904 458 A
1942 400 2278 470 caeterisque
2298 397 2426 452 aliis
2458 395 2766 453 virtutibus
2790 395 2858 450 ad
2893 408 3095 452 curam
3143 393 3470 451 animarum
3503 409 3636 466 per-

129 491 260 548 bilis
284 490 432 546 inter
460 489 820 544 Francorum
851 486 1155 557 principes.

799 594 1032 651 CAPUT
1064 595 1163 650 III.

200 705 408 761 Beatus
467 711 664 759 autem
736 703 1100 768 Geremarus,
1162 701 1380 772 Spiritu
1440 703 1537 758 Dei
1603 703 1825 773 plenus,

125 795 320 849 omnia
351 808 482 864 quae
539 793 598 848 in
649 793 867 848 mundo
918 799 1054 848 sunt
1097 805 1199 861 pro
1249 791 1425 848 nihilo
1483 793 1734 862 pendens
1774 801 1830 849 et

127 881 383 936 caalibem
440 881 620 935 vitam
669 881 1020 946 desiderans,
1082 880 1355 934 coenobiis
1414 881 1828 935 monachorum

128 969 376 1038 plurima
405 968 474 1023 de
506 968 830 1023 substantia
879 981 986 1022 sua
1029 967 1338 1023 tribuebat.
1387 967 1492 1022 Per
1523 967 1827 1022 consilium

128 1071 263 1112 vero
318 1055 466 1112 beati
524 1056 783 1111 Audoeni
830 1056 896 1111 de
953 1055 1182 1125 propria
1243 1055 1510 1110 facultate
1565 1055 1828 1110 fundavit

129 1144 536 1200 monasterium
597 1144 750 1214 quod
825 1143 1039 1198 dicitur
1107 1143 1325 1210 Insula,
1382 1144 1826 1212 construxitque

128 1233 206 1287 ibi
236 1231 429 1286 omnia
474 1231 716 1287 mdiﬁcia
749 1239 962 1286 sanctae
995 1230 1211 1302 regulae
1252 1230 1665 1286 convenientia.
1719 1231 1824 1286 Ec-

129 1320 331 1375 clesias
396 1321 607 1376 ibidem
667 1319 989 1374 construxit
1046 1319 1103 1373 in
1165 1319 1380 1374 honore
1439 1318 1824 1389 apostolorum

130 1408 279 1464 Petri
329 1416 383 1464 et
430 1408 631 1477 Pauli;
687 1408 1120 1477 multorumque
1166 1415 1498 1462 sanctorum
1553 1406 1827 1477 reliquias

138 1495 215 1552 ibi
250 1497 472 1566 posuit;
507 1495 922 1565 constituitque
963 1495 1038 1550 ibi
1070 1495 1571 1565 congregationem
1620 1509 1826 1551 mona-

127 1585 372 1639 chorum
417 1585 526 1640 sub
567 1591 765 1639 sancta
798 1584 1230 1639 conversatione
1270 1583 1638 1653 degentium;
1676 1597 1826 1652 prae-

127 1673 258 1727 fecit
298 1672 350 1727 ei
385 1672 732 1727 Archarium
776 1671 1062 1738 abbatem,
1118 1671 1314 1741 magni
1370 1671 1558 1727 meriti
1605 1671 1819 1739 virum,
1855 1701 1895 1754 Β

124 1760 294 1830 cujus
325 1760 585 1815 doctrina
621 1767 677 1816 et
709 1759 987 1828 sapientia
1013 1759 1270 1829 quotidie
1296 1772 1438 1830 grex
1496 1759 1704 1814 Christi
1751 1759 1822 1813 ad

123 1862 380 1918 superna
436 1848 710 1904 tenderet.
771 1849 897 1918 Ipse
953 1861 1092 1903 vero
1147 1847 1468 1902 Archarius
1525 1861 1710 1916 usque
1766 1845 1825 1900 in

126 1937 299 1991 ﬁnem
348 1935 481 1992 vitae
523 1950 643 1991 suae
679 1949 908 2006 gregem
942 1934 1049 1990 sibi
1078 1934 1446 1990 commissum
1479 1932 1826 2004 gubernavit

124 2021 392 2076 decenter
417 2029 473 2076 et
504 2028 757 2076 strenue.

195 2107 341 2165 Cum
368 2116 563 2165 autem
610 2108 918 2179 placuisset
964 2107 1208 2164 Domino
1241 2115 1304 2163 ut
1335 2107 1453 2163 vita
1488 2107 1636 2164 beati
1669 2107 1828 2162 Gere-

124 2197 272 2252 mari
324 2205 470 2254 esset
517 2197 849 2266 exemplum
899 2196 1166 2265 aliorum,
1222 2195 1370 2252 misit
1419 2197 1470 2253 ei
1520 2196 1579 2252 in
1636 2211 1733 2252 cor
1762 2202 1828 2251 ut

123 2292 334 2340 cuncta
357 2285 802 2355 derelinqueret,
835 2285 1059 2355 solique
1095 2299 1154 2340 se
1203 2284 1444 2340 Domino
1475 2285 1546 2340 ad
1574 2285 1820 2341 servien-

123 2372 264 2429 dutn
312 2375 580 2430 traderet.
617 2375 925 2445 Postquam
972 2373 1024 2429 ei
1067 2373 1193 2429 talis
1224 2374 1488 2430 voluntas
1535 2374 1735 2430 cecidit
1767 2373 1824 2429 in

126 2468 392 2530 mentem,
429 2469 740 2533 antequam
773 2461 874 2518 ulli
907 2461 1236 2517 mortalium
1288 2461 1395 2518 hoc
1433 2463 1820 2529 conﬁteretur,

123 2551 322 2607 adiens
362 2566 573 2623 regem,
614 2551 774 2621 petiit
804 2551 877 2607 ab
906 2565 972 2607 eo
1023 2558 1086 2606 ut
1117 2564 1310 2606 coram
1353 2551 1576 2606 cunctis
1607 2550 1819 2621 princi-

128 2639 296 2709 pibus
352 2640 725 2707 Francorum,
771 2639 888 2694 ﬁlio
931 2652 1036 2694 suo
1069 2638 1402 2694 Amalberto
1450 2647 1658 2695 cuncta
1691 2654 1822 2709 quae

123 2727 216 2782 sui
269 2727 421 2798 juris
471 2735 637 2785 erant
680 2729 962 2795 traderet;
993 2727 1165 2798 eique
1193 2729 1416 2783 cunctis
1445 2728 1824 2798 przesentibns

125 2817 360 2872 Francis
416 2817 807 2874 indiﬁ'erenter
866 2817 1123 2872 donaret.
1188 2816 1348 2882 Quod
1411 2831 1514 2872 rex
1582 2817 1822 2872 audiens

122 2905 289 2960 valde
325 2905 522 2961 mirari
571 2907 759 2975 erepit.
810 2900 1062 2960 Tandem
1106 2905 1362 2973 petitioni
1417 2905 1543 2976 ejus
1581 2903 1823 2960 libenter

1941 489 2278 546 tinentibus.
2601 549 2605 554 g

2607 592 2836 648 CAPUT
2881 591 2975 646 IV.

2011 702 2225 758 Eodem
2254 709 2506 771 tempore
2558 699 2875 770 Dagcberto
2931 705 3193 767 mortuo;
3245 710 3397 751 anno
3450 695 3635 751 unde-

1938 791 2086 846 cimo
2137 798 2413 862 regnante
2453 789 2731 846 Clodoveo
2789 802 2939 859 rege,
2987 793 3276 842 correctus
3322 792 3406 840 est
3433 784 3635 840 beatus

1937 879 2281 935 Geremarus
2340 880 2396 934 in
2456 879 2609 934 viam
2658 878 2861 934 salutis
2920 885 3166 932 aeternze.
3229 874 3442 931 Videns
3495 887 3632 943 ergo

1939 967 2211 1037 quoniam
2250 968 2394 1022 nihil
2419 968 2476 1022 in
2509 968 2726 1022 mundo
2755 973 3043 1036 perpetua}
3101 962 3376 1020 mercedis
3426 962 3632 1016 animas

1936 1069 2056 1110 suae
2088 1057 2444 1124 acquirebat,
2497 1055 2592 1111 sed
2616 1055 2799 1127 magis
2835 1055 3246 1109 detrimentum
3290 1057 3629 1120 perpetuum

1937 1143 2015 1198 illi
2066 1144 2449 1212 praeparabat,
2507 1143 2901 1214 (adhortante
2944 1156 3078 1198 eum
3126 1141 3287 1195 beato
3332 1137 3628 1206 Audoeuo)

1935 1232 2074 1287 adiit
2102 1247 2293 1302 regem
2324 1232 2705 1288 Clodoveum:
2742 1231 3016 1301 petiitque
3053 1231 3125 1285 ab
3154 1243 3219 1283 eo
3268 1236 3328 1283 ut
3378 1226 3492 1281 ﬁlio
3521 1239 3628 1281 suo

1936 1321 2091 1391 quod
2149 1327 2309 1389 pater
2357 1320 2486 1389 ejus
2550 1320 2845 1387 concessit,
2907 1317 3260 1383 concederet,
3319 1322 3374 1370 et
3426 1312 3627 1383 capitis

1935 1423 2153 1465 comam
2205 1409 2255 1464 ei
2305 1408 2586 1478 deponere
2619 1409 2838 1477 liceret;
2879 1421 3054 1476 seque
3098 1407 3210 1460 Deo
3245 1405 3300 1459 in
3325 1405 3623 1474 gmonaste-

1935 1499 2086 1554 rium
2121 1499 2192 1553 ad
2224 1498 2593 1553 serviendum
2639 1499 2902 1553 traderet.
2958 1496 3062 1550 Per
3087 1493 3399 1564 jussionem
3430 1498 3624 1546 autem

1935 1587 2104 1659 regis,
2148 1588 2273 1644 licet
2321 1587 2743 1659 abnegantibus
2803 1585 3057 1648 Francis,
3109 1579 3435 1638 tonsuravit
3489 1591 3620 1633 eum

1935 1677 2136 1733 beatus
2164 1677 2497 1744 Audoeuus,
2530 1676 2802 1746 deditque
2831 1674 2882 1730 ei
2909 1671 3292 1729 monachilem
3339 1667 3620 1727 habitum,

1931 1773 1984 1821 et
2014 1765 2307 1821 instruens
2361 1765 2524 1820 illum
2573 1764 2896 1820 caelestibus
2925 1760 3256 1831 disciplinis.
3293 1756 3441 1812 misit
3488 1768 3620 1808 eum

1933 1851 1991 1908 in
2041 1853 2454 1909 monasterium
2504 1853 2743 1908 Pentalli
2801 1850 3081 1907 vocabulo
3150 1846 3616 1902 denominatum:

1932 1949 1998 1997 ut
2027 1941 2101 1996 ibi
2135 1941 2334 1997 fuisset
2372 1941 2429 1995 in
2474 1940 2796 1996 obedientia
2853 1940 3030 1994 abbas
3087 1944 3142 1991 et
3188 1942 3378 2003 pastor
3422 1931 3619 1986 ovium

1933 2030 2163 2096 Christi,
2206 2037 2263 2085 et
2324 2028 2683 2085 illuminator
2751 2026 3103 2082 animarum.
3161 2023 3369 2076 Beatus
3430 2026 3623 2073 autem

1931 2118 2273 2174 Geremarus
2322 2117 2619 2173 revolvens
2673 2115 2811 2171 illud
2866 2109 3330 2182 Psalmographi:
3371 2129 3392 2155 ι
3436 2105 3624 2175 Adju-

1933 2206 2140 2263 torium
2175 2214 2436 2262 nostrum
2473 2206 2527 2260 in
2558 2205 2787 2260 nomine
2815 2202 3059 2267 Domini,
3093 2199 3194 2270 qui
3229 2198 3355 2254 fecit
3415 2195 3623 2251 coelum

1931 2303 1987 2351 et
2017 2302 2225 2350 terram
2258 2297 2422 2367 (Psal.
2457 2308 2653 2360 cxxm,
2686 2292 2763 2362 8).
2801 2314 2820 2340 ι
2858 2292 2929 2346 Ει
2959 2289 3158 2345 tritum
3223 2286 3317 2357 [[1,
3353 2283 3618 2354 iterum]:

1935 2403 1956 2430 α
2011 2382 2287 2437 Dominus
2334 2379 2676 2437 illuminatio
2729 2392 2873 2444 mea,
2937 2384 2992 2432 et
3038 2375 3196 2430 salus
3249 2386 3392 2437 mea,
3450 2384 3623 2439 quem

1931 2469 2178 2526 timebo?
2223 2471 2390 2536 (Psal.
2448 2483 2610 2535 xxvn,
2667 2471 2739 2534 1),
2789 2488 2808 2514 ι
2876 2465 2930 2520 in
2984 2463 3225 2520 Domino
3282 2463 3393 2516 Deo
3446 2465 3623 2514 totam

1930 2571 2084 2626 spem
2129 2571 2292 2614 suam
2336 2571 2572 2626 ponens,
2631 2569 2745 2610 non
2792 2552 3013 2610 distulit
3061 2550 3291 2606 obedire
3344 2552 3624 2616 praecepto

1929 2646 2115 2702 sancti
2147 2651 2320 2700 669.
2352 2645 2494 2702 Cum
2534 2657 2744 2714 magno
2785 2648 2922 2712 ergo
2982 2640 3197 2711 gemitu
3242 2644 3298 2692 et
3357 2633 3626 2703 lacrymis

1928 2741 1984 2790 et
2039 2733 2303 2804 suspiriis
2355 2733 2545 2789 cordis
2623 2731 2877 2800 suscepit
2958 2727 3277 2799 regendum
3336 2727 3619 2779 monaste-

1929 2835 2104 2878 rium.

2000 2909 2281 2964 Derelicta
2329 2917 2523 2965 autem
2559 2921 2740 2964 uxore
2791 2913 2847 2961 et
2905 2904 3017 2960 ﬁlio
3069 2917 3194 2968 suo,
3254 2907 3310 2956 et
3355 2896 3624 2954 omnibus

121 3007 404 3060 annuens,
450 3008 565 3050 non
595 2994 780 3049 solum
823 2993 976 3064 quod
1036 2993 1278 3063 rogabat
1330 2992 1534 3063 juveni
1587 2992 1810 3060 tribuit,
1846 2995 1888 3050 C
1929 2997 2104 3067 hujus
2149 2997 2350 3052 mundi
2405 2996 2578 3061 curis,
2642 2994 2961 3050 secundum
3006 2989 3406 3060 evangelicum
3470 2999 3622 3055 prae-

119 3081 216 3136 sed
239 3081 475 3151 insuper
493 3082 665 3138 etiam
697 3081 879 3136 multa
909 3081 958 3136 ei
992 3082 1176 3138 auxit.

191 3169 504 3239 Acquisitis
549 3183 688 3224 vero
733 3169 1005 3226 omnibus
1051 3185 1171 3226 suae
1222 3169 1516 3240 potestatis
1547 3169 1661 3225 ﬁlio
1690 3184 1814 3237 suo,

118 3255 352 3312 adiitad
389 3263 654 3311 sanctum
683 3256 1046 3323 Audoenum,
1077 3257 1178 3326 qui
1200 3263 1340 3312 tunc
1369 3255 1426 3310 in
1459 3255 1581 3325 ipso
1605 3255 1816 3325 palatio

117 3352 260 3410 erat,
287 3350 349 3398 ut
376 3344 572 3398 omnia
609 3343 798 3399 cordis
827 3344 918 3400 sui
963 3345 1209 3414 aperiret
1240 3350 1475 3399 secreta.
1510 3345 1582 3399 Et
1608 3357 1818 3398 vocans

117 3445 253 3487 eum
303 3431 374 3486 ad
417 3439 701 3488 secretum
751 3432 836 3487 his
878 3432 1069 3488 verbis
1126 3432 1366 3487 adorsus
1418 3439 1542 3486 est:
1592 3434 1812 3496 Quaeso,

118 3521 287 3576 Pater
313 3527 529 3586 sancte,
567 3527 630 3576 ut
657 3520 797 3576 mihi
831 3521 977 3576 viam
1013 3521 1110 3575 Dei
1139 3535 1254 3576 non
1309 3533 1522 3575 renuas
1576 3519 1814 3574 demon-

118 3615 289 3676 trare,
333 3623 432 3678 per
475 3623 654 3678 quam
710 3608 917 3679 possim
969 3609 1040 3663 ad
1087 3607 1300 3680 gaudia
1350 3615 1564 3662 aeterna
1613 3620 1813 3676 perve-

117 3697 262 3765 nire,
320 3704 374 3753 et
431 3697 607 3766 hujus
639 3697 838 3753 mundi
900 3695 1278 3768 naufragium
1326 3696 1587 3753 evitare:
1649 3695 1813 3750 video

110 3786 265 3842 enim
305 3786 446 3856 quia
488 3794 697 3842 cuncta
726 3793 1152 3856 pertranseunt,
1195 3792 1249 3841 et
1299 3784 1711 3856 regrediuntur
1739 3783 1809 3837 ad

117 3872 385 3928 nihilum.
437 3873 568 3929 Haec
619 3874 862 3929 audiens
895 3874 1095 3929 beatus
1128 3873 1444 3929 Audoenus
1476 3872 1700 3926 laetatus
1729 3878 1812 3926 est

114 3962 304 4030 valde,
325 3969 380 4017 et
409 3963 646 4017 trahens
675 3961 926 4030 suspiria
951 3961 1162 4026 cordis,
1220 3961 1310 4017 his
1334 3959 1524 4016 verbis
1571 3973 1810 4029 respon-

109 4048 294 4104 ditei:
333 4049 499 4105 Viam
528 4048 623 4104 Dei
655 4062 832 4117 quam
879 4063 911 4103 a
943 4063 1051 4116 me,
1094 4049 1271 4104 frater
1318 4047 1584 4118 requiris,
1625 4061 1810 4103 evan-

115 4134 311 4204 gelicis
353 4136 453 4191 tibi
493 4136 920 4192 demonstratur
959 4137 1182 4206 verbis;
1207 4137 1285 4191 ait
1337 4137 1490 4192 enim
1537 4135 1810 4192 Dominus

115 4224 280 4279 Petro
310 4225 593 4294 quaerenti
623 4225 693 4281 de
721 4225 1100 4282 retributione
1124 4234 1178 4281 et
1209 4225 1276 4282 de
1304 4226 1499 4281 futuro
1531 4226 1804 4296 praemio:

1925 3094 2175 3154 ceptum,
2209 3094 2440 3141 secutus
2458 3092 2542 3140 est
2572 3083 2779 3139 Christi
2809 3084 2942 3138 Jesu
2971 3079 3230 3150 vestigia,
3263 3083 3318 3132 et
3371 3075 3511 3130 abiit
3563 3072 3620 3126 in

1925 3174 2332 3229 monasterium
2385 3173 2540 3244 quod
2592 3186 2771 3242 supra
2819 3167 3249 3226 nominavimus
3279 3161 3619 3220 Pentallium

1925 3260 1983 3323 in
2040 3275 2187 3332 pago
2245 3261 2688 3329 Rothomagensi
2743 3272 2918 3328 super
2981 3257 3227 3312 ﬂuvium
3287 3251 3617 3308 Lirizinum.

1923 3348 2103 3420 Cujus
2131 3350 2249 3404 vita
2308 3348 2499 3419 qualis
2545 3356 2599 3404 et
2632 3361 2811 3418 quam
2849 3355 3046 3401 sancta
3076 3344 3153 3400 ibi
3183 3341 3407 3398 cunctis
3439 3336 3615 3393 reful-

1922 3437 1994 3492 sit
2023 3445 2305 3492 testantur
2333 3438 2628 3503 sanitates,
2663 3444 2718 3491 et
2760 3435 3024 3504 plurima;
3076 3431 3273 3487 incolis
3332 3429 3492 3482 factae
3518 3427 3622 3478 vir-

1925 3532 2092 3580 tutes.
2128 3525 2340 3580 Diebus
2390 3538 2458 3580 ac
2507 3524 2772 3579 noctibus
2814 3523 2869 3577 in
2914 3521 3171 3576 oratione
3205 3533 3262 3572 se
3294 3513 3616 3571 macerabat

1922 3613 1981 3668 in
2011 3612 2224 3684 vigiliis
2251 3621 2305 3668 et
2342 3612 2597 3683 jejuniis,
2648 3620 2702 3666 et
2743 3611 2802 3666 in
2847 3610 3117 3666 omnibus
3163 3601 3617 3671 contemplativae

1921 3701 2050 3757 vitae
2080 3701 2553 3772 congruentibus.
2601 3699 2908 3770 Jejunabat
2937 3696 3225 3767 quotidie;
3258 3700 3432 3748 totam
3467 3689 3614 3744 diem

1919 3789 2134 3844 ducens
2165 3789 2221 3843 in
2256 3789 2489 3858 hymnis
2516 3795 2571 3844 et
2602 3787 2870 3843 laudibus
2914 3786 3034 3846 Dei.
3091 3784 3148 3838 in
3181 3793 3487 3850 vesperum
3540 3791 3617 3831 re-

1920 3877 2244 3933 ﬁciebatur.
2280 3876 2456 3932 Cibus
2483 3876 2562 3932 illi
2597 3877 2762 3947 panis
2787 3873 3170 3953 paximaticus
3202 3883 3333 3925 cum
3365 3866 3616 3923 oleribus

1921 3965 2217 4035 parvulis;
2250 3973 2304 4021 et
2341 3971 2506 4034 potus
2549 3978 2706 4033 aqua
2729 3962 3060 4029 salsissima,
3095 3967 3159 4016 ut
3186 3958 3459 4014 saturitas
3490 3968 3617 4009 ven-

1919 4052 2020 4108 tris
2067 4067 2182 4107 non
2232 4053 2512 4108 afﬂueret.
2570 4051 2830 4106 Mortuus
2892 4057 3015 4105 erat
3062 4047 3296 4112 mundo,
3348 4052 3403 4100 et
3443 4044 3616 4098 vivus

1917 4139 2156 4196 Christo.
2215 4139 2498 4196 Omnibus
2543 4147 2736 4194 autem
2794 4139 2868 4194 ad
2915 4153 2973 4193 se
3027 4134 3456 4193 conﬂuentibus
3499 4147 3612 4187 non

1919 4229 2175 4285 cessabat
2244 4229 2636 4284 demonstrare
2693 4228 2848 4283 viam
2915 4226 3151 4295 salutis;
3228 4222 3614 4293 praemonebat

118 4334 139 4362 ι
174 4312 373 4368 Omnis
400 4313 500 4383 qui
551 4313 850 4383 reliquerit
895 4314 1152 4382 domum,
1199 4314 1288 4371 vel
1332 4315 1537 4371 fratres
1567 4321 1667 4371 aut
1723 4328 1808 4369 so-
1841 4297 1880 4350 ί)
1920 4331 2402 4387 unumquemque
2425 4316 2567 4373 utin
2592 4317 2714 4388 lege
2746 4317 2845 4372 Dei
2877 4315 3270 4372 meditaretur.

114 4413 289 4465 rores,
349 4406 450 4456 aut
505 4407 720 4468 patrem
780 4407 882 4457 aut
931 4408 1189 4466 matrem,
1241 4409 1341 4457 aut
1389 4416 1652 4466 uxorem,
1706 4404 1809 4456 aut

115 4487 281 4555 ﬁlios,
315 4495 418 4544 aut
466 4501 652 4558 agros,
702 4496 938 4558 propter
982 4503 1188 4544 nomen
1245 4503 1436 4544 meum
1471 4489 1804 4558 centuplum

111 4575 372 4644 accipiet,
422 4582 478 4631 et
535 4576 715 4631 vitam
755 4583 1024 4632 aeternam
1064 4576 1370 4646 possidebit
1419 4576 1646 4646 (Matth.
1686 4590 1802 4642 xux,

110 4663 225 4733 ‘29).
264 4685 284 4711 ι
345 4663 718 4734 Audiensque
775 4664 898 4718 hzec
943 4664 1146 4720 beatus
1203 4664 1548 4720 Geremarus
1609 4671 1806 4719 sancto

106 4752 382 4808 Audoeno
411 4752 704 4822 respondit
738 4768 751 4806 :
786 4753 930 4818 Scio,
964 4753 1130 4808 Pater
1171 4760 1384 4818 sancte,
1428 4751 1568 4822 quia
1612 4753 1806 4807 omnia

110 4854 249 4895 vera
280 4847 416 4895 sunt
445 4854 574 4908 quae
605 4841 776 4896 audio
807 4854 879 4894 ex
903 4854 999 4895 ore
1031 4847 1162 4896 tuo:
1187 4839 1585 4909 derelinquam
1613 4839 1808 4895 omnia

110 4928 313 4984 mundi
346 4928 692 4996 transitoria,
747 4942 919 4995 vana,
955 4929 1191 4994 caduca,
1239 4943 1390 4997 quae,
1449 4941 1583 4983 cum
1624 4928 1808 4999 magis

111 5016 381 5071 videntur
447 5024 616 5083 stare,
688 5023 1010 5080 transeunt,
1061 5023 1116 5072 et
1177 5016 1416 5072 miseros
1464 5016 1686 5072 ducunt
1735 5015 1806 5071 ad

107 5103 440 5173 interitum;
473 5112 547 5170 et,
581 5111 646 5160 ut
676 5104 878 5160 verbis
906 5104 1130 5159 Domini
1161 5112 1319 5160 utar:
1351 5127 1372 5151 ‹
1398 5103 1546 5170 Quid
1579 5105 1808 5173 prodest

113 5191 330 5246 homini
351 5191 397 5246 si
429 5191 765 5247 universum
791 5192 1077 5247 mundum
1113 5193 1389 5258 lucretur,
1441 5193 1648 5248 animae
1673 5207 1806 5248 vero

107 5294 228 5334 suae
257 5280 664 5335 detrimentum
697 5279 992 5348 patiatur?
1027 5302 1046 5328 ι
1083 5282 1302 5347 (Matth.
1343 5296 1462 5348 xvn,
1493 5280 1602 5349 96.)
1635 5281 1804 5336 Com-

105 5366 270 5437 pletis
322 5367 410 5422 his
469 5368 616 5424 inter
669 5382 729 5423 se
783 5368 995 5424 sanctis
1051 5369 1515 5437 allocutionibus,
1581 5369 1806 5425 rediens

112 5455 349 5511 domum
407 5455 608 5512 beatus
665 5456 1012 5514 Geremarus
1075 5458 1350 5515 instruxit
1397 5459 1579 5514 ﬁlium
1631 5473 1804 5514 suum

109 5551 285 5614 atque
315 5543 588 5600 familiam
641 5559 809 5602 suam
864 5545 935 5601 de
973 5547 1101 5615 ﬁde,
1151 5547 1222 5603 de
1251 5561 1368 5617 spe.
1409 5546 1478 5602 de
1506 5546 1802 5613 charitate,

1987 4407 2123 4461 Erat
2147 4406 2412 4461 autemin
2437 4406 2632 4461 eodem
2656 4405 2997 4460 monasterio
3026 4401 3333 4458 multitudo
3360 4397 3636 4482 maxima,

1917 4494 2353 4558 monachorum,
2401 4494 2496 4550 cui
2540 4494 2610 4548 ad
2687 4493 3004 4564 regendum
3060 4491 3225 4545 Pater
3270 4481 3646 4543 Geremarus

1915 4581 2262 4637 constitutus
2316 4590 2456 4637 erat.
2510 4583 2572 4637 In
2621 4583 2728 4637 hac
2782 4595 2918 4636 vero
2948 4576 3387 4648 congregatione
3444 4573 3608 4630 multi

1915 4677 2176 4724 amantes
2233 4671 2467 4737 bonum,
2530 4679 2584 4726 et
2657 4672 2916 4726 timentes
2989 4666 3311 4732 Dominum,
3372 4663 3612 4718 libenter

1915 4756 2227 4812 audiebant
2259 4772 2392 4813 eum
2439 4766 2493 4813 et
2542 4757 2894 4826 recipiebant
2936 4753 3351 4824 correptionem
3410 4750 3607 4820 ipsius.

1915 4843 2021 4898 Sed
2043 4845 2336 4914 quoiniam
2369 4846 2720 4914 sempervita
2768 4845 3048 4899 bonorum
3097 4841 3290 4897 odiosa
3319 4847 3402 4896 est
3422 4839 3608 4904 malis,

1916 4931 2154 4987 fuerunt
2176 4933 2250 4987 ibi
2283 4932 2545 4987 nonnulli
2582 4931 2848 4987 malitiosi
2876 4931 2960 4987 vel
2983 4929 3160 4999 impii,
3199 4943 3449 5000 quorum
3481 4941 3613 4997 pars

1915 5026 2039 5075 erat
2103 5034 2235 5075 cum
2266 5019 2462 5075 Belial.
2497 5021 2624 5088 Qui,
2661 5020 2918 5075 nolentes
2956 5019 3205 5088 recipere
3262 5015 3612 5088 praedicatio-

1915 5122 2042 5164 nem
2069 5109 2213 5178 ejus,
2256 5115 2552 5179 cmperunt
2581 5107 2916 5180 tractarejde
2946 5115 3126 5162 morte
3178 5105 3378 5175 ipsius,
3410 5117 3612 5173 oppor-

1915 5204 2123 5253 tunum
2162 5197 2347 5252 locum
2404 5203 2728 5266 quaarentes
2771 5203 2834 5252 ut
2882 5209 2980 5264 per
3018 5195 3333 5265 quamdam
3377 5193 3612 5248 damna-

1914 5285 2124 5340 tionem
2170 5299 2304 5340 eutn
2335 5284 2734 5341 interﬁcerent.
2799 5285 2938 5340 Erat
2996 5291 3188 5339 autem
3247 5280 3325 5336 illi
3370 5294 3609 5337 consue-

1913 5371 2050 5426 tudo
2084 5371 2140 5427 in
2170 5372 2354 5442 primo
2383 5371 2519 5442 galli
2549 5379 2725 5428 cantu
2755 5371 2826 5426 ad
2869 5371 3098 5426 laudem
3133 5369 3226 5425 Dei
3259 5383 3517 5439 surgere,
3557 5377 3612 5425 et

1913 5473 2100 5530 usque
2129 5458 2200 5514 ad
2227 5459 2631 5530 crepusculum
2681 5460 2826 5516 lucis
2856 5459 2914 5514 in
2945 5459 3045 5516 Dei
3086 5457 3357 5515 laudibus
3386 5465 3611 5514 noctem

1915 5547 2250 5622 pervigilem
2299 5548 2545 5618 ducere;
2577 5549 2858 5620 completo
2902 5556 3097 5607 autem
3146 5547 3334 5604 ofﬁcio
3382 5561 3490 5604 suo
3535 5561 3615 5603 re-
