3924 6090
294 281 427 334 1207

1332 275 1426 332 AD
1463 274 1619 333 OPP.
1660 278 1814 332 VEN.
1857 276 2186 334 GUIBERTI
2227 277 2316 332 DE
2357 273 2750 334 NOVIGENTO

3703 273 3836 324 12m

289 416 519 466 vertens
570 409 629 463 in
686 407 1087 464 dormitorium
1131 408 1189 463 in
1248 414 1424 464 strato
1476 422 1580 464 suo
1619 407 1896 464 collocare
1927 421 1985 464 se
2013 411 2057 464 Α
2094 407 2355 479 quinque
2411 413 2467 463 et
2514 404 2812 462 mensibus
2848 403 3038 460 tribus
3077 403 3138 458 in
3182 403 3455 460 omnibus
3515 402 3836 459 mandatis

225 494 232 498 ⁷
291 504 683 555 consueverat.
731 497 850 552 Hoc
886 504 1184 553 noscentes
1219 496 1488 553 invidiosi
1509 505 1685 568 atque
1716 497 1986 568 protervi,

291 587 594 643 consilium
652 585 800 640 inter
856 599 914 640 se
969 593 1336 655 acceperunt,
1399 593 1462 642 ut
1522 586 1820 643 cultellum
1880 587 1988 642 sub

292 674 637 731 lectisternio
683 680 975 742 ponerent,
1010 681 1073 729 ut
1131 683 1364 730 sanctus
1395 675 1484 730 vir
1516 675 1742 731 rediens
1780 676 1850 731 ab
1893 690 1991 731 ec-

292 763 462 820 clesia
491 776 664 833 super
692 763 990 818 cultellum
1020 777 1079 818 se
1111 778 1244 818 cum
1296 764 1518 833 impetu
1571 764 1822 833 corporis
1857 764 1993 835 inji-

293 859 443 908 ceret
471 859 525 908 et
553 852 636 906 sic
684 851 1051 920 semetipsum
1101 851 1477 921 interficeret;
1539 853 1694 921 quod
1732 859 1786 908 et
1839 852 1994 908 fece-

293 949 457 997 runt.
523 940 893 997 Manubrium
947 939 1161 994 cultelli
1221 940 1341 995 solo
1401 939 1692 1009 fixerunt;
1749 953 1994 996 acumen

295 1027 427 1085 ferri
449 1029 675 1084 nudum
701 1029 758 1082 in
789 1026 936 1082 aeris
965 1027 1216 1096 spatium
1249 1035 1581 1083 erexerunt.
1615 1027 1660 1082 Ο
1693 1027 1994 1083 infandum

297 1117 473 1185 nefas,
505 1117 560 1172 in
611 1116 769 1172 omni
820 1123 1069 1184 tempore
1120 1116 1342 1171 cunctis
1395 1115 1782 1171 horrendum!
1844 1116 1997 1171 More

296 1205 460 1262 solito
517 1213 807 1261 revertens
862 1205 922 1260 B.
981 1206 1322 1260 Geremarus
1371 1205 1444 1259 ab
1501 1203 1738 1259 ecclesia
1791 1205 1862 1258 ad
1910 1204 1996 1260 le-

297 1302 474 1362 ctum,
523 1294 738 1364 Spiritu
767 1301 966 1349 sancto
994 1307 1130 1349 eum
1170 1294 1456 1361 hortante,
1518 1293 1647 1348 fecit
1682 1292 1788 1348 hoc
1840 1292 1998 1362 quod

297 1382 497 1438 solitus
527 1397 642 1438 non
698 1389 821 1438 erat
869 1381 1078 1437 facere:
1131 1395 1246 1436 non
1303 1380 1458 1436 enim
1514 1381 1573 1435 in
1622 1380 1998 1436 consuetudi-

298 1485 428 1526 nem
459 1471 706 1526 habebat
736 1471 946 1526 lectum
986 1477 1241 1539 tangere,
1275 1470 1373 1524 sed
1405 1484 1540 1524 cum
1591 1476 1704 1525 toto
1762 1483 1998 1539 corpore

299 1573 358 1614 se
389 1559 447 1614 in
479 1559 731 1614 medium
765 1558 892 1613 lecti
925 1557 1235 1627 injiciebat.
1295 1557 1503 1628 Tetigit
1553 1571 1732 1613 manu
1765 1557 1996 1617 lectum.

298 1654 352 1702 et
390 1646 828 1703 circumducens
876 1659 1135 1712 manum,
1174 1646 1393 1702 invenit
1423 1646 1577 1716 quod
1607 1654 1728 1702 erat
1760 1647 2000 1702 abscon-

300 1734 503 1790 ditum.
539 1733 740 1789 Statim
769 1741 832 1790 ut
876 1732 1050 1789 sensit
1110 1709 1372 1789 fraudem
1421 1709 1540 1790 esse
1586 1742 1865 1803 paratam,
1916 1749 1998 1790 re-
2031 1709 2072 1764 Β

299 1823 430 1878 licto
462 1822 668 1878 lectulo
697 1835 964 1877 reversus
993 1827 1076 1877 est
1103 1821 1159 1876 in
1192 1821 1470 1890 templum
1505 1822 1752 1878 amictus
1783 1839 1798 1893 ;
1844 1824 2000 1893 quod

299 1917 598 1980 supererat
640 1917 840 1976 noctis,
901 1908 1187 1978 lacrymas
1235 1909 1504 1976 fundens,
1558 1910 1616 1965 in
1673 1911 1904 1981 hymnis
1949 1918 2003 1968 et

302 1998 574 2055 laudibus
603 1998 702 2054 Dei
752 1997 939 2065 duxit,
973 2004 1027 2053 et
1067 2011 1234 2054 mane
1264 1999 1447 2068 primo
1486 2013 1609 2055 rem
1638 2014 1768 2070 quae
1799 2001 1850 2056 ei
1879 2015 2005 2056 con-

301 2087 510 2158 tigerat
531 2087 748 2143 nemini
777 2086 1074 2142 indicavit.

371 2175 560 2232 Tertia
591 2185 727 2232 vero
771 2177 912 2231 hora
957 2175 1064 2230 diei
1099 2181 1221 2244 post
1250 2174 1504 2231 lectionis
1534 2176 1998 2246 disputationem,

303 2264 362 2320 in
393 2265 643 2334 capitulo
673 2272 804 2320 ante
842 2263 1009 2333 pedes
1063 2264 1325 2318 omnium
1383 2271 1704 2334 prostratus
1763 2267 2003 2337 rogabat

305 2362 370 2410 ut
407 2352 734 2422 apastorali
780 2366 923 2408 cura
970 2351 1134 2406 illum
1182 2351 1567 2418 absolverent,
1617 2361 1672 2408 et
1711 2354 2002 2410 meliorem

305 2455 734 2514 quemcumque
764 2443 986 2496 Patrem
1015 2453 1190 2510 super
1218 2455 1277 2495 se
1307 2439 1605 2511 eligerent.
1638 2443 1778 2497 Erat
1807 2451 2001 2498 autem

305 2531 572 2602 quadam
615 2537 815 2600 crypta
860 2529 918 2584 in
965 2536 1126 2585 vasto
1167 2525 1491 2584 solitudinis
1534 2544 1710 2599 super
1755 2531 2004 2587 ﬂuvium

305 2619 654 2689 Sequanam,
692 2618 846 2674 unde
878 2617 931 2674 S.
993 2617 1212 2673 Sanson
1263 2624 1585 2686 serpentem
1617 2617 1819 2689 ejecit;
1854 2619 2006 2675 hanc

304 2707 527 2775 petebat
597 2713 659 2762 ut
721 2705 793 2761 ad
860 2705 1242 2761 habitandum
1294 2706 1686 2762 concederent.
1740 2707 2007 2774 Quantus

307 2794 560 2849 clamorl
598 2801 853 2864 quantus
883 2794 1042 2849 dolor
1087 2800 1210 2849 erat
1247 2793 1324 2848 ibi
1373 2796 1634 2850 omnium
1675 2795 2002 2853 timentium

310 2883 639 2950 Dominum,
681 2890 737 2938 et
780 2896 954 2951 super
984 2883 1210 2937 Patrem
1263 2881 1637 2938 Geremarum
1693 2883 2007 2940 lamentan-

2097 496 2314 553 exstitit
2352 495 2611 552 sincerus
2641 500 2696 550 et
2725 494 2984 550 devotus.

2171 587 2319 641 Dum
2372 592 2564 640 autem
2618 583 2751 638 illnc
2799 588 3146 648 morarteur,
3189 581 3434 638 nuntius
3464 581 3513 638 ei
3547 581 3740 638 venit
3774 579 3835 634 de

2103 674 2216 730 filio
2275 687 2378 729 suo
2425 669 2778 736 Amalberto',
2840 684 3014 740 quem
3064 670 3125 724 in
3192 669 3405 740 palatio
3464 670 3834 739 reliquerat.

2101 761 2341 818 Rediens
2370 760 2523 816 enim
2553 760 2622 815 de
2651 758 2959 814 Wasconia
2989 772 3126 814 cum
3171 772 3322 828 rege,
3359 759 3527 828 gravi
3566 758 3832 812 inﬁrmi-

2099 858 2214 906 tate
2252 862 2558 919 percussus
2587 855 2866 918 zegrotare
2911 846 3079 914 coepit
3114 859 3126 898 :
3161 847 3334 913 unde,
3371 847 3583 902 morbo
3620 847 3836 914 ingra-

2101 945 2385 1005 vescente,
2440 936 2685 992 evadere
2748 949 2866 990 non
2927 933 3151 1004 potuit;
3197 933 3558 1005 subripiente
3627 933 3840 989 mortis

2102 1024 2344 1080 articulo
2383 1025 2565 1079 vitam
2613 1021 2870 1092 corporis
2927 1022 3153 1077 amisit:
3218 1031 3340 1079 erat
3397 1023 3558 1078 enim
3630 1023 3836 1078 adhuc

2104 1113 2288 1184 virgo,
2334 1120 2390 1168 et
2421 1113 2664 1183 ignarus
2714 1111 3025 1166 mundana;
3073 1111 3491 1180 corruptionis.
3558 1111 3641 1165 Et
3680 1125 3836 1180 quo-

2105 1201 2261 1256 niam
2293 1201 2504 1257 charus
2548 1206 2672 1256 erat
2711 1199 2832 1269 regi
2863 1207 2918 1254 et
2950 1199 3206 1266 Francis,
3251 1199 3478 1255 delatus
3511 1207 3604 1255 est
3637 1213 3835 1270 usque

2107 1291 2179 1346 ad
2228 1290 2418 1346 locum
2486 1288 2731 1359 propria:
2772 1293 2923 1342 690
2962 1287 3330 1344 hazreditatis.
3395 1288 3542 1344 Cum
3627 1295 3834 1344 autem

2107 1381 2215 1435 hoc
2293 1379 2342 1434 ei
2414 1379 2750 1433 nuntiatum
2818 1376 3037 1443 fuisset,
3113 1391 3413 1432 assumens
3477 1377 3831 1446 patientiam

2109 1467 2256 1523 beati
2287 1467 2410 1534 Job,
2444 1467 2619 1522 dixit:
2677 1488 2696 1514 ε
2750 1466 3030 1520 Dominus
3085 1466 3259 1533 dedit,
3294 1466 3590 1522 Dominus
3623 1467 3830 1522 abstu—

2109 1556 2209 1625 lit;
2237 1556 2384 1612 sicut
2415 1555 2656 1611 Domino
2686 1554 2902 1624 placuit
2937 1555 3015 1610 ita
3069 1552 3287 1610 factum
3336 1563 3441 1620 est,
3498 1555 3581 1610 sit
3614 1569 3828 1610 nomen

2110 1644 2336 1699 Domini
2376 1642 2740 1699 benedictum
2800 1641 2922 1712 (Job
2954 1657 2990 1708 1,
3033 1643 3141 1711 21).
3183 1662 3203 1689 ι
3247 1643 3468 1698 Exiens
3508 1650 3720 1698 autem
3768 1643 3829 1696 dc

2111 1741 2310 1802 crypta
2341 1732 2455 1801 illa,
2484 1739 2537 1787 et
2566 1745 2764 1786 omnes
2794 1730 2978 1786 clerici
3007 1731 3180 1786 simul
3211 1746 3341 1786 cum
3395 1731 3520 1787 illo.
3555 1732 3630 1786 In
3655 1731 3823 1800 hym-

2110 1821 2200 1877 nis
2229 1821 2410 1877 David
2435 1820 2664 1876 laudem
2714 1820 2826 1875 Deo
2847 1819 3108 1875 dicebat:
3149 1841 3170 1868 ι
3221 1819 3505 1876 Dominus
3533 1835 3678 1890 pars
3711 1821 3827 1875 haz—

2111 1910 2368 1966 reditatis
2397 1923 2534 1965 meas
2582 1917 2637 1965 et
2666 1908 2860 1964 calicis
2887 1908 3018 1975 mei,
3055 1915 3119 1964 tu
3147 1923 3208 1964 es
3239 1909 3340 1979 qui
3403 1910 3690 1965 restitues
3719 1911 3824 1966 bae-

2111 1999 2410 2054 reditatem
2440 2011 2625 2053 meam
2657 1997 2798 2052 mihi
2843 1997 3029 2066 (Psal.
3077 2012 3174 2062 xv,
3215 1997 3292 2066 5).
3329 2017 3350 2045 ι
3406 1998 3674 2067 Pergens
3727 2012 3822 2052 au-

2112 2094 2225 2144 tem
2251 2101 2384 2142 cum
2415 2100 2624 2156 magno
2656 2085 3023 2155 psallentium
3055 2085 3248 2151 choro,
3287 2087 3552 2154 pervenit
3601 2086 3665 2142 in
3723 2101 3826 2156 pa-

2113 2190 2252 2247 gum
2282 2175 2702 2232 Vilcassinum:
2763 2187 2938 2243 quem
2989 2173 3377 2243 pertransiens
3405 2173 3660 2229 intravit
3712 2174 3824 2229 Bel-

2112 2279 2410 2321 vacensem
2443 2262 2794 2334 pagum,ubi
2821 2262 3044 2332 jacebat
3073 2262 3173 2317 lilii
3199 2276 3409 2331 corpus
3433 2262 3824 2330 defunctum;

2114 2354 2350 2410 veniens
2384 2353 2520 2408 illuc
2553 2351 2652 2407 ubi
2702 2351 2953 2421 jacebat,
2991 2351 3148 2418 nihil;
3175 2351 3244 2406 de
3285 2359 3470 2406 morte
3524 2352 3719 2421 ipsius
3751 2359 3825 2406 est

2115 2450 2326 2510 motus,
2347 2442 2445 2498 sed
2470 2441 2743 2496 laudabat
2775 2439 3084 2495 Dominum
3112 2440 3312 2505 Deum,
3346 2440 3510 2510 quod
3547 2440 3829 2510 dignatus

2115 2532 2186 2587 sit
2244 2531 2535 2600 suscipere
2587 2529 2646 2584 in
2705 2528 3036 2598 virginitate
3084 2529 3324 2583 unicum
3373 2527 3564 2583 tilium
3635 2542 3824 2584 suum.

2117 2619 2420 2673 Elevantes
2459 2631 2593 2672 eum
2650 2615 2709 2671 in
2758 2615 3057 2682 feretrum,
3112 2614 3377 2670 deferunt
3412 2615 3474 2668 in
3532 2622 3827 2670 monaste-

2115 2705 2269 2762 rium
2326 2705 2479 2775 quod
2542 2705 2746 2760 beatus
2787 2703 3132 2760 Geremarus
3177 2710 3592 2758 construxerat
3657 2703 3718 2758 in
3753 2703 3826 2757 hc»

2116 2807 2256 2849 nore
2286 2792 2436 2849 Petri
2485 2799 2540 2848 et
2586 2791 2748 2847 Pauli
2790 2791 3200 2860 apostolorum.
3239 2790 3615 2860 Sequebatur
3651 2791 3825 2846 multi-

2118 2884 2258 2938 tudo
2287 2881 2483 2951 populi
2511 2881 2653 2936 ﬂens
2695 2888 2872 2951 atque
2899 2880 3106 2950 lugens
3155 2893 3328 2948 super
3373 2893 3529 2934 eum.
3581 2879 3824 2934 Veniens

313 2971 456 3026 tium
486 2978 540 3027 et
572 2970 926 3026 dicentium:
965 2970 1081 3026 Cur
1110 2984 1234 3040 nos,
1273 2973 1454 3036 Pater,
1488 2971 1750 3027 deseris?
1781 2981 1882 3029 aut
1911 2975 2005 3030 cui
2043 3010 2081 3065 ρ
2124 2978 2316 3026 autem
2348 2971 2419 3025 ad
2453 2970 2640 3026 locum
2675 2969 2776 3039 qui
2824 2968 3114 3038 Baujacus
3171 2970 3315 3023 Pons
3359 2967 3600 3034 dicitur,
3639 2968 3826 3037 paula

311 3074 414 3115 nos
446 3060 723 3116 desolatos
775 3058 1101 3129 relinquis?
1153 3058 1294 3128 quid
1335 3059 1610 3130 egimus?
1649 3060 1791 3129 quid
1842 3062 1900 3118 in
1952 3071 2006 3120 te

309 3147 748 3204 commisimus?
775 3147 1060 3216 quomodo
1114 3146 1330 3202 fuimus
1362 3147 1461 3202 tibi
1511 3149 1832 3206 contrarii?
1879 3152 2007 3220 Ipse

310 3243 502 3291 autem
536 3235 829 3305 respondit
870 3235 978 3290 eis:
1044 3234 1222 3290 Nemo
1280 3242 1538 3290 vestrum
1590 3237 1809 3294 exstitit
1864 3239 2007 3295 mihi

306 3335 572 3395 unquam
604 3324 929 3381 contrarius
961 3324 1018 3378 in
1052 3323 1281 3393 aliquo;
1330 3338 1496 3379 nemo
1553 3324 1794 3394 alienus,
1837 3341 1965 3384 nem
1988 3359 2022 3402 ο

307 3414 515 3480 malus,
550 3428 718 3469 nemo
747 3413 966 3480 durus;
999 3426 1196 3469 omnes
1246 3412 1387 3467 mihi
1442 3421 1506 3469 ut
1536 3421 1743 3483 patres,
1773 3423 1838 3472 ut
1888 3416 1997 3472 fra-

310 3509 442 3569 tres,
469 3511 531 3559 ut
553 3503 810 3558 veritatis
837 3510 1121 3557 amatores
1159 3501 1408 3572 (nolebat
1455 3501 1608 3558 enim
1663 3504 1901 3573 prodere
1947 3507 2012 3561 in

317 3591 610 3661 publicum
661 3591 815 3660 quod
875 3589 1091 3645 invenit
1159 3589 1217 3645 in
1268 3589 1408 3646 lecto
1461 3591 1880 3661 absconditum,
1936 3608 2008 3650 ne

317 3680 478 3736 locus
521 3679 633 3750 ipse
681 3687 1000 3735 verteretur
1055 3678 1109 3732 in
1159 3677 1490 3748 exemplum
1524 3679 1864 3751 malorum),
1910 3682 2017 3738 Ite-

319 3785 450 3826 rum
482 3776 655 3839 atque
700 3767 910 3824 iterum
965 3775 1289 3838 prostratus
1341 3774 1474 3823 ante
1526 3768 1696 3838 pedes
1725 3769 2007 3834 omnium,

317 3858 558 3929 rogabat
609 3865 673 3914 ut
719 3871 753 3911 a
801 3856 1071 3926 pastorali
1124 3857 1254 3912 sede
1309 3856 1670 3912 absolverent
1723 3872 1885 3928 eum;
1933 3857 2013 3913 illi

317 3953 511 4002 autem
567 3945 860 4011 nolebant,
919 3945 1014 4000 sed
1071 3944 1255 4015 magis
1301 3945 1566 4014 petebant
1635 3952 1700 4000 ut
1746 3960 1841 4001 eos
1896 3960 2010 4002 non

317 4034 623 4090 desereret.
667 4033 921 4089 Tandem
964 4031 1099 4088 victi
1144 4032 1515 4102 petitionibus
1545 4041 1800 4103 cryptam
1833 4048 2010 4104 quam

319 4121 542 4190 petebat
602 4120 654 4176 ei
711 4127 1130 4176 concesserunt.
1189 4121 1543 4192 Relinquens
1588 4129 1779 4177 autem
1809 4137 2011 4179 mona-

319 4209 556 4264 sterium
589 4209 651 4264 B.
703 4208 978 4264 Audoeno
1027 4209 1167 4267 abiit
1201 4209 1272 4265 ad
1302 4210 1636 4279 praedictum
1670 4209 1886 4267 locum.
1931 4211 2016 4267 Ibi

2128 3060 2247 3116 lum
2281 3060 2398 3114 solo
2428 3058 2807 3114 substiterunt
2850 3056 2975 3112 Non
3035 3056 3176 3113 illud
3222 3056 3386 3112 silere
3437 3056 3628 3112 debeo
3658 3055 3823 3126 quod.

2127 3147 2406 3204 Dominus
2434 3146 2657 3217 operari
2687 3145 2962 3216 dignatus
3007 3152 3111 3202 est.
3161 3145 3244 3200 Ibi
3303 3145 3455 3201 circa
3486 3159 3716 3214 corpus
3745 3146 3826 3199 de-

2127 3237 2326 3302 functi,
2376 3236 2450 3291 ob
2489 3235 2756 3290 meritum
2813 3234 2964 3290 beati
3018 3233 3303 3290 Geremari
3357 3234 3693 3303 (quatenus
3722 3247 3830 3288 om-

2127 3340 2228 3381 nes
2271 3331 2646 3396 agnoscerent
2684 3323 2880 3394 magni
2924 3323 3112 3379 meriti
3168 3337 3292 3379 esse
3345 3335 3482 3378 eum
3531 3329 3590 3377 et
3659 3322 3832 3391 ipsius

2130 3413 2336 3484 ﬁlium)
2392 3413 2450 3468 in
2497 3413 2694 3469 eodem
2751 3412 2871 3468 loco
2922 3412 3002 3468 sic
3049 3418 3436 3483 aggravatum
3491 3417 3579 3466 est
3623 3423 3830 3479 corpus

2128 3501 2276 3558 beati
2321 3501 2655 3569 Amalberti,
2703 3507 2768 3558 ut
2794 3499 2866 3556 ab
2908 3500 2996 3556 his
3050 3500 3152 3570 qui
3193 3513 3329 3556 eum
3362 3499 3692 3568 portabant
3727 3512 3826 3554 non

2129 3590 2401 3661 potuisset
2452 3588 2710 3660 moveri,
2767 3590 2865 3646 sed
2921 3603 3029 3645 nec
3077 3588 3158 3644 sic
3198 3588 3415 3644 moveri
3477 3587 3703 3657 potuit.
3756 3585 3828 3641 Fit

2127 3679 2344 3735 clamor
2384 3679 2646 3734 omnium
2684 3677 2946 3734 virorum
2998 3684 3172 3747 atque
3221 3675 3534 3731 mulierum
3566 3690 3586 3744 ;
3644 3682 3828 3731 tantus

2127 3775 2318 3823 autem
2351 3774 2551 3837 stupor
2574 3765 2783 3822 invasit
2812 3778 3011 3821 omnes
3040 3771 3191 3821 retro
3224 3770 3279 3820 et
3325 3769 3459 3818 ante
3502 3762 3832 3819 incedentes

2127 3863 2193 3911 ut
2221 3855 2318 3910 vix
2344 3855 2646 3911 ambulare
2673 3853 2953 3909 valerent.

2197 3945 2358 3999 Tunc
2399 3943 2602 3999 beatus
2630 3942 2991 4008 Geremarus,
3050 3939 3300 3996 sentiens
3333 3939 3440 3994 hoc
3473 3952 3604 3994 esse
3640 3938 3834 3994 volun-

2127 4040 2300 4089 tatem
2330 4032 2449 4097 Dei,
2480 4031 2650 4103 jussit
2701 4044 2912 4100 corpus
2959 4028 3204 4098 deponi:
3251 4041 3366 4097 quo
3393 4027 3681 4096 deposito,
3714 4042 3832 4098 pro-

2126 4127 2342 4178 stratus
2371 4119 2487 4176 solo
2517 4118 2763 4189 genibus
2790 4116 3106 4172 orationem
3154 4116 3228 4171 ad
3285 4114 3606 4170 Dominum
3670 4116 3830 4180 fudit,

2125 4216 2178 4265 et
2207 4223 2400 4265 coram
2432 4208 2655 4264 cunctis
2712 4205 3032 4262 diutissime
3079 4204 3285 4260 oravit.
3345 4203 3649 4272 Completa
3709 4218 3830 4259 ora-

317 4312 375 4354 se
397 4298 455 4352 in
485 4297 843 4353 orationibus
900 4297 989 4353 die
1033 4311 1100 4354 ac
1146 4305 1310 4354 nocte
1348 4298 1525 4366 dedit,
1566 4298 1778 4355 faciens
1829 4298 2012 4368 pluri-
2044 4309 2088 4365 ι)
2132 4296 2303 4362 tione,
2366 4296 2478 4351 illis
2529 4295 2632 4365 qui
2713 4307 2924 4364 corpus
2995 4293 3269 4348 videbant
3333 4290 3521 4346 dixit:
3599 4292 3832 4347 Auferte

318 4400 473 4443 mam
503 4385 932 4454 abstinentiam,
960 4386 1237 4457 majorem
1260 4401 1441 4457 quam
1473 4387 1660 4442 facere
1699 4401 2019 4444 consueve-

321 4482 429 4530 rat.
478 4475 720 4530 Tantam
765 4473 814 4530 ei
869 4474 1114 4546 gratiam
1161 4475 1438 4530 Dominus
1492 4475 1672 4531 veluti
1727 4475 1906 4532 electo
1942 4477 2019 4532 fa-

319 4564 478 4620 mulo
498 4578 603 4620 suo
631 4563 891 4632 contulit,
921 4570 985 4619 ut
1014 4570 1224 4620 cuncta
1251 4562 1451 4618 mundi
1499 4571 1687 4620 mente
1716 4568 2018 4622 transcen-

319 4651 496 4720 deret,
528 4658 583 4708 et
603 4652 812 4723 saepius
843 4651 1165 4709 ccelestibus
1194 4651 1423 4708 secretis
1451 4652 1766 4709 interesset.

1003 4791 1229 4848 CAPUT
1263 4791 1332 4850 V.

390 4917 598 4974 Beatus
625 4924 819 4975 autem
847 4915 1162 4973 Audoenus
1195 4915 1441 4972 audiens
1495 4914 1709 4972 famam
1749 4917 2016 4974 sanctita-

318 5007 391 5064 tis
411 5007 554 5079 ejus,
603 5013 657 5063 et
703 5005 888 5063 sciens
916 5005 1192 5062 maritum
1217 5005 1362 5076 ejus,
1399 5005 1457 5060 in
1486 5005 1732 5077 gradum
1769 5007 2011 5077 presby—

318 5095 445 5153 terii
473 5109 607 5152 eum
647 5092 978 5163 ordinavit;
1035 5094 1205 5165 cujus
1255 5094 1538 5151 voluntati
1586 5094 1836 5152 multum
1887 5095 2018 5151 resi-

317 5191 465 5240 stere
521 5183 724 5249 voluit,
779 5182 875 5238 sed
926 5181 1140 5252 Spiritu
1197 5190 1392 5238 sancto
1448 5197 1581 5239 eum
1635 5184 2014 5253 compellente

319 5273 616 5342 praeceptis
647 5271 829 5328 sancti
856 5272 1122 5342 praesulis
1145 5273 1412 5328 obedivit.
1466 5273 1792 5341 Factusque
1823 5286 2012 5328 sacer-

317 5361 440 5428 dos,
476 5361 715 5418 Domino
746 5361 968 5432 placere
1007 5361 1248 5418 studuit.
1286 5360 1572 5417 Oﬂerebat
1619 5360 1772 5417 enim
1829 5361 2012 5416 sacri-

321 5448 515 5504 ficium
546 5449 626 5506 illi
656 5465 759 5519 per
786 5450 1045 5522 singulos
1074 5449 1193 5506 dies
1231 5464 1363 5507 cum
1414 5449 1688 5519 lacrymis
1705 5455 1762 5504 et
1790 5449 2010 5506 contri-

320 5537 472 5593 tione
498 5538 702 5594 cordis.
732 5538 816 5595 Ibi
847 5539 906 5594 in
931 5539 1261 5609 exemplum
1303 5538 1564 5594 omnium
1597 5537 1813 5608 positus
1842 5538 2010 5593 annis

2127 4382 2368 4452 pallium
2397 4383 2470 4438 ab
2499 4397 2584 4449 eo,
2615 4396 2730 4452 quo
2760 4387 3058 4450 coopertus
3106 4387 3208 4447 est,
3258 4386 3324 4434 ut
3353 4378 3672 4434 videamus
3702 4379 3832 4450 quid

2128 4471 2450 4540 contigerit.
2493 4470 2756 4541 Cumque
2804 4469 3069 4525 tulissent
3116 4468 3372 4539 gladium
3429 4467 3520 4539 [νη
3562 4468 3828 4538 pallium}.

2127 4567 2183 4616 et
2229 4558 2563 4630 diligentius
2607 4558 2980 4628 aspexissent,
3043 4556 3394 4613 invenerunt
3446 4555 3665 4612 faciem
3721 4557 3837 4627 ejus

2128 4649 2412 4718 sanguine
2442 4647 2754 4713 madidam,
2784 4660 2852 4702 ac
2909 4645 2956 4701 si
3004 4644 3100 4701 illo
3153 4645 3247 4702 die
3285 4643 3433 4701 bello
3494 4644 3838 4701 interfectus

2125 4736 2360 4792 fuisset:
2410 4736 2625 4793 ﬂuebat
2678 4735 2834 4791 enim
2879 4734 3122 4804 sanguis
3171 4747 3269 4804 per
3321 4746 3511 4800 nares,
3577 4733 3835 4805 irrigans

2128 4832 2304 4881 totam
2345 4825 2545 4882 faciem
2576 4824 2722 4895 ejus.
2751 4823 2931 4880 Valde
2970 4822 3321 4893 stupendum
3350 4829 3434 4878 est
3493 4828 3686 4892 atque
3732 4822 3836 4879 mi-

2123 4914 2396 4975 randum,
2431 4922 2487 4970 et
2517 4913 2576 4970 in
2618 4914 2896 4970 memoria
2943 4911 3163 4968 devotis
3209 4910 3482 4968 laudibus
3534 4925 3838 4968 reservan-

2125 5002 2264 5058 dum
2296 5019 2311 5070 ;
2340 5004 2459 5074 jam
2493 5003 2742 5060 multum
2793 5002 3044 5058 ﬂuxerat
3077 5000 3349 5070 temporis
3372 5013 3406 5054 a
3433 5014 3554 5070 quo
3596 5000 3732 5057 vita
3760 5002 3836 5056 de

2123 5099 2367 5148 cesserat
2398 5099 2693 5148 revertens
2721 5105 2754 5146 a
2792 5089 3078 5147 Vasconia
3106 5104 3241 5146 cum
3275 5101 3425 5159 rege
3457 5095 3518 5144 et
3550 5088 3832 5145 Francis:

2123 5180 2265 5247 quid
2291 5181 2400 5236 hoc
2413 5181 2562 5236 facto
2592 5178 2953 5236 manifestius
2975 5177 3161 5248 potuit
3189 5177 3297 5233 hoc
3322 5176 3650 5246 adimplere
3681 5178 3829 5234 illius

2120 5273 2330 5337 virtus,
2373 5269 2523 5326 beati
2573 5267 2862 5326 Geremari
2897 5266 3128 5323 'meritis
3176 5273 3231 5322 et
3284 5265 3635 5334 virtutibus,
3671 5266 3834 5336 cujus

2121 5359 2374 5432 potentia
2436 5357 2810 5415 resuscitatur
2874 5354 3306 5427 quatriduanus
3363 5353 3669 5410 Lazarus?
3739 5355 3834 5411 De-

2118 5455 2475 5504 monstratur
2503 5447 2609 5502 hoc
2629 5445 2846 5517 judicio
2876 5445 3108 5500 beatum
3158 5442 3562 5498 Amalbertum
3599 5444 3829 5500 'meritis

2119 5537 2297 5594 sancti
2325 5534 2614 5593 Geremari
2645 5535 2837 5591 vivere
2865 5548 2998 5590 cum
3048 5531 3293 5590 Christo.
