  <div class='ocr_page' id='page_1' title='image "/cluster/home/n/w/nwhite01/storage/ocr_20150623/156/hvd.32044054760145/610.png"; bbox 0 0 3924 6090; ppageno 0'>
   <div class='ocr_carea' id='block_1_1' title="bbox 158 283 293 335">
    <p class='ocr_par' dir='ltr' id='par_1_1' title="bbox 158 283 293 335">
     <span class='ocr_line' id='line_1_1' title="bbox 158 283 293 335; baseline 0.015 -1"><span class='ocrx_word' id='word_1_1' title='bbox 158 283 293 335; x_wconf 75' lang='grc'><strong>1209</strong></span> 
     </span>
    </p>
   </div>
   <div class='ocr_carea' id='block_1_2' title="bbox 1393 275 2424 333">
    <p class='ocr_par' dir='ltr' id='par_1_2' title="bbox 1393 275 2424 333">
     <span class='ocr_line' id='line_1_2' title="bbox 1393 275 2424 333; baseline -0.003 -1"><span class='ocrx_word' id='word_1_2' title='bbox 1393 275 1620 332; x_wconf 83' lang='lat' dir='ltr'><strong>ADDIT.</strong></span> <span class='ocrx_word' id='word_1_3' title='bbox 1653 305 1720 316; x_wconf 85' lang='lat'><strong>—-</strong></span> <span class='ocrx_word' id='word_1_4' title='bbox 1749 276 1906 333; x_wconf 85' lang='lat' dir='ltr'><strong>VITA</strong></span> <span class='ocrx_word' id='word_1_5' title='bbox 1944 277 1998 332; x_wconf 93' lang='lat' dir='ltr'><strong>S.</strong></span> <span class='ocrx_word' id='word_1_6' title='bbox 2041 276 2424 332; x_wconf 78' lang='lat' dir='ltr'><strong>GEBEMARI.</strong></span> 
     </span>
    </p>
   </div>
   <div class='ocr_carea' id='block_1_3' title="bbox 3443 284 3657 335">
    <p class='ocr_par' dir='ltr' id='par_1_3' title="bbox 3443 284 3657 335">
     <span class='ocr_line' id='line_1_3' title="bbox 3443 284 3657 335; baseline 0 -1"><span class='ocrx_word' id='word_1_7' title='bbox 3443 285 3456 294; x_wconf 72' lang='grc'><strong>“</strong></span> <span class='ocrx_word' id='word_1_8' title='bbox 3522 284 3657 335; x_wconf 77' lang='grc'><strong>1210</strong></span> 
     </span>
    </p>
   </div>
   <div class='ocr_carea' id='block_1_4' title="bbox 226 409 3648 484">
    <p class='ocr_par' dir='ltr' id='par_1_4' title="bbox 226 409 3648 484">
     <span class='ocr_line' id='line_1_4' title="bbox 226 409 3648 484; baseline -0.001 -12"><span class='ocrx_word' id='word_1_9' title='bbox 226 417 386 472; x_wconf 91' lang='lat' dir='ltr'><strong>Tunc</strong></span> <span class='ocrx_word' id='word_1_10' title='bbox 428 415 630 472; x_wconf 89' lang='lat' dir='ltr'><strong>beatus</strong></span> <span class='ocrx_word' id='word_1_11' title='bbox 669 414 1010 470; x_wconf 85' lang='lat' dir='ltr'><strong>Geremarus</strong></span> <span class='ocrx_word' id='word_1_12' title='bbox 1056 412 1114 468; x_wconf 90' lang='lat' dir='ltr'><strong>in</strong></span> <span class='ocrx_word' id='word_1_13' title='bbox 1139 411 1340 468; x_wconf 90' lang='lat' dir='ltr'><strong>eodem</strong></span> <span class='ocrx_word' id='word_1_14' title='bbox 1393 410 1512 468; x_wconf 93' lang='lat' dir='ltr'><strong>loco</strong></span> <span class='ocrx_word' id='word_1_15' title='bbox 1553 409 1848 467; x_wconf 86' lang='lat' dir='ltr'><strong>ecclesiam</strong></span> <span class='ocrx_word' id='word_1_16' title='bbox 1881 414 1921 467; x_wconf 83' lang='grc' dir='ltr'><strong>Α</strong></span> <span class='ocrx_word' id='word_1_17' title='bbox 2032 411 2198 468; x_wconf 89' lang='lat' dir='ltr'><strong>Mane</strong></span> <span class='ocrx_word' id='word_1_18' title='bbox 2226 418 2418 468; x_wconf 91' lang='lat' dir='ltr'><strong>autem</strong></span> <span class='ocrx_word' id='word_1_19' title='bbox 2456 411 2622 480; x_wconf 86' lang='lat' dir='ltr'><strong>facto,</strong></span> <span class='ocrx_word' id='word_1_20' title='bbox 2675 411 2871 469; x_wconf 89' lang='lat' dir='ltr'><strong>retulit</strong></span> <span class='ocrx_word' id='word_1_21' title='bbox 2917 419 3161 483; x_wconf 91' lang='lat' dir='ltr'><strong>uterque</strong></span> <span class='ocrx_word' id='word_1_22' title='bbox 3207 413 3362 484; x_wconf 91' lang='lat' dir='ltr'><strong>quod</strong></span> <span class='ocrx_word' id='word_1_23' title='bbox 3409 413 3648 481; x_wconf 81' lang='lat' dir='ltr'><strong>viderat,</strong></span> 
     </span>
    </p>
   </div>
   <div class='ocr_carea' id='block_1_5' title="bbox 153 499 1856 574">
    <p class='ocr_par' dir='ltr' id='par_1_5' title="bbox 153 499 1856 574">
     <span class='ocr_line' id='line_1_5' title="bbox 153 499 1856 574; baseline -0.003 -16"><span class='ocrx_word' id='word_1_24' title='bbox 153 503 280 560; x_wconf 88' lang='lat' dir='ltr'><strong>fieri</strong></span> <span class='ocrx_word' id='word_1_25' title='bbox 311 503 580 574; x_wconf 65' lang='lat' dir='ltr'><strong>prmcepit</strong></span> <span class='ocrx_word' id='word_1_26' title='bbox 611 501 670 558; x_wconf 92' lang='lat' dir='ltr'><strong>in</strong></span> <span class='ocrx_word' id='word_1_27' title='bbox 718 503 934 558; x_wconf 87' lang='lat' dir='ltr'><strong>honore</strong></span> <span class='ocrx_word' id='word_1_28' title='bbox 983 500 1038 557; x_wconf 97' lang='grc'><strong>8.</strong></span> <span class='ocrx_word' id='word_1_29' title='bbox 1074 500 1328 557; x_wconf 86' lang='lat' dir='ltr'><strong>Joannis.</strong></span> <span class='ocrx_word' id='word_1_30' title='bbox 1377 499 1687 555; x_wconf 87' lang='lat' dir='ltr'><strong>Duodecim</strong></span> <span class='ocrx_word' id='word_1_31' title='bbox 1733 514 1856 554; x_wconf 90' lang='lat' dir='ltr'><strong>mo-</strong></span> 
     </span>
    </p>
   </div>
   <div class='ocr_carea' id='block_1_6' title="bbox 155 588 1850 660">
    <p class='ocr_par' dir='ltr' id='par_1_6' title="bbox 155 588 1850 660">
     <span class='ocr_line' id='line_1_6' title="bbox 155 588 1850 660; baseline -0.005 -11"><span class='ocrx_word' id='word_1_32' title='bbox 155 594 372 649; x_wconf 88' lang='lat' dir='ltr'><strong>nachos</strong></span> <span class='ocrx_word' id='word_1_33' title='bbox 420 592 497 648; x_wconf 87' lang='lat' dir='ltr'><strong>ibi</strong></span> <span class='ocrx_word' id='word_1_34' title='bbox 537 591 854 656; x_wconf 82' lang='lat' dir='ltr'><strong>constituit,</strong></span> <span class='ocrx_word' id='word_1_35' title='bbox 907 603 1158 660; x_wconf 91' lang='lat' dir='ltr'><strong>quorum</strong></span> <span class='ocrx_word' id='word_1_36' title='bbox 1204 588 1323 644; x_wconf 90' lang='lat' dir='ltr'><strong>vita</strong></span> <span class='ocrx_word' id='word_1_37' title='bbox 1365 588 1522 644; x_wconf 92' lang='lat' dir='ltr'><strong>salus</strong></span> <span class='ocrx_word' id='word_1_38' title='bbox 1567 595 1710 643; x_wconf 88' lang='lat' dir='ltr'><strong>esset</strong></span> <span class='ocrx_word' id='word_1_39' title='bbox 1745 588 1850 644; x_wconf 91' lang='lat' dir='ltr'><strong>sibi</strong></span> 
     </span>
    </p>
   </div>
   <div class='ocr_carea' id='block_1_7' title="bbox 152 677 1856 749">
    <p class='ocr_par' dir='ltr' id='par_1_7' title="bbox 152 677 1856 749">
     <span class='ocr_line' id='line_1_7' title="bbox 152 677 1856 749; baseline -0.004 -12"><span class='ocrx_word' id='word_1_40' title='bbox 152 689 209 737; x_wconf 93' lang='lat' dir='ltr'><strong>et</strong></span> <span class='ocrx_word' id='word_1_41' title='bbox 239 681 444 736; x_wconf 66' lang='lat' dir='ltr'><strong>animae</strong></span> <span class='ocrx_word' id='word_1_42' title='bbox 492 680 610 735; x_wconf 90' lang='lat' dir='ltr'><strong>filii.</strong></span> <span class='ocrx_word' id='word_1_43' title='bbox 651 681 721 736; x_wconf 91' lang='lat' dir='ltr'><strong>Ut</strong></span> <span class='ocrx_word' id='word_1_44' title='bbox 775 691 911 749; x_wconf 90' lang='lat' dir='ltr'><strong>ergo</strong></span> <span class='ocrx_word' id='word_1_45' title='bbox 957 678 1080 733; x_wconf 89' lang='lat' dir='ltr'><strong>sine</strong></span> <span class='ocrx_word' id='word_1_46' title='bbox 1123 677 1438 747; x_wconf 82' lang='lat' dir='ltr'><strong>indigentia</strong></span> <span class='ocrx_word' id='word_1_47' title='bbox 1490 677 1766 743; x_wconf 83' lang='lat' dir='ltr'><strong>viverent,</strong></span> <span class='ocrx_word' id='word_1_48' title='bbox 1800 684 1856 731; x_wconf 90' lang='lat' dir='ltr'><strong>et</strong></span> 
     </span>
    </p>
   </div>
   <div class='ocr_carea' id='block_1_8' title="bbox 155 763 1856 834">
    <p class='ocr_par' dir='ltr' id='par_1_8' title="bbox 155 763 1856 834">
     <span class='ocr_line' id='line_1_8' title="bbox 155 763 1856 834; baseline -0.004 -10"><span class='ocrx_word' id='word_1_49' title='bbox 155 768 394 824; x_wconf 93' lang='lat' dir='ltr'><strong>Domino</strong></span> <span class='ocrx_word' id='word_1_50' title='bbox 434 769 555 824; x_wconf 86' lang='lat' dir='ltr'><strong>sine</strong></span> <span class='ocrx_word' id='word_1_51' title='bbox 615 766 1076 822; x_wconf 78' lang='lat' dir='ltr'><strong>murmuratione</strong></span> <span class='ocrx_word' id='word_1_52' title='bbox 1141 767 1442 833; x_wconf 86' lang='lat' dir='ltr'><strong>servirent,</strong></span> <span class='ocrx_word' id='word_1_53' title='bbox 1492 763 1724 834; x_wconf 89' lang='lat' dir='ltr'><strong>reliquit</strong></span> <span class='ocrx_word' id='word_1_54' title='bbox 1775 764 1856 818; x_wconf 91' lang='lat' dir='ltr'><strong>eis</strong></span> 
     </span>
    </p>
   </div>
   <div class='ocr_carea' id='block_1_9' title="bbox 156 851 1857 924">
    <p class='ocr_par' dir='ltr' id='par_1_9' title="bbox 156 851 1857 924">
     <span class='ocr_line' id='line_1_9' title="bbox 156 851 1857 924; baseline -0.003 -13"><span class='ocrx_word' id='word_1_55' title='bbox 156 856 370 911; x_wconf 89' lang='lat' dir='ltr'><strong>multas</strong></span> <span class='ocrx_word' id='word_1_56' title='bbox 415 855 600 920; x_wconf 90' lang='lat' dir='ltr'><strong>villas,</strong></span> <span class='ocrx_word' id='word_1_57' title='bbox 656 854 866 910; x_wconf 91' lang='lat' dir='ltr'><strong>scilicet</strong></span> <span class='ocrx_word' id='word_1_58' title='bbox 927 853 1159 924; x_wconf 90' lang='lat' dir='ltr'><strong>propria</strong></span> <span class='ocrx_word' id='word_1_59' title='bbox 1204 853 1435 922; x_wconf 72' lang='lat' dir='ltr'><strong>praedia,</strong></span> <span class='ocrx_word' id='word_1_60' title='bbox 1487 867 1586 922; x_wconf 93' lang='lat' dir='ltr'><strong>per</strong></span> <span class='ocrx_word' id='word_1_61' title='bbox 1633 851 1857 906; x_wconf 87' lang='lat' dir='ltr'><strong>charta-</strong></span> 
     </span>
    </p>
   </div>
   <div class='ocr_carea' id='block_1_10' title="bbox 156 940 1855 1012">
    <p class='ocr_par' dir='ltr' id='par_1_10' title="bbox 156 940 1855 1012">
     <span class='ocr_line' id='line_1_10' title="bbox 156 940 1855 1012; baseline -0.002 -14"><span class='ocrx_word' id='word_1_62' title='bbox 156 958 287 998; x_wconf 92' lang='lat' dir='ltr'><strong>rum</strong></span> <span class='ocrx_word' id='word_1_63' title='bbox 313 944 680 998; x_wconf 89' lang='lat' dir='ltr'><strong>monimenta.</strong></span> <span class='ocrx_word' id='word_1_64' title='bbox 715 942 814 998; x_wconf 85' lang='lat' dir='ltr'><strong>llis</strong></span> <span class='ocrx_word' id='word_1_65' title='bbox 866 941 943 997; x_wconf 89' lang='lat' dir='ltr'><strong>ita</strong></span> <span class='ocrx_word' id='word_1_66' title='bbox 971 940 1280 1012; x_wconf 91' lang='lat' dir='ltr'><strong>promissis,</strong></span> <span class='ocrx_word' id='word_1_67' title='bbox 1332 941 1520 996; x_wconf 81' lang='lat' dir='ltr'><strong>statim</strong></span> <span class='ocrx_word' id='word_1_68' title='bbox 1555 941 1855 995; x_wconf 90' lang='lat' dir='ltr'><strong>inventum</strong></span> 
     </span>
    </p>
   </div>
   <div class='ocr_carea' id='block_1_11' title="bbox 154 1029 1858 1100">
    <p class='ocr_par' dir='ltr' id='par_1_11' title="bbox 154 1029 1858 1100">
     <span class='ocr_line' id='line_1_11' title="bbox 154 1029 1858 1100; baseline -0.002 -16"><span class='ocrx_word' id='word_1_69' title='bbox 154 1037 240 1085; x_wconf 89' lang='lat' dir='ltr'><strong>est</strong></span> <span class='ocrx_word' id='word_1_70' title='bbox 290 1045 497 1100; x_wconf 89' lang='lat' dir='ltr'><strong>corpus</strong></span> <span class='ocrx_word' id='word_1_71' title='bbox 541 1038 712 1086; x_wconf 66' lang='lat' dir='ltr'><strong>tantae</strong></span> <span class='ocrx_word' id='word_1_72' title='bbox 760 1029 1025 1096; x_wconf 88' lang='lat' dir='ltr'><strong>levitatis,</strong></span> <span class='ocrx_word' id='word_1_73' title='bbox 1081 1036 1144 1084; x_wconf 90' lang='lat' dir='ltr'><strong>ut</strong></span> <span class='ocrx_word' id='word_1_74' title='bbox 1174 1029 1244 1084; x_wconf 91' lang='lat' dir='ltr'><strong>ab</strong></span> <span class='ocrx_word' id='word_1_75' title='bbox 1299 1044 1416 1084; x_wconf 90' lang='lat' dir='ltr'><strong>uno</strong></span> <span class='ocrx_word' id='word_1_76' title='bbox 1467 1029 1697 1084; x_wconf 87' lang='lat' dir='ltr'><strong>homine</strong></span> <span class='ocrx_word' id='word_1_77' title='bbox 1751 1042 1858 1096; x_wconf 91' lang='lat' dir='ltr'><strong>po-</strong></span> 
     </span>
    </p>
   </div>
   <div class='ocr_carea' id='block_1_12' title="bbox 159 1112 1854 1184">
    <p class='ocr_par' dir='ltr' id='par_1_12' title="bbox 159 1112 1854 1184">
     <span class='ocr_line' id='line_1_12' title="bbox 159 1112 1854 1184; baseline -0.002 -15"><span class='ocrx_word' id='word_1_78' title='bbox 159 1115 357 1170; x_wconf 89' lang='lat' dir='ltr'><strong>tuisset</strong></span> <span class='ocrx_word' id='word_1_79' title='bbox 387 1113 620 1184; x_wconf 87' lang='lat' dir='ltr'><strong>portari.</strong></span> <span class='ocrx_word' id='word_1_80' title='bbox 671 1115 959 1169; x_wconf 88' lang='lat' dir='ltr'><strong>Moventes</strong></span> <span class='ocrx_word' id='word_1_81' title='bbox 1002 1113 1132 1168; x_wconf 91' lang='lat' dir='ltr'><strong>inde</strong></span> <span class='ocrx_word' id='word_1_82' title='bbox 1181 1119 1566 1182; x_wconf 90' lang='lat' dir='ltr'><strong>pervenerunt</strong></span> <span class='ocrx_word' id='word_1_83' title='bbox 1601 1112 1672 1167; x_wconf 90' lang='lat' dir='ltr'><strong>ad</strong></span> <span class='ocrx_word' id='word_1_84' title='bbox 1711 1125 1854 1181; x_wconf 62' lang='lat' dir='ltr'><strong>prte-</strong></span> 
     </span>
    </p>
   </div>
   <div class='ocr_carea' id='block_1_13' title="bbox 156 1199 1860 1271">
    <p class='ocr_par' dir='ltr' id='par_1_13' title="bbox 156 1199 1860 1271">
     <span class='ocr_line' id='line_1_13' title="bbox 156 1199 1860 1271; baseline -0.001 -15"><span class='ocrx_word' id='word_1_85' title='bbox 156 1201 372 1257; x_wconf 89' lang='lat' dir='ltr'><strong>dictum</strong></span> <span class='ocrx_word' id='word_1_86' title='bbox 409 1201 840 1269; x_wconf 83' lang='lat' dir='ltr'><strong>monasterium,</strong></span> <span class='ocrx_word' id='word_1_87' title='bbox 874 1201 1027 1271; x_wconf 91' lang='lat' dir='ltr'><strong>quod</strong></span> <span class='ocrx_word' id='word_1_88' title='bbox 1065 1201 1268 1257; x_wconf 90' lang='lat' dir='ltr'><strong>beatus</strong></span> <span class='ocrx_word' id='word_1_89' title='bbox 1300 1201 1642 1256; x_wconf 90' lang='lat' dir='ltr'><strong>Geremarus</strong></span> <span class='ocrx_word' id='word_1_90' title='bbox 1667 1199 1860 1254; x_wconf 89' lang='lat' dir='ltr'><strong>adhuc</strong></span> 
     </span>
    </p>
   </div>
   <div class='ocr_carea' id='block_1_14' title="bbox 157 1289 1856 1360">
    <p class='ocr_par' dir='ltr' id='par_1_14' title="bbox 157 1289 1856 1360">
     <span class='ocr_line' id='line_1_14' title="bbox 157 1289 1856 1360; baseline -0.001 -17"><span class='ocrx_word' id='word_1_91' title='bbox 157 1289 217 1344; x_wconf 93' lang='lat' dir='ltr'><strong>in</strong></span> <span class='ocrx_word' id='word_1_92' title='bbox 248 1289 460 1345; x_wconf 69' lang='lat' dir='ltr'><strong>szeculo</strong></span> <span class='ocrx_word' id='word_1_93' title='bbox 497 1289 714 1360; x_wconf 91' lang='lat' dir='ltr'><strong>positus</strong></span> <span class='ocrx_word' id='word_1_94' title='bbox 745 1297 1169 1356; x_wconf 81' lang='lat' dir='ltr'><strong>construxerat,</strong></span> <span class='ocrx_word' id='word_1_95' title='bbox 1203 1290 1303 1345; x_wconf 93' lang='lat' dir='ltr'><strong>ubi</strong></span> <span class='ocrx_word' id='word_1_96' title='bbox 1349 1289 1659 1344; x_wconf 88' lang='lat' dir='ltr'><strong>honoriﬁce</strong></span> <span class='ocrx_word' id='word_1_97' title='bbox 1698 1302 1856 1357; x_wconf 85' lang='lat' dir='ltr'><strong>sepe-</strong></span> 
     </span>
    </p>
   </div>
   <div class='ocr_carea' id='block_1_15' title="bbox 157 1377 1854 1434">
    <p class='ocr_par' dir='ltr' id='par_1_15' title="bbox 157 1377 1854 1434">
     <span class='ocr_line' id='line_1_15' title="bbox 157 1377 1854 1434; baseline -0.001 -2"><span class='ocrx_word' id='word_1_98' title='bbox 157 1377 370 1434; x_wconf 89' lang='lat' dir='ltr'><strong>lierunt</strong></span> <span class='ocrx_word' id='word_1_99' title='bbox 415 1392 570 1434; x_wconf 91' lang='lat' dir='ltr'><strong>eum.</strong></span> <span class='ocrx_word' id='word_1_100' title='bbox 621 1378 784 1432; x_wconf 90' lang='lat' dir='ltr'><strong>Tunc</strong></span> <span class='ocrx_word' id='word_1_101' title='bbox 832 1377 1032 1432; x_wconf 88' lang='lat' dir='ltr'><strong>beatus</strong></span> <span class='ocrx_word' id='word_1_102' title='bbox 1075 1377 1420 1433; x_wconf 90' lang='lat' dir='ltr'><strong>Geremarus</strong></span> <span class='ocrx_word' id='word_1_103' title='bbox 1469 1377 1854 1432; x_wconf 74' lang='lat' dir='ltr'><strong>haereditatem</strong></span> 
     </span>
    </p>
   </div>
   <div class='ocr_carea' id='block_1_16' title="bbox 154 1465 1858 1536">
    <p class='ocr_par' dir='ltr' id='par_1_16' title="bbox 154 1465 1858 1536">
     <span class='ocr_line' id='line_1_16' title="bbox 154 1465 1858 1536; baseline -0.001 -15"><span class='ocrx_word' id='word_1_104' title='bbox 154 1481 321 1522; x_wconf 90' lang='lat' dir='ltr'><strong>suam</strong></span> <span class='ocrx_word' id='word_1_105' title='bbox 368 1467 597 1536; x_wconf 89' lang='lat' dir='ltr'><strong>recepit,</strong></span> <span class='ocrx_word' id='word_1_106' title='bbox 646 1474 703 1522; x_wconf 90' lang='lat' dir='ltr'><strong>et</strong></span> <span class='ocrx_word' id='word_1_107' title='bbox 743 1465 1048 1521; x_wconf 90' lang='lat' dir='ltr'><strong>Dominum</strong></span> <span class='ocrx_word' id='word_1_108' title='bbox 1097 1467 1286 1521; x_wconf 88' lang='lat' dir='ltr'><strong>Jesum</strong></span> <span class='ocrx_word' id='word_1_109' title='bbox 1330 1465 1622 1522; x_wconf 88' lang='lat' dir='ltr'><strong>Christum</strong></span> <span class='ocrx_word' id='word_1_110' title='bbox 1673 1478 1746 1520; x_wconf 83' lang='lat' dir='ltr'><strong>ex</strong></span> <span class='ocrx_word' id='word_1_111' title='bbox 1789 1477 1858 1519; x_wconf 90' lang='lat' dir='ltr'><strong>ca</strong></span> 
     </span>
    </p>
   </div>
   <div class='ocr_carea' id='block_1_17' title="bbox 157 1553 1856 1624">
    <p class='ocr_par' dir='ltr' id='par_1_17' title="bbox 157 1553 1856 1624">
     <span class='ocr_line' id='line_1_17' title="bbox 157 1553 1856 1624; baseline -0.002 -13"><span class='ocrx_word' id='word_1_112' title='bbox 157 1555 443 1611; x_wconf 66' lang='lat' dir='ltr'><strong>haeredem</strong></span> <span class='ocrx_word' id='word_1_113' title='bbox 487 1554 651 1610; x_wconf 89' lang='lat' dir='ltr'><strong>fecit:</strong></span> <span class='ocrx_word' id='word_1_114' title='bbox 704 1553 1012 1610; x_wconf 83' lang='lat' dir='ltr'><strong>festinabat</strong></span> <span class='ocrx_word' id='word_1_115' title='bbox 1066 1554 1221 1610; x_wconf 94' lang='lat' dir='ltr'><strong>enim</strong></span> <span class='ocrx_word' id='word_1_116' title='bbox 1272 1553 1569 1624; x_wconf 89' lang='lat' dir='ltr'><strong>pervenire</strong></span> <span class='ocrx_word' id='word_1_117' title='bbox 1617 1553 1690 1608; x_wconf 87' lang='lat' dir='ltr'><strong>ad</strong></span> <span class='ocrx_word' id='word_1_118' title='bbox 1737 1567 1856 1608; x_wconf 73' lang='lat' dir='ltr'><strong>cm—</strong></span> 
     </span>
    </p>
   </div>
   <div class='ocr_carea' id='block_1_18' title="bbox 157 1642 1854 1714">
    <p class='ocr_par' dir='ltr' id='par_1_18' title="bbox 157 1642 1854 1714">
     <span class='ocr_line' id='line_1_18' title="bbox 157 1642 1854 1714; baseline -0.002 -16"><span class='ocrx_word' id='word_1_119' title='bbox 157 1642 354 1698; x_wconf 91' lang='lat' dir='ltr'><strong>lestem</strong></span> <span class='ocrx_word' id='word_1_120' title='bbox 387 1643 650 1714; x_wconf 88' lang='lat' dir='ltr'><strong>patriam,</strong></span> <span class='ocrx_word' id='word_1_121' title='bbox 683 1649 737 1698; x_wconf 91' lang='lat' dir='ltr'><strong>et</strong></span> <span class='ocrx_word' id='word_1_122' title='bbox 766 1642 1097 1713; x_wconf 90' lang='lat' dir='ltr'><strong>contingere</strong></span> <span class='ocrx_word' id='word_1_123' title='bbox 1127 1642 1573 1698; x_wconf 87' lang='lat' dir='ltr'><strong>immortalitatis</strong></span> <span class='ocrx_word' id='word_1_124' title='bbox 1613 1642 1854 1710; x_wconf 85' lang='lat' dir='ltr'><strong>stolam;</strong></span> 
     </span>
    </p>
   </div>
   <div class='ocr_carea' id='block_1_19' title="bbox 159 1714 1924 1800">
    <p class='ocr_par' dir='ltr' id='par_1_19' title="bbox 159 1714 1924 1800">
     <span class='ocr_line' id='line_1_19' title="bbox 159 1714 1924 1800; baseline -0.001 -14"><span class='ocrx_word' id='word_1_125' title='bbox 159 1731 522 1787; x_wconf 84' lang='lat' dir='ltr'><strong>desiderabat</strong></span> <span class='ocrx_word' id='word_1_126' title='bbox 569 1731 849 1786; x_wconf 63' lang='lat' dir='ltr'><strong>haeredem</strong></span> <span class='ocrx_word' id='word_1_127' title='bbox 882 1731 1093 1786; x_wconf 88' lang='lat' dir='ltr'><strong>habere</strong></span> <span class='ocrx_word' id='word_1_128' title='bbox 1141 1745 1272 1786; x_wconf 92' lang='lat' dir='ltr'><strong>eum</strong></span> <span class='ocrx_word' id='word_1_129' title='bbox 1305 1745 1339 1786; x_wconf 91' lang='lat' dir='ltr'><strong>a</strong></span> <span class='ocrx_word' id='word_1_130' title='bbox 1373 1745 1506 1800; x_wconf 91' lang='lat' dir='ltr'><strong>quo,</strong></span> <span class='ocrx_word' id='word_1_131' title='bbox 1540 1737 1594 1785; x_wconf 92' lang='lat' dir='ltr'><strong>et</strong></span> <span class='ocrx_word' id='word_1_132' title='bbox 1624 1730 1682 1784; x_wconf 91' lang='lat' dir='ltr'><strong>in</strong></span> <span class='ocrx_word' id='word_1_133' title='bbox 1713 1744 1849 1798; x_wconf 91' lang='lat' dir='ltr'><strong>quo,</strong></span> <span class='ocrx_word' id='word_1_134' title='bbox 1885 1714 1924 1768; x_wconf 80' lang='grc' dir='ltr'>Β</span> 
     </span>
    </p>
   </div>
   <div class='ocr_carea' id='block_1_20' title="bbox 159 1816 1856 1890">
    <p class='ocr_par' dir='ltr' id='par_1_20' title="bbox 159 1816 1856 1890">
     <span class='ocr_line' id='line_1_20' title="bbox 159 1816 1856 1890; baseline -0.002 -15"><span class='ocrx_word' id='word_1_135' title='bbox 159 1827 216 1875; x_wconf 92' lang='lat' dir='ltr'><strong>et</strong></span> <span class='ocrx_word' id='word_1_136' title='bbox 241 1834 341 1889; x_wconf 93' lang='lat' dir='ltr'><strong>per</strong></span> <span class='ocrx_word' id='word_1_137' title='bbox 379 1833 552 1890; x_wconf 90' lang='lat' dir='ltr'><strong>quem</strong></span> <span class='ocrx_word' id='word_1_138' title='bbox 595 1825 680 1874; x_wconf 91' lang='lat' dir='ltr'><strong>est</strong></span> <span class='ocrx_word' id='word_1_139' title='bbox 719 1833 1012 1874; x_wconf 90' lang='lat' dir='ltr'><strong>summum</strong></span> <span class='ocrx_word' id='word_1_140' title='bbox 1062 1819 1300 1884; x_wconf 91' lang='lat' dir='ltr'><strong>bonum,</strong></span> <span class='ocrx_word' id='word_1_141' title='bbox 1334 1819 1486 1874; x_wconf 87' lang='lat' dir='ltr'><strong>ultra</strong></span> <span class='ocrx_word' id='word_1_142' title='bbox 1520 1818 1674 1888; x_wconf 91' lang='lat' dir='ltr'><strong>quod</strong></span> <span class='ocrx_word' id='word_1_143' title='bbox 1713 1816 1856 1872; x_wconf 90' lang='lat' dir='ltr'><strong>nihil</strong></span> 
     </span>
    </p>
   </div>
   <div class='ocr_carea' id='block_1_21' title="bbox 161 1907 676 1977">
    <p class='ocr_par' dir='ltr' id='par_1_21' title="bbox 161 1907 676 1977">
     <span class='ocr_line' id='line_1_21' title="bbox 161 1907 676 1977; baseline -0.002 -15"><span class='ocrx_word' id='word_1_144' title='bbox 161 1915 248 1963; x_wconf 90' lang='lat' dir='ltr'><strong>est</strong></span> <span class='ocrx_word' id='word_1_145' title='bbox 272 1907 676 1977; x_wconf 89' lang='lat' dir='ltr'><strong>appetendum.</strong></span> 
     </span>
    </p>
   </div>
   <div class='ocr_carea' id='block_1_22' title="bbox 833 1993 1200 2051">
    <p class='ocr_par' dir='ltr' id='par_1_22' title="bbox 833 1993 1200 2051">
     <span class='ocr_line' id='line_1_22' title="bbox 833 1993 1200 2051; baseline -0.008 0"><span class='ocrx_word' id='word_1_146' title='bbox 833 1993 1068 2051; x_wconf 88' lang='lat' dir='ltr'><strong>CAPUT</strong></span> <span class='ocrx_word' id='word_1_147' title='bbox 1107 1995 1200 2050; x_wconf 84' lang='lat' dir='ltr'><strong>VI.</strong></span> 
     </span>
    </p>
   </div>
   <div class='ocr_carea' id='block_1_23' title="bbox 235 2081 1856 2154">
    <p class='ocr_par' dir='ltr' id='par_1_23' title="bbox 235 2081 1856 2154">
     <span class='ocr_line' id='line_1_23' title="bbox 235 2081 1856 2154; baseline -0.001 -16"><span class='ocrx_word' id='word_1_148' title='bbox 235 2085 546 2154; x_wconf 88' lang='lat' dir='ltr'><strong>Postquam</strong></span> <span class='ocrx_word' id='word_1_149' title='bbox 579 2089 774 2138; x_wconf 90' lang='lat' dir='ltr'><strong>autem</strong></span> <span class='ocrx_word' id='word_1_150' title='bbox 814 2083 1008 2138; x_wconf 88' lang='lat' dir='ltr'><strong>omnia</strong></span> <span class='ocrx_word' id='word_1_151' title='bbox 1046 2082 1168 2138; x_wconf 77' lang='lat' dir='ltr'><strong>haec</strong></span> <span class='ocrx_word' id='word_1_152' title='bbox 1213 2089 1350 2138; x_wconf 91' lang='lat' dir='ltr'><strong>sunt</strong></span> <span class='ocrx_word' id='word_1_153' title='bbox 1396 2081 1674 2137; x_wconf 89' lang='lat' dir='ltr'><strong>divinitus</strong></span> <span class='ocrx_word' id='word_1_154' title='bbox 1704 2095 1856 2137; x_wconf 82' lang='lat' dir='ltr'><strong>com-</strong></span> 
     </span>
    </p>
   </div>
   <div class='ocr_carea' id='block_1_24' title="bbox 165 2169 1860 2241">
    <p class='ocr_par' dir='ltr' id='par_1_24' title="bbox 165 2169 1860 2241">
     <span class='ocr_line' id='line_1_24' title="bbox 165 2169 1860 2241; baseline -0.001 -15"><span class='ocrx_word' id='word_1_155' title='bbox 165 2171 333 2241; x_wconf 92' lang='lat' dir='ltr'><strong>pleta,</strong></span> <span class='ocrx_word' id='word_1_156' title='bbox 387 2171 445 2225; x_wconf 91' lang='lat' dir='ltr'><strong>in</strong></span> <span class='ocrx_word' id='word_1_157' title='bbox 488 2171 853 2239; x_wconf 89' lang='lat' dir='ltr'><strong>semetipsum</strong></span> <span class='ocrx_word' id='word_1_158' title='bbox 894 2184 1161 2224; x_wconf 90' lang='lat' dir='ltr'><strong>reversus</strong></span> <span class='ocrx_word' id='word_1_159' title='bbox 1208 2171 1460 2241; x_wconf 90' lang='lat' dir='ltr'><strong>cogitare</strong></span> <span class='ocrx_word' id='word_1_160' title='bbox 1506 2169 1674 2239; x_wconf 85' lang='lat' dir='ltr'><strong>coepit</strong></span> <span class='ocrx_word' id='word_1_161' title='bbox 1719 2183 1860 2239; x_wconf 81' lang='lat' dir='ltr'><strong>quo-</strong></span> 
     </span>
    </p>
   </div>
   <div class='ocr_carea' id='block_1_25' title="bbox 162 2257 1857 2327">
    <p class='ocr_par' dir='ltr' id='par_1_25' title="bbox 162 2257 1857 2327">
     <span class='ocr_line' id='line_1_25' title="bbox 162 2257 1857 2327; baseline -0.002 -13"><span class='ocrx_word' id='word_1_162' title='bbox 162 2259 333 2314; x_wconf 91' lang='lat' dir='ltr'><strong>modo</strong></span> <span class='ocrx_word' id='word_1_163' title='bbox 381 2257 592 2314; x_wconf 88' lang='lat' dir='ltr'><strong>astutia</strong></span> <span class='ocrx_word' id='word_1_164' title='bbox 630 2257 855 2327; x_wconf 87' lang='lat' dir='ltr'><strong>antiqui</strong></span> <span class='ocrx_word' id='word_1_165' title='bbox 904 2257 1183 2327; x_wconf 88' lang='lat' dir='ltr'><strong>serpentis</strong></span> <span class='ocrx_word' id='word_1_166' title='bbox 1230 2271 1329 2327; x_wconf 88' lang='lat' dir='ltr'><strong>per</strong></span> <span class='ocrx_word' id='word_1_167' title='bbox 1373 2258 1526 2313; x_wconf 91' lang='lat' dir='ltr'><strong>mille</strong></span> <span class='ocrx_word' id='word_1_168' title='bbox 1565 2265 1714 2313; x_wconf 85' lang='lat' dir='ltr'><strong>artes</strong></span> <span class='ocrx_word' id='word_1_169' title='bbox 1757 2271 1857 2311; x_wconf 91' lang='lat' dir='ltr'><strong>no-</strong></span> 
     </span>
    </p>
   </div>
   <div class='ocr_carea' id='block_1_26' title="bbox 161 2345 1859 2412">
    <p class='ocr_par' dir='ltr' id='par_1_26' title="bbox 161 2345 1859 2412">
     <span class='ocr_line' id='line_1_26' title="bbox 161 2345 1859 2412; baseline -0.001 -10"><span class='ocrx_word' id='word_1_170' title='bbox 161 2347 329 2402; x_wconf 90' lang='lat' dir='ltr'><strong>cendi</strong></span> <span class='ocrx_word' id='word_1_171' title='bbox 391 2346 598 2401; x_wconf 88' lang='lat' dir='ltr'><strong>nititur</strong></span> <span class='ocrx_word' id='word_1_172' title='bbox 651 2345 982 2401; x_wconf 84' lang='lat' dir='ltr'><strong>subvertere</strong></span> <span class='ocrx_word' id='word_1_173' title='bbox 1041 2345 1214 2400; x_wconf 91' lang='lat' dir='ltr'><strong>corda</strong></span> <span class='ocrx_word' id='word_1_174' title='bbox 1262 2360 1561 2402; x_wconf 90' lang='lat' dir='ltr'><strong>servorum</strong></span> <span class='ocrx_word' id='word_1_175' title='bbox 1615 2345 1733 2412; x_wconf 91' lang='lat' dir='ltr'><strong>Dei,</strong></span> <span class='ocrx_word' id='word_1_176' title='bbox 1787 2345 1859 2400; x_wconf 91' lang='lat' dir='ltr'><strong>ad</strong></span> 
     </span>
    </p>
   </div>
   <div class='ocr_carea' id='block_1_27' title="bbox 163 2433 1860 2504">
    <p class='ocr_par' dir='ltr' id='par_1_27' title="bbox 163 2433 1860 2504">
     <span class='ocr_line' id='line_1_27' title="bbox 163 2433 1860 2504; baseline -0.001 -14"><span class='ocrx_word' id='word_1_177' title='bbox 163 2435 462 2491; x_wconf 89' lang='lat' dir='ltr'><strong>interitum</strong></span> <span class='ocrx_word' id='word_1_178' title='bbox 483 2441 538 2490; x_wconf 92' lang='lat' dir='ltr'><strong>et</strong></span> <span class='ocrx_word' id='word_1_179' title='bbox 567 2434 995 2489; x_wconf 90' lang='lat' dir='ltr'><strong>damnationem</strong></span> <span class='ocrx_word' id='word_1_180' title='bbox 1025 2441 1312 2504; x_wconf 72' lang='lat' dir='ltr'><strong>perpetuae</strong></span> <span class='ocrx_word' id='word_1_181' title='bbox 1352 2434 1569 2490; x_wconf 88' lang='lat' dir='ltr'><strong>mortis.</strong></span> <span class='ocrx_word' id='word_1_182' title='bbox 1602 2433 1860 2500; x_wconf 87' lang='lat' dir='ltr'><strong>Quibus-</strong></span> 
     </span>
    </p>
   </div>
   <div class='ocr_carea' id='block_1_28' title="bbox 161 2521 1858 2593">
    <p class='ocr_par' dir='ltr' id='par_1_28' title="bbox 161 2521 1858 2593">
     <span class='ocr_line' id='line_1_28' title="bbox 161 2521 1858 2593; baseline -0.001 -14"><span class='ocrx_word' id='word_1_183' title='bbox 161 2525 296 2580; x_wconf 92' lang='lat' dir='ltr'><strong>dam</strong></span> <span class='ocrx_word' id='word_1_184' title='bbox 340 2521 493 2578; x_wconf 91' lang='lat' dir='ltr'><strong>enim</strong></span> <span class='ocrx_word' id='word_1_185' title='bbox 534 2522 749 2578; x_wconf 89' lang='lat' dir='ltr'><strong>virtute</strong></span> <span class='ocrx_word' id='word_1_186' title='bbox 794 2521 1120 2578; x_wconf 90' lang='lat' dir='ltr'><strong>orationum</strong></span> <span class='ocrx_word' id='word_1_187' title='bbox 1177 2521 1456 2592; x_wconf 89' lang='lat' dir='ltr'><strong>perfectis,</strong></span> <span class='ocrx_word' id='word_1_188' title='bbox 1509 2522 1858 2593; x_wconf 86' lang='lat' dir='ltr'><strong>quibusdam</strong></span> 
     </span>
    </p>
   </div>
   <div class='ocr_carea' id='block_1_29' title="bbox 157 2608 1857 2682">
    <p class='ocr_par' dir='ltr' id='par_1_29' title="bbox 157 2608 1857 2682">
     <span class='ocr_line' id='line_1_29' title="bbox 157 2608 1857 2682; baseline -0.002 -15"><span class='ocrx_word' id='word_1_189' title='bbox 157 2611 395 2682; x_wconf 91' lang='lat' dir='ltr'><strong>jejuniis</strong></span> <span class='ocrx_word' id='word_1_190' title='bbox 425 2611 646 2678; x_wconf 90' lang='lat' dir='ltr'><strong>deditis,</strong></span> <span class='ocrx_word' id='word_1_191' title='bbox 687 2610 813 2666; x_wconf 90' lang='lat' dir='ltr'><strong>aliis</strong></span> <span class='ocrx_word' id='word_1_192' title='bbox 863 2610 1129 2665; x_wconf 76' lang='lat' dir='ltr'><strong>solitariae</strong></span> <span class='ocrx_word' id='word_1_193' title='bbox 1163 2611 1294 2666; x_wconf 83' lang='lat' dir='ltr'><strong>vitae</strong></span> <span class='ocrx_word' id='word_1_194' title='bbox 1333 2610 1503 2666; x_wconf 84' lang='lat' dir='ltr'><strong>laude</strong></span> <span class='ocrx_word' id='word_1_195' title='bbox 1533 2608 1857 2676; x_wconf 75' lang='lat' dir='ltr'><strong>diffamatis,</strong></span> 
     </span>
    </p>
   </div>
   <div class='ocr_carea' id='block_1_30' title="bbox 164 2699 1860 2771">
    <p class='ocr_par' dir='ltr' id='par_1_30' title="bbox 164 2699 1860 2771">
     <span class='ocr_line' id='line_1_30' title="bbox 164 2699 1860 2771; baseline -0.001 -15"><span class='ocrx_word' id='word_1_196' title='bbox 164 2699 452 2756; x_wconf 91' lang='lat' dir='ltr'><strong>multoties</strong></span> <span class='ocrx_word' id='word_1_197' title='bbox 483 2699 795 2769; x_wconf 90' lang='lat' dir='ltr'><strong>quamdam</strong></span> <span class='ocrx_word' id='word_1_198' title='bbox 827 2699 1007 2754; x_wconf 82' lang='lat' dir='ltr'><strong>facem</strong></span> <span class='ocrx_word' id='word_1_199' title='bbox 1047 2699 1339 2770; x_wconf 71' lang='lat' dir='ltr'><strong>jactantiae</strong></span> <span class='ocrx_word' id='word_1_200' title='bbox 1371 2699 1598 2771; x_wconf 83' lang='lat' dir='ltr'><strong>ingerit,</strong></span> <span class='ocrx_word' id='word_1_201' title='bbox 1631 2707 1686 2756; x_wconf 90' lang='lat' dir='ltr'><strong>et</strong></span> <span class='ocrx_word' id='word_1_202' title='bbox 1727 2713 1860 2756; x_wconf 90' lang='lat' dir='ltr'><strong>cum</strong></span> 
     </span>
    </p>
   </div>
   <div class='ocr_carea' id='block_1_31' title="bbox 166 2787 1858 2860">
    <p class='ocr_par' dir='ltr' id='par_1_31' title="bbox 166 2787 1858 2860">
     <span class='ocr_line' id='line_1_31' title="bbox 166 2787 1858 2860; baseline -0.002 -16"><span class='ocrx_word' id='word_1_203' title='bbox 166 2789 492 2860; x_wconf 89' lang='lat' dir='ltr'><strong>virginibus</strong></span> <span class='ocrx_word' id='word_1_204' title='bbox 533 2787 724 2844; x_wconf 90' lang='lat' dir='ltr'><strong>stultis</strong></span> <span class='ocrx_word' id='word_1_205' title='bbox 783 2787 1074 2857; x_wconf 86' lang='lat' dir='ltr'><strong>lampades</strong></span> <span class='ocrx_word' id='word_1_206' title='bbox 1127 2802 1324 2844; x_wconf 92' lang='lat' dir='ltr'><strong>eorum</strong></span> <span class='ocrx_word' id='word_1_207' title='bbox 1393 2803 1610 2844; x_wconf 89' lang='lat' dir='ltr'><strong>vacuas</strong></span> <span class='ocrx_word' id='word_1_208' title='bbox 1655 2787 1858 2844; x_wconf 90' lang='lat' dir='ltr'><strong>reddit.</strong></span> 
     </span>
    </p>
   </div>
   <div class='ocr_carea' id='block_1_32' title="bbox 164 2876 1862 2946">
    <p class='ocr_par' dir='ltr' id='par_1_32' title="bbox 164 2876 1862 2946">
     <span class='ocr_line' id='line_1_32' title="bbox 164 2876 1862 2946; baseline -0.001 -14"><span class='ocrx_word' id='word_1_209' title='bbox 164 2877 210 2933; x_wconf 88' lang='lat' dir='ltr'><strong>Ii</strong></span> <span class='ocrx_word' id='word_1_210' title='bbox 241 2877 382 2932; x_wconf 88' lang='lat' dir='ltr'><strong>tales</strong></span> <span class='ocrx_word' id='word_1_211' title='bbox 425 2877 688 2932; x_wconf 89' lang='lat' dir='ltr'><strong>veniente</strong></span> <span class='ocrx_word' id='word_1_212' title='bbox 737 2876 951 2946; x_wconf 89' lang='lat' dir='ltr'><strong>Sponso</strong></span> <span class='ocrx_word' id='word_1_213' title='bbox 1012 2891 1128 2932; x_wconf 90' lang='lat' dir='ltr'><strong>non</strong></span> <span class='ocrx_word' id='word_1_214' title='bbox 1177 2876 1478 2934; x_wconf 90' lang='lat' dir='ltr'><strong>intrabunt</strong></span> <span class='ocrx_word' id='word_1_215' title='bbox 1513 2891 1645 2932; x_wconf 93' lang='lat' dir='ltr'><strong>cum</strong></span> <span class='ocrx_word' id='word_1_216' title='bbox 1695 2891 1760 2933; x_wconf 94' lang='lat' dir='ltr'><strong>eo</strong></span> <span class='ocrx_word' id='word_1_217' title='bbox 1791 2876 1862 2931; x_wconf 90' lang='lat' dir='ltr'><strong>ad</strong></span> 
     </span>
    </p>
   </div>
   <div class='ocr_carea' id='block_1_33' title="bbox 166 2965 1863 3036">
    <p class='ocr_par' dir='ltr' id='par_1_33' title="bbox 166 2965 1863 3036">
     <span class='ocr_line' id='line_1_33' title="bbox 166 2965 1863 3036; baseline -0.001 -15"><span class='ocrx_word' id='word_1_218' title='bbox 166 2965 400 3035; x_wconf 90' lang='lat' dir='ltr'><strong>nuptias</strong></span> <span class='ocrx_word' id='word_1_219' title='bbox 431 2966 648 3035; x_wconf 82' lang='lat' dir='ltr'><strong>(Matth.</strong></span> <span class='ocrx_word' id='word_1_220' title='bbox 682 2980 776 3027; x_wconf 82' lang='lat' dir='ltr'><strong>xv,</strong></span> <span class='ocrx_word' id='word_1_221' title='bbox 809 2966 886 3034; x_wconf 79' lang='lat'><strong>2).</strong></span> <span class='ocrx_word' id='word_1_222' title='bbox 936 2965 1055 3021; x_wconf 88' lang='lat' dir='ltr'><strong>Hoc</strong></span> <span class='ocrx_word' id='word_1_223' title='bbox 1101 2967 1406 3036; x_wconf 87' lang='lat' dir='ltr'><strong>providens</strong></span> <span class='ocrx_word' id='word_1_224' title='bbox 1456 2967 1658 3024; x_wconf 89' lang='lat' dir='ltr'><strong>beatus</strong></span> <span class='ocrx_word' id='word_1_225' title='bbox 1699 2967 1863 3023; x_wconf 88' lang='lat' dir='ltr'><strong>Gere-</strong></span> 
     </span>
    </p>
   </div>
   <div class='ocr_carea' id='block_1_34' title="bbox 166 3053 1859 3127">
    <p class='ocr_par' dir='ltr' id='par_1_34' title="bbox 166 3053 1859 3127">
     <span class='ocr_line' id='line_1_34' title="bbox 166 3053 1859 3127; baseline 0.002 -18"><span class='ocrx_word' id='word_1_226' title='bbox 166 3067 383 3118; x_wconf 89' lang='lat' dir='ltr'><strong>marus,</strong></span> <span class='ocrx_word' id='word_1_227' title='bbox 431 3067 502 3108; x_wconf 92' lang='lat' dir='ltr'><strong>ne</strong></span> <span class='ocrx_word' id='word_1_228' title='bbox 547 3067 645 3108; x_wconf 91' lang='lat' dir='ltr'><strong>cor</strong></span> <span class='ocrx_word' id='word_1_229' title='bbox 692 3053 819 3124; x_wconf 89' lang='lat' dir='ltr'><strong>ejus</strong></span> <span class='ocrx_word' id='word_1_230' title='bbox 873 3053 1000 3108; x_wconf 89' lang='lat' dir='ltr'><strong>laus</strong></span> <span class='ocrx_word' id='word_1_231' title='bbox 1049 3053 1315 3110; x_wconf 80' lang='lat' dir='ltr'><strong>solitariae</strong></span> <span class='ocrx_word' id='word_1_232' title='bbox 1357 3055 1490 3111; x_wconf 78' lang='lat' dir='ltr'><strong>vitae</strong></span> <span class='ocrx_word' id='word_1_233' title='bbox 1534 3055 1859 3127; x_wconf 88' lang='lat' dir='ltr'><strong>attingeret,</strong></span> 
     </span>
    </p>
   </div>
   <div class='ocr_carea' id='block_1_35' title="bbox 165 3141 1864 3212">
    <p class='ocr_par' dir='ltr' id='par_1_35' title="bbox 165 3141 1864 3212">
     <span class='ocr_line' id='line_1_35' title="bbox 165 3141 1864 3212; baseline 0.001 -13"><span class='ocrx_word' id='word_1_234' title='bbox 165 3142 336 3212; x_wconf 74' lang='lat' dir='ltr'><strong>coepit</strong></span> <span class='ocrx_word' id='word_1_235' title='bbox 366 3141 805 3198; x_wconf 88' lang='lat' dir='ltr'><strong>familiarissime</strong></span> <span class='ocrx_word' id='word_1_236' title='bbox 846 3157 982 3198; x_wconf 91' lang='lat' dir='ltr'><strong>suos</strong></span> <span class='ocrx_word' id='word_1_237' title='bbox 1028 3141 1280 3212; x_wconf 90' lang='lat' dir='ltr'><strong>alloqui:</strong></span> <span class='ocrx_word' id='word_1_238' title='bbox 1319 3165 1345 3191; x_wconf 94' lang='grc'><em>‹‹</em></span> <span class='ocrx_word' id='word_1_239' title='bbox 1376 3143 1420 3199; x_wconf 93' lang='grc' dir='ltr'>Ο</span> <span class='ocrx_word' id='word_1_240' title='bbox 1459 3144 1680 3211; x_wconf 90' lang='lat' dir='ltr'><strong>fratres,</strong></span> <span class='ocrx_word' id='word_1_241' title='bbox 1714 3145 1864 3200; x_wconf 89' lang='lat' dir='ltr'><strong>mul-</strong></span> 
     </span>
    </p>
   </div>
   <div class='ocr_carea' id='block_1_36' title="bbox 167 3229 1867 3300">
    <p class='ocr_par' dir='ltr' id='par_1_36' title="bbox 167 3229 1867 3300">
     <span class='ocr_line' id='line_1_36' title="bbox 167 3229 1867 3300; baseline 0.001 -13"><span class='ocrx_word' id='word_1_242' title='bbox 167 3239 255 3287; x_wconf 90' lang='lat' dir='ltr'><strong>tos</strong></span> <span class='ocrx_word' id='word_1_243' title='bbox 285 3244 387 3300; x_wconf 89' lang='lat' dir='ltr'><strong>pro</strong></span> <span class='ocrx_word' id='word_1_244' title='bbox 427 3229 634 3286; x_wconf 84' lang='lat' dir='ltr'><strong>Christi</strong></span> <span class='ocrx_word' id='word_1_245' title='bbox 686 3230 916 3285; x_wconf 90' lang='lat' dir='ltr'><strong>nomine</strong></span> <span class='ocrx_word' id='word_1_246' title='bbox 971 3230 1124 3300; x_wconf 87' lang='lat' dir='ltr'><strong>passi</strong></span> <span class='ocrx_word' id='word_1_247' title='bbox 1182 3231 1424 3300; x_wconf 89' lang='lat' dir='ltr'><strong>labores,</strong></span> <span class='ocrx_word' id='word_1_248' title='bbox 1480 3233 1867 3289; x_wconf 85' lang='lat' dir='ltr'><strong>indesinenter</strong></span> 
     </span>
    </p>
   </div>
   <div class='ocr_carea' id='block_1_37' title="bbox 166 3318 1863 3389">
    <p class='ocr_par' dir='ltr' id='par_1_37' title="bbox 166 3318 1863 3389">
     <span class='ocr_line' id='line_1_37' title="bbox 166 3318 1863 3389; baseline 0.002 -15"><span class='ocrx_word' id='word_1_249' title='bbox 166 3319 240 3374; x_wconf 90' lang='lat' dir='ltr'><strong>ad</strong></span> <span class='ocrx_word' id='word_1_250' title='bbox 272 3319 428 3374; x_wconf 92' lang='lat' dir='ltr'><strong>viam</strong></span> <span class='ocrx_word' id='word_1_251' title='bbox 473 3318 685 3373; x_wconf 90' lang='lat' dir='ltr'><strong>summi</strong></span> <span class='ocrx_word' id='word_1_252' title='bbox 732 3326 787 3374; x_wconf 92' lang='lat' dir='ltr'><strong>et</strong></span> <span class='ocrx_word' id='word_1_253' title='bbox 831 3318 1417 3388; x_wconf 88' lang='lat' dir='ltr'><strong>incomprehensibilis</strong></span> <span class='ocrx_word' id='word_1_254' title='bbox 1463 3322 1596 3377; x_wconf 90' lang='lat' dir='ltr'><strong>boni</strong></span> <span class='ocrx_word' id='word_1_255' title='bbox 1629 3322 1863 3389; x_wconf 89' lang='lat' dir='ltr'><strong>currite,</strong></span> 
     </span>
    </p>
   </div>
   <div class='ocr_carea' id='block_1_38' title="bbox 165 3405 1865 3477">
    <p class='ocr_par' dir='ltr' id='par_1_38' title="bbox 165 3405 1865 3477">
     <span class='ocr_line' id='line_1_38' title="bbox 165 3405 1865 3477; baseline 0.001 -14"><span class='ocrx_word' id='word_1_256' title='bbox 165 3415 221 3463; x_wconf 88' lang='lat' dir='ltr'><strong>et</strong></span> <span class='ocrx_word' id='word_1_257' title='bbox 253 3406 309 3462; x_wconf 94' lang='lat' dir='ltr'><strong>in</strong></span> <span class='ocrx_word' id='word_1_258' title='bbox 361 3419 530 3476; x_wconf 90' lang='lat' dir='ltr'><strong>opere</strong></span> <span class='ocrx_word' id='word_1_259' title='bbox 565 3406 662 3462; x_wconf 90' lang='lat' dir='ltr'><strong>Dei</strong></span> <span class='ocrx_word' id='word_1_260' title='bbox 697 3405 852 3477; x_wconf 90' lang='lat' dir='ltr'><strong>quod</strong></span> <span class='ocrx_word' id='word_1_261' title='bbox 891 3407 1141 3476; x_wconf 70' lang='lat' dir='ltr'><strong>coepistis</strong></span> <span class='ocrx_word' id='word_1_262' title='bbox 1177 3416 1523 3477; x_wconf 90' lang='lat' dir='ltr'><strong>permanete.</strong></span> <span class='ocrx_word' id='word_1_263' title='bbox 1578 3409 1865 3465; x_wconf 89' lang='lat' dir='ltr'><strong>Utendum</strong></span> 
     </span>
    </p>
   </div>
   <div class='ocr_carea' id='block_1_39' title="bbox 167 3493 1866 3565">
    <p class='ocr_par' dir='ltr' id='par_1_39' title="bbox 167 3493 1866 3565">
     <span class='ocr_line' id='line_1_39' title="bbox 167 3493 1866 3565; baseline -0.001 -14"><span class='ocrx_word' id='word_1_264' title='bbox 167 3494 334 3551; x_wconf 90' lang='lat' dir='ltr'><strong>nobis</strong></span> <span class='ocrx_word' id='word_1_265' title='bbox 382 3501 466 3550; x_wconf 92' lang='lat' dir='ltr'><strong>est</strong></span> <span class='ocrx_word' id='word_1_266' title='bbox 513 3493 620 3549; x_wconf 88' lang='lat' dir='ltr'><strong>hoc</strong></span> <span class='ocrx_word' id='word_1_267' title='bbox 661 3493 938 3565; x_wconf 84' lang='lat' dir='ltr'><strong>consilio;</strong></span> <span class='ocrx_word' id='word_1_268' title='bbox 1006 3509 1378 3564; x_wconf 87' lang='lat' dir='ltr'><strong>properemus</strong></span> <span class='ocrx_word' id='word_1_269' title='bbox 1421 3497 1492 3551; x_wconf 90' lang='lat' dir='ltr'><strong>ad</strong></span> <span class='ocrx_word' id='word_1_270' title='bbox 1531 3496 1589 3549; x_wconf 91' lang='lat' dir='ltr'><strong>S.</strong></span> <span class='ocrx_word' id='word_1_271' title='bbox 1632 3495 1866 3551; x_wconf 79' lang='lat' dir='ltr'><strong>Andoe-</strong></span> 
     </span>
    </p>
   </div>
   <div class='ocr_carea' id='block_1_40' title="bbox 165 3583 1870 3653">
    <p class='ocr_par' dir='ltr' id='par_1_40' title="bbox 165 3583 1870 3653">
     <span class='ocr_line' id='line_1_40' title="bbox 165 3583 1870 3653; baseline -0.001 -15"><span class='ocrx_word' id='word_1_272' title='bbox 165 3597 330 3650; x_wconf 91' lang='lat' dir='ltr'><strong>num,</strong></span> <span class='ocrx_word' id='word_1_273' title='bbox 362 3589 744 3653; x_wconf 88' lang='lat' dir='ltr'><strong>petamusque</strong></span> <span class='ocrx_word' id='word_1_274' title='bbox 771 3583 843 3638; x_wconf 90' lang='lat' dir='ltr'><strong>ab</strong></span> <span class='ocrx_word' id='word_1_275' title='bbox 885 3597 950 3638; x_wconf 93' lang='lat' dir='ltr'><strong>eo</strong></span> <span class='ocrx_word' id='word_1_276' title='bbox 981 3591 1043 3639; x_wconf 92' lang='lat' dir='ltr'><strong>ut</strong></span> <span class='ocrx_word' id='word_1_277' title='bbox 1087 3597 1192 3638; x_wconf 89' lang='lat' dir='ltr'><strong>sua</strong></span> <span class='ocrx_word' id='word_1_278' title='bbox 1233 3583 1488 3638; x_wconf 89' lang='lat' dir='ltr'><strong>oratione</strong></span> <span class='ocrx_word' id='word_1_279' title='bbox 1527 3584 1870 3640; x_wconf 76' lang='lat' dir='ltr'><strong>demonstre&#39;</strong></span> 
     </span>
    </p>
   </div>
   <div class='ocr_carea' id='block_1_41' title="bbox 166 3671 1864 3742">
    <p class='ocr_par' dir='ltr' id='par_1_41' title="bbox 166 3671 1864 3742">
     <span class='ocr_line' id='line_1_41' title="bbox 166 3671 1864 3742; baseline -0.001 -15"><span class='ocrx_word' id='word_1_280' title='bbox 166 3679 264 3727; x_wconf 93' lang='lat' dir='ltr'><strong>tur</strong></span> <span class='ocrx_word' id='word_1_281' title='bbox 289 3671 454 3727; x_wconf 91' lang='lat' dir='ltr'><strong>nobis</strong></span> <span class='ocrx_word' id='word_1_282' title='bbox 481 3671 553 3726; x_wconf 91' lang='lat' dir='ltr'><strong>ad</strong></span> <span class='ocrx_word' id='word_1_283' title='bbox 598 3671 979 3727; x_wconf 89' lang='lat' dir='ltr'><strong>habitandum</strong></span> <span class='ocrx_word' id='word_1_284' title='bbox 1024 3671 1198 3738; x_wconf 92' lang='lat' dir='ltr'><strong>locus,</strong></span> <span class='ocrx_word' id='word_1_285' title='bbox 1240 3671 1340 3727; x_wconf 89' lang='lat' dir='ltr'><strong>ubi</strong></span> <span class='ocrx_word' id='word_1_286' title='bbox 1381 3686 1566 3742; x_wconf 92' lang='lat' dir='ltr'><strong>usque</strong></span> <span class='ocrx_word' id='word_1_287' title='bbox 1595 3673 1666 3728; x_wconf 87' lang='lat' dir='ltr'><strong>ad</strong></span> <span class='ocrx_word' id='word_1_288' title='bbox 1696 3672 1864 3727; x_wconf 90' lang='lat' dir='ltr'><strong>finem</strong></span> 
     </span>
    </p>
   </div>
   <div class='ocr_carea' id='block_1_42' title="bbox 164 3753 1416 3822">
    <p class='ocr_par' dir='ltr' id='par_1_42' title="bbox 164 3753 1416 3822">
     <span class='ocr_line' id='line_1_42' title="bbox 164 3753 1416 3822; baseline -0.002 -12"><span class='ocrx_word' id='word_1_289' title='bbox 164 3754 297 3810; x_wconf 66' lang='lat' dir='ltr'><strong>vita:</strong></span> <span class='ocrx_word' id='word_1_290' title='bbox 329 3754 387 3808; x_wconf 91' lang='lat' dir='ltr'><strong>in</strong></span> <span class='ocrx_word' id='word_1_291' title='bbox 422 3753 585 3809; x_wconf 90' lang='lat' dir='ltr'><strong>bonis</strong></span> <span class='ocrx_word' id='word_1_292' title='bbox 614 3754 885 3822; x_wconf 92' lang='lat' dir='ltr'><strong>operibus</strong></span> <span class='ocrx_word' id='word_1_293' title='bbox 915 3767 1364 3822; x_wconf 88' lang='lat' dir='ltr'><strong>perseveremus.</strong></span> <span class='ocrx_word' id='word_1_294' title='bbox 1395 3775 1416 3801; x_wconf 76' lang='grc' dir='ltr'><strong>ι</strong></span> 
     </span>
    </p>
   </div>
   <div class='ocr_carea' id='block_1_43' title="bbox 238 3842 1865 3914">
    <p class='ocr_par' dir='ltr' id='par_1_43' title="bbox 238 3842 1865 3914">
     <span class='ocr_line' id='line_1_43' title="bbox 238 3842 1865 3914; baseline 0 -16"><span class='ocrx_word' id='word_1_295' title='bbox 238 3843 461 3899; x_wconf 88' lang='lat' dir='ltr'><strong>Placuit</strong></span> <span class='ocrx_word' id='word_1_296' title='bbox 509 3843 782 3898; x_wconf 89' lang='lat' dir='ltr'><strong>omnibus</strong></span> <span class='ocrx_word' id='word_1_297' title='bbox 828 3842 1132 3899; x_wconf 92' lang='lat' dir='ltr'><strong>consilium</strong></span> <span class='ocrx_word' id='word_1_298' title='bbox 1182 3843 1331 3898; x_wconf 90' lang='lat' dir='ltr'><strong>beati</strong></span> <span class='ocrx_word' id='word_1_299' title='bbox 1374 3842 1682 3909; x_wconf 88' lang='lat' dir='ltr'><strong>Geremari,</strong></span> <span class='ocrx_word' id='word_1_300' title='bbox 1733 3857 1865 3914; x_wconf 90' lang='lat' dir='ltr'><strong>per-</strong></span> 
     </span>
    </p>
   </div>
   <div class='ocr_carea' id='block_1_44' title="bbox 167 3931 1862 4004">
    <p class='ocr_par' dir='ltr' id='par_1_44' title="bbox 167 3931 1862 4004">
     <span class='ocr_line' id='line_1_44' title="bbox 167 3931 1862 4004; baseline -0.001 -16"><span class='ocrx_word' id='word_1_301' title='bbox 167 3946 426 4004; x_wconf 81' lang='lat' dir='ltr'><strong>gensque</strong></span> <span class='ocrx_word' id='word_1_302' title='bbox 473 3932 545 3987; x_wconf 93' lang='lat' dir='ltr'><strong>ad</strong></span> <span class='ocrx_word' id='word_1_303' title='bbox 593 3931 646 3987; x_wconf 91' lang='lat' dir='ltr'><strong>S.</strong></span> <span class='ocrx_word' id='word_1_304' title='bbox 701 3932 1062 3998; x_wconf 81' lang='lat' dir='ltr'><strong>Audoenum,</strong></span> <span class='ocrx_word' id='word_1_305' title='bbox 1110 3931 1190 3986; x_wconf 92' lang='lat' dir='ltr'><strong>sic</strong></span> <span class='ocrx_word' id='word_1_306' title='bbox 1234 3946 1365 3987; x_wconf 91' lang='lat' dir='ltr'><strong>eum</strong></span> <span class='ocrx_word' id='word_1_307' title='bbox 1416 3931 1697 3987; x_wconf 86' lang='lat' dir='ltr'><strong>allocutus</strong></span> <span class='ocrx_word' id='word_1_308' title='bbox 1741 3939 1862 3987; x_wconf 90' lang='lat' dir='ltr'><strong>est:</strong></span> 
     </span>
    </p>
   </div>
   <div class='ocr_carea' id='block_1_45' title="bbox 177 4019 1865 4090">
    <p class='ocr_par' dir='ltr' id='par_1_45' title="bbox 177 4019 1865 4090">
     <span class='ocr_line' id='line_1_45' title="bbox 177 4019 1865 4090; baseline -0.001 -14"><span class='ocrx_word' id='word_1_309' title='bbox 177 4043 198 4070; x_wconf 77' lang='grc' dir='ltr'>ι</span> <span class='ocrx_word' id='word_1_310' title='bbox 228 4021 511 4090; x_wconf 90' lang='lat' dir='ltr'><strong>Deprecor</strong></span> <span class='ocrx_word' id='word_1_311' title='bbox 543 4026 612 4088; x_wconf 90' lang='lat' dir='ltr'><strong>te,</strong></span> <span class='ocrx_word' id='word_1_312' title='bbox 642 4027 837 4076; x_wconf 90' lang='lat' dir='ltr'><strong>sancte</strong></span> <span class='ocrx_word' id='word_1_313' title='bbox 878 4020 1063 4087; x_wconf 89' lang='lat' dir='ltr'><strong>Pater,</strong></span> <span class='ocrx_word' id='word_1_314' title='bbox 1101 4027 1164 4076; x_wconf 89' lang='lat' dir='ltr'><strong>ut</strong></span> <span class='ocrx_word' id='word_1_315' title='bbox 1207 4019 1519 4075; x_wconf 87' lang='lat' dir='ltr'><strong>orationem</strong></span> <span class='ocrx_word' id='word_1_316' title='bbox 1567 4020 1636 4074; x_wconf 91' lang='lat' dir='ltr'><strong>ad</strong></span> <span class='ocrx_word' id='word_1_317' title='bbox 1668 4019 1865 4074; x_wconf 83' lang='lat' dir='ltr'><strong>Domi—</strong></span> 
     </span>
    </p>
   </div>
   <div class='ocr_carea' id='block_1_46' title="bbox 169 4107 1866 4180">
    <p class='ocr_par' dir='ltr' id='par_1_46' title="bbox 169 4107 1866 4180">
     <span class='ocr_line' id='line_1_46' title="bbox 169 4107 1866 4180; baseline -0.001 -16"><span class='ocrx_word' id='word_1_318' title='bbox 169 4123 308 4165; x_wconf 92' lang='lat' dir='ltr'><strong>num</strong></span> <span class='ocrx_word' id='word_1_319' title='bbox 342 4123 444 4178; x_wconf 92' lang='lat' dir='ltr'><strong>pro</strong></span> <span class='ocrx_word' id='word_1_320' title='bbox 479 4123 568 4164; x_wconf 90' lang='lat' dir='ltr'><strong>me</strong></span> <span class='ocrx_word' id='word_1_321' title='bbox 616 4108 806 4174; x_wconf 89' lang='lat' dir='ltr'><strong>facies,</strong></span> <span class='ocrx_word' id='word_1_322' title='bbox 860 4108 1120 4180; x_wconf 91' lang='lat' dir='ltr'><strong>mihique</strong></span> <span class='ocrx_word' id='word_1_323' title='bbox 1151 4108 1339 4164; x_wconf 92' lang='lat' dir='ltr'><strong>locum</strong></span> <span class='ocrx_word' id='word_1_324' title='bbox 1372 4109 1442 4164; x_wconf 89' lang='lat' dir='ltr'><strong>ad</strong></span> <span class='ocrx_word' id='word_1_325' title='bbox 1486 4107 1866 4163; x_wconf 89' lang='lat' dir='ltr'><strong>habitandum</strong></span> 
     </span>
    </p>
   </div>
   <div class='ocr_carea' id='block_1_47' title="bbox 169 4195 1867 4266">
    <p class='ocr_par' dir='ltr' id='par_1_47' title="bbox 169 4195 1867 4266">
     <span class='ocr_line' id='line_1_47' title="bbox 169 4195 1867 4266; baseline -0.002 -13"><span class='ocrx_word' id='word_1_326' title='bbox 169 4197 285 4253; x_wconf 92' lang='lat' dir='ltr'><strong>tuis</strong></span> <span class='ocrx_word' id='word_1_327' title='bbox 315 4196 580 4266; x_wconf 91' lang='lat' dir='ltr'><strong>precibus</strong></span> <span class='ocrx_word' id='word_1_328' title='bbox 617 4196 1007 4252; x_wconf 90' lang='lat' dir='ltr'><strong>demonstres:</strong></span> <span class='ocrx_word' id='word_1_329' title='bbox 1055 4197 1277 4252; x_wconf 90' lang='lat' dir='ltr'><strong>confido</strong></span> <span class='ocrx_word' id='word_1_330' title='bbox 1321 4196 1472 4252; x_wconf 91' lang='lat' dir='ltr'><strong>enim</strong></span> <span class='ocrx_word' id='word_1_331' title='bbox 1517 4195 1671 4266; x_wconf 89' lang='lat' dir='ltr'><strong>quod</strong></span> <span class='ocrx_word' id='word_1_332' title='bbox 1716 4197 1867 4252; x_wconf 91' lang='lat' dir='ltr'><strong>Deus</strong></span> 
     </span>
    </p>
   </div>
   <div class='ocr_carea' id='block_1_48' title="bbox 1959 492 3652 573">
    <p class='ocr_par' dir='ltr' id='par_1_48' title="bbox 1959 492 3652 573">
     <span class='ocr_line' id='line_1_48' title="bbox 1959 492 3652 573; baseline 0.001 -17"><span class='ocrx_word' id='word_1_333' title='bbox 1959 507 2013 556; x_wconf 93' lang='lat' dir='ltr'><strong>et</strong></span> <span class='ocrx_word' id='word_1_334' title='bbox 2044 501 2258 572; x_wconf 84' lang='lat' dir='ltr'><strong>gratias</strong></span> <span class='ocrx_word' id='word_1_335' title='bbox 2287 508 2520 572; x_wconf 89' lang='lat' dir='ltr'><strong>agentes</strong></span> <span class='ocrx_word' id='word_1_336' title='bbox 2569 492 2840 570; x_wconf 74' lang='lat' dir='ltr'><strong>Domino,</strong></span> <span class='ocrx_word' id='word_1_337' title='bbox 2877 501 3121 557; x_wconf 92' lang='lat' dir='ltr'><strong>tendunt</strong></span> <span class='ocrx_word' id='word_1_338' title='bbox 3168 502 3238 557; x_wconf 88' lang='lat' dir='ltr'><strong>ad</strong></span> <span class='ocrx_word' id='word_1_339' title='bbox 3271 501 3461 558; x_wconf 90' lang='lat' dir='ltr'><strong>locum</strong></span> <span class='ocrx_word' id='word_1_340' title='bbox 3502 517 3652 573; x_wconf 84' lang='lat' dir='ltr'><strong>prae-</strong></span> 
     </span>
    </p>
   </div>
   <div class='ocr_carea' id='block_1_49' title="bbox 1960 589 3654 661">
    <p class='ocr_par' dir='ltr' id='par_1_49' title="bbox 1960 589 3654 661">
     <span class='ocr_line' id='line_1_49' title="bbox 1960 589 3654 661; baseline 0.001 -17"><span class='ocrx_word' id='word_1_341' title='bbox 1960 589 2178 645; x_wconf 91' lang='lat' dir='ltr'><strong>dictum</strong></span> <span class='ocrx_word' id='word_1_342' title='bbox 2216 590 2287 645; x_wconf 88' lang='lat' dir='ltr'><strong>ab</strong></span> <span class='ocrx_word' id='word_1_343' title='bbox 2334 589 2556 660; x_wconf 84' lang='lat' dir='ltr'><strong>angelo.</strong></span> <span class='ocrx_word' id='word_1_344' title='bbox 2598 591 2740 647; x_wconf 91' lang='lat' dir='ltr'><strong>Cum</strong></span> <span class='ocrx_word' id='word_1_345' title='bbox 2793 597 2984 646; x_wconf 92' lang='lat' dir='ltr'><strong>autem</strong></span> <span class='ocrx_word' id='word_1_346' title='bbox 3033 605 3148 646; x_wconf 92' lang='lat' dir='ltr'><strong>non</strong></span> <span class='ocrx_word' id='word_1_347' title='bbox 3197 590 3364 661; x_wconf 89' lang='lat' dir='ltr'><strong>longe</strong></span> <span class='ocrx_word' id='word_1_348' title='bbox 3405 598 3654 647; x_wconf 85' lang='lat' dir='ltr'><strong>essenta</strong></span> 
     </span>
    </p>
   </div>
   <div class='ocr_carea' id='block_1_50' title="bbox 1962 677 3653 740">
    <p class='ocr_par' dir='ltr' id='par_1_50' title="bbox 1962 677 3653 740">
     <span class='ocr_line' id='line_1_50' title="bbox 1962 677 3653 740; baseline 0.001 -8"><span class='ocrx_word' id='word_1_349' title='bbox 1962 677 2105 740; x_wconf 83' lang='lat' dir='ltr'><strong>vico.</strong></span> <span class='ocrx_word' id='word_1_350' title='bbox 2133 686 2282 733; x_wconf 89' lang='lat' dir='ltr'><strong>nutu</strong></span> <span class='ocrx_word' id='word_1_351' title='bbox 2313 678 2412 732; x_wconf 90' lang='lat' dir='ltr'><strong>Dei</strong></span> <span class='ocrx_word' id='word_1_352' title='bbox 2436 684 2491 733; x_wconf 94' lang='lat' dir='ltr'><strong>et</strong></span> <span class='ocrx_word' id='word_1_353' title='bbox 2537 678 2830 734; x_wconf 90' lang='lat' dir='ltr'><strong>voluntate</strong></span> <span class='ocrx_word' id='word_1_354' title='bbox 2871 677 3081 733; x_wconf 89' lang='lat' dir='ltr'><strong>deviati</strong></span> <span class='ocrx_word' id='word_1_355' title='bbox 3119 686 3257 734; x_wconf 91' lang='lat' dir='ltr'><strong>sunt</strong></span> <span class='ocrx_word' id='word_1_356' title='bbox 3282 693 3315 732; x_wconf 89' lang='lat' dir='ltr'><strong>a</strong></span> <span class='ocrx_word' id='word_1_357' title='bbox 3358 687 3508 734; x_wconf 89' lang='lat' dir='ltr'><strong>recto</strong></span> <span class='ocrx_word' id='word_1_358' title='bbox 3539 687 3653 734; x_wconf 86' lang='lat' dir='ltr'><strong>tra-</strong></span> 
     </span>
    </p>
   </div>
   <div class='ocr_carea' id='block_1_51' title="bbox 1959 765 3657 837">
    <p class='ocr_par' dir='ltr' id='par_1_51' title="bbox 1959 765 3657 837">
     <span class='ocr_line' id='line_1_51' title="bbox 1959 765 3657 837; baseline 0.001 -17"><span class='ocrx_word' id='word_1_359' title='bbox 1959 766 2115 831; x_wconf 91' lang='lat' dir='ltr'><strong>mite,</strong></span> <span class='ocrx_word' id='word_1_360' title='bbox 2140 773 2195 821; x_wconf 92' lang='lat' dir='ltr'><strong>et</strong></span> <span class='ocrx_word' id='word_1_361' title='bbox 2224 774 2494 837; x_wconf 85' lang='lat' dir='ltr'><strong>gyrantes</strong></span> <span class='ocrx_word' id='word_1_362' title='bbox 2524 774 2702 822; x_wconf 77' lang='lat' dir='ltr'><strong>vastae</strong></span> <span class='ocrx_word' id='word_1_363' title='bbox 2738 765 3062 822; x_wconf 91' lang='lat' dir='ltr'><strong>solitudinis</strong></span> <span class='ocrx_word' id='word_1_364' title='bbox 3109 766 3419 833; x_wconf 90' lang='lat' dir='ltr'><strong>desertum,</strong></span> <span class='ocrx_word' id='word_1_365' title='bbox 3464 781 3657 836; x_wconf 87' lang='lat' dir='ltr'><strong>perve-</strong></span> 
     </span>
    </p>
   </div>
   <div class='ocr_carea' id='block_1_52' title="bbox 1965 854 3656 924">
    <p class='ocr_par' dir='ltr' id='par_1_52' title="bbox 1965 854 3656 924">
     <span class='ocr_line' id='line_1_52' title="bbox 1965 854 3656 924; baseline 0.002 -16"><span class='ocrx_word' id='word_1_366' title='bbox 1965 861 2175 910; x_wconf 90' lang='lat' dir='ltr'><strong>nerunt</strong></span> <span class='ocrx_word' id='word_1_367' title='bbox 2205 855 2276 909; x_wconf 91' lang='lat' dir='ltr'><strong>ad</strong></span> <span class='ocrx_word' id='word_1_368' title='bbox 2303 854 2652 910; x_wconf 89' lang='lat' dir='ltr'><strong>destinatum</strong></span> <span class='ocrx_word' id='word_1_369' title='bbox 2684 855 2872 910; x_wconf 88' lang='lat' dir='ltr'><strong>locum</strong></span> <span class='ocrx_word' id='word_1_370' title='bbox 2914 870 2925 909; x_wconf 95' lang='lat'><strong>:</strong></span> <span class='ocrx_word' id='word_1_371' title='bbox 2960 855 3060 911; x_wconf 91' lang='lat' dir='ltr'><strong>ubi</strong></span> <span class='ocrx_word' id='word_1_372' title='bbox 3092 869 3223 910; x_wconf 91' lang='lat' dir='ltr'><strong>cum</strong></span> <span class='ocrx_word' id='word_1_373' title='bbox 3265 855 3656 924; x_wconf 90' lang='lat' dir='ltr'><strong>pervenissent</strong></span> 
     </span>
    </p>
   </div>
   <div class='ocr_carea' id='block_1_53' title="bbox 1961 942 3651 1014">
    <p class='ocr_par' dir='ltr' id='par_1_53' title="bbox 1961 942 3651 1014">
     <span class='ocr_line' id='line_1_53' title="bbox 1961 942 3651 1014; baseline 0 -16"><span class='ocrx_word' id='word_1_374' title='bbox 1961 950 2016 999; x_wconf 90' lang='lat' dir='ltr'><strong>et</strong></span> <span class='ocrx_word' id='word_1_375' title='bbox 2069 942 2317 998; x_wconf 93' lang='lat' dir='ltr'><strong>multum</strong></span> <span class='ocrx_word' id='word_1_376' title='bbox 2388 942 2737 1010; x_wconf 74' lang='lat' dir='ltr'><strong>dubitarent,</strong></span> <span class='ocrx_word' id='word_1_377' title='bbox 2814 943 3124 999; x_wconf 89' lang='lat' dir='ltr'><strong>nescientes</strong></span> <span class='ocrx_word' id='word_1_378' title='bbox 3195 943 3334 1014; x_wconf 87' lang='lat' dir='ltr'><strong>quid</strong></span> <span class='ocrx_word' id='word_1_379' title='bbox 3398 951 3651 1014; x_wconf 84' lang='lat' dir='ltr'><strong>agerent,</strong></span> 
     </span>
    </p>
   </div>
   <div class='ocr_carea' id='block_1_54' title="bbox 1962 1030 3654 1088">
    <p class='ocr_par' dir='ltr' id='par_1_54' title="bbox 1962 1030 3654 1088">
     <span class='ocr_line' id='line_1_54' title="bbox 1962 1030 3654 1088; baseline 0 -2"><span class='ocrx_word' id='word_1_380' title='bbox 1962 1045 2089 1086; x_wconf 90' lang='lat' dir='ltr'><strong>ecce</strong></span> <span class='ocrx_word' id='word_1_381' title='bbox 2107 1030 2317 1086; x_wconf 89' lang='lat' dir='ltr'><strong>nebula</strong></span> <span class='ocrx_word' id='word_1_382' title='bbox 2343 1030 2629 1086; x_wconf 92' lang='lat' dir='ltr'><strong>descendit</strong></span> <span class='ocrx_word' id='word_1_383' title='bbox 2683 1031 2751 1086; x_wconf 91' lang='lat' dir='ltr'><strong>de</strong></span> <span class='ocrx_word' id='word_1_384' title='bbox 2799 1031 2936 1087; x_wconf 87' lang='lat' dir='ltr'><strong>coelo</strong></span> <span class='ocrx_word' id='word_1_385' title='bbox 2965 1039 3019 1087; x_wconf 91' lang='lat' dir='ltr'><strong>et</strong></span> <span class='ocrx_word' id='word_1_386' title='bbox 3067 1031 3442 1088; x_wconf 88' lang='lat' dir='ltr'><strong>circumdedit</strong></span> <span class='ocrx_word' id='word_1_387' title='bbox 3473 1038 3654 1087; x_wconf 91' lang='lat' dir='ltr'><strong>totum</strong></span> 
     </span>
    </p>
   </div>
   <div class='ocr_carea' id='block_1_55' title="bbox 1965 1118 3658 1190">
    <p class='ocr_par' dir='ltr' id='par_1_55' title="bbox 1965 1118 3658 1190">
     <span class='ocr_line' id='line_1_55' title="bbox 1965 1118 3658 1190; baseline -0.001 -15"><span class='ocrx_word' id='word_1_388' title='bbox 1965 1121 2153 1175; x_wconf 92' lang='lat' dir='ltr'><strong>locum</strong></span> <span class='ocrx_word' id='word_1_389' title='bbox 2211 1118 2310 1174; x_wconf 91' lang='lat' dir='ltr'><strong>ubi</strong></span> <span class='ocrx_word' id='word_1_390' title='bbox 2372 1119 2822 1175; x_wconf 89' lang='lat' dir='ltr'><strong>construendum</strong></span> <span class='ocrx_word' id='word_1_391' title='bbox 2901 1127 3023 1176; x_wconf 89' lang='lat' dir='ltr'><strong>erat</strong></span> <span class='ocrx_word' id='word_1_392' title='bbox 3099 1120 3546 1190; x_wconf 87' lang='lat' dir='ltr'><strong>monasterium;</strong></span> <span class='ocrx_word' id='word_1_393' title='bbox 3601 1126 3658 1174; x_wconf 91' lang='lat' dir='ltr'><strong>et</strong></span> 
     </span>
    </p>
   </div>
   <div class='ocr_carea' id='block_1_56' title="bbox 1963 1206 3656 1278">
    <p class='ocr_par' dir='ltr' id='par_1_56' title="bbox 1963 1206 3656 1278">
     <span class='ocr_line' id='line_1_56' title="bbox 1963 1206 3656 1278; baseline -0.001 -15"><span class='ocrx_word' id='word_1_394' title='bbox 1963 1222 2096 1263; x_wconf 91' lang='lat' dir='ltr'><strong>cum</strong></span> <span class='ocrx_word' id='word_1_395' title='bbox 2145 1206 2357 1262; x_wconf 90' lang='lat' dir='ltr'><strong>nebula</strong></span> <span class='ocrx_word' id='word_1_396' title='bbox 2401 1221 2657 1278; x_wconf 90' lang='lat' dir='ltr'><strong>superna</strong></span> <span class='ocrx_word' id='word_1_397' title='bbox 2694 1221 2808 1262; x_wconf 86' lang='lat' dir='ltr'><strong>vox</strong></span> <span class='ocrx_word' id='word_1_398' title='bbox 2861 1207 3094 1263; x_wconf 92' lang='lat' dir='ltr'><strong>dicens.</strong></span> <span class='ocrx_word' id='word_1_399' title='bbox 3142 1208 3315 1263; x_wconf 84' lang='lat' dir='ltr'><strong>Electi</strong></span> <span class='ocrx_word' id='word_1_400' title='bbox 3365 1207 3478 1274; x_wconf 90' lang='lat' dir='ltr'><strong>Dei,</strong></span> <span class='ocrx_word' id='word_1_401' title='bbox 3529 1221 3656 1262; x_wconf 76' lang='lat' dir='ltr'><strong>ecce</strong></span> 
     </span>
    </p>
   </div>
   <div class='ocr_carea' id='block_1_57' title="bbox 1967 1293 3654 1366">
    <p class='ocr_par' dir='ltr' id='par_1_57' title="bbox 1967 1293 3654 1366">
     <span class='ocr_line' id='line_1_57' title="bbox 1967 1293 3654 1366; baseline -0.001 -18"><span class='ocrx_word' id='word_1_402' title='bbox 1967 1295 2126 1349; x_wconf 90' lang='lat' dir='ltr'><strong>locus</strong></span> <span class='ocrx_word' id='word_1_403' title='bbox 2167 1293 2271 1350; x_wconf 92' lang='lat' dir='ltr'><strong>iste</strong></span> <span class='ocrx_word' id='word_1_404' title='bbox 2311 1295 2655 1350; x_wconf 89' lang='lat' dir='ltr'><strong>metuendus</strong></span> <span class='ocrx_word' id='word_1_405' title='bbox 2698 1302 2812 1364; x_wconf 89' lang='lat' dir='ltr'><strong>est;</strong></span> <span class='ocrx_word' id='word_1_406' title='bbox 2862 1295 3251 1366; x_wconf 89' lang='lat' dir='ltr'><strong>quadraginta</strong></span> <span class='ocrx_word' id='word_1_407' title='bbox 3296 1295 3431 1350; x_wconf 88' lang='lat' dir='ltr'><strong>anni</strong></span> <span class='ocrx_word' id='word_1_408' title='bbox 3477 1293 3654 1349; x_wconf 90' lang='lat' dir='ltr'><strong>voluti</strong></span> 
     </span>
    </p>
   </div>
   <div class='ocr_carea' id='block_1_58' title="bbox 1964 1381 3656 1451">
    <p class='ocr_par' dir='ltr' id='par_1_58' title="bbox 1964 1381 3656 1451">
     <span class='ocr_line' id='line_1_58' title="bbox 1964 1381 3656 1451; baseline -0.001 -14"><span class='ocrx_word' id='word_1_409' title='bbox 1964 1390 2120 1449; x_wconf 88' lang='lat' dir='ltr'><strong>sunt,</strong></span> <span class='ocrx_word' id='word_1_410' title='bbox 2151 1396 2221 1436; x_wconf 87' lang='lat' dir='ltr'><strong>ex</strong></span> <span class='ocrx_word' id='word_1_411' title='bbox 2257 1381 2472 1451; x_wconf 89' lang='lat' dir='ltr'><strong>quibus</strong></span> <span class='ocrx_word' id='word_1_412' title='bbox 2517 1382 2795 1437; x_wconf 89' lang='lat' dir='ltr'><strong>Dominus</strong></span> <span class='ocrx_word' id='word_1_413' title='bbox 2834 1383 2989 1437; x_wconf 91' lang='lat' dir='ltr'><strong>hunc</strong></span> <span class='ocrx_word' id='word_1_414' title='bbox 3031 1382 3218 1438; x_wconf 89' lang='lat' dir='ltr'><strong>locum</strong></span> <span class='ocrx_word' id='word_1_415' title='bbox 3265 1382 3558 1438; x_wconf 84' lang='lat' dir='ltr'><strong>benedixit</strong></span> <span class='ocrx_word' id='word_1_416' title='bbox 3603 1388 3656 1436; x_wconf 91' lang='lat' dir='ltr'><strong>et</strong></span> 
     </span>
    </p>
   </div>
   <div class='ocr_carea' id='block_1_59' title="bbox 1965 1469 3658 1538">
    <p class='ocr_par' dir='ltr' id='par_1_59' title="bbox 1965 1469 3658 1538">
     <span class='ocr_line' id='line_1_59' title="bbox 1965 1469 3658 1538; baseline -0.001 -12"><span class='ocrx_word' id='word_1_417' title='bbox 1965 1469 2362 1538; x_wconf 89' lang='lat' dir='ltr'><strong>sanctificavit,</strong></span> <span class='ocrx_word' id='word_1_418' title='bbox 2397 1478 2450 1526; x_wconf 92' lang='lat' dir='ltr'><strong>et</strong></span> <span class='ocrx_word' id='word_1_419' title='bbox 2500 1469 2651 1526; x_wconf 88' lang='lat' dir='ltr'><strong>fideli</strong></span> <span class='ocrx_word' id='word_1_420' title='bbox 2683 1485 2787 1526; x_wconf 92' lang='lat' dir='ltr'><strong>suo</strong></span> <span class='ocrx_word' id='word_1_421' title='bbox 2826 1473 3128 1526; x_wconf 87' lang='lat' dir='ltr'><strong>Geremaro</strong></span> <span class='ocrx_word' id='word_1_422' title='bbox 3173 1470 3516 1526; x_wconf 87' lang='lat' dir='ltr'><strong>destinavit:</strong></span> <span class='ocrx_word' id='word_1_423' title='bbox 3550 1469 3658 1524; x_wconf 91' lang='lat' dir='ltr'><strong>erit</strong></span> 
     </span>
    </p>
   </div>
   <div class='ocr_carea' id='block_1_60' title="bbox 1963 1558 3657 1628">
    <p class='ocr_par' dir='ltr' id='par_1_60' title="bbox 1963 1558 3657 1628">
     <span class='ocr_line' id='line_1_60' title="bbox 1963 1558 3657 1628; baseline -0.002 -13"><span class='ocrx_word' id='word_1_424' title='bbox 1963 1559 2117 1615; x_wconf 90' lang='lat' dir='ltr'><strong>enim</strong></span> <span class='ocrx_word' id='word_1_425' title='bbox 2167 1559 2494 1615; x_wconf 90' lang='lat' dir='ltr'><strong>habitabilis</strong></span> <span class='ocrx_word' id='word_1_426' title='bbox 2533 1558 2948 1614; x_wconf 89' lang='lat' dir='ltr'><strong>monachorum</strong></span> <span class='ocrx_word' id='word_1_427' title='bbox 2979 1559 3357 1623; x_wconf 88' lang='lat' dir='ltr'><strong>multitudini,</strong></span> <span class='ocrx_word' id='word_1_428' title='bbox 3395 1559 3657 1628; x_wconf 89' lang='lat' dir='ltr'><strong>quandiu</strong></span> 
     </span>
    </p>
   </div>
   <div class='ocr_carea' id='block_1_61' title="bbox 1966 1645 3658 1717">
    <p class='ocr_par' dir='ltr' id='par_1_61' title="bbox 1966 1645 3658 1717">
     <span class='ocr_line' id='line_1_61' title="bbox 1966 1645 3658 1717; baseline -0.002 -14"><span class='ocrx_word' id='word_1_429' title='bbox 1966 1646 2272 1717; x_wconf 88' lang='lat' dir='ltr'><strong>perstiterit</strong></span> <span class='ocrx_word' id='word_1_430' title='bbox 2303 1647 2361 1702; x_wconf 92' lang='lat' dir='ltr'><strong>in</strong></span> <span class='ocrx_word' id='word_1_431' title='bbox 2392 1646 2686 1716; x_wconf 67' lang='lat' dir='ltr'><strong>praeceptis</strong></span> <span class='ocrx_word' id='word_1_432' title='bbox 2720 1646 2960 1702; x_wconf 89' lang='lat' dir='ltr'><strong>Domini.</strong></span> <span class='ocrx_word' id='word_1_433' title='bbox 2994 1646 3331 1702; x_wconf 89' lang='lat' dir='ltr'><strong>Mulieribus</strong></span> <span class='ocrx_word' id='word_1_434' title='bbox 3355 1660 3490 1700; x_wconf 87' lang='lat' dir='ltr'><strong>vero</strong></span> <span class='ocrx_word' id='word_1_435' title='bbox 3522 1645 3658 1700; x_wconf 93' lang='lat' dir='ltr'><strong>nul-</strong></span> 
     </span>
    </p>
   </div>
   <div class='ocr_carea' id='block_1_62' title="bbox 1965 1735 3160 1804">
    <p class='ocr_par' dir='ltr' id='par_1_62' title="bbox 1965 1735 3160 1804">
     <span class='ocr_line' id='line_1_62' title="bbox 1965 1735 3160 1804; baseline -0.002 -14"><span class='ocrx_word' id='word_1_436' title='bbox 1965 1735 2053 1791; x_wconf 91' lang='lat' dir='ltr'><strong>lus</strong></span> <span class='ocrx_word' id='word_1_437' title='bbox 2081 1735 2291 1804; x_wconf 86' lang='lat' dir='ltr'><strong>patebit</strong></span> <span class='ocrx_word' id='word_1_438' title='bbox 2321 1735 2391 1790; x_wconf 90' lang='lat' dir='ltr'><strong>ad</strong></span> <span class='ocrx_word' id='word_1_439' title='bbox 2429 1749 2559 1789; x_wconf 91' lang='lat' dir='ltr'><strong>eum</strong></span> <span class='ocrx_word' id='word_1_440' title='bbox 2583 1749 2844 1804; x_wconf 90' lang='lat' dir='ltr'><strong>unquam</strong></span> <span class='ocrx_word' id='word_1_441' title='bbox 2879 1748 3160 1790; x_wconf 88' lang='lat' dir='ltr'><strong>accessus.</strong></span> 
     </span>
    </p>
   </div>
   <div class='ocr_carea' id='block_1_63' title="bbox 2034 1820 3658 1878">
    <p class='ocr_par' dir='ltr' id='par_1_63' title="bbox 2034 1820 3658 1878">
     <span class='ocr_line' id='line_1_63' title="bbox 2034 1820 3658 1878; baseline -0.002 0"><span class='ocrx_word' id='word_1_442' title='bbox 2034 1822 2348 1878; x_wconf 82' lang='lat' dir='ltr'><strong>Audientes</strong></span> <span class='ocrx_word' id='word_1_443' title='bbox 2407 1830 2602 1877; x_wconf 90' lang='lat' dir='ltr'><strong>autem</strong></span> <span class='ocrx_word' id='word_1_444' title='bbox 2662 1823 2833 1878; x_wconf 89' lang='lat' dir='ltr'><strong>ambo</strong></span> <span class='ocrx_word' id='word_1_445' title='bbox 2897 1823 3008 1878; x_wconf 91' lang='lat' dir='ltr'><strong>viri</strong></span> <span class='ocrx_word' id='word_1_446' title='bbox 3052 1821 3234 1878; x_wconf 91' lang='lat' dir='ltr'><strong>sancti</strong></span> <span class='ocrx_word' id='word_1_447' title='bbox 3276 1822 3442 1877; x_wconf 90' lang='lat' dir='ltr'><strong>valde</strong></span> <span class='ocrx_word' id='word_1_448' title='bbox 3489 1820 3658 1876; x_wconf 67' lang='lat' dir='ltr'><strong>laetati</strong></span> 
     </span>
    </p>
   </div>
   <div class='ocr_carea' id='block_1_64' title="bbox 1965 1909 3658 1980">
    <p class='ocr_par' dir='ltr' id='par_1_64' title="bbox 1965 1909 3658 1980">
     <span class='ocr_line' id='line_1_64' title="bbox 1965 1909 3658 1980; baseline -0.002 -15"><span class='ocrx_word' id='word_1_449' title='bbox 1965 1917 2119 1965; x_wconf 91' lang='lat' dir='ltr'><strong>sunt.</strong></span> <span class='ocrx_word' id='word_1_450' title='bbox 2145 1910 2408 1978; x_wconf 90' lang='lat' dir='ltr'><strong>Cumque</strong></span> <span class='ocrx_word' id='word_1_451' title='bbox 2437 1909 2674 1965; x_wconf 88' lang='lat' dir='ltr'><strong>obtutus</strong></span> <span class='ocrx_word' id='word_1_452' title='bbox 2704 1924 2838 1965; x_wconf 90' lang='lat' dir='ltr'><strong>suos</strong></span> <span class='ocrx_word' id='word_1_453' title='bbox 2883 1911 2944 1965; x_wconf 92' lang='lat' dir='ltr'><strong>in</strong></span> <span class='ocrx_word' id='word_1_454' title='bbox 2981 1917 3274 1980; x_wconf 90' lang='lat' dir='ltr'><strong>aspectum</strong></span> <span class='ocrx_word' id='word_1_455' title='bbox 3304 1909 3528 1964; x_wconf 52' lang='lat' dir='ltr'><strong>nebulae</strong></span> <span class='ocrx_word' id='word_1_456' title='bbox 3555 1909 3658 1962; x_wconf 90' lang='lat' dir='ltr'><strong>de-</strong></span> 
     </span>
    </p>
   </div>
   <div class='ocr_carea' id='block_1_65' title="bbox 1967 1997 3654 2068">
    <p class='ocr_par' dir='ltr' id='par_1_65' title="bbox 1967 1997 3654 2068">
     <span class='ocr_line' id='line_1_65' title="bbox 1967 1997 3654 2068; baseline -0.001 -16"><span class='ocrx_word' id='word_1_457' title='bbox 1967 1998 2224 2068; x_wconf 89' lang='lat' dir='ltr'><strong>figerent,</strong></span> <span class='ocrx_word' id='word_1_458' title='bbox 2263 1997 2453 2052; x_wconf 91' lang='lat' dir='ltr'><strong>statim</strong></span> <span class='ocrx_word' id='word_1_459' title='bbox 2501 1998 2574 2052; x_wconf 92' lang='lat' dir='ltr'><strong>ab</strong></span> <span class='ocrx_word' id='word_1_460' title='bbox 2623 1998 2949 2067; x_wconf 89' lang='lat' dir='ltr'><strong>aspectibus</strong></span> <span class='ocrx_word' id='word_1_461' title='bbox 2991 2013 3192 2053; x_wconf 91' lang='lat' dir='ltr'><strong>eorum</strong></span> <span class='ocrx_word' id='word_1_462' title='bbox 3236 1997 3528 2052; x_wconf 86' lang='lat' dir='ltr'><strong>subtracta</strong></span> <span class='ocrx_word' id='word_1_463' title='bbox 3553 2003 3654 2051; x_wconf 88' lang='lat' dir='ltr'><strong>est.</strong></span> 
     </span>
    </p>
   </div>
   <div class='ocr_carea' id='block_1_66' title="bbox 1965 2085 3660 2155">
    <p class='ocr_par' dir='ltr' id='par_1_66' title="bbox 1965 2085 3660 2155">
     <span class='ocr_line' id='line_1_66' title="bbox 1965 2085 3660 2155; baseline -0.001 -15"><span class='ocrx_word' id='word_1_464' title='bbox 1965 2085 2054 2140; x_wconf 81' lang='lat' dir='ltr'><strong>Ex</strong></span> <span class='ocrx_word' id='word_1_465' title='bbox 2087 2085 2281 2140; x_wconf 89' lang='lat' dir='ltr'><strong>eadem</strong></span> <span class='ocrx_word' id='word_1_466' title='bbox 2313 2093 2507 2142; x_wconf 90' lang='lat' dir='ltr'><strong>autem</strong></span> <span class='ocrx_word' id='word_1_467' title='bbox 2530 2086 2761 2153; x_wconf 88' lang='lat' dir='ltr'><strong>nebula,</strong></span> <span class='ocrx_word' id='word_1_468' title='bbox 2797 2087 2852 2142; x_wconf 94' lang='lat' dir='ltr'><strong>in</strong></span> <span class='ocrx_word' id='word_1_469' title='bbox 2875 2085 3120 2142; x_wconf 69' lang='lat' dir='ltr'><strong>circuitu</strong></span> <span class='ocrx_word' id='word_1_470' title='bbox 3144 2085 3268 2152; x_wconf 93' lang='lat' dir='ltr'><strong>loci,</strong></span> <span class='ocrx_word' id='word_1_471' title='bbox 3293 2085 3460 2155; x_wconf 89' lang='lat' dir='ltr'><strong>quasi</strong></span> <span class='ocrx_word' id='word_1_472' title='bbox 3494 2098 3660 2154; x_wconf 68' lang='lat' dir='ltr'><strong>quaa-</strong></span> 
     </span>
    </p>
   </div>
   <div class='ocr_carea' id='block_1_67' title="bbox 1965 2172 3664 2246">
    <p class='ocr_par' dir='ltr' id='par_1_67' title="bbox 1965 2172 3664 2246">
     <span class='ocr_line' id='line_1_67' title="bbox 1965 2172 3664 2246; baseline -0.003 -16"><span class='ocrx_word' id='word_1_473' title='bbox 1965 2174 2098 2230; x_wconf 92' lang='lat' dir='ltr'><strong>dam</strong></span> <span class='ocrx_word' id='word_1_474' title='bbox 2137 2174 2304 2245; x_wconf 90' lang='lat' dir='ltr'><strong>virga</strong></span> <span class='ocrx_word' id='word_1_475' title='bbox 2349 2174 2766 2246; x_wconf 85' lang='lat' dir='ltr'><strong>geometricalis</strong></span> <span class='ocrx_word' id='word_1_476' title='bbox 2826 2181 3007 2230; x_wconf 91' lang='lat' dir='ltr'><strong>totum</strong></span> <span class='ocrx_word' id='word_1_477' title='bbox 3061 2175 3249 2230; x_wconf 91' lang='lat' dir='ltr'><strong>locum</strong></span> <span class='ocrx_word' id='word_1_478' title='bbox 3296 2172 3664 2229; x_wconf 89' lang='lat' dir='ltr'><strong>circumdans</strong></span> 
     </span>
    </p>
   </div>
   <div class='ocr_carea' id='block_1_68' title="bbox 1965 2259 3662 2333">
    <p class='ocr_par' dir='ltr' id='par_1_68' title="bbox 1965 2259 3662 2333">
     <span class='ocr_line' id='line_1_68' title="bbox 1965 2259 3662 2333; baseline -0.003 -15"><span class='ocrx_word' id='word_1_479' title='bbox 1965 2263 2260 2329; x_wconf 89' lang='lat' dir='ltr'><strong>remansit,</strong></span> <span class='ocrx_word' id='word_1_480' title='bbox 2289 2269 2352 2318; x_wconf 91' lang='lat' dir='ltr'><strong>ut</strong></span> <span class='ocrx_word' id='word_1_481' title='bbox 2391 2262 2626 2318; x_wconf 89' lang='lat' dir='ltr'><strong>daretur</strong></span> <span class='ocrx_word' id='word_1_482' title='bbox 2667 2261 2906 2333; x_wconf 90' lang='lat' dir='ltr'><strong>intelligi</strong></span> <span class='ocrx_word' id='word_1_483' title='bbox 2958 2276 3157 2317; x_wconf 87' lang='lat' dir='ltr'><strong>verum</strong></span> <span class='ocrx_word' id='word_1_484' title='bbox 3189 2276 3310 2316; x_wconf 89' lang='lat' dir='ltr'><strong>esse</strong></span> <span class='ocrx_word' id='word_1_485' title='bbox 3353 2259 3506 2330; x_wconf 89' lang='lat' dir='ltr'><strong>quod</strong></span> <span class='ocrx_word' id='word_1_486' title='bbox 3557 2274 3662 2313; x_wconf 85' lang='lat' dir='ltr'><strong>su—</strong></span> 
     </span>
    </p>
   </div>
   <div class='ocr_carea' id='block_1_69' title="bbox 1966 2349 3664 2421">
    <p class='ocr_par' dir='ltr' id='par_1_69' title="bbox 1966 2349 3664 2421">
     <span class='ocr_line' id='line_1_69' title="bbox 1966 2349 3664 2421; baseline -0.002 -15"><span class='ocrx_word' id='word_1_487' title='bbox 1966 2365 2143 2421; x_wconf 90' lang='lat' dir='ltr'><strong>perna</strong></span> <span class='ocrx_word' id='word_1_488' title='bbox 2173 2364 2287 2406; x_wconf 86' lang='lat' dir='ltr'><strong>vox</strong></span> <span class='ocrx_word' id='word_1_489' title='bbox 2320 2351 2544 2406; x_wconf 88' lang='lat' dir='ltr'><strong>cecinit.</strong></span> <span class='ocrx_word' id='word_1_490' title='bbox 2597 2351 2761 2406; x_wconf 90' lang='lat' dir='ltr'><strong>Tunc</strong></span> <span class='ocrx_word' id='word_1_491' title='bbox 2801 2350 3224 2406; x_wconf 86' lang='lat' dir='ltr'><strong>circumeuntes</strong></span> <span class='ocrx_word' id='word_1_492' title='bbox 3273 2349 3460 2404; x_wconf 89' lang='lat' dir='ltr'><strong>locum</strong></span> <span class='ocrx_word' id='word_1_493' title='bbox 3508 2361 3664 2416; x_wconf 86' lang='lat' dir='ltr'><strong>repe-</strong></span> 
     </span>
    </p>
   </div>
   <div class='ocr_carea' id='block_1_70' title="bbox 1967 2431 3662 2506">
    <p class='ocr_par' dir='ltr' id='par_1_70' title="bbox 1967 2431 3662 2506">
     <span class='ocr_line' id='line_1_70' title="bbox 1967 2431 3662 2506; baseline -0.004 -16"><span class='ocrx_word' id='word_1_494' title='bbox 1967 2442 2168 2491; x_wconf 89' lang='lat' dir='ltr'><strong>rerunt</strong></span> <span class='ocrx_word' id='word_1_495' title='bbox 2219 2436 2452 2506; x_wconf 91' lang='lat' dir='ltr'><strong>signum</strong></span> <span class='ocrx_word' id='word_1_496' title='bbox 2521 2434 2762 2491; x_wconf 76' lang='lat' dir='ltr'><strong>ccelestis</strong></span> <span class='ocrx_word' id='word_1_497' title='bbox 2822 2433 2968 2490; x_wconf 90' lang='lat' dir='ltr'><strong>roris</strong></span> <span class='ocrx_word' id='word_1_498' title='bbox 3022 2433 3382 2501; x_wconf 86' lang='lat' dir='ltr'><strong>impressum.</strong></span> <span class='ocrx_word' id='word_1_499' title='bbox 3453 2431 3662 2486; x_wconf 89' lang='lat' dir='ltr'><strong>Beatus</strong></span> 
     </span>
    </p>
   </div>
   <div class='ocr_carea' id='block_1_71' title="bbox 1967 2520 3662 2591">
    <p class='ocr_par' dir='ltr' id='par_1_71' title="bbox 1967 2520 3662 2591">
     <span class='ocr_line' id='line_1_71' title="bbox 1967 2520 3662 2591; baseline -0.003 -13"><span class='ocrx_word' id='word_1_500' title='bbox 1967 2529 2159 2580; x_wconf 90' lang='lat' dir='ltr'><strong>autem</strong></span> <span class='ocrx_word' id='word_1_501' title='bbox 2205 2524 2522 2580; x_wconf 85' lang='lat' dir='ltr'><strong>Audoenus</strong></span> <span class='ocrx_word' id='word_1_502' title='bbox 2568 2531 2760 2578; x_wconf 87' lang='lat' dir='ltr'><strong>certus</strong></span> <span class='ocrx_word' id='word_1_503' title='bbox 2789 2523 2858 2578; x_wconf 90' lang='lat' dir='ltr'><strong>de</strong></span> <span class='ocrx_word' id='word_1_504' title='bbox 2911 2521 3170 2591; x_wconf 87' lang='lat' dir='ltr'><strong>angelica</strong></span> <span class='ocrx_word' id='word_1_505' title='bbox 3216 2520 3437 2576; x_wconf 90' lang='lat' dir='ltr'><strong>visione</strong></span> <span class='ocrx_word' id='word_1_506' title='bbox 3473 2526 3530 2575; x_wconf 90' lang='lat' dir='ltr'><strong>et</strong></span> <span class='ocrx_word' id='word_1_507' title='bbox 3558 2533 3662 2574; x_wconf 91' lang='lat' dir='ltr'><strong>su—</strong></span> 
     </span>
    </p>
   </div>
   <div class='ocr_carea' id='block_1_72' title="bbox 1967 2604 3663 2683">
    <p class='ocr_par' dir='ltr' id='par_1_72' title="bbox 1967 2604 3663 2683">
     <span class='ocr_line' id='line_1_72' title="bbox 1967 2604 3663 2683; baseline -0.005 -17"><span class='ocrx_word' id='word_1_508' title='bbox 1967 2625 2144 2681; x_wconf 91' lang='lat' dir='ltr'><strong>perna</strong></span> <span class='ocrx_word' id='word_1_509' title='bbox 2171 2625 2326 2678; x_wconf 92' lang='lat' dir='ltr'><strong>voce,</strong></span> <span class='ocrx_word' id='word_1_510' title='bbox 2380 2610 2662 2683; x_wconf 86' lang='lat' dir='ltr'><strong>accipiens</strong></span> <span class='ocrx_word' id='word_1_511' title='bbox 2690 2611 2918 2680; x_wconf 89' lang='lat' dir='ltr'><strong>virgam</strong></span> <span class='ocrx_word' id='word_1_512' title='bbox 2965 2610 3020 2664; x_wconf 93' lang='lat' dir='ltr'><strong>in</strong></span> <span class='ocrx_word' id='word_1_513' title='bbox 3053 2623 3252 2676; x_wconf 91' lang='lat' dir='ltr'><strong>manu,</strong></span> <span class='ocrx_word' id='word_1_514' title='bbox 3293 2621 3394 2678; x_wconf 91' lang='lat' dir='ltr'><strong>per</strong></span> <span class='ocrx_word' id='word_1_515' title='bbox 3421 2604 3663 2676; x_wconf 86' lang='lat' dir='ltr'><strong>vestigia</strong></span> 
     </span>
    </p>
   </div>
   <div class='ocr_carea' id='block_1_73' title="bbox 1968 2692 3664 2768">
    <p class='ocr_par' dir='ltr' id='par_1_73' title="bbox 1968 2692 3664 2768">
     <span class='ocr_line' id='line_1_73' title="bbox 1968 2692 3664 2768; baseline -0.004 -14"><span class='ocrx_word' id='word_1_516' title='bbox 1968 2699 2192 2755; x_wconf 65' lang='lat' dir='ltr'><strong>nebulae</strong></span> <span class='ocrx_word' id='word_1_517' title='bbox 2222 2712 2456 2755; x_wconf 89' lang='lat' dir='ltr'><strong>mensus</strong></span> <span class='ocrx_word' id='word_1_518' title='bbox 2495 2705 2580 2754; x_wconf 91' lang='lat' dir='ltr'><strong>est</strong></span> <span class='ocrx_word' id='word_1_519' title='bbox 2627 2698 2869 2768; x_wconf 90' lang='lat' dir='ltr'><strong>plateam</strong></span> <span class='ocrx_word' id='word_1_520' title='bbox 2911 2697 2969 2752; x_wconf 93' lang='lat' dir='ltr'><strong>in</strong></span> <span class='ocrx_word' id='word_1_521' title='bbox 2999 2696 3267 2763; x_wconf 90' lang='lat' dir='ltr'><strong>circuitu,</strong></span> <span class='ocrx_word' id='word_1_522' title='bbox 3300 2695 3400 2751; x_wconf 92' lang='lat' dir='ltr'><strong>ubi</strong></span> <span class='ocrx_word' id='word_1_523' title='bbox 3425 2692 3664 2750; x_wconf 91' lang='lat' dir='ltr'><strong>ecclesia</strong></span> 
     </span>
    </p>
   </div>
   <div class='ocr_carea' id='block_1_74' title="bbox 1968 2786 3666 2854">
    <p class='ocr_par' dir='ltr' id='par_1_74' title="bbox 1968 2786 3666 2854">
     <span class='ocr_line' id='line_1_74' title="bbox 1968 2786 3666 2854; baseline -0.005 -11"><span class='ocrx_word' id='word_1_524' title='bbox 1968 2787 2370 2854; x_wconf 58' lang='lat' dir='ltr'><strong>aedificaretur,</strong></span> <span class='ocrx_word' id='word_1_525' title='bbox 2396 2786 2517 2842; x_wconf 86' lang='lat' dir='ltr'><strong>ubi</strong></span> <span class='ocrx_word' id='word_1_526' title='bbox 2559 2786 2800 2842; x_wconf 74' lang='lat' dir='ltr'><strong>officinae</strong></span> <span class='ocrx_word' id='word_1_527' title='bbox 2845 2791 3336 2849; x_wconf 90' lang='lat' dir='ltr'><strong>construerentur,</strong></span> <span class='ocrx_word' id='word_1_528' title='bbox 3376 2789 3432 2837; x_wconf 91' lang='lat' dir='ltr'><strong>et</strong></span> <span class='ocrx_word' id='word_1_529' title='bbox 3461 2789 3666 2837; x_wconf 61' lang='lat' dir='ltr'><strong>caetera</strong></span> 
     </span>
    </p>
   </div>
   <div class='ocr_carea' id='block_1_75' title="bbox 1969 2870 3664 2943">
    <p class='ocr_par' dir='ltr' id='par_1_75' title="bbox 1969 2870 3664 2943">
     <span class='ocr_line' id='line_1_75' title="bbox 1969 2870 3664 2943; baseline -0.004 -13"><span class='ocrx_word' id='word_1_530' title='bbox 1969 2875 2384 2932; x_wconf 90' lang='lat' dir='ltr'><strong>monachorum</strong></span> <span class='ocrx_word' id='word_1_531' title='bbox 2418 2875 2550 2930; x_wconf 67' lang='lat' dir='ltr'><strong>vitae</strong></span> <span class='ocrx_word' id='word_1_532' title='bbox 2583 2874 2746 2930; x_wconf 92' lang='lat' dir='ltr'><strong>utilia</strong></span> <span class='ocrx_word' id='word_1_533' title='bbox 2773 2888 2788 2942; x_wconf 91' lang='lat'><strong>;</strong></span> <span class='ocrx_word' id='word_1_534' title='bbox 2828 2873 3280 2943; x_wconf 90' lang='lat' dir='ltr'><strong>consignatoque</strong></span> <span class='ocrx_word' id='word_1_535' title='bbox 3315 2870 3437 2925; x_wconf 93' lang='lat' dir='ltr'><strong>loco</strong></span> <span class='ocrx_word' id='word_1_536' title='bbox 3462 2870 3524 2925; x_wconf 92' lang='lat' dir='ltr'><strong>B.</strong></span> <span class='ocrx_word' id='word_1_537' title='bbox 3555 2870 3664 2924; x_wconf 86' lang='lat' dir='ltr'><strong>Ge-</strong></span> 
     </span>
    </p>
   </div>
   <div class='ocr_carea' id='block_1_76' title="bbox 1973 2963 2831 3032">
    <p class='ocr_par' dir='ltr' id='par_1_76' title="bbox 1973 2963 2831 3032">
     <span class='ocr_line' id='line_1_76' title="bbox 1973 2963 2831 3032; baseline -0.005 -12"><span class='ocrx_word' id='word_1_538' title='bbox 1973 2977 2216 3032; x_wconf 90' lang='lat' dir='ltr'><strong>remaro,</strong></span> <span class='ocrx_word' id='word_1_539' title='bbox 2254 2964 2330 3019; x_wconf 89' lang='lat' dir='ltr'><strong>ita</strong></span> <span class='ocrx_word' id='word_1_540' title='bbox 2361 2963 2617 3020; x_wconf 90' lang='lat' dir='ltr'><strong>discessit</strong></span> <span class='ocrx_word' id='word_1_541' title='bbox 2646 2963 2718 3019; x_wconf 90' lang='lat' dir='ltr'><strong>ab</strong></span> <span class='ocrx_word' id='word_1_542' title='bbox 2747 2976 2831 3018; x_wconf 93' lang='lat' dir='ltr'><strong>eo.</strong></span> 
     </span>
    </p>
   </div>
   <div class='ocr_carea' id='block_1_77' title="bbox 2043 3047 3665 3109">
    <p class='ocr_par' dir='ltr' id='par_1_77' title="bbox 2043 3047 3665 3109">
     <span class='ocr_line' id='line_1_77' title="bbox 2043 3047 3665 3109; baseline -0.003 -1"><span class='ocrx_word' id='word_1_543' title='bbox 2043 3053 2206 3108; x_wconf 89' lang='lat' dir='ltr'><strong>Tunc</strong></span> <span class='ocrx_word' id='word_1_544' title='bbox 2248 3053 2456 3109; x_wconf 91' lang='lat' dir='ltr'><strong>Beatus</strong></span> <span class='ocrx_word' id='word_1_545' title='bbox 2509 3051 2855 3108; x_wconf 90' lang='lat' dir='ltr'><strong>Geremarus</strong></span> <span class='ocrx_word' id='word_1_546' title='bbox 2903 3064 3023 3107; x_wconf 91' lang='lat' dir='ltr'><strong>una</strong></span> <span class='ocrx_word' id='word_1_547' title='bbox 3063 3063 3196 3105; x_wconf 92' lang='lat' dir='ltr'><strong>cum</strong></span> <span class='ocrx_word' id='word_1_548' title='bbox 3247 3047 3517 3104; x_wconf 90' lang='lat' dir='ltr'><strong>omnibus</strong></span> <span class='ocrx_word' id='word_1_549' title='bbox 3556 3047 3665 3103; x_wconf 93' lang='lat' dir='ltr'><strong>sibi</strong></span> 
     </span>
    </p>
   </div>
   <div class='ocr_carea' id='block_1_78' title="bbox 1971 3135 3664 3204">
    <p class='ocr_par' dir='ltr' id='par_1_78' title="bbox 1971 3135 3664 3204">
     <span class='ocr_line' id='line_1_78' title="bbox 1971 3135 3664 3204; baseline -0.004 -8"><span class='ocrx_word' id='word_1_550' title='bbox 1971 3141 2310 3204; x_wconf 85' lang='lat' dir='ltr'><strong>commissis,</strong></span> <span class='ocrx_word' id='word_1_551' title='bbox 2333 3142 2402 3197; x_wconf 90' lang='lat' dir='ltr'><strong>ad</strong></span> <span class='ocrx_word' id='word_1_552' title='bbox 2439 3141 2841 3197; x_wconf 74' lang='lat' dir='ltr'><strong>zediﬁcandum</strong></span> <span class='ocrx_word' id='word_1_553' title='bbox 2874 3139 3064 3195; x_wconf 90' lang='lat' dir='ltr'><strong>locum</strong></span> <span class='ocrx_word' id='word_1_554' title='bbox 3107 3137 3359 3194; x_wconf 90' lang='lat' dir='ltr'><strong>advenit.</strong></span> <span class='ocrx_word' id='word_1_555' title='bbox 3404 3135 3664 3192; x_wconf 69' lang='lat' dir='ltr'><strong>1Edifica-</strong></span> 
     </span>
    </p>
   </div>
   <div class='ocr_carea' id='block_1_79' title="bbox 1971 3224 3666 3286">
    <p class='ocr_par' dir='ltr' id='par_1_79' title="bbox 1971 3224 3666 3286">
     <span class='ocr_line' id='line_1_79' title="bbox 1971 3224 3666 3286; baseline -0.003 -3"><span class='ocrx_word' id='word_1_556' title='bbox 1971 3229 2056 3284; x_wconf 91' lang='lat' dir='ltr'><strong>vit</strong></span> <span class='ocrx_word' id='word_1_557' title='bbox 2123 3228 2200 3285; x_wconf 94' lang='lat' dir='ltr'><strong>ibi</strong></span> <span class='ocrx_word' id='word_1_558' title='bbox 2256 3229 2553 3286; x_wconf 89' lang='lat' dir='ltr'><strong>ecclesiam</strong></span> <span class='ocrx_word' id='word_1_559' title='bbox 2621 3228 2679 3282; x_wconf 91' lang='lat' dir='ltr'><strong>in</strong></span> <span class='ocrx_word' id='word_1_560' title='bbox 2740 3228 2950 3283; x_wconf 86' lang='lat' dir='ltr'><strong>honore</strong></span> <span class='ocrx_word' id='word_1_561' title='bbox 2982 3235 3194 3283; x_wconf 72' lang='lat' dir='ltr'><strong>sanctae</strong></span> <span class='ocrx_word' id='word_1_562' title='bbox 3248 3233 3302 3281; x_wconf 90' lang='lat' dir='ltr'><strong>et</strong></span> <span class='ocrx_word' id='word_1_563' title='bbox 3354 3224 3666 3280; x_wconf 64' lang='lat' dir='ltr'><strong>individua:</strong></span> 
     </span>
    </p>
   </div>
   <div class='ocr_carea' id='block_1_80' title="bbox 1972 3312 3664 3388">
    <p class='ocr_par' dir='ltr' id='par_1_80' title="bbox 1972 3312 3664 3388">
     <span class='ocr_line' id='line_1_80' title="bbox 1972 3312 3664 3388; baseline -0.004 -16"><span class='ocrx_word' id='word_1_564' title='bbox 1972 3317 2288 3386; x_wconf 88' lang='lat' dir='ltr'><strong>Trinitatis,</strong></span> <span class='ocrx_word' id='word_1_565' title='bbox 2320 3325 2649 3388; x_wconf 62' lang='lat' dir='ltr'><strong>sanctaque</strong></span> <span class='ocrx_word' id='word_1_566' title='bbox 2698 3317 2892 3373; x_wconf 69' lang='lat' dir='ltr'><strong>Mariae</strong></span> <span class='ocrx_word' id='word_1_567' title='bbox 2931 3316 3190 3388; x_wconf 87' lang='lat' dir='ltr'><strong>virginis,</strong></span> <span class='ocrx_word' id='word_1_568' title='bbox 3224 3321 3280 3371; x_wconf 88' lang='lat' dir='ltr'><strong>et</strong></span> <span class='ocrx_word' id='word_1_569' title='bbox 3322 3315 3378 3369; x_wconf 93' lang='lat' dir='ltr'><strong>S.</strong></span> <span class='ocrx_word' id='word_1_570' title='bbox 3409 3312 3664 3378; x_wconf 85' lang='lat' dir='ltr'><strong>Joannis,</strong></span> 
     </span>
    </p>
   </div>
   <div class='ocr_carea' id='block_1_81' title="bbox 1972 3402 3665 3476">
    <p class='ocr_par' dir='ltr' id='par_1_81' title="bbox 1972 3402 3665 3476">
     <span class='ocr_line' id='line_1_81' title="bbox 1972 3402 3665 3476; baseline -0.004 -16"><span class='ocrx_word' id='word_1_571' title='bbox 1972 3407 2274 3476; x_wconf 90' lang='lat' dir='ltr'><strong>sanctique</strong></span> <span class='ocrx_word' id='word_1_572' title='bbox 2329 3407 2475 3462; x_wconf 91' lang='lat' dir='ltr'><strong>Petri</strong></span> <span class='ocrx_word' id='word_1_573' title='bbox 2521 3405 2907 3473; x_wconf 88' lang='lat' dir='ltr'><strong>apostolorum</strong></span> <span class='ocrx_word' id='word_1_574' title='bbox 2950 3404 3243 3474; x_wconf 91' lang='lat' dir='ltr'><strong>principis,</strong></span> <span class='ocrx_word' id='word_1_575' title='bbox 3283 3410 3338 3458; x_wconf 92' lang='lat' dir='ltr'><strong>et</strong></span> <span class='ocrx_word' id='word_1_576' title='bbox 3371 3402 3448 3456; x_wconf 91' lang='lat' dir='ltr'><strong>ibi</strong></span> <span class='ocrx_word' id='word_1_577' title='bbox 3494 3407 3665 3456; x_wconf 85' lang='lat' dir='ltr'><strong>totam</strong></span> 
     </span>
    </p>
   </div>
   <div class='ocr_carea' id='block_1_82' title="bbox 1973 3488 3670 3549">
    <p class='ocr_par' dir='ltr' id='par_1_82' title="bbox 1973 3488 3670 3549">
     <span class='ocr_line' id='line_1_82' title="bbox 1973 3488 3670 3549; baseline -0.003 -2"><span class='ocrx_word' id='word_1_578' title='bbox 1973 3492 2359 3549; x_wconf 77' lang='lat' dir='ltr'><strong>haereditatem</strong></span> <span class='ocrx_word' id='word_1_579' title='bbox 2429 3506 2595 3548; x_wconf 90' lang='lat' dir='ltr'><strong>suam</strong></span> <span class='ocrx_word' id='word_1_580' title='bbox 2645 3492 2896 3548; x_wconf 90' lang='lat' dir='ltr'><strong>tradidit.</strong></span> <span class='ocrx_word' id='word_1_581' title='bbox 2967 3490 3303 3548; x_wconf 81' lang='lat' dir='ltr'><strong>Construxit</strong></span> <span class='ocrx_word' id='word_1_582' title='bbox 3356 3489 3435 3544; x_wconf 92' lang='lat' dir='ltr'><strong>ibi</strong></span> <span class='ocrx_word' id='word_1_583' title='bbox 3476 3488 3670 3544; x_wconf 90' lang='lat' dir='ltr'><strong>omnia</strong></span> 
     </span>
    </p>
   </div>
   <div class='ocr_carea' id='block_1_83' title="bbox 1973 3576 3667 3650">
    <p class='ocr_par' dir='ltr' id='par_1_83' title="bbox 1973 3576 3667 3650">
     <span class='ocr_line' id='line_1_83' title="bbox 1973 3576 3667 3650; baseline -0.002 -16"><span class='ocrx_word' id='word_1_584' title='bbox 1973 3581 2296 3637; x_wconf 89' lang='lat' dir='ltr'><strong>necessaria</strong></span> <span class='ocrx_word' id='word_1_585' title='bbox 2324 3580 2652 3636; x_wconf 77' lang='lat' dir='ltr'><strong>monasticae</strong></span> <span class='ocrx_word' id='word_1_586' title='bbox 2682 3579 2816 3635; x_wconf 73' lang='lat' dir='ltr'><strong>vitae</strong></span> <span class='ocrx_word' id='word_1_587' title='bbox 2848 3593 3124 3650; x_wconf 89' lang='lat' dir='ltr'><strong>congrua,</strong></span> <span class='ocrx_word' id='word_1_588' title='bbox 3157 3578 3247 3633; x_wconf 91' lang='lat' dir='ltr'><strong>vel</strong></span> <span class='ocrx_word' id='word_1_589' title='bbox 3285 3585 3436 3632; x_wconf 89' lang='lat' dir='ltr'><strong>artes</strong></span> <span class='ocrx_word' id='word_1_590' title='bbox 3470 3576 3667 3631; x_wconf 85' lang='lat' dir='ltr'><strong>diver-</strong></span> 
     </span>
    </p>
   </div>
   <div class='ocr_carea' id='block_1_84' title="bbox 1973 3664 3669 3740">
    <p class='ocr_par' dir='ltr' id='par_1_84' title="bbox 1973 3664 3669 3740">
     <span class='ocr_line' id='line_1_84' title="bbox 1973 3664 3669 3740; baseline -0.005 -15"><span class='ocrx_word' id='word_1_591' title='bbox 1973 3684 2082 3737; x_wconf 88' lang='lat' dir='ltr'><strong>sas,</strong></span> <span class='ocrx_word' id='word_1_592' title='bbox 2119 3682 2265 3740; x_wconf 91' lang='lat' dir='ltr'><strong>quas</strong></span> <span class='ocrx_word' id='word_1_593' title='bbox 2289 3667 2438 3723; x_wconf 90' lang='lat' dir='ltr'><strong>intra</strong></span> <span class='ocrx_word' id='word_1_594' title='bbox 2461 3667 2871 3723; x_wconf 90' lang='lat' dir='ltr'><strong>monasterium</strong></span> <span class='ocrx_word' id='word_1_595' title='bbox 2897 3665 3149 3722; x_wconf 79' lang='lat' dir='ltr'><strong>exerceri</strong></span> <span class='ocrx_word' id='word_1_596' title='bbox 3177 3664 3315 3720; x_wconf 91' lang='lat' dir='ltr'><strong>utile</strong></span> <span class='ocrx_word' id='word_1_597' title='bbox 3343 3671 3444 3727; x_wconf 92' lang='lat' dir='ltr'><strong>est,</strong></span> <span class='ocrx_word' id='word_1_598' title='bbox 3467 3669 3530 3718; x_wconf 90' lang='lat' dir='ltr'><strong>ut</strong></span> <span class='ocrx_word' id='word_1_599' title='bbox 3555 3677 3669 3717; x_wconf 92' lang='lat' dir='ltr'><strong>non</strong></span> 
     </span>
    </p>
   </div>
   <div class='ocr_carea' id='block_1_85' title="bbox 1971 3751 3668 3826">
    <p class='ocr_par' dir='ltr' id='par_1_85' title="bbox 1971 3751 3668 3826">
     <span class='ocr_line' id='line_1_85' title="bbox 1971 3751 3668 3826; baseline -0.004 -13"><span class='ocrx_word' id='word_1_600' title='bbox 1971 3765 2116 3814; x_wconf 90' lang='lat' dir='ltr'><strong>esset</strong></span> <span class='ocrx_word' id='word_1_601' title='bbox 2146 3755 2444 3812; x_wconf 91' lang='lat' dir='ltr'><strong>monachis</strong></span> <span class='ocrx_word' id='word_1_602' title='bbox 2465 3755 2771 3810; x_wconf 89' lang='lat' dir='ltr'><strong>necessitas</strong></span> <span class='ocrx_word' id='word_1_603' title='bbox 2792 3754 3043 3826; x_wconf 88' lang='lat' dir='ltr'><strong>vagandi</strong></span> <span class='ocrx_word' id='word_1_604' title='bbox 3069 3752 3223 3808; x_wconf 88' lang='lat' dir='ltr'><strong>foras</strong></span> <span class='ocrx_word' id='word_1_605' title='bbox 3245 3767 3258 3807; x_wconf 92' lang='lat'><strong>:</strong></span> <span class='ocrx_word' id='word_1_606' title='bbox 3287 3774 3308 3800; x_wconf 73' lang='grc' dir='ltr'>ι</span> <span class='ocrx_word' id='word_1_607' title='bbox 3328 3751 3474 3818; x_wconf 89' lang='lat' dir='ltr'><strong>Quia</strong></span> <span class='ocrx_word' id='word_1_608' title='bbox 3496 3751 3668 3820; x_wconf 91' lang='lat' dir='ltr'><strong>(sicut</strong></span> 
     </span>
    </p>
   </div>
   <div class='ocr_carea' id='block_1_86' title="bbox 1976 3840 3667 3902">
    <p class='ocr_par' dir='ltr' id='par_1_86' title="bbox 1976 3840 3667 3902">
     <span class='ocr_line' id='line_1_86' title="bbox 1976 3840 3667 3902; baseline -0.005 -1"><span class='ocrx_word' id='word_1_609' title='bbox 1976 3847 2179 3902; x_wconf 91' lang='lat' dir='ltr'><strong>beatus</strong></span> <span class='ocrx_word' id='word_1_610' title='bbox 2225 3844 2566 3901; x_wconf 89' lang='lat' dir='ltr'><strong>Benedictus</strong></span> <span class='ocrx_word' id='word_1_611' title='bbox 2611 3843 2768 3902; x_wconf 75' lang='lat' dir='ltr'><strong>dicit)</strong></span> <span class='ocrx_word' id='word_1_612' title='bbox 2834 3842 3065 3899; x_wconf 90' lang='lat' dir='ltr'><strong>omnino</strong></span> <span class='ocrx_word' id='word_1_613' title='bbox 3108 3840 3414 3896; x_wconf 91' lang='lat' dir='ltr'><strong>animabus</strong></span> <span class='ocrx_word' id='word_1_614' title='bbox 3465 3853 3667 3895; x_wconf 90' lang='lat' dir='ltr'><strong>eorum</strong></span> 
     </span>
    </p>
   </div>
   <div class='ocr_carea' id='block_1_87' title="bbox 1973 3928 3668 4004">
    <p class='ocr_par' dir='ltr' id='par_1_87' title="bbox 1973 3928 3668 4004">
     <span class='ocr_line' id='line_1_87' title="bbox 1973 3928 3668 4004; baseline -0.005 -14"><span class='ocrx_word' id='word_1_615' title='bbox 1973 3949 2090 3990; x_wconf 92' lang='lat' dir='ltr'><strong>non</strong></span> <span class='ocrx_word' id='word_1_616' title='bbox 2119 3934 2350 4004; x_wconf 83' lang='lat' dir='ltr'><strong>expedit</strong></span> <span class='ocrx_word' id='word_1_617' title='bbox 2376 3933 2586 4003; x_wconf 79' lang='lat' dir='ltr'><strong>(Regul.</strong></span> <span class='ocrx_word' id='word_1_618' title='bbox 2618 3945 2744 4002; x_wconf 89' lang='lat' dir='ltr'><strong>cap.</strong></span> <span class='ocrx_word' id='word_1_619' title='bbox 2777 3932 2891 3999; x_wconf 88' lang='grc'><strong>66).</strong></span> <span class='ocrx_word' id='word_1_620' title='bbox 2939 3953 2960 3979; x_wconf 70' lang='grc' dir='ltr'>η</span> <span class='ocrx_word' id='word_1_621' title='bbox 2998 3930 3310 3987; x_wconf 83' lang='lat' dir='ltr'><strong>Audientes</strong></span> <span class='ocrx_word' id='word_1_622' title='bbox 3330 3935 3520 3984; x_wconf 91' lang='lat' dir='ltr'><strong>autem</strong></span> <span class='ocrx_word' id='word_1_623' title='bbox 3551 3928 3668 3982; x_wconf 89' lang='lat' dir='ltr'><strong>cir-</strong></span> 
     </span>
    </p>
   </div>
   <div class='ocr_carea' id='block_1_88' title="bbox 1973 4016 3668 4093">
    <p class='ocr_par' dir='ltr' id='par_1_88' title="bbox 1973 4016 3668 4093">
     <span class='ocr_line' id='line_1_88' title="bbox 1973 4016 3668 4093; baseline -0.005 -13"><span class='ocrx_word' id='word_1_624' title='bbox 1973 4036 2350 4093; x_wconf 89' lang='lat' dir='ltr'><strong>cumquaque</strong></span> <span class='ocrx_word' id='word_1_625' title='bbox 2386 4019 2648 4076; x_wconf 88' lang='lat' dir='ltr'><strong>monachi</strong></span> <span class='ocrx_word' id='word_1_626' title='bbox 2683 4019 3051 4076; x_wconf 84' lang='lat' dir='ltr'><strong>confluebant</strong></span> <span class='ocrx_word' id='word_1_627' title='bbox 3102 4019 3174 4074; x_wconf 91' lang='lat' dir='ltr'><strong>ad</strong></span> <span class='ocrx_word' id='word_1_628' title='bbox 3211 4031 3365 4085; x_wconf 90' lang='lat' dir='ltr'><strong>eum,</strong></span> <span class='ocrx_word' id='word_1_629' title='bbox 3398 4016 3564 4087; x_wconf 89' lang='lat' dir='ltr'><strong>quasi</strong></span> <span class='ocrx_word' id='word_1_630' title='bbox 3596 4016 3668 4072; x_wconf 86' lang='lat' dir='ltr'><strong>ad</strong></span> 
     </span>
    </p>
   </div>
   <div class='ocr_carea' id='block_1_89' title="bbox 1975 4103 3668 4178">
    <p class='ocr_par' dir='ltr' id='par_1_89' title="bbox 1975 4103 3668 4178">
     <span class='ocr_line' id='line_1_89' title="bbox 1975 4103 3668 4178; baseline -0.006 -9"><span class='ocrx_word' id='word_1_631' title='bbox 1975 4114 2206 4169; x_wconf 90' lang='lat' dir='ltr'><strong>hortum</strong></span> <span class='ocrx_word' id='word_1_632' title='bbox 2233 4109 2490 4165; x_wconf 91' lang='lat' dir='ltr'><strong>omnium</strong></span> <span class='ocrx_word' id='word_1_633' title='bbox 2517 4109 2802 4164; x_wconf 89' lang='lat' dir='ltr'><strong>virtutum</strong></span> <span class='ocrx_word' id='word_1_634' title='bbox 2826 4123 2842 4177; x_wconf 89' lang='lat'>;</span> <span class='ocrx_word' id='word_1_635' title='bbox 2871 4121 3016 4178; x_wconf 90' lang='lat' dir='ltr'><strong>quos</strong></span> <span class='ocrx_word' id='word_1_636' title='bbox 3049 4107 3140 4162; x_wconf 92' lang='lat' dir='ltr'><strong>ille</strong></span> <span class='ocrx_word' id='word_1_637' title='bbox 3161 4105 3320 4161; x_wconf 91' lang='lat' dir='ltr'><strong>verbi</strong></span> <span class='ocrx_word' id='word_1_638' title='bbox 3352 4105 3450 4160; x_wconf 93' lang='lat' dir='ltr'><strong>Dei</strong></span> <span class='ocrx_word' id='word_1_639' title='bbox 3483 4103 3668 4175; x_wconf 87' lang='lat' dir='ltr'><strong>gratia</strong></span> 
     </span>
    </p>
   </div>
   <div class='ocr_carea' id='block_1_90' title="bbox 1974 4187 3663 4266">
    <p class='ocr_par' dir='ltr' id='par_1_90' title="bbox 1974 4187 3663 4266">
     <span class='ocr_line' id='line_1_90' title="bbox 1974 4187 3663 4266; baseline -0.005 -9"><span class='ocrx_word' id='word_1_640' title='bbox 1974 4200 2234 4257; x_wconf 89' lang='lat' dir='ltr'><strong>reficiens</strong></span> <span class='ocrx_word' id='word_1_641' title='bbox 2273 4197 2618 4253; x_wconf 89' lang='lat' dir='ltr'><strong>admonebat</strong></span> <span class='ocrx_word' id='word_1_642' title='bbox 2659 4203 2723 4253; x_wconf 91' lang='lat' dir='ltr'><strong>ut</strong></span> <span class='ocrx_word' id='word_1_643' title='bbox 2779 4197 2838 4252; x_wconf 92' lang='lat' dir='ltr'><strong>in</strong></span> <span class='ocrx_word' id='word_1_644' title='bbox 2871 4195 3158 4266; x_wconf 90' lang='lat' dir='ltr'><strong>proposito</strong></span> <span class='ocrx_word' id='word_1_645' title='bbox 3189 4209 3294 4250; x_wconf 92' lang='lat' dir='ltr'><strong>suo</strong></span> <span class='ocrx_word' id='word_1_646' title='bbox 3336 4187 3663 4265; x_wconf 81' lang='lat' dir='ltr'><strong>persevera-</strong></span> 
     </span>
    </p>
   </div>
   <div class='ocr_carea' id='block_1_91' title="bbox 170 4283 3560 4362">
    <p class='ocr_par' dir='ltr' id='par_1_91' title="bbox 170 4283 3560 4362">
     <span class='ocr_line' id='line_1_91' title="bbox 170 4283 3560 4362; baseline -0.002 -21"><span class='ocrx_word' id='word_1_647' title='bbox 170 4292 222 4341; x_wconf 90' lang='lat' dir='ltr'><strong>te</strong></span> <span class='ocrx_word' id='word_1_648' title='bbox 245 4285 536 4352; x_wconf 85' lang='lat' dir='ltr'><strong>exaudiet,</strong></span> <span class='ocrx_word' id='word_1_649' title='bbox 566 4292 620 4340; x_wconf 93' lang='lat' dir='ltr'><strong>et</strong></span> <span class='ocrx_word' id='word_1_650' title='bbox 647 4285 802 4355; x_wconf 92' lang='lat' dir='ltr'><strong>quod</strong></span> <span class='ocrx_word' id='word_1_651' title='bbox 848 4285 1146 4356; x_wconf 87' lang='lat' dir='ltr'><strong>rogaveris</strong></span> <span class='ocrx_word' id='word_1_652' title='bbox 1174 4285 1518 4354; x_wconf 89' lang='lat' dir='ltr'><strong>impetrabis.</strong></span> <span class='ocrx_word' id='word_1_653' title='bbox 1553 4303 1580 4335; x_wconf 75' lang='grc' dir='ltr'><strong>ι)</strong></span> <span class='ocrx_word' id='word_1_654' title='bbox 1609 4285 1862 4341; x_wconf 85' lang='lat' dir='ltr'><strong>Audiens</strong></span> <span class='ocrx_word' id='word_1_655' title='bbox 1893 4308 1936 4362; x_wconf 77' lang='grc' dir='ltr'><strong>ι)</strong></span> <span class='ocrx_word' id='word_1_656' title='bbox 1975 4295 2122 4355; x_wconf 90' lang='lat' dir='ltr'><strong>rent,</strong></span> <span class='ocrx_word' id='word_1_657' title='bbox 2163 4295 2218 4343; x_wconf 90' lang='lat' dir='ltr'><strong>et</strong></span> <span class='ocrx_word' id='word_1_658' title='bbox 2248 4299 2282 4341; x_wconf 90' lang='lat' dir='ltr'><strong>a</strong></span> <span class='ocrx_word' id='word_1_659' title='bbox 2305 4285 2706 4355; x_wconf 90' lang='lat' dir='ltr'><strong>voluptatibus</strong></span> <span class='ocrx_word' id='word_1_660' title='bbox 2724 4283 2926 4340; x_wconf 90' lang='lat' dir='ltr'><strong>mundi</strong></span> <span class='ocrx_word' id='word_1_661' title='bbox 2953 4284 3173 4340; x_wconf 88' lang='lat' dir='ltr'><strong>alienos</strong></span> <span class='ocrx_word' id='word_1_662' title='bbox 3203 4297 3262 4340; x_wconf 89' lang='lat' dir='ltr'><strong>se</strong></span> <span class='ocrx_word' id='word_1_663' title='bbox 3292 4283 3560 4339; x_wconf 89' lang='lat' dir='ltr'><strong>facerent.</strong></span> 
     </span>
    </p>
   </div>
   <div class='ocr_carea' id='block_1_92' title="bbox 170 4373 1852 4444">
    <p class='ocr_par' dir='ltr' id='par_1_92' title="bbox 170 4373 1852 4444">
     <span class='ocr_line' id='line_1_92' title="bbox 170 4373 1852 4444; baseline 0 -14"><span class='ocrx_word' id='word_1_664' title='bbox 170 4373 291 4430; x_wconf 70' lang='lat' dir='ltr'><strong>haec</strong></span> <span class='ocrx_word' id='word_1_665' title='bbox 312 4373 513 4430; x_wconf 88' lang='lat' dir='ltr'><strong>beatus</strong></span> <span class='ocrx_word' id='word_1_666' title='bbox 533 4373 846 4430; x_wconf 84' lang='lat' dir='ltr'><strong>Audoenus</strong></span> <span class='ocrx_word' id='word_1_667' title='bbox 865 4374 1158 4444; x_wconf 88' lang='lat' dir='ltr'><strong>respondit</strong></span> <span class='ocrx_word' id='word_1_668' title='bbox 1187 4375 1234 4430; x_wconf 93' lang='lat' dir='ltr'><strong>ei</strong></span> <span class='ocrx_word' id='word_1_669' title='bbox 1263 4389 1275 4428; x_wconf 92' lang='lat'><strong>:</strong></span> <span class='ocrx_word' id='word_1_670' title='bbox 1305 4396 1325 4423; x_wconf 85' lang='grc'><strong>‹</strong></span> <span class='ocrx_word' id='word_1_671' title='bbox 1368 4373 1514 4439; x_wconf 87' lang='lat' dir='ltr'><strong>Noli,</strong></span> <span class='ocrx_word' id='word_1_672' title='bbox 1562 4373 1699 4440; x_wconf 92' lang='lat' dir='ltr'><strong>noli,</strong></span> <span class='ocrx_word' id='word_1_673' title='bbox 1739 4375 1852 4430; x_wconf 89' lang='lat' dir='ltr'><strong>fra-</strong></span> 
     </span>
    </p>
   </div>
   <div class='ocr_carea' id='block_1_93' title="bbox 168 4461 1858 4533">
    <p class='ocr_par' dir='ltr' id='par_1_93' title="bbox 168 4461 1858 4533">
     <span class='ocr_line' id='line_1_93' title="bbox 168 4461 1858 4533; baseline 0.001 -14"><span class='ocrx_word' id='word_1_674' title='bbox 168 4470 254 4519; x_wconf 88' lang='lat' dir='ltr'><strong>ter</strong></span> <span class='ocrx_word' id='word_1_675' title='bbox 294 4462 404 4518; x_wconf 88' lang='lat' dir='ltr'><strong>ista</strong></span> <span class='ocrx_word' id='word_1_676' title='bbox 453 4461 699 4525; x_wconf 87' lang='lat' dir='ltr'><strong>referre:</strong></span> <span class='ocrx_word' id='word_1_677' title='bbox 733 4462 865 4533; x_wconf 91' lang='lat' dir='ltr'><strong>quis</strong></span> <span class='ocrx_word' id='word_1_678' title='bbox 897 4477 1004 4533; x_wconf 90' lang='lat' dir='ltr'><strong>ego</strong></span> <span class='ocrx_word' id='word_1_679' title='bbox 1042 4477 1169 4518; x_wconf 91' lang='lat' dir='ltr'><strong>sum</strong></span> <span class='ocrx_word' id='word_1_680' title='bbox 1214 4470 1277 4518; x_wconf 93' lang='lat' dir='ltr'><strong>ut</strong></span> <span class='ocrx_word' id='word_1_681' title='bbox 1325 4462 1447 4518; x_wconf 73' lang='lat' dir='ltr'><strong>htec</strong></span> <span class='ocrx_word' id='word_1_682' title='bbox 1492 4463 1712 4533; x_wconf 83' lang='lat' dir='ltr'><strong>agam?</strong></span> <span class='ocrx_word' id='word_1_683' title='bbox 1744 4479 1858 4520; x_wconf 90' lang='lat' dir='ltr'><strong>non</strong></span> 
     </span>
    </p>
   </div>
   <div class='ocr_carea' id='block_1_94' title="bbox 168 4549 1856 4619">
    <p class='ocr_par' dir='ltr' id='par_1_94' title="bbox 168 4549 1856 4619">
     <span class='ocr_line' id='line_1_94' title="bbox 168 4549 1856 4619; baseline 0.001 -13"><span class='ocrx_word' id='word_1_684' title='bbox 168 4550 313 4606; x_wconf 90' lang='lat' dir='ltr'><strong>meis</strong></span> <span class='ocrx_word' id='word_1_685' title='bbox 343 4550 580 4614; x_wconf 89' lang='lat' dir='ltr'><strong>meritis,</strong></span> <span class='ocrx_word' id='word_1_686' title='bbox 613 4550 708 4605; x_wconf 89' lang='lat' dir='ltr'><strong>sed</strong></span> <span class='ocrx_word' id='word_1_687' title='bbox 739 4557 838 4606; x_wconf 90' lang='lat' dir='ltr'><strong>tua</strong></span> <span class='ocrx_word' id='word_1_688' title='bbox 869 4550 978 4605; x_wconf 85' lang='lat' dir='ltr'><strong>fide</strong></span> <span class='ocrx_word' id='word_1_689' title='bbox 1009 4551 1112 4606; x_wconf 94' lang='lat' dir='ltr'><strong>hoc</strong></span> <span class='ocrx_word' id='word_1_690' title='bbox 1141 4549 1568 4619; x_wconf 87' lang='lat' dir='ltr'><strong>adimplobitur.</strong></span> <span class='ocrx_word' id='word_1_691' title='bbox 1603 4551 1657 4607; x_wconf 93' lang='lat' dir='ltr'><strong>Si</strong></span> <span class='ocrx_word' id='word_1_692' title='bbox 1689 4552 1856 4608; x_wconf 90' lang='lat' dir='ltr'><strong>fidem</strong></span> 
     </span>
    </p>
   </div>
   <div class='ocr_carea' id='block_1_95' title="bbox 168 4637 1858 4708">
    <p class='ocr_par' dir='ltr' id='par_1_95' title="bbox 168 4637 1858 4708">
     <span class='ocr_line' id='line_1_95' title="bbox 168 4637 1858 4708; baseline 0.002 -14"><span class='ocrx_word' id='word_1_693' title='bbox 168 4638 459 4704; x_wconf 90' lang='lat' dir='ltr'><strong>habueris,</strong></span> <span class='ocrx_word' id='word_1_694' title='bbox 501 4637 788 4708; x_wconf 90' lang='lat' dir='ltr'><strong>quidquid</strong></span> <span class='ocrx_word' id='word_1_695' title='bbox 821 4638 1064 4707; x_wconf 90' lang='lat' dir='ltr'><strong>petieris,</strong></span> <span class='ocrx_word' id='word_1_696' title='bbox 1099 4639 1502 4708; x_wconf 86' lang='lat' dir='ltr'><strong>consequeris;</strong></span> <span class='ocrx_word' id='word_1_697' title='bbox 1533 4640 1641 4696; x_wconf 88' lang='lat' dir='ltr'><strong>fide</strong></span> <span class='ocrx_word' id='word_1_698' title='bbox 1670 4641 1858 4697; x_wconf 84' lang='lat' dir='ltr'><strong>Abra—</strong></span> 
     </span>
    </p>
   </div>
   <div class='ocr_carea' id='block_1_96' title="bbox 167 4723 1854 4792">
    <p class='ocr_par' dir='ltr' id='par_1_96' title="bbox 167 4723 1854 4792">
     <span class='ocr_line' id='line_1_96' title="bbox 167 4723 1854 4792; baseline 0.002 -13"><span class='ocrx_word' id='word_1_699' title='bbox 167 4724 299 4779; x_wconf 91' lang='lat' dir='ltr'><strong>ham</strong></span> <span class='ocrx_word' id='word_1_700' title='bbox 327 4723 546 4780; x_wconf 90' lang='lat' dir='ltr'><strong>amicus</strong></span> <span class='ocrx_word' id='word_1_701' title='bbox 586 4723 679 4779; x_wconf 91' lang='lat' dir='ltr'><strong>Dei</strong></span> <span class='ocrx_word' id='word_1_702' title='bbox 711 4724 896 4780; x_wconf 88' lang='lat' dir='ltr'><strong>factus</strong></span> <span class='ocrx_word' id='word_1_703' title='bbox 922 4732 1043 4792; x_wconf 90' lang='lat' dir='ltr'><strong>est;</strong></span> <span class='ocrx_word' id='word_1_704' title='bbox 1086 4725 1194 4780; x_wconf 89' lang='lat' dir='ltr'><strong>fide</strong></span> <span class='ocrx_word' id='word_1_705' title='bbox 1226 4728 1424 4781; x_wconf 87' lang='lat' dir='ltr'><strong>Petrus</strong></span> <span class='ocrx_word' id='word_1_706' title='bbox 1455 4727 1711 4783; x_wconf 89' lang='lat' dir='ltr'><strong>salvatus</strong></span> <span class='ocrx_word' id='word_1_707' title='bbox 1751 4737 1854 4784; x_wconf 91' lang='lat' dir='ltr'><strong>est.</strong></span> 
     </span>
    </p>
   </div>
   <div class='ocr_carea' id='block_1_97' title="bbox 167 4812 1860 4886">
    <p class='ocr_par' dir='ltr' id='par_1_97' title="bbox 167 4812 1860 4886">
     <span class='ocr_line' id='line_1_97' title="bbox 167 4812 1860 4886; baseline 0.004 -19"><span class='ocrx_word' id='word_1_708' title='bbox 167 4813 581 4882; x_wconf 87' lang='lat' dir='ltr'><strong>Exspectemus</strong></span> <span class='ocrx_word' id='word_1_709' title='bbox 610 4812 1055 4869; x_wconf 89' lang='lat' dir='ltr'><strong>misericordiam</strong></span> <span class='ocrx_word' id='word_1_710' title='bbox 1098 4814 1196 4870; x_wconf 92' lang='lat' dir='ltr'><strong>Dei</strong></span> <span class='ocrx_word' id='word_1_711' title='bbox 1245 4814 1437 4871; x_wconf 87' lang='lat' dir='ltr'><strong>triduo</strong></span> <span class='ocrx_word' id='word_1_712' title='bbox 1465 4830 1596 4872; x_wconf 91' lang='lat' dir='ltr'><strong>cum</strong></span> <span class='ocrx_word' id='word_1_713' title='bbox 1622 4816 1860 4886; x_wconf 90' lang='lat' dir='ltr'><strong>jejuniis</strong></span> 
     </span>
    </p>
   </div>
   <div class='ocr_carea' id='block_1_98' title="bbox 167 4901 1860 4972">
    <p class='ocr_par' dir='ltr' id='par_1_98' title="bbox 167 4901 1860 4972">
     <span class='ocr_line' id='line_1_98' title="bbox 167 4901 1860 4972; baseline 0.002 -15"><span class='ocrx_word' id='word_1_714' title='bbox 167 4909 222 4958; x_wconf 90' lang='lat' dir='ltr'><strong>et</strong></span> <span class='ocrx_word' id='word_1_715' title='bbox 267 4901 643 4970; x_wconf 86' lang='lat' dir='ltr'><strong>orationibus,</strong></span> <span class='ocrx_word' id='word_1_716' title='bbox 694 4902 739 4958; x_wconf 93' lang='lat' dir='ltr'><strong>si</strong></span> <span class='ocrx_word' id='word_1_717' title='bbox 806 4901 948 4958; x_wconf 89' lang='lat' dir='ltr'><strong>forte</strong></span> <span class='ocrx_word' id='word_1_718' title='bbox 1011 4902 1271 4972; x_wconf 88' lang='lat' dir='ltr'><strong>respiciet</strong></span> <span class='ocrx_word' id='word_1_719' title='bbox 1316 4904 1700 4960; x_wconf 90' lang='lat' dir='ltr'><strong>humilitatem</strong></span> <span class='ocrx_word' id='word_1_720' title='bbox 1749 4919 1860 4961; x_wconf 91' lang='lat' dir='ltr'><strong>no-</strong></span> 
     </span>
    </p>
   </div>
   <div class='ocr_carea' id='block_1_99' title="bbox 166 4989 1857 5059">
    <p class='ocr_par' dir='ltr' id='par_1_99' title="bbox 166 4989 1857 5059">
     <span class='ocr_line' id='line_1_99' title="bbox 166 4989 1857 5059; baseline 0.003 -14"><span class='ocrx_word' id='word_1_721' title='bbox 166 4997 364 5046; x_wconf 88' lang='lat' dir='ltr'><strong>stram.</strong></span> <span class='ocrx_word' id='word_1_722' title='bbox 397 5011 416 5038; x_wconf 77' lang='grc' dir='ltr'><strong>ι</strong></span> <span class='ocrx_word' id='word_1_723' title='bbox 466 4989 565 5044; x_wconf 85' lang='lat' dir='ltr'><strong>His</strong></span> <span class='ocrx_word' id='word_1_724' title='bbox 599 4989 747 5045; x_wconf 92' lang='lat' dir='ltr'><strong>inter</strong></span> <span class='ocrx_word' id='word_1_725' title='bbox 777 5004 834 5045; x_wconf 90' lang='lat' dir='ltr'><strong>se</strong></span> <span class='ocrx_word' id='word_1_726' title='bbox 879 4989 1320 5047; x_wconf 87' lang='lat' dir='ltr'><strong>familiarissime</strong></span> <span class='ocrx_word' id='word_1_727' title='bbox 1354 4991 1536 5059; x_wconf 90' lang='lat' dir='ltr'><strong>dictis,</strong></span> <span class='ocrx_word' id='word_1_728' title='bbox 1580 4993 1857 5050; x_wconf 85' lang='lat' dir='ltr'><strong>indictum</strong></span> 
     </span>
    </p>
   </div>
   <div class='ocr_carea' id='block_1_100' title="bbox 165 5078 1857 5149">
    <p class='ocr_par' dir='ltr' id='par_1_100' title="bbox 165 5078 1857 5149">
     <span class='ocr_line' id='line_1_100' title="bbox 165 5078 1857 5149; baseline 0.004 -15"><span class='ocrx_word' id='word_1_729' title='bbox 165 5084 309 5134; x_wconf 72' lang='lat' dir='ltr'><strong>an</strong></span> <span class='ocrx_word' id='word_1_730' title='bbox 372 5086 455 5135; x_wconf 92' lang='lat' dir='ltr'><strong>est</strong></span> <span class='ocrx_word' id='word_1_731' title='bbox 521 5078 713 5134; x_wconf 90' lang='lat' dir='ltr'><strong>triduo</strong></span> <span class='ocrx_word' id='word_1_732' title='bbox 773 5078 1063 5149; x_wconf 87' lang='lat' dir='ltr'><strong>jejunium</strong></span> <span class='ocrx_word' id='word_1_733' title='bbox 1139 5083 1398 5146; x_wconf 88' lang='lat' dir='ltr'><strong>cunctis;</strong></span> <span class='ocrx_word' id='word_1_734' title='bbox 1457 5081 1618 5138; x_wconf 90' lang='lat' dir='ltr'><strong>tertia</strong></span> <span class='ocrx_word' id='word_1_735' title='bbox 1667 5091 1857 5140; x_wconf 89' lang='lat' dir='ltr'><strong>autem</strong></span> 
     </span>
    </p>
   </div>
   <div class='ocr_carea' id='block_1_101' title="bbox 167 5167 1862 5242">
    <p class='ocr_par' dir='ltr' id='par_1_101' title="bbox 167 5167 1862 5242">
     <span class='ocr_line' id='line_1_101' title="bbox 167 5167 1862 5242; baseline 0.004 -20"><span class='ocrx_word' id='word_1_736' title='bbox 167 5173 332 5223; x_wconf 91' lang='lat' dir='ltr'><strong>nocte</strong></span> <span class='ocrx_word' id='word_1_737' title='bbox 371 5167 610 5238; x_wconf 89' lang='lat' dir='ltr'><strong>jejuniis</strong></span> <span class='ocrx_word' id='word_1_738' title='bbox 659 5175 714 5224; x_wconf 86' lang='lat' dir='ltr'><strong>et</strong></span> <span class='ocrx_word' id='word_1_739' title='bbox 773 5167 1132 5224; x_wconf 85' lang='lat' dir='ltr'><strong>orationibus</strong></span> <span class='ocrx_word' id='word_1_740' title='bbox 1180 5169 1392 5238; x_wconf 90' lang='lat' dir='ltr'><strong>positis,</strong></span> <span class='ocrx_word' id='word_1_741' title='bbox 1443 5171 1713 5240; x_wconf 89' lang='lat' dir='ltr'><strong>apparuit</strong></span> <span class='ocrx_word' id='word_1_742' title='bbox 1760 5186 1862 5242; x_wconf 87' lang='lat' dir='ltr'><strong>per</strong></span> 
     </span>
    </p>
   </div>
   <div class='ocr_carea' id='block_1_102' title="bbox 167 5256 1860 5327">
    <p class='ocr_par' dir='ltr' id='par_1_102' title="bbox 167 5256 1860 5327">
     <span class='ocr_line' id='line_1_102' title="bbox 167 5256 1860 5327; baseline 0.004 -16"><span class='ocrx_word' id='word_1_743' title='bbox 167 5256 358 5312; x_wconf 89' lang='lat' dir='ltr'><strong>visum</strong></span> <span class='ocrx_word' id='word_1_744' title='bbox 390 5256 652 5326; x_wconf 90' lang='lat' dir='ltr'><strong>utrisque</strong></span> <span class='ocrx_word' id='word_1_745' title='bbox 699 5256 942 5327; x_wconf 89' lang='lat' dir='ltr'><strong>angelus</strong></span> <span class='ocrx_word' id='word_1_746' title='bbox 991 5257 1234 5325; x_wconf 89' lang='lat' dir='ltr'><strong>Domini,</strong></span> <span class='ocrx_word' id='word_1_747' title='bbox 1286 5257 1481 5314; x_wconf 92' lang='lat' dir='ltr'><strong>dicens</strong></span> <span class='ocrx_word' id='word_1_748' title='bbox 1509 5260 1628 5315; x_wconf 90' lang='lat' dir='ltr'><strong>eis:</strong></span> <span class='ocrx_word' id='word_1_749' title='bbox 1659 5260 1860 5317; x_wconf 86' lang='lat' dir='ltr'><strong>Exau-</strong></span> 
     </span>
    </p>
   </div>
   <div class='ocr_carea' id='block_1_103' title="bbox 167 5343 1857 5418">
    <p class='ocr_par' dir='ltr' id='par_1_103' title="bbox 167 5343 1857 5418">
     <span class='ocr_line' id='line_1_103' title="bbox 167 5343 1857 5418; baseline 0.002 -18"><span class='ocrx_word' id='word_1_750' title='bbox 167 5343 311 5400; x_wconf 89' lang='lat' dir='ltr'><strong>divit</strong></span> <span class='ocrx_word' id='word_1_751' title='bbox 369 5343 646 5400; x_wconf 92' lang='lat' dir='ltr'><strong>Dominus</strong></span> <span class='ocrx_word' id='word_1_752' title='bbox 700 5357 894 5414; x_wconf 90' lang='lat' dir='ltr'><strong>preces</strong></span> <span class='ocrx_word' id='word_1_753' title='bbox 947 5352 1169 5400; x_wconf 89' lang='lat' dir='ltr'><strong>vestras</strong></span> <span class='ocrx_word' id='word_1_754' title='bbox 1203 5345 1317 5415; x_wconf 87' lang='lat' dir='ltr'><strong>;ite</strong></span> <span class='ocrx_word' id='word_1_755' title='bbox 1365 5346 1435 5401; x_wconf 88' lang='lat' dir='ltr'><strong>ad</strong></span> <span class='ocrx_word' id='word_1_756' title='bbox 1477 5347 1698 5403; x_wconf 93' lang='lat' dir='ltr'><strong>.locum</strong></span> <span class='ocrx_word' id='word_1_757' title='bbox 1757 5347 1857 5418; x_wconf 89' lang='lat' dir='ltr'><strong>qui</strong></span> 
     </span>
    </p>
   </div>
   <div class='ocr_carea' id='block_1_104' title="bbox 171 5432 1860 5504">
    <p class='ocr_par' dir='ltr' id='par_1_104' title="bbox 171 5432 1860 5504">
     <span class='ocr_line' id='line_1_104' title="bbox 171 5432 1860 5504; baseline 0.003 -15"><span class='ocrx_word' id='word_1_758' title='bbox 171 5432 470 5489; x_wconf 90' lang='lat' dir='ltr'><strong>Flaviacus</strong></span> <span class='ocrx_word' id='word_1_759' title='bbox 507 5440 904 5504; x_wconf 87' lang='lat' dir='ltr'><strong>nuncupatur,</strong></span> <span class='ocrx_word' id='word_1_760' title='bbox 937 5439 992 5488; x_wconf 91' lang='lat' dir='ltr'><strong>et</strong></span> <span class='ocrx_word' id='word_1_761' title='bbox 1041 5432 1114 5490; x_wconf 93' lang='lat' dir='ltr'><strong>ibi</strong></span> <span class='ocrx_word' id='word_1_762' title='bbox 1167 5432 1470 5491; x_wconf 90' lang='lat' dir='ltr'><strong>invenietis</strong></span> <span class='ocrx_word' id='word_1_763' title='bbox 1516 5435 1860 5494; x_wconf 88' lang='lat' dir='ltr'><strong>desiderium</strong></span> 
     </span>
    </p>
   </div>
   <div class='ocr_carea' id='block_1_105' title="bbox 168 5531 444 5580">
    <p class='ocr_par' dir='ltr' id='par_1_105' title="bbox 168 5531 444 5580">
     <span class='ocr_line' id='line_1_105' title="bbox 168 5531 444 5580; baseline 0 -2"><span class='ocrx_word' id='word_1_764' title='bbox 168 5531 444 5580; x_wconf 85' lang='lat' dir='ltr'><strong>vestrum.</strong></span> 
     </span>
    </p>
   </div>
   <div class='ocr_carea' id='block_1_106' title="bbox 2041 4369 3663 4442">
    <p class='ocr_par' dir='ltr' id='par_1_106' title="bbox 2041 4369 3663 4442">
     <span class='ocr_line' id='line_1_106' title="bbox 2041 4369 3663 4442; baseline -0.005 -10"><span class='ocrx_word' id='word_1_765' title='bbox 2041 4377 2448 4432; x_wconf 89' lang='lat' dir='ltr'><strong>Consummato</strong></span> <span class='ocrx_word' id='word_1_766' title='bbox 2499 4380 2690 4430; x_wconf 91' lang='lat' dir='ltr'><strong>autem</strong></span> <span class='ocrx_word' id='word_1_767' title='bbox 2725 4373 2879 4430; x_wconf 92' lang='lat' dir='ltr'><strong>omni</strong></span> <span class='ocrx_word' id='word_1_768' title='bbox 2932 4387 3101 4442; x_wconf 88' lang='lat' dir='ltr'><strong>opere</strong></span> <span class='ocrx_word' id='word_1_769' title='bbox 3148 4386 3273 4434; x_wconf 88' lang='lat' dir='ltr'><strong>suo.</strong></span> <span class='ocrx_word' id='word_1_770' title='bbox 3333 4372 3461 4427; x_wconf 79' lang='lat' dir='ltr'><strong>fixit</strong></span> <span class='ocrx_word' id='word_1_771' title='bbox 3503 4384 3562 4424; x_wconf 91' lang='lat' dir='ltr'><strong>se</strong></span> <span class='ocrx_word' id='word_1_772' title='bbox 3606 4369 3663 4424; x_wconf 89' lang='lat' dir='ltr'><strong>in</strong></span> 
     </span>
    </p>
   </div>
   <div class='ocr_carea' id='block_1_107' title="bbox 1969 4457 3665 4532">
    <p class='ocr_par' dir='ltr' id='par_1_107' title="bbox 1969 4457 3665 4532">
     <span class='ocr_line' id='line_1_107' title="bbox 1969 4457 3665 4532; baseline -0.006 -10"><span class='ocrx_word' id='word_1_773' title='bbox 1969 4465 2245 4531; x_wconf 90' lang='lat' dir='ltr'><strong>oratione,</strong></span> <span class='ocrx_word' id='word_1_774' title='bbox 2276 4471 2450 4532; x_wconf 88' lang='lat' dir='ltr'><strong>atque</strong></span> <span class='ocrx_word' id='word_1_775' title='bbox 2492 4462 2809 4532; x_wconf 89' lang='lat' dir='ltr'><strong>permansit</strong></span> <span class='ocrx_word' id='word_1_776' title='bbox 2842 4461 2900 4516; x_wconf 93' lang='lat' dir='ltr'><strong>in</strong></span> <span class='ocrx_word' id='word_1_777' title='bbox 2935 4460 3031 4516; x_wconf 90' lang='lat' dir='ltr'><strong>Dei</strong></span> <span class='ocrx_word' id='word_1_778' title='bbox 3070 4475 3240 4530; x_wconf 86' lang='lat' dir='ltr'><strong>opere</strong></span> <span class='ocrx_word' id='word_1_779' title='bbox 3268 4459 3438 4514; x_wconf 91' lang='lat' dir='ltr'><strong>annis</strong></span> <span class='ocrx_word' id='word_1_780' title='bbox 3480 4457 3665 4513; x_wconf 86' lang='lat' dir='ltr'><strong>tribus</strong></span> 
     </span>
    </p>
   </div>
   <div class='ocr_carea' id='block_1_108' title="bbox 1967 4545 3663 4618">
    <p class='ocr_par' dir='ltr' id='par_1_108' title="bbox 1967 4545 3663 4618">
     <span class='ocr_line' id='line_1_108' title="bbox 1967 4545 3663 4618; baseline -0.006 -8"><span class='ocrx_word' id='word_1_781' title='bbox 1967 4562 2021 4610; x_wconf 91' lang='lat' dir='ltr'><strong>et</strong></span> <span class='ocrx_word' id='word_1_782' title='bbox 2053 4552 2352 4609; x_wconf 89' lang='lat' dir='ltr'><strong>mensibus</strong></span> <span class='ocrx_word' id='word_1_783' title='bbox 2397 4565 2521 4618; x_wconf 85' lang='lat' dir='ltr'><strong>sex,</strong></span> <span class='ocrx_word' id='word_1_784' title='bbox 2549 4557 2604 4606; x_wconf 91' lang='lat' dir='ltr'><strong>et</strong></span> <span class='ocrx_word' id='word_1_785' title='bbox 2631 4551 2802 4606; x_wconf 89' lang='lat' dir='ltr'><strong>sicin</strong></span> <span class='ocrx_word' id='word_1_786' title='bbox 2848 4549 3089 4605; x_wconf 90' lang='lat' dir='ltr'><strong>Domino</strong></span> <span class='ocrx_word' id='word_1_787' title='bbox 3140 4547 3327 4603; x_wconf 90' lang='lat' dir='ltr'><strong>emisit</strong></span> <span class='ocrx_word' id='word_1_788' title='bbox 3374 4545 3663 4616; x_wconf 92' lang='lat' dir='ltr'><strong>spiritum,</strong></span> 
     </span>
    </p>
   </div>
   <div class='ocr_carea' id='block_1_109' title="bbox 1969 4633 3668 4710">
    <p class='ocr_par' dir='ltr' id='par_1_109' title="bbox 1969 4633 3668 4710">
     <span class='ocr_line' id='line_1_109' title="bbox 1969 4633 3668 4710; baseline -0.005 -13"><span class='ocrx_word' id='word_1_789' title='bbox 1969 4640 2356 4710; x_wconf 90' lang='lat' dir='ltr'><strong>transivitque</strong></span> <span class='ocrx_word' id='word_1_790' title='bbox 2413 4639 2484 4694; x_wconf 90' lang='lat' dir='ltr'><strong>ad</strong></span> <span class='ocrx_word' id='word_1_791' title='bbox 2535 4639 2750 4710; x_wconf 90' lang='lat' dir='ltr'><strong>gaudia</strong></span> <span class='ocrx_word' id='word_1_792' title='bbox 2813 4637 3152 4706; x_wconf 88' lang='lat' dir='ltr'><strong>angelorum</strong></span> <span class='ocrx_word' id='word_1_793' title='bbox 3232 4633 3532 4705; x_wconf 89' lang='lat' dir='ltr'><strong>Sepultum</strong></span> <span class='ocrx_word' id='word_1_794' title='bbox 3584 4641 3668 4689; x_wconf 89' lang='lat' dir='ltr'><strong>est</strong></span> 
     </span>
    </p>
   </div>
   <div class='ocr_carea' id='block_1_110' title="bbox 1969 4721 3668 4800">
    <p class='ocr_par' dir='ltr' id='par_1_110' title="bbox 1969 4721 3668 4800">
     <span class='ocr_line' id='line_1_110' title="bbox 1969 4721 3668 4800; baseline -0.006 -14"><span class='ocrx_word' id='word_1_795' title='bbox 1969 4744 2180 4800; x_wconf 91' lang='lat' dir='ltr'><strong>corpus</strong></span> <span class='ocrx_word' id='word_1_796' title='bbox 2208 4729 2334 4799; x_wconf 90' lang='lat' dir='ltr'><strong>ejus</strong></span> <span class='ocrx_word' id='word_1_797' title='bbox 2369 4727 2426 4783; x_wconf 90' lang='lat' dir='ltr'><strong>in</strong></span> <span class='ocrx_word' id='word_1_798' title='bbox 2471 4727 2670 4784; x_wconf 88' lang='lat' dir='ltr'><strong>eadem</strong></span> <span class='ocrx_word' id='word_1_799' title='bbox 2723 4725 2960 4782; x_wconf 90' lang='lat' dir='ltr'><strong>ecclesia</strong></span> <span class='ocrx_word' id='word_1_800' title='bbox 3007 4738 3141 4780; x_wconf 92' lang='lat' dir='ltr'><strong>cum</strong></span> <span class='ocrx_word' id='word_1_801' title='bbox 3193 4737 3403 4794; x_wconf 91' lang='lat' dir='ltr'><strong>magno</strong></span> <span class='ocrx_word' id='word_1_802' title='bbox 3453 4721 3668 4778; x_wconf 90' lang='lat' dir='ltr'><strong>honore</strong></span> 
     </span>
    </p>
   </div>
   <div class='ocr_carea' id='block_1_111' title="bbox 1965 4810 3662 4885">
    <p class='ocr_par' dir='ltr' id='par_1_111' title="bbox 1965 4810 3662 4885">
     <span class='ocr_line' id='line_1_111' title="bbox 1965 4810 3662 4885; baseline -0.005 -12"><span class='ocrx_word' id='word_1_803' title='bbox 1965 4825 2020 4874; x_wconf 90' lang='lat' dir='ltr'><strong>et</strong></span> <span class='ocrx_word' id='word_1_804' title='bbox 2045 4817 2384 4883; x_wconf 90' lang='lat' dir='ltr'><strong>reverentia,</strong></span> <span class='ocrx_word' id='word_1_805' title='bbox 2439 4815 2533 4872; x_wconf 93' lang='lat' dir='ltr'><strong>ubi</strong></span> <span class='ocrx_word' id='word_1_806' title='bbox 2566 4830 2666 4885; x_wconf 90' lang='lat' dir='ltr'><strong>per</strong></span> <span class='ocrx_word' id='word_1_807' title='bbox 2698 4815 2965 4870; x_wconf 89' lang='lat' dir='ltr'><strong>meritum</strong></span> <span class='ocrx_word' id='word_1_808' title='bbox 3009 4812 3136 4883; x_wconf 91' lang='lat' dir='ltr'><strong>ejus</strong></span> <span class='ocrx_word' id='word_1_809' title='bbox 3168 4812 3348 4867; x_wconf 91' lang='lat' dir='ltr'><strong>multa</strong></span> <span class='ocrx_word' id='word_1_810' title='bbox 3382 4810 3662 4867; x_wconf 85' lang='lat' dir='ltr'><strong>beneﬁcia</strong></span> 
     </span>
    </p>
   </div>
   <div class='ocr_carea' id='block_1_112' title="bbox 1967 4901 3662 4976">
    <p class='ocr_par' dir='ltr' id='par_1_112' title="bbox 1967 4901 3662 4976">
     <span class='ocr_line' id='line_1_112' title="bbox 1967 4901 3662 4976; baseline -0.004 -15"><span class='ocrx_word' id='word_1_811' title='bbox 1967 4913 2335 4976; x_wconf 71' lang='lat' dir='ltr'><strong>praestantur.</strong></span> <span class='ocrx_word' id='word_1_812' title='bbox 2383 4905 2469 4961; x_wconf 86' lang='lat' dir='ltr'><strong>Ad</strong></span> <span class='ocrx_word' id='word_1_813' title='bbox 2499 4903 2828 4974; x_wconf 89' lang='lat' dir='ltr'><strong>sepulcrum</strong></span> <span class='ocrx_word' id='word_1_814' title='bbox 2877 4902 3003 4972; x_wconf 91' lang='lat' dir='ltr'><strong>ejus</strong></span> <span class='ocrx_word' id='word_1_815' title='bbox 3042 4901 3180 4970; x_wconf 60' lang='lat' dir='ltr'><strong>aegri</strong></span> <span class='ocrx_word' id='word_1_816' title='bbox 3214 4901 3454 4956; x_wconf 90' lang='lat' dir='ltr'><strong>veniunt</strong></span> <span class='ocrx_word' id='word_1_817' title='bbox 3482 4906 3537 4956; x_wconf 91' lang='lat' dir='ltr'><strong>et</strong></span> <span class='ocrx_word' id='word_1_818' title='bbox 3563 4913 3662 4954; x_wconf 89' lang='lat' dir='ltr'><strong>sa-</strong></span> 
     </span>
    </p>
   </div>
   <div class='ocr_carea' id='block_1_113' title="bbox 1969 4988 3664 5064">
    <p class='ocr_par' dir='ltr' id='par_1_113' title="bbox 1969 4988 3664 5064">
     <span class='ocr_line' id='line_1_113' title="bbox 1969 4988 3664 5064; baseline -0.005 -14"><span class='ocrx_word' id='word_1_819' title='bbox 1969 5002 2214 5064; x_wconf 88' lang='lat' dir='ltr'><strong>nantur;</strong></span> <span class='ocrx_word' id='word_1_820' title='bbox 2265 4993 2398 5050; x_wconf 68' lang='lat' dir='ltr'><strong>caeci</strong></span> <span class='ocrx_word' id='word_1_821' title='bbox 2433 4993 2875 5061; x_wconf 86' lang='lat' dir='ltr'><strong>illuminantur;</strong></span> <span class='ocrx_word' id='word_1_822' title='bbox 2928 4989 3120 5046; x_wconf 91' lang='lat' dir='ltr'><strong>claudi</strong></span> <span class='ocrx_word' id='word_1_823' title='bbox 3164 4988 3456 5061; x_wconf 89' lang='lat' dir='ltr'><strong>gressibus</strong></span> <span class='ocrx_word' id='word_1_824' title='bbox 3494 4988 3664 5044; x_wconf 86' lang='lat' dir='ltr'><strong>refor-</strong></span> 
     </span>
    </p>
   </div>
   <div class='ocr_carea' id='block_1_114' title="bbox 1967 5075 3664 5152">
    <p class='ocr_par' dir='ltr' id='par_1_114' title="bbox 1967 5075 3664 5152">
     <span class='ocr_line' id='line_1_114' title="bbox 1967 5075 3664 5152; baseline -0.005 -14"><span class='ocrx_word' id='word_1_825' title='bbox 1967 5089 2246 5152; x_wconf 92' lang='lat' dir='ltr'><strong>mantur;</strong></span> <span class='ocrx_word' id='word_1_826' title='bbox 2313 5083 2505 5138; x_wconf 90' lang='lat' dir='ltr'><strong>surdis</strong></span> <span class='ocrx_word' id='word_1_827' title='bbox 2552 5081 2787 5136; x_wconf 91' lang='lat' dir='ltr'><strong>auditus</strong></span> <span class='ocrx_word' id='word_1_828' title='bbox 2839 5085 3188 5150; x_wconf 88' lang='lat' dir='ltr'><strong>reparatur;</strong></span> <span class='ocrx_word' id='word_1_829' title='bbox 3248 5077 3534 5132; x_wconf 59' lang='lat' dir='ltr'><strong>damones</strong></span> <span class='ocrx_word' id='word_1_830' title='bbox 3591 5075 3664 5130; x_wconf 91' lang='lat' dir='ltr'><strong>ab</strong></span> 
     </span>
    </p>
   </div>
   <div class='ocr_carea' id='block_1_115' title="bbox 1969 5163 3670 5240">
    <p class='ocr_par' dir='ltr' id='par_1_115' title="bbox 1969 5163 3670 5240">
     <span class='ocr_line' id='line_1_115' title="bbox 1969 5163 3670 5240; baseline -0.005 -14"><span class='ocrx_word' id='word_1_831' title='bbox 1969 5169 2212 5226; x_wconf 90' lang='lat' dir='ltr'><strong>obsessis</strong></span> <span class='ocrx_word' id='word_1_832' title='bbox 2241 5169 2578 5240; x_wconf 89' lang='lat' dir='ltr'><strong>corporibus</strong></span> <span class='ocrx_word' id='word_1_833' title='bbox 2615 5167 2972 5238; x_wconf 78' lang='lat' dir='ltr'><strong>effugantur,</strong></span> <span class='ocrx_word' id='word_1_834' title='bbox 3007 5174 3061 5222; x_wconf 92' lang='lat' dir='ltr'><strong>et</strong></span> <span class='ocrx_word' id='word_1_835' title='bbox 3094 5165 3262 5222; x_wconf 90' lang='lat' dir='ltr'><strong>multi</strong></span> <span class='ocrx_word' id='word_1_836' title='bbox 3287 5179 3320 5220; x_wconf 90' lang='lat' dir='ltr'><strong>a</strong></span> <span class='ocrx_word' id='word_1_837' title='bbox 3347 5163 3528 5219; x_wconf 88' lang='lat' dir='ltr'><strong>variis</strong></span> <span class='ocrx_word' id='word_1_838' title='bbox 3554 5163 3670 5219; x_wconf 89' lang='lat' dir='ltr'><strong>lan-</strong></span> 
     </span>
    </p>
   </div>
   <div class='ocr_carea' id='block_1_116' title="bbox 1971 5254 3669 5333">
    <p class='ocr_par' dir='ltr' id='par_1_116' title="bbox 1971 5254 3669 5333">
     <span class='ocr_line' id='line_1_116' title="bbox 1971 5254 3669 5333; baseline -0.006 -17"><span class='ocrx_word' id='word_1_839' title='bbox 1971 5259 2252 5333; x_wconf 90' lang='lat' dir='ltr'><strong>guoribus</strong></span> <span class='ocrx_word' id='word_1_840' title='bbox 2279 5265 2582 5326; x_wconf 90' lang='lat' dir='ltr'><strong>sanantur,</strong></span> <span class='ocrx_word' id='word_1_841' title='bbox 2635 5264 2940 5328; x_wconf 72' lang='lat' dir='ltr'><strong>praestante</strong></span> <span class='ocrx_word' id='word_1_842' title='bbox 2992 5255 3233 5312; x_wconf 92' lang='lat' dir='ltr'><strong>Domino</strong></span> <span class='ocrx_word' id='word_1_843' title='bbox 3286 5261 3480 5309; x_wconf 89' lang='lat' dir='ltr'><strong>nostro</strong></span> <span class='ocrx_word' id='word_1_844' title='bbox 3533 5254 3669 5308; x_wconf 85' lang='lat' dir='ltr'><strong>Jesu</strong></span> 
     </span>
    </p>
   </div>
   <div class='ocr_carea' id='block_1_117' title="bbox 1969 5345 3670 5418">
    <p class='ocr_par' dir='ltr' id='par_1_117' title="bbox 1969 5345 3670 5418">
     <span class='ocr_line' id='line_1_117' title="bbox 1969 5345 3670 5418; baseline -0.007 -11"><span class='ocrx_word' id='word_1_845' title='bbox 1969 5350 2215 5417; x_wconf 90' lang='lat' dir='ltr'><strong>Christo,</strong></span> <span class='ocrx_word' id='word_1_846' title='bbox 2248 5349 2342 5405; x_wconf 92' lang='lat' dir='ltr'><strong>cui</strong></span> <span class='ocrx_word' id='word_1_847' title='bbox 2373 5355 2455 5404; x_wconf 91' lang='lat' dir='ltr'><strong>est</strong></span> <span class='ocrx_word' id='word_1_848' title='bbox 2486 5349 2668 5404; x_wconf 90' lang='lat' dir='ltr'><strong>honor</strong></span> <span class='ocrx_word' id='word_1_849' title='bbox 2695 5355 2751 5404; x_wconf 90' lang='lat' dir='ltr'><strong>et</strong></span> <span class='ocrx_word' id='word_1_850' title='bbox 2797 5345 2998 5418; x_wconf 90' lang='lat' dir='ltr'><strong>gloria,</strong></span> <span class='ocrx_word' id='word_1_851' title='bbox 3032 5345 3160 5402; x_wconf 90' lang='lat' dir='ltr'><strong>laus</strong></span> <span class='ocrx_word' id='word_1_852' title='bbox 3207 5351 3262 5400; x_wconf 92' lang='lat' dir='ltr'><strong>et</strong></span> <span class='ocrx_word' id='word_1_853' title='bbox 3293 5349 3538 5414; x_wconf 89' lang='lat' dir='ltr'><strong>potestas</strong></span> <span class='ocrx_word' id='word_1_854' title='bbox 3567 5357 3670 5412; x_wconf 76' lang='lat' dir='ltr'><strong>per</strong></span> 
     </span>
    </p>
   </div>
   <div class='ocr_carea' id='block_1_118' title="bbox 1972 5438 3430 5496">
    <p class='ocr_par' dir='ltr' id='par_1_118' title="bbox 1972 5438 3430 5496">
     <span class='ocr_line' id='line_1_118' title="bbox 1972 5438 3430 5496; baseline -0.004 -2"><span class='ocrx_word' id='word_1_855' title='bbox 1972 5438 2199 5496; x_wconf 89' lang='lat' dir='ltr'><strong>infinita</strong></span> <span class='ocrx_word' id='word_1_856' title='bbox 2225 5439 2436 5495; x_wconf 69' lang='lat' dir='ltr'><strong>saecula</strong></span> <span class='ocrx_word' id='word_1_857' title='bbox 2465 5438 2834 5496; x_wconf 70' lang='lat' dir='ltr'><strong>saeculorum.</strong></span> <span class='ocrx_word' id='word_1_858' title='bbox 2863 5439 3063 5492; x_wconf 81' lang='lat' dir='ltr'><strong>Amen.</strong></span> <span class='ocrx_word' id='word_1_859' title='bbox 3427 5451 3430 5454; x_wconf 64' lang='grc'><strong>’</strong></span> 
     </span>
    </p>
   </div>
   <div class='ocr_carea' id='block_1_119' title="bbox 2283 5521 3357 5606">
    <p class='ocr_par' dir='ltr' id='par_1_119' title="bbox 2283 5521 3357 5606">
     <span class='ocr_line' id='line_1_119' title="bbox 2283 5521 3357 5606; baseline -0.007 -23"><span class='ocrx_word' id='word_1_860' title='bbox 2283 5529 2522 5597; x_wconf 73' lang='lat' dir='ltr'><strong>Ezplicit</strong></span> <span class='ocrx_word' id='word_1_861' title='bbox 2561 5529 2684 5606; x_wconf 57' lang='lat' dir='ltr'><strong>Vita</strong></span> <span class='ocrx_word' id='word_1_862' title='bbox 2714 5529 2770 5585; x_wconf 90' lang='lat' dir='ltr'><strong>S.</strong></span> <span class='ocrx_word' id='word_1_863' title='bbox 2807 5526 3083 5584; x_wconf 67' lang='grc' dir='ltr'><strong>θεν-απανί</strong></span> <span class='ocrx_word' id='word_1_864' title='bbox 3123 5521 3357 5578; x_wconf 75' lang='lat' dir='ltr'><strong>abbatis.</strong></span> 
     </span>
    </p>
   </div>
  </div>
