3944 6084
309 277 431 330 f2“

1324 277 1414 332 AD
1453 277 1600 333 OPP.
1646 276 1802 333 VEN.
1847 278 2172 334 GUIBERTI
2213 279 2305 332 DE
2343 273 2738 332 NOVIGENTO

3683 265 3806 319 1212

375 559 788 625 PROLOGUS
838 559 919 624 IN
969 559 1230 624 VITAM
1280 561 1348 624 Β.
1407 561 1734 626 SIMONIS
1786 561 2107 626 COMITIS
2157 556 2763 635 CBESPEIENSIS,
2839 556 2940 620 ET
2992 553 3355 619 MONACIII
3407 551 3743 618 0RDINIS

1765 670 1830 734 S.
1891 667 2332 732 BENEDICTI.

360 978 640 1044 Quoniam
689 979 1078 1050 quorumdam
1122 978 1380 1036 virorum
1423 979 1522 1035 Dei
1581 977 1893 1036 obsecratio
1939 987 1993 1034 et
2024 981 2064 1034 Α
2105 993 2251 1050 quos
2309 991 2605 1046 perversos
2654 975 2880 1044 reperit,
2951 987 2984 1029 a
3043 975 3412 1043 perversitate
3484 973 3805 1034 divertens,

296 1067 596 1123 necessitas
633 1067 804 1123 instat
853 1075 916 1124 ut
972 1068 1040 1122 de
1093 1067 1241 1122 beati
1301 1067 1408 1122 viri
1459 1067 1703 1123 Simonis
1744 1067 1984 1131 aclibus,

2099 1081 2264 1136 opere
2319 1065 2594 1134 simplice,
2654 1064 2846 1118 animo
2910 1063 3256 1128 innocentes,
3317 1061 3547 1130 eloquio
3607 1061 3807 1116 dulces

291 1155 362 1210 ad
393 1156 692 1212 utilitatem
750 1156 1130 1223 audientium,
1181 1155 1400 1226 aliquid
1446 1156 1792 1226 loquamur;
1833 1164 1991 1226 gesta
2098 1155 2387 1224 simulque
2415 1161 2626 1208 sanctae
2686 1151 2784 1207 Dei
2818 1151 3082 1206 Ecclesiae
3124 1151 3303 1206 socios
3348 1149 3531 1204 reddit
3590 1148 3809 1218 pariter

293 1243 444 1299 illius
495 1244 726 1314 singula
763 1245 1111 1313 colligentes,
1141 1249 1196 1299 et
1246 1251 1400 1299 certa
1437 1252 1828 1314 agnoscentes,
1863 1258 1989 1298 ver-

293 1330 380 1386 bis
415 1332 700 1401 explicare
747 1332 1102 1398 curavimus,
1156 1337 1210 1388 et
1259 1331 1486 1401 scriptis
1516 1340 1570 1388 et
1620 1332 1809 1388 verbis
1856 1334 1991 1388 assi~

2096 1251 2150 1299 et
2181 1243 2492 1312 adjutores.
2535 1241 2640 1296 Sed
2701 1240 2756 1295 in
2809 1254 2923 1310 quo
2983 1239 3164 1310 magis
3216 1251 3394 1310 quam
3453 1237 3510 1292 in
3569 1238 3803 1294 Simone

2103 1331 2377 1387 DJminus
2409 1329 2690 1385 mirabilis
2725 1326 3149 1384 denuntiatur?
3182 1327 3385 1396 lupum
3429 1341 3701 1396 namque
3733 1327 3806 1381 vi-

291 1432 489 1486 gnare.
518 1419 768 1489 Dignum
798 1421 1013 1490 quippe
1053 1427 1155 1487 est,
1193 1421 1349 1490 quod
1375 1435 1544 1490 opere
1573 1421 1762 1490 gessit,
1790 1421 1990 1477 litteris
2098 1421 2198 1487 dit,
2248 1426 2302 1474 et
2333 1433 2549 1489 agnum
2595 1416 3120 1473 mansuetissimum
3173 1415 3433 1481 reddidit,
3484 1421 3799 1484 raptorem,

288 1507 582 1570 ostentari,
637 1507 807 1578 cujus
854 1509 974 1564 vita
1030 1507 1177 1563 nulli
1226 1508 1527 1563 hominum
1574 1517 1824 1578 tempore
1884 1509 1988 1564 isto

290 1595 471 1662 potuit
514 1595 854 1664 comparari.
903 1596 1094 1651 Merito
1139 1597 1435 1661 Dominus,
1474 1604 1535 1652 ut
1578 1598 1851 1666 scriptum
1885 1606 1984 1664 est,

290 1683 570 1738 mirabilis
629 1684 977 1752 praedicatur
1037 1683 1090 1738 in
1126 1687 1338 1740 sanctis
1414 1687 1576 1753 (Psal.
1639 1701 1810 1753 van,
1873 1686 1984 1756 36).

292 1788 320 1820 α
353 1769 599 1839 Spiritus
619 1771 772 1826 enim
805 1772 984 1841 ipsius
1018 1772 1114 1828 ubi
1151 1773 1275 1828 vult
1307 1773 1486 1842 spirat
1516 1773 1693 1843 (Joan.
1728 1790 1805 1841 nt,
1829 1774 1881 1844 8)
1909 1791 1924 1842 ;
1961 1795 1981 1823 ι

2095 1515 2150 1564 et
2213 1522 2377 1563 ovem
2440 1506 2777 1562 innocentize
2854 1504 3158 1561 destinavit
3226 1504 3550 1573 (Aecusrm.
3643 1519 3800 1556 sem.

2102 1600 2186 1662 f4,
2223 1600 2291 1652 De
2322 1596 2561 1663 Sancta).
2596 1596 2665 1651 Et
2697 1595 2836 1666 quia
2886 1594 2944 1648 in
2989 1593 3217 1649 Simone
3275 1592 3669 1648 denuntiatur
3701 1593 3802 1646 mi-

2099 1685 2311 1751 rabilis,
2362 1684 2652 1739 mirabilia
2701 1683 2830 1753 ejus
2891 1697 3023 1753 quae
3077 1683 3137 1737 in
3194 1681 3421 1737 Simone
3477 1688 3802 1735 monstrare

2099 1773 2371 1845 dignatus
2402 1781 2506 1841 est,
2541 1785 2770 1828 necesse
2800 1778 2901 1840 est,
2937 1771 3164 1827 silentio
3192 1784 3306 1825 non
3340 1769 3736 1839 reprimenda.

845 2102 2196 2249 VITA-BEATI
2314 2101 3249 2249 SIMONIS

1621 2327 1899 2384 COMITIS
1946 2327 2452 2385 CBESPEIENSIS

1274 2471 1879 2545 AUCTORE
1973 2469 2792 2545 SYNCHRONO.

1391 2623 1596 2704 Hujus
1625 2624 1843 2704 festum
1873 2635 1959 2685 est
1989 2643 2032 2686 ιι
2063 2623 2369 2685 Kalendas
2401 2622 2690 2684 Octobris.

843 2943 1075 3000 CAPUT
1117 2943 1450 3012 PRIMUM.;

359 3047 486 3104 Fuit
514 3047 692 3118 igitur
736 3047 828 3104 vir
874 3047 1111 3119 quidam
1141 3047 1334 3104 Simon
1365 3047 1615 3112 nomine,
1649 3048 1766 3103 vita
1797 3047 1980 3104 mira-

285 3135 435 3202 bilis,
488 3136 744 3192 moribus
795 3135 1082 3207 egregius,
1138 3143 1193 3191 et
1245 3141 1395 3190 07$
1457 3151 1664 3207 genere
1715 3136 1976 3206 insignis.

281 3223 495 3280 Consul
556 3224 826 3292 primum,
886 3231 940 3279 et
1003 3224 1154 3294 regis
1215 3225 1567 3280 Francorum
1633 3224 1976 3294 primipilus,

283 3308 487 3366 deinde
547 3311 865 3366 monachus
916 3311 1353 3381 probatissimus
1402 3310 1636 3367 effectus
1680 3320 1782 3367 est.
1817 3311 1982 3367 Pater

280 3398 408 3469 ejus
461 3399 808 3469 Rodolphus,
861 3399 1077 3455 divitiis
1125 3407 1178 3456 et
1236 3399 1458 3455 viribus
1519 3400 1978 3470 potentissimus;

283 3494 465 3542 mater
493 3487 672 3543 Adela
729 3487 1064 3544 vocabatur.
1118 3487 1374 3554 Qualiter
1428 3501 1566 3558 ergo
1625 3489 1981 3558 propositum

284 3575 414 3630 fidei
468 3577 540 3631 ad
588 3575 904 3645 profectum
976 3577 1250 3645 produxit
1308 3575 1566 3642 actionis,
1637 3577 1982 3634 narrationis

281 3662 423 3716 ordo
453 3662 790 3719 enucleatus
817 3663 1130 3718 exhibebit.

353 3751 408 3804 ls
443 3749 638 3819 itaque
685 3765 818 3806 cum
864 3751 986 3821 jam
1039 3751 1095 3805 in
1152 3750 1423 3819 primzevo
1463 3751 1787 3820 juventutis
1820 3753 1978 3820 flore,

284 3845 407 3894 arte
434 3837 668 3894 militari
709 3839 920 3895 multos
966 3838 1287 3904 excelleret,
1321 3847 1373 3895 et
1407 3841 1464 3894 in
1498 3839 1586 3894 bis
1613 3854 1743 3908 quae
1775 3840 1978 3895 mundi

280 3935 417 3982 sunt
446 3941 589 3996 pene
623 3934 772 3982 totus
804 3927 1070 3994 inbiaret,
1131 3927 1272 3983 forte
1318 3928 1409 3983 die
1441 3928 1693 3998 quadam
1744 3928 1802 3982 in
1826 3933 1979 3999 {agro

281 4015 352 4070 ad
383 4015 754 4084 spatiandum
789 4029 1142 4086 progressus,
1177 4029 1356 4071 manu
1397 4023 1594 4072 tenens
1625 4015 1974 4086 accipitrem,

283 4110 346 4158 ut
371 4117 536 4158 avem
569 4103 842 4172 capiendo
899 4103 1202 4173 deciperet,
1266 4104 1522 4174 impegit.
1574 4105 1645 4160 At
1695 4104 1810 4173 ipse
1836 4104 1978 4159 nihil

281 4189 568 4259 accipiens
621 4190 893 4259 deceptus
943 4198 1044 4246 est.
1105 4191 1262 4256 Quod
1329 4191 1561 4258 factum,
1621 4199 1682 4248 ut
1745 4193 1978 4261 ipsemet

279 4277 580 4342 referebat,
612 4277 742 4333 talis
789 4285 844 4333 et
874 4285 990 4334 tam
1045 4292 1315 4349 perversa
1357 4279 1625 4350 cogitatio
1673 4281 1978 4337 subsecuta

278 4373 381 4426 est.
417 4372 480 4421 ut
521 4379 689 4420 omne
721 4366 876 4436 quod
910 4366 1126 4422 bonum
1169 4375 1273 4434 est,
1317 4377 1654 4438 proponeret
1703 4384 1815 4424 non
1847 4369 1981 4425 dili-

281 4467 436 4523 gere,
467 4453 683 4509 malum
715 4467 850 4509 vero
890 4453 1050 4510 nullo
1087 4455 1255 4510 modo
1283 4455 1486 4522 odisse,
1522 4455 1670 4511 sicut
1707 4456 1776 4512 de
1818 4457 1980 4512 beato

279 4541 579 4597 Benedicto
631 4542 911 4612 scriptum
963 4543 1248 4612 reperitur
1297 4544 1567 4613 (Gnaeon.
1605 4544 1845 4616 Dialog.,
1879 4545 1976 4601 lib.

279 4643 336 4694 ιι,
369 4644 418 4682 c.
452 4632 544 4698 2);
579 4629 718 4700 quia
743 4644 850 4686 ave
882 4631 1197 4698 recedente,
1244 4631 1629 4702 suggestionis
1669 4631 1978 4688 immundae

279 4715 446 4771 dente
475 4719 752 4774 acerrime
794 4719 1106 4774 mordetur.
1143 4719 1247 4775 Sed
1279 4719 1462 4774 sancti
1509 4718 1750 4789 Spiritus
1794 4720 1980 4790 gratia

279 4810 395 4858 tam
432 4804 620 4860 subito
662 4806 1005 4875 perversitas
1047 4807 1143 4863 illa
1189 4807 1492 4878 disparuit,
1536 4816 1590 4863 et
1629 4809 1978 4865 diabolicum

282 4890 444 4959 illud,
491 4899 554 4948 ut
601 4894 756 4962 quod
793 4894 954 4963 prius
1003 4895 1299 4966 diligebat,
1347 4896 1584 4951 omnino
1635 4897 1974 4966 displiceret,

279 4979 475 5049 ibique
503 4989 717 5037 sanctae
745 4984 1198 5039 conversationis
1228 4983 1458 5039 initium
1487 4998 1722 5040 sumens
1759 4985 1976 5040 bonum

272 5067 489 5139 jugiter
519 5067 575 5123 in
625 5069 920 5126 voluntate
971 5071 1192 5138 habuit,
1230 5071 1768 5142 licetszecularibus
1798 5071 1978 5128 immi-

276 5165 398 5212 stus
427 5171 596 5226 opere
625 5157 861 5226 implere
891 5159 1174 5228 nequiret.

347 5245 585 5301 Parente
634 5259 766 5301 vero
817 5254 1066 5316 utroque
1122 5247 1410 5315 orbatum,
1465 5261 1567 5305 rex
1622 5248 1973 5303 Francorum

278 5331 576 5404 Philippus
634 5335 1011 5406 malignitatis
1066 5337 1276 5405 spiritu
1329 5345 1641 5408 permotus,
1687 5352 1816 5408 qua
1841 5337 1975 5407 jure

277 5430 629 5478 successerat
694 5423 870 5493 hujus
915 5424 1298 5482 haereditatem
1358 5426 1656 5496 subripere
1705 5425 1970 5496 gestiens,

283 5514 474 5576 utpote
496 5509 769 5578 juVenem
790 5513 974 5568 solum
992 5512 1116 5569 sine
1137 5514 1388 5580 consilio,
1419 5515 1640 5586 absque
1669 5522 1971 5585 parentum

2009 2943 2049 2998 Β
2087 2941 2392 3012 adjutorio,
2453 2940 2652 2996 leviter
2707 2953 3048 3011 expugnare
3117 2938 3471 3005 existimans,
3533 2939 3795 3007 primum

2090 3029 2309 3086 insidiis
2346 3029 2581 3085 molitur
2602 3037 2896 3098 appetere;
2953 3027 3082 3083 dein
3134 3027 3194 3082 in
3237 3033 3433 3096 aperto
3464 3025 3601 3082 belli
3636 3041 3797 3083 com-

2089 3125 2278 3172 movet
2324 3124 2742 3187 tempestatem.
2789 3115 2970 3185 C(Bpil
3008 3129 3260 3184 namque
3313 3115 3430 3183 ipse
3477 3128 3581 3170 rex
3639 3114 3795 3186 igne,

2091 3206 2304 3276 praeda,
2354 3205 2565 3276 gladio,
2605 3205 2772 3260 villas
2815 3205 3140 3274 destruere;
3173 3204 3406 3274 praedia,
3447 3204 3793 3274 municipia,

2088 3301 2141 3350 et
2165 3309 2296 3363 quze
2317 3293 2444 3364 ejus
2469 3293 2837 3358 videbantur,
2893 3300 3061 3362 prout
3117 3300 3358 3362 poterat,
3415 3292 3657 3347 omnino
3692 3293 3798 3347 dis-

2087 3382 2295 3452 sipare.
2331 3383 2384 3437 Is
2419 3396 2551 3437 vero
2582 3381 2860 3451 intrepide
2889 3381 3140 3436 confisus
3173 3381 3232 3434 in
3265 3380 3524 3446 Domino,
3557 3381 3793 3450 erigens

2089 3485 2146 3526 se
2174 3478 2372 3526 contra
2409 3485 2486 3538 se,
2517 3470 2586 3525 ad
2623 3470 2730 3526 hoc
2766 3469 2918 3525 enim
2967 3476 3028 3524 ut
3059 3469 3276 3524 malum
3324 3476 3516 3538 ageret
3563 3467 3793 3523 invitus

2089 3559 2449 3626 trahebatur,
2496 3558 2795 3629 praecingit
2835 3571 2912 3624 se,
2963 3565 3016 3613 et
3068 3564 3356 3628 prwparat
3405 3557 3626 3612 fortiter
3657 3556 3792 3611 resi-

2089 3655 2254 3702 stere.
2290 3647 2546 3703 Concitat
2586 3660 2838 3716 namque
2871 3653 3096 3716 gentem
3127 3659 3314 3710 suam,
3347 3652 3401 3700 et
3431 3643 3591 3699 velut
3636 3644 3793 3699 fren-

2088 3735 2230 3791 dens
2267 3734 2372 3802 leo,
2421 3734 2550 3790 licet
2599 3734 2767 3790 corde
2821 3734 3038 3798 dolens,
3090 3733 3386 3803 perturbat
3423 3740 3477 3788 et
3526 3732 3792 3787 devastat

2088 3823 2334 3892 quodin
2379 3823 2532 3893 regis
2571 3822 2776 3892 reperit
2825 3829 3116 3892 potestate,
3167 3829 3219 3878 et
3268 3821 3447 3876 donec
3485 3821 3792 3890 proprium

2088 3911 2388 3980 possideat,
2423 3911 2625 3966 asserit
2664 3910 2825 3966 nullo
2865 3909 3031 3965 modo
3081 3909 3338 3966 retroire.
3375 3909 3585 3978 Ecquis
3620 3909 3794 3964 boni-

2089 3999 2220 4055 tatis
2261 3999 2487 4054 Domini
2535 3998 2951 4068 plenitudinem
2998 4013 3112 4054 non
3161 3998 3483 4054 admiretur
3530 3997 3588 4052 in
3645 3998 3795 4053 illo?

2086 4101 2213 4144 ecce
2239 4086 2387 4142 inter
2416 4093 2495 4142 tot
2527 4086 2750 4156 ﬂagella
2783 4087 3020 4156 positus,
3073 4087 3352 4142 bellorum
3399 4085 3646 4156 negotiis
3681 4087 3793 4142 im-

2087 4175 2329 4246 peditus,
2367 4184 2556 4232 tamen
2591 4176 2737 4244 patri
2767 4175 3074 4231 condolens
3093 4176 3214 4245 jam
3254 4175 3521 4230 defuncto
3549 4177 3794 4244 (quippe

2086 4279 2282 4335 quem,
2307 4264 2444 4319 dum
2487 4264 2682 4320 adhuc
2712 4264 2950 4331 viveret,
2984 4264 3156 4320 nimis
3182 4263 3562 4319 saecularibus
3591 4263 3792 4319 inten-

2089 4359 2231 4420 tum,
2287 4352 2489 4407 mundi
2547 4352 2963 4421 cupiditatibus
3011 4359 3250 4407 noverat
3297 4352 3548 4422 graviter
3600 4351 3792 4406 irreti-

2087 4446 2232 4505 tum,
2265 4440 2561 4495 castellum
2589 4440 2901 4510 quoddam,
2933 4455 3049 4510 quo
3091 4441 3197 4496 sibi
3248 4439 3559 4509 sepulturae
3590 4439 3790 4495 locum

2086 4536 2533 4598 praeparaverat,
2600 4529 2727 4598 ejus
2808 4529 3111 4598 possessori
3175 4528 3229 4582 vi
3300 4527 3687 4596 subripuisse,
3736 4537 3792 4583 et

2086 4615 2243 4671 velut
2291 4617 2582 4685 proprium
2637 4616 2947 4672 detinuisse
3015 4616 3399 4684 meminerat),
3456 4616 3789 4671 Romanum

2087 4704 2407 4773 pontificem
2435 4705 2572 4775 quid
2603 4719 2776 4774 super
2808 4705 2917 4759 hoc
2947 4711 3186 4760 acturus
3213 4713 3379 4770 esset,
3413 4714 3467 4760 et
3492 4706 3793 4774 quomodo

2085 4792 2232 4862 patri
2265 4792 2346 4848 sic
2375 4792 2645 4848 defuncto
2694 4792 3000 4848 subvenire
3036 4794 3327 4863 potuisset,
3364 4807 3460 4861 per
3504 4793 3790 4850 nuntium

2083 4880 2343 4937 contulit.

2647 4993 2654 5001 ·
2757 4968 2989 5026 CAPUT
3030 4969 3100 5025 II.

2155 5074 2308 5143 Papa
2337 5088 2472 5130 vero
2498 5073 2828 5145 Gregorius,
2861 5075 2964 5145 qui
3009 5074 3394 5131 Ildebrannus
3430 5073 3615 5130 dictus
3676 5081 3789 5142 est,

2083 5162 2155 5217 ab
2200 5176 2264 5217 eo
2297 5176 2471 5231 quem
2515 5162 2726 5233 injuste
2772 5163 3088 5220 abstulerat
3135 5162 3256 5219 loco
3305 5162 3532 5233 penitus
3577 5162 3790 5219 tollen-

2082 5249 2242 5316 dum,
2269 5257 2324 5304 et
2370 5263 2471 5318 pro
2500 5251 2695 5306 anima
2719 5253 3024 5308 missarum
3066 5251 3358 5316 solemnia,
3396 5251 3788 5320 eleemosyna-

2082 5352 2333 5408 rumque
2382 5337 2725 5409 largitatem,
2776 5341 2890 5395 Deo
2953 5340 3284 5409 suppliciter
3325 5337 3634 5399 offerenda.
3695 5341 3790 5408 pie

2080 5427 2356 5483 mandare
2401 5428 2648 5484 curavit.
2695 5427 2888 5484 Simon
2937 5442 3072 5484 vero
3119 5427 3364 5498 benigne
3437 5426 3788 5483 mandatum

2081 5516 2412 5587 suscipiens,
2462 5515 2523 5573 in
2568 5516 2837 5606 omnibus
2885 5531 3016 5588 quae
3066 5517 3174 5572 sibi
3225 5523 3621 5588 proposuerat,
3673 5518 3790 5573 ob—
