3924 6090
80 245 214 297 1213

980 244 1206 298 Αυῡιτ.
1240 273 1306 281 ——
1341 244 1492 300 VlTA
1536 245 1593 298 Β.
1635 242 1914 300 SIMONIS
1951 244 2118 300 COM.
2169 241 2676 298 CRESl’ElENSIS.

3449 245 3580 295 1214

73 379 452 450 temperavit;
493 393 703 448 corpus
743 379 954 434 scilicet
1005 393 1324 447 removens,
1367 388 1422 436 et
1453 379 1772 445 ecclesiam,
1805 382 1849 435 Α
1887 386 1942 435 et
1981 377 2290 435 obedttioni
2338 377 2633 448 subjectus
2703 375 2824 448 lege
2877 376 3071 431 divina
3106 377 3440 434 redderetur
3496 377 3577 433 in-

70 482 207 537 quae
265 468 414 522 beati
484 465 770 536 Arnulphi
845 465 1075 533 dicitur,
1145 466 1299 536 apud
1357 467 1776 538 Crispiniacum

71 564 350 620 castrum,
405 554 501 610 ubi
553 554 896 611 translatum
953 563 1054 622 est,
1113 555 1182 610 de
1215 555 1482 612 facultate
1543 556 1777 625 propria

73 643 394 714 largissime
451 642 701 712 dotavit;
771 643 982 706 viduis,
1056 644 1350 712 orphanis,
1404 653 1458 700 et
1508 644 1777 700 omnibus

73 731 471 802 indigentibus
501 731 688 786 victus
735 731 1057 786 necessaria
1097 732 1444 800 amplissime
1493 733 1768 803 erogavit.

79 820 212 875 Haec
270 820 406 875 lides
452 833 606 884 vera,
640 827 695 874 et
745 820 863 874 haec
911 828 995 875 est
1053 819 1275 875 dilectio
1322 820 1668 888 lirmissima,
1717 821 1773 875 in

77 922 198 978 qua
229 919 340 963 non
371 908 616 964 carnalis
673 908 768 962 sed
817 907 933 962 vita
976 916 1250 977 perpetua
1297 910 1600 979 cogitatur,
1661 924 1773 964 non

76 1011 214 1052 caro
236 997 477 1052 moritur
505 997 601 1051 sed
633 995 688 1050 in
717 1004 997 1052 aeternum
1028 997 1251 1053 victura
1281 997 1474 1052 anima
1505 998 1772 1067 proponi-

79 1092 195 1139 tur.
235 1085 369 1139 Erat
396 1085 485 1139 vir
530 1084 623 1139 Dei
677 1085 781 1139 hoc
823 1083 879 1139 in
926 1084 1072 1140 facto
1119 1085 1457 1154 perterritus
1499 1085 1698 1140 timore
1727 1086 1774 1141 si

76 1173 366 1228 mundum
430 1180 599 1228 antea
675 1172 1182 1242 contemptibilem,
1257 1180 1397 1229 tunc
1445 1173 1773 1229 horribilem

69 1261 382 1330 judicavit;
430 1269 484 1317 et
531 1260 578 1316 si
620 1261 677 1315 in
728 1261 924 1330 aliquo
972 1261 1271 1328 dilexerat,
1320 1261 1486 1330 quasi
1522 1275 1771 1333 anguem

76 1360 431 1402 venenosum
462 1346 800 1416 fugiendum
852 1347 1163 1415 perdocuit,
1208 1355 1262 1403 et
1306 1348 1433 1403 licet
1495 1350 1774 1404 mundiali

77 1434 389 1489 certamine
430 1442 486 1490 et
525 1435 654 1490 belli
699 1434 942 1504 negotiis
995 1435 1348 1492 detineretur
1395 1437 1772 1505 extrinsecus,

76 1522 296 1578 militiae
328 1521 551 1578 Domini
585 1523 967 1578 interveniens
993 1537 1155 1579 arma
1197 1524 1494 1580 Dominica
1520 1527 1776 1596 gestabat

77 1610 445 1666 intrinsecus.
486 1611 630 1667 Nam
675 1625 807 1666 cum
858 1611 970 1667 fere
1023 1611 1286 1679 triennio,
1321 1613 1512 1670 labore
1543 1615 1773 1670 militari

80 1698 410 1767 implicitus,
451 1713 584 1754 caro
626 1698 780 1755 illius
829 1700 1086 1769 requiem
1138 1715 1254 1756 non
1304 1701 1557 1770 haberet,
1616 1712 1776 1759 nocte
1813 1677 1851 1729 Β

82 1795 296 1853 tamen,
329 1801 622 1842 armorum
671 1786 1005 1857 fatigatione
1057 1789 1287 1844 minime
1335 1790 1616 1857 detentus,
1661 1793 1780 1848 solo

80 1882 310 1931 tantum
338 1879 542 1930 comite
563 1883 864 1931 contentus
893 1875 1262 1932 ecclesiarum
1293 1877 1494 1933 limina
1526 1879 1779 1946 subiens,

78 1963 380 2020 Matutinis
409 1977 632 2033 semper
662 1965 931 2020 interesse
961 1965 1270 2035 gaudebat.
1324 1966 1378 2022 Si
1409 1968 1778 2034 monachum,

79 2050 374 2118 clericum,
425 2065 527 2106 seu
575 2052 943 2122 peregrinum
1000 2053 1330 2123 quempiam
1379 2055 1650 2126 religione
1693 2055 1782 2110 fa-

78 2153 309 2194 mosum
358 2139 566 2195 alicubi
617 2141 940 2210 reperisset,
988 2142 1119 2196 vitae
1169 2143 1537 2212 corporaliter
1584 2159 1782 2200 neces-

78 2227 234 2282 saria
293 2227 571 2296 praebens,
632 2241 691 2284 se
737 2229 864 2298 ejus
910 2228 1270 2285 orationibus
1320 2232 1777 2287 commendabat.

77 2315 294 2384 Jejunii
344 2331 476 2371 vero
532 2322 587 2371 et
633 2316 1126 2386 eleemosynarum
1177 2318 1437 2389 largitate
1497 2321 1778 2390 pollebat;

81 2417 318 2459 carnem
373 2417 644 2474 namque,
691 2404 948 2461 conditos
995 2405 1169 2473 cibos,
1226 2408 1519 2479 pigmenta
1562 2415 1616 2464 et
1665 2424 1782 2464 cae-

86 2500 209 2547 tera
241 2491 571 2562 hujusmodi
603 2507 734 2563 quae
785 2493 1225 2562 apponebantur
1273 2496 1328 2551 in
1379 2510 1594 2562 mensa,
1657 2497 1783 2553 aliis

84 2580 245 2634 hunc
271 2581 521 2636 saturari
551 2579 917 2637 credentibus
937 2583 1218 2648 esuriens,
1241 2583 1457 2654 quibus
1476 2599 1782 2655 nunquam

87 2666 298 2732 caruit,
343 2667 696 2737 pauperibus
744 2669 1063 2739 erogabat:
1105 2670 1351 2727 vestium
1403 2686 1635 2742 quoque
1683 2688 1781 2728 va-

88 2755 291 2811 rietate
316 2756 562 2826 desuper
591 2757 849 2824 indutus,
904 2758 1087 2814 cilicio
1125 2773 1334 2830 corpus
1363 2774 1564 2832 aspero
1607 2775 1786 2817 macc-

92 2856 152 2897 ra
164 2843 277 2898 bat.

755 2969 988 3026 CAPUT
1027 2971 1126 3026 Ill.

161 3107 382 3164 Interea
407 3107 546 3163 dum
591 3109 745 3178 regio
785 3109 934 3179 regis
974 3118 1030 3166 et
1061 3109 1241 3181 ipsius
1291 3112 1598 3169 vallatione
1644 3130 1783 3170 con-

86 3195 358 3262 sumitur,
422 3195 680 3252 homines
734 3211 768 3251 a
826 3197 1072 3268 propriis
1136 3199 1372 3256 sedibus
1423 3201 1780 3272 eﬁugantur,

88 3285 350 3340 timorem
391 3283 460 3339 de
503 3283 818 3340 malefactis
859 3286 1245 3354 amplectitur.
1292 3288 1422 3343 Mox
1479 3289 1609 3345 belli
1662 3305 1782 3346 cer-

87 3372 307 3427 tamina
335 3371 408 3426 ad
440 3379 661 3441 tempus
686 3372 974 3438 differens,
1013 3383 1346 3431 sanctorum
1396 3379 1783 3446 apostolorum

90 3460 237 3515 Petri
269 3459 528 3515 videlicet
559 3469 613 3515 et
656 3460 816 3516 Pauli
870 3461 1200 3518 habitacula
1250 3465 1449 3532 visere,
1501 3472 1555 3520 et
1597 3466 1784 3520 domi-

84 3562 228 3604 num
261 3561 466 3616 papam
489 3547 848 3617 Gregorium,
886 3557 950 3604 ut
978 3550 1084 3605 sibi
1127 3551 1517 3620 paenitentiam
1572 3553 1781 3609 indice-

87 3639 192 3702 ret,
225 3635 382 3691 adire
415 3636 701 3706 proponit.
735 3637 847 3693 Nec
876 3651 1056 3704 mora,
1101 3640 1315 3708 paratis
1343 3641 1613 3696 omnibus
1655 3657 1785 3710 qua:

87 3723 293 3778 viatori
353 3725 671 3779 necessaria
727 3733 882 3792 sunt,
945 3727 1181 3782 Romam
1250 3729 1492 3784 ducente
1546 3730 1785 3786 Domino

91 3811 369 3881 pervenit,
402 3811 630 3882 illicque
659 3822 870 3868 sanctae
917 3814 1066 3870 sedis
1111 3815 1432 3884 apostolicae
1484 3819 1785 3888 praesulem

91 3899 399 3969 reperiens,
447 3900 588 3970 quid
637 3909 918 3970 quaereret
972 3902 1264 3958 indicavit.
1308 3905 1381 3960 At
1412 3905 1502 3961 ille
1533 3906 1785 3975 petitioni

89 3989 216 4058 ejus
241 4003 354 4044 non
387 3988 577 4044 statim
626 3989 934 4059 acquievit,
995 3990 1104 4046 nisi
1138 3993 1295 4061 prius
1324 4007 1487 4048 arma
1533 3994 1786 4064 depone-

93 4085 195 4142 ret,
231 4077 500 4147 inquiens
534 4092 546 4131 :
582 4077 778 4132 Inanis
809 4078 947 4133 foret
976 4079 1260 4136 absolutio
1291 4082 1604 4139 renitentis.

161 4170 310 4220 673
369 4165 533 4222 Tunc
578 4166 668 4222 vir
710 4166 932 4220 Domini
988 4165 1179 4223 Simon
1239 4169 1668 4238 aliquantulum
1729 4172 1784 4227 in

1886 476 2158 523 Sll‘llClllS.

1959 557 2268 613 Revertens
2297 555 2475 626 igitur
2511 561 2710 610 sancta
2733 552 3097 625 jucunditate
3147 553 3414 623 repletus,
3445 567 3574 608 rur-

1885 660 1984 701 sus
2015 659 2205 714 regem
2251 643 2608 714 aggrediens,
2659 651 2944 698 certamen
3007 649 3070 696 ut
3120 641 3281 696 miles
3328 641 3579 710 optimus

1885 734 2272 802 amplexatur,
2313 739 2368 788 et
2421 732 2600 787 donec
2645 731 2828 786 victor
2853 731 3138 795 existeret,
3175 730 3302 784 licet
3361 729 3579 784 invitus

1886 836 1920 877 a
1954 821 2085 877 belli
2117 821 2342 891 negotio
2372 821 2607 876 minime
2646 820 2960 874 relaxatur.
3013 819 3090 872 Ad
3128 816 3401 872 ultimum
3448 831 3580 871 vero

1887 911 2118 980 regione
2145 910 2514 979 depopulata,
2567 916 2620 964 et
2647 907 2952 976 utriusque
2981 905 3194 960 laboris
3251 903 3366 976 [al.,
3414 912 3466 959 et
3499 903 3579 958 vi-

1884 1007 2012 1055 ctus
2036 996 2383 1069 laborisque]
2415 997 2577 1069 gravi
2610 996 2858 1067 pondere
2906 995 3226 1064 depressus,
3277 992 3574 1047 consilium

1883 1088 1951 1142 de
1974 1101 2110 1157 pace
2133 1087 2471 1156 concipitur,
2505 1083 2970 1154 colloquiumque
3017 1082 3088 1137 ab
3140 1091 3384 1151 utroque
3416 1095 3576 1135 man-

1884 1177 2075 1231 datur.
2105 1175 2251 1242 Quid
2283 1175 2487 1244 plura?
2517 1175 2577 1230 ﬁt
2605 1181 2924 1229 conventus
2955 1170 3264 1238 nobilium;
3293 1169 3575 1240 judicium

1886 1265 2008 1320 ﬁta
2036 1264 2421 1334 sapientibus;
2457 1278 2586 1332 quae
2628 1262 2758 1331 jure
2797 1259 3111 1330 contigerat
3165 1257 3464 1313 haereditas
3504 1256 3581 1310 Si-

1886 1353 2038 1408 moni
2073 1353 2370 1423 judicat-ur
2396 1359 2450 1407 et
2481 1350 2778 1417 redditur;
2830 1362 2943 1418 pax
2987 1354 3042 1403 et
3093 1346 3398 1404 concordia
3442 1360 3576 1401 con-

1884 1443 2209 1498 firmantur.

2554 1508 2786 1565 CAPUT
2826 1507 2913 1561 1V.

1961 1620 2100 1675 Pace
2167 1618 2344 1689 igitur
2419 1616 2698 1681 restituta,
2732 1621 2786 1670 et
2836 1628 2967 1684 quae
3019 1612 3150 1668 belli
3203 1612 3581 1681 longitudine-

1890 1707 2211 1763 inordinata
2277 1705 2642 1771 videbantur,
2713 1703 2884 1757 rebus
2948 1701 3216 1757 omnibus
3273 1699 3577 1765 collocatis,

1890 1809 2041 1850 uxor
2085 1796 2135 1850 ei
2181 1793 2429 1864 eleganti
2487 1793 2686 1858 forma,
2747 1791 2888 1846 facie
2939 1790 3345 1860 pulcherrima,
3379 1803 3582 1860 genere

1891 1883 2115 1951 nobilis,
2173 1897 2303 1952 quae
2370 1881 2518 1936 nulli
2575 1881 2632 1935 in
2690 1887 2806 1935 tota
2853 1879 3083 1948 regione
3130 1877 3440 1933 Arvernica
3491 1891 3582 1932 se-

1890 1970 2082 2025 cunda
2142 1969 2454 2033 videretur,
2496 1966 2750 2037 eligitur.
2807 1965 2930 2033 Ipse
2976 1977 3113 2019 vero
3160 1963 3327 2032 quasi
3375 1961 3584 2016 talibus

1890 2058 2246 2130 adgaudens.
2301 2063 2366 2112 ut
2411 2057 2626 2112 bonum
2665 2053 2821 2124 quod
2873 2053 2930 2107 in
2987 2067 3046 2107 se
3095 2051 3305 2107 latebat
3361 2048 3584 2118 penitus

1889 2147 2155 2216 operiret,
2206 2159 2266 2201 se
2310 2159 2376 2200 eo
2449 2144 2670 2200 iturum
2719 2140 3043 2207 denuntiat,
3103 2139 3413 2208 statimque
3482 2136 3587 2191 iter

1891 2235 2176 2305 arripiens
2229 2233 2514 2303 profectus
2547 2239 2649 2287 est.
2699 2230 2840 2297 Quo,
2902 2230 3016 2284 Deo
3065 2228 3417 2297 disponente,
3454 2238 3585 2294 per-

1891 2323 2126 2380 veniens
2154 2337 2188 2378 a
2214 2336 2434 2393 sponsae
2466 2320 2741 2392 genitore,
2786 2317 3108 2374 Hildeberto
3151 2314 3408 2370 videlicet
3451 2327 3583 2368 con-

1890 2411 2034 2478 sule,
2086 2410 2395 2467 honoriﬁce
2423 2407 2756 2477 suscipitur,
2803 2406 2998 2475 ibique
3047 2402 3388 2473 aliquandiu
3425 2415 3584 2457 com—

1893 2508 2196 2558 moratur:
2267 2506 2390 2570 post
2436 2497 2614 2554 verba
2660 2495 2760 2552 tali
2808 2495 2955 2550 facto
2988 2505 3264 2563 congrua,
3305 2490 3438 2546 data
3480 2489 3585 2543 ﬁde

1891 2597 1945 2647 et
1971 2597 2220 2660 accepta,
2271 2603 2328 2645 se
2361 2601 2488 2644 eam
2530 2593 2922 2655 accepturum,
2974 2581 3033 2637 ni
3079 2595 3242 2637 secus
3298 2585 3580 2650 ageretur,

1893 2679 2170 2747 aflirmat;
2205 2685 2260 2734 et
2287 2675 2370 2732 sic
2389 2675 2726 2745 nuptiarum
2757 2672 2847 2727 die
2887 2669 3214 2732 constituto,
3261 2682 3393 2723 cum
3449 2679 3587 2736 gau-

1891 2766 1984 2822 dio
2018 2779 2279 2822 reversus
2307 2771 2391 2820 est
2421 2763 2479 2818 in
2521 2761 2770 2832 propria.

1965 2856 2108 2910 Ecce
2136 2860 2386 2910 statutus
2415 2853 2536 2907 dies
2565 2849 3019 2920 appropinquat,
3071 2852 3405 2916 magnatum
3437 2842 3586 2900 mul-

1817 2970 1857 3026 ο
1897 2941 2078 2998 titudo
2107 2940 2435 3005 mandatur,
2468 2947 2709 2994 ornatus
2733 2936 3034 2992 diversitas
3063 2935 3370 3004 appetitur.
3402 2932 3473 2986 Et
3505 2944 3586 3026 ex

1895 3030 2094 3087 ordine
2148 3027 2432 3098 dispositis
2487 3025 2776 3091 omnibus,
2828 3023 3119 3093 regionem
3173 3026 3429 3090 repetens
3485 3019 3588 3074 Ar-

1894 3118 2206 3183 vernicam,
2240 3124 2305 3173 ut
2343 3115 2596 3176 decebat,
2651 3113 2724 3169 ad
2769 3113 2978 3168 ftedera
3021 3109 3298 3180 promissa
3344 3106 3585 3164 reverti-

1895 3214 2007 3263 tur.
2034 3207 2164 3263 Mox
2213 3205 2324 3260 illis
2367 3200 2986 3274 appropinquantibus,
3023 3198 3239 3253 clamor
3269 3197 3451 3252 turbae
3484 3210 3587 3250 vo-

1894 3291 2185 3350 ciferantis
2232 3291 2543 3361 excipitur,
2587 3301 2798 3359 sponsa
2844 3285 3097 3342 venienti
3147 3284 3361 3341 Simoni
3390 3283 3586 3338 oscula

1895 3382 2193 3451 porrigens
2221 3379 2606 3448 amplexatur.
2637 3376 2772 3443 Quis
2801 3375 3005 3430 auditu
3032 3389 3146 3429 non
3177 3373 3542 3442 Obstupescat
3560 3371 3588 3424 ?

1895 3469 2028 3540 quis
2063 3468 2157 3524 tali
2208 3466 2509 3522 dulcedine
2560 3469 2879 3519 commotus
2930 3476 3046 3516 non
3094 3459 3333 3530 lugeat?
3379 3458 3586 3514 Oscula

1894 3557 2185 3613 dabantur
2212 3553 2509 3610 sanctitate
2539 3551 2784 3617 condita,
2818 3549 3120 3620 amplexus
3142 3547 3587 3618 implicabantur

1895 3645 2132 3702 luxuria
2175 3647 2408 3707 semota,
2471 3640 2714 3709 aliisque
2774 3637 3138 3693 credentibus
3183 3648 3380 3691 eorum
3435 3633 3586 3688 dicta

1895 3734 2108 3790 lasciva
2145 3728 2507 3802 jucunditate
2537 3727 2768 3796 repleta,
2798 3727 2885 3781 vir
2916 3723 3136 3781 Domini
3169 3721 3587 3792 praedicationis

1895 3821 2133 3878 verbum
2182 3827 2236 3874 et
2291 3817 2484 3872 dulcia
2521 3815 2651 3870 vitae
2697 3813 3001 3883 colloquia,
3061 3818 3122 3866 ut
3175 3810 3342 3866 ambo
3377 3809 3587 3865 saeculo

1894 3909 2315 3973 renuntiarent,
2346 3905 2501 3960 cordi
2535 3903 2688 3959 illius
2723 3901 3022 3957 inserebat.
3054 3899 3169 3955 Nec
3214 3911 3373 3954 mora
3403 3897 3586 3966 ipsius

1895 3998 2126 4054 monitis
2170 3994 2558 4064 acquieseens,
2630 3990 2920 4061 religionis
2979 3988 3242 4045 habitum
3307 3986 3580 4056 accipere,

1893 4093 1948 4142 et
1971 4082 2460 4141 sanctimonialem
2493 4080 2614 4136 ﬁeri
2643 4078 2890 4135 devovit.

1963 4173 2136 4230 Nocte
2175 4171 2351 4243 igitur
2394 4166 2766 4239 subsequenti
2811 4165 2900 4222 vir
2931 4167 3154 4229 beatus,
3207 4171 3364 4235 patre
3412 4169 3582 4219 caete-

91 4253 269 4310 dubio
311 4254 644 4321 subsistens,
675 4269 893 4310 memor
914 4263 1100 4311 tamen
1124 4257 1452 4328 Evangelici
1479 4261 1781 4329 praecepti:
1814 4273 1854 4327 υ
1894 4263 2088 4332 risque
2119 4257 2774 4333 ignorantibus,junctis
2812 4253 3070 4328 [sponsae]
3107 4251 3582 4310 illeconversione

96 4366 117 4392 ι
170 4342 276 4410 Qui
338 4357 453 4398 non
491 4340 798 4411 [renuntiat
857 4345 1126 4400 omnibus
1177 4361 1308 4416 quae
1361 4347 1627 4416 possidet,
1669 4364 1781 4404 non

92 4438 272 4501 potest
297 4445 458 4487 meus
485 4445 604 4487 esse
647 4432 965 4501 discipulus
1016 4435 1165 4499 (Luc.
1227 4450 1344 4497 xw.
1396 4437 1504 4507 33),
1547 4458 1566 4484 ι
1615 4451 1674 4492 se
1706 4437 1782 4493 fa-

86 4528 318 4576 cturum
373 4518 656 4589 quidquid
709 4521 1037 4590 praeciperet
1091 4521 1238 4578 illico
1289 4524 1569 4592 promisit.
1626 4526 1779 4580 Prae-

83 4616 248 4678 cepta
275 4607 452 4678 igitur
486 4607 692 4677 praesul
722 4623 1017 4664 armorum
1050 4610 1365 4667 redditione
1389 4613 1780 4681 paenitentiam

84 4697 303 4763 indicit,
359 4703 414 4753 et
473 4695 698 4752 indictae
748 4705 967 4765 partem
1020 4712 1195 4768 super
1242 4713 1302 4755 se
1341 4700 1606 4768 detinuit,
1640 4702 1779 4757 duo-

83 4787 308 4855 busque
340 4783 782 4856 religiosissimis
814 4785 972 4851 viris,
1008 4786 1110 4856 qui
1143 4793 1280 4844 tunc
1310 4797 1616 4858 praesentes
1645 4791 1778 4845 ade-

78 4880 233 4960 rant,
267 4880 484 4942 partem
513 4872 833 4942 distribuit;
864 4879 920 4929 et
941 4873 1022 4930 sic
1040 4875 1372 4930 absolutum
1420 4877 1674 4932 reatibus
1705 4877 1775 4932 ad

81 4959 316 5031 prppria
360 4960 680 5029 remittens,
728 4962 861 5018 huic
917 4963 1130 5032 quibus
1175 4964 1542 5033 spoliaverat,
1615 4978 1777 5021 arma

80 5047 353 5114 reinduit,
402 5055 731 5119 terramque
769 5051 1204 5120 gubernandam
1254 5053 1433 5108 donec
1472 5067 1603 5108 cum
1647 5068 1776 5123 rege

81 5151 278 5206 pacem
363 5137 713 5203 reformaret,
803 5140 1008 5194 iterum
1098 5141 1536 5209 commendavit,
1604 5142 1776 5196 adhi-

81 5227 223 5281 bens
284 5225 455 5281 etiam
515 5226 646 5282 boni
705 5225 1008 5281 testimonii
1059 5235 1114 5282 et
1163 5242 1404 5284 summae
1459 5231 1776 5285 auctorita-

83 5313 157 5369 tis
225 5313 564 5377 custodiam,
663 5315 960 5384 Hugonem
1037 5315 1253 5370 scilicet
1327 5317 1589 5374 Diensem
1661 5319 1776 5388 epi-

84 5415 339 5471 scopum,
371 5403 472 5471 qui
521 5410 660 5458 tunc
713 5403 770 5457 in
821 5402 1016 5458 Galliis
1059 5403 1358 5472 legationis
1408 5405 1641 5461 functus
1691 5415 1775 5462 est

84 5489 289 5556 ofﬁcio,
315 5490 698 5562 abbatemque
718 5491 1478 5562 Cluniacensium,quorum
1502 5495 1772 5550 doctrinae

1889 4359 1944 4407 et
1976 4350 2201 4422 generis
2233 4348 2659 4419 propinquitate
2689 4345 2920 4415 collegis
2939 4344 3186 4407 duobus,
3219 4341 3579 4404 monasterio,

1889 4440 2044 4510 quod
2086 4435 2365 4495 Casa-Dei
2421 4440 2815 4503 nuncupatur,
2869 4431 3279 4497 transmittens,
3325 4428 3443 4482 illic
3481 4427 3582 4482 has

1890 4528 2072 4584 bitare
2120 4524 2420 4596 disposuit.
2479 4522 2564 4578 Ibi
2617 4521 2766 4577 illico
2816 4527 3037 4575 mutata
3087 4526 3238 4573 veste
3296 4514 3578 4580 saeculari,

1890 4625 2002 4673 tres
2051 4615 2266 4685 pariter
2311 4618 2552 4667 sumunt
2600 4609 2863 4665 habitum
2913 4604 3239 4662 monasticae
3294 4601 3580 4673 professio-

1888 4703 1996 4769 nis,
2030 4715 2282 4772 quorum
2331 4700 2472 4755 alter
2516 4697 2879 4768 religiositate
2911 4695 3142 4764 pollens,
3193 4699 3385 4762 postea
3417 4691 3580 4746 Bitu-

1887 4791 2020 4846 ricae
2066 4787 2314 4845 civitatis
2355 4789 2658 4843 ordinatur
2715 4785 3052 4855 episcopus;
3093 4781 3236 4838 alter
3286 4781 3342 4835 in
3388 4779 3579 4836 humi-

1885 4877 2040 4934 litate
2079 4876 2396 4934 subsistens
2459 4874 2558 4930 diu
2607 4875 2664 4928 in
2710 4870 3054 4928 monasterio
3117 4869 3378 4940 perstitit,
3435 4868 3580 4922 dans

1883 4979 2114 5035 operam
2147 4963 2427 5034 religioni.
2485 4963 2706 5017 Domna
2744 4974 2878 5015 vero
2930 4959 3040 5014 Deo
3089 4957 3293 5013 devota
3338 4955 3577 5011 sanctis—

1883 5053 2029 5109 sima
2057 5053 2268 5123 degens
2289 5051 2487 5106 multis
2525 5057 2648 5118 post
2679 5049 2846 5104 annis
2869 5046 3169 5116 superfuit.

1954 5139 2040 5196 Ad
2073 5139 2192 5195 haec
2225 5147 2382 5209 pater
2419 5151 2620 5194 somno
2649 5135 2892 5202 excitus,
2921 5135 3160 5190 credens
3184 5133 3356 5188 tiliam
3385 5145 3578 5187 amore

1884 5228 2201 5284 meretricio
2249 5229 2558 5294 detentam,
2624 5225 2894 5281 lenonum
2943 5223 3270 5293 quempiam
3320 5235 3579 5291 prosecu-

1885 5327 2021 5384 tam,
2053 5332 2111 5373 se
2155 5316 2420 5372 delusum
2469 5314 2808 5371 aestimabat.
2845 5313 3008 5368 Tunc
3041 5311 3217 5368 tristis
3257 5317 3312 5366 et
3356 5309 3579 5378 ejulans

1883 5406 2168 5463 Simonem
2213 5404 2550 5467 accersiens,
2621 5403 2786 5473 quasi
2847 5399 3134 5456 commissi
3202 5412 3335 5454 reus
3402 5397 3577 5469 hujus

1883 5494 2234 5564 alloquitur:
2308 5515 2328 5540 ι
2391 5491 2436 5547 Ο
2490 5490 2819 5546 dulcissime
2885 5489 3139 5559 juvenis,
3213 5486 3354 5558 quid
3407 5499 3576 5557 agam
