3944 6084
355 229 484 282 1215

1367 238 1461 292 AD
1500 237 1650 294 OPP.
1704 240 1858 296 VEN.
1901 243 2231 302 GUIBERTI
2272 247 2360 303 DE
2397 250 2786 309 NOVIGENTO

3741 269 3853 321 1216

350 359 490 430 quid
539 359 744 457 faciam
793 361 1053 457 funditus
1093 363 1344 435 ignoro?
1388 372 1440 422 te
1480 368 1721 438 prodidi,
1767 369 1867 426 tibi
1912 372 2040 429 fidei
2071 375 2113 429 A
2152 385 2207 434 et
2233 393 2428 448 grave,
2456 388 2512 437 et
2540 383 2882 452 scrupulum
2929 386 3256 457 cogitationi
3304 404 3441 447 mea),
3493 393 3747 450 videtur
3783 395 3853 448 in-

349 462 490 504 meae
519 448 840 515 commisso,
886 449 1170 521 longoque
1200 459 1484 510 terrarum
1528 458 1710 527 spatio
1756 460 1920 516 nobis
1949 475 2042 518 ac-

348 537 474 601 cito,
529 537 764 592 insidias
812 537 1002 594 intuli.
1054 540 1133 596 De
1164 542 1342 611 pretio
1382 544 1685 602 fraudatus
1731 563 1860 605 sum
1889 551 2044 620 quod

346 625 613 694 promisi;
675 627 1021 694 promissum
1109 643 1359 701 namque
1421 634 1717 692 sublatum
1783 645 1886 706 est,
1948 640 2043 694 sed

348 712 582 768 nescivi.
627 714 801 770 Parce
842 715 1042 784 igitur,
1096 732 1265 787 parce
1314 723 1503 778 nescio
1549 724 1925 794 delinquenti.
1972 729 2045 786 At

349 799 442 855 ille
472 802 639 857 corde
681 803 935 859 laetitiam
990 807 1312 872 restituens,
1362 809 1611 866 dolorem
1661 814 2040 885 extrinsecus,

348 889 515 959 quasi
546 893 849 948 consolans
892 893 1116 950 aiebat:
1158 919 1178 945 ι
1208 897 1355 965 Noli,
1397 899 1627 957 domine
1675 903 1772 970 mi,
1807 903 1922 960 noli
1953 906 2046 960 tri-

345 977 504 1040 stari,
536 992 708 1048 quem
757 984 946 1050 potius
976 983 1258 1049 dilexerit.
1293 986 1626 1058 diligentius
1663 995 2042 1065 exsequitur;

348 1073 402 1121 et
431 1066 476 1120 si
511 1067 609 1122 tibi
652 1068 880 1125 charior
921 1071 1106 1129 factus
1137 1087 1286 1141 sum,
1321 1076 1450 1131 vilis
1491 1077 1726 1134 forsitan
1783 1081 1883 1136 illi.
1921 1104 1942 1130 ι
1971 1083 2045 1139 Iis

347 1153 533 1222 dictis,
580 1165 814 1227 accepta
858 1159 930 1215 ab
970 1174 1034 1216 eo
1095 1161 1345 1232 licentia,
1415 1164 1656 1222 festinus
1698 1167 1754 1223 in
1802 1169 2040 1226 Galliam

349 1244 660 1312 repedavit.

418 1331 562 1395 Quid
612 1332 726 1388 ﬁlia
773 1334 897 1404 ejus
938 1343 1152 1405 egerat,
1205 1340 1692 1408 quemadmodum
1745 1346 2047 1404 sanctimo-

348 1418 557 1476 nialem
584 1421 910 1490 devoverat,
942 1424 1267 1482 Hildeberto
1299 1442 1400 1496 per
1450 1431 1722 1486 nuntium
1771 1435 2045 1493 mandare

347 1509 594 1563 curavit.
628 1509 673 1566 Ο
718 1510 910 1567 virum
958 1527 1057 1581 per
1107 1515 1301 1570 omnia
1345 1517 1514 1573 laude
1571 1519 2046 1594 dignumlcujus

344 1595 552 1651 melius
601 1597 862 1664 similem,
909 1613 1086 1668 quam
1153 1610 1348 1659 sancto
1410 1605 1609 1662 Alexio
1675 1608 2046 1669 dixerimus?

2152 466 2330 538 ferre;
2371 469 2604 526 domina
2651 486 2778 528 mea
2827 488 3081 546 namque
3127 479 3348 549 regina,
3395 495 3547 536 uxor
3590 483 3852 540 videlicet

2153 563 2273 624 tua,
2305 562 2360 614 et
2388 574 2514 629 ego,
2555 568 2621 616 ut
2665 561 2864 630 fertur,
2907 565 3244 634 cognatione
3287 568 3600 640 jungimur
3647 585 3852 640 paren-

2152 645 2271 713 tali,
2306 654 2362 703 et
2393 648 2620 718 generis
2667 651 3115 722 propinquitate,
3148 658 3522 724 quamobrem
3556 673 3591 712 a
3620 661 3849 730 sapien-

2152 733 2306 789 tibus
2374 735 2788 805 inquirendum
2845 741 2892 794 si
2947 756 3062 812 quo
3113 744 3277 799 modo
3346 745 3467 801 fieri
3529 749 3749 817 possit,
3811 759 3848 802 et

2153 835 2272 890 qua
2319 823 2556 880 ratione.
2615 848 2635 874 ι
2681 828 2768 882 Ad
2816 827 2936 883 haec
2996 844 3149 885 rex:
3206 853 3228 880 ι
3280 833 3335 888 Si
3382 834 3455 889 ab
3495 836 3774 906 antiquis
3811 846 3851 891 et

2151 910 2385 966 senibus
2431 914 2624 982 populi
2679 917 2852 971 nostri
2913 919 3174 989 cognatio
3233 935 3369 977 vera
3414 925 3850 993 comprobatur,

2150 999 2459 1070 episcopos,
2521 1002 2755 1060 abbates
2823 1013 2878 1061 et
2969 1007 3204 1063 clericos
3283 1009 3438 1066 viros
3513 1014 3848 1082 prudentes.

2151 1089 2392 1145 scientes
2441 1090 2623 1162 legem
2673 1101 2728 1148 et
2767 1094 2882 1150 alta
2921 1096 3219 1165 sapientes,
3267 1098 3310 1153 si
3351 1099 3848 1170 eleemosynarum

2151 1175 2434 1247 largitate,
2487 1194 2588 1238 seu
2645 1185 3122 1240 monasteriorum
3174 1186 3573 1256 aedificatione,
3607 1203 3726 1245 seu
3760 1189 3853 1244 ali-

2151 1279 2270 1335 qua
2294 1281 2353 1322 re
2399 1283 2658 1339 congrua
2687 1271 2742 1326 id
2771 1271 3026 1328 ordinari
3073 1283 3267 1344 queat,
3316 1276 3582 1332 adunare
3612 1285 3675 1334 et
3709 1293 3851 1335 scru-

2152 1354 2260 1408 tari
2291 1369 2516 1413 necesse
2541 1365 2642 1414 est.
2677 1379 2698 1407 ο

2223 1445 2416 1500 Simon
2445 1454 2638 1503 autem
2667 1461 2825 1517 spem
2853 1463 3016 1506 suam
3063 1464 3290 1521 semper
3326 1466 3544 1522 ponens
3589 1455 3846 1518 Domino,

2153 1535 2312 1591 ait:c
2363 1535 2570 1592 Adhuc
2599 1545 2858 1606 superest
2906 1538 3082 1606 aliud,
3123 1547 3347 1596 tantum
3391 1541 3674 1598 voluntas
3721 1544 3847 1599 adsit

2157 1629 2277 1691 tua,
2319 1624 2474 1694 quod
2506 1625 2891 1680 necessarium
2921 1633 3076 1683 estet
3101 1628 3353 1685 salutare
3376 1645 3391 1698 ;
3414 1629 3544 1686 volo
3577 1645 3844 1702 namque,

2163 1675 2277 1691 τῇ,
2325 1675 2474 1694 1___
2506 1675 2891 1680 --πψτη-.-
2925 1675 3003 1682 ---
3026 1675 3076 1683 ν-
3101 1675 3352 1685 -_._-_.-
3376 1675 3391 1698 ,
3427 1675 3543 1686 ww
3579 1675 3720 1686 .......
3773 1675 3842 1697 υς,

347 1697 600 1787 ξιεξιηίιιιθ
629 1698 760 1787 Qum
787 1699 996 1787 ἤρθηεό
1029 1777 1038 1787 .
1051 1703 1176 1787 $113.
1230 1705 1362 1787 Qum
1405 1693 1524 1787 jam
1558 1696 1877 1787 thalamum
1905 1701 2044 1757 sub-
2077 1675 2118 1728 Β
2156 1711 2200 1766 si
2239 1712 2436 1780 placet,
2506 1714 2743 1769 Romam
2786 1714 3003 1782 adiens,
3070 1724 3399 1772 sanctorum
3462 1675 3842 1787 apostolorum

350 1770 660 1827 intrassent
701 1774 871 1830 ambo
917 1777 1133 1844 pariter
1163 1779 1438 1849 quieturi,
1473 1786 1960 1853 quemadmodum
1991 1796 2047 1845 et

349 1857 519 1925 Simo,
597 1861 840 1917 verbum
937 1865 1357 1932 praedicationis
1428 1871 1670 1929 intulit:
1745 1875 2044 1934 luxuriam

347 1946 767 2016 declinandam,
854 1966 1193 2010 conservare
1259 1971 1620 2026 praemonens
1687 1965 2042 2034 castitatem;

349 2033 446 2088 illa
489 2049 621 2091 vero
668 2037 833 2093 dictis
880 2040 1280 2110 obtemperans
1327 2047 1706 2118 admonentis,
1761 2067 1821 2109 se
1858 2033 2045 2126 virgié

348 2136 475 2177 nem
527 2123 833 2195 devovens,
904 2129 1095 2185 carnis
1144 2133 1490 2192 munditiam
1557 2138 1796 2197 Domino
1857 2123 2048 2200 conse-

349 2210 552 2266 cravit.

420 2300 506 2354 Ita
535 2300 736 2358 beatus
776 2303 946 2362 homo
985 2322 1164 2364 manu
1208 2319 1420 2369 sanctae
1464 2315 1826 2376 allocutionis
1873 2319 2047 2378 ferale

349 2389 680 2459 contagium
745 2392 980 2450 detersit
1050 2395 1365 2455 immundae
1435 2405 1757 2472 pravitatis.
1831 2410 2046 2467 Deinde

350 2473 546 2569 ipsius,
573 2491 830 2569 quarum
861 2483 1198 2554 magnitudo
1239 2488 1464 2546 infinita
1496 2493 1821 2566 videbatur,
1868 2500 2048 2569 patris

345 2563 618 2633 neglectis
643 2566 876 2638 deliciis,
924 2573 1032 2628 sub
1081 2573 1205 2644 ipsa
1236 2579 1417 2635 noctis
1463 2580 1605 2638 hora
1651 2563 1891 2643 latenter
1921 2589 2048 2645 abs-

347 2651 533 2794 gessit.
570 2653 676 2711 Sed
720 2657 791 2714 ad
833 2673 900 2715 ea
949 2675 1080 2730 quae
1127 2663 1196 2720 de
1234 2665 1461 2724 Simone
1510 2670 1750 2730 dicenda
1791 2684 1928 2734 sunt
1965 2693 2049 2736 re-

387 2753 607 2794 eamus.

387 2753 607 2798 eamus.

910 2879 1059 2930 om
1089 2857 1323 2935 CAPUT"
1346 2880 1415 2937 V.

418 3005 632 3064 Simoni
659 3024 792 3068 vero
820 3012 879 3068 in
903 3017 1133 3085 propria
1152 3019 1250 3074 vix
1283 3021 1357 3076 ad
1385 3023 1671 3082 modicum
1705 3031 2038 3108 quiescenti,

347 3109 476 3151 ecce
519 3112 622 3153 rex
681 3101 1003 3172 Anglorum
1065 3108 1515 3179 potentissimus,
1563 3114 1886 3178 Willelmus
1935 3101 2042 3182 no:-

347 3183 516 3271 mine,
551 3187 654 3255 qui
684 3202 814 3244 eum
844 3193 1144 3263 nutrierat,
1191 3197 1264 3252 ad
1295 3212 1354 3253 se
1400 3201 1749 3262 veniendum
1797 3212 1906 3268 sub
1939 3229 2040 3271 ve-

347 3269 570 3329 locitate
626 3277 940 3335 mandavit.
1003 3283 1252 3340 Additur
1293 3287 1465 3343 etiam
1521 3297 1586 3346 ut
1642 3298 1869 3354 castello
1937 3269 2043 3358 nec

345 3358 502 3450 villa,
537 3362 646 3419 nisi
677 3366 853 3423 solius
894 3371 1074 3426 noctis
1115 3373 1364 3443 quietem
1413 3390 1747 3450 assumeret,
1799 3400 2040 3446 uxorem

343 3447 453 3548 sibi
499 3450 750 3548 debitam
793 3457 1122 3548 nullomodo
1171 3462 1558 3535 desponsaret,
1606 3447 1798 3542 quoad
1854 3491 2040 3548 usque

347 3537 420 3592 ad
460 3541 550 3595 sui
607 3543 956 3616 colloquium
1027 3549 1504 3610 Northmanniam
1553 3537 1795 3616 festinus
1839 3537 2038 3622 occur-

347 3636 514 3684 reret.
547 3631 709 3688 Tunc
737 3635 829 3690 ille
875 3637 1024 3708 regis
1065 3647 1325 3695 metuens
1374 3643 1644 3713 edictum,
1681 3649 1900 3722 absque
1949 3668 2038 3710 re-

347 3721 758 3808 crastinatione
779 3725 997 3794 aliqua,
1028 3726 1126 3782 ubi
1150 3729 1520 3788 constituerat
1534 3733 1715 3805 abire,
1737 3738 2039 3808 disposuit.

418 3807 632 3866 Videns
661 3826 798 3883 ergo
838 3828 939 3869 rex
972 3815 1044 3870 ad
1085 3830 1143 3871 se
1175 3817 1514 3887 venientem,
1563 3822 1724 3881 laetus
1770 3807 2034 3896 efficitur,

347 3905 560 3954 secreto
590 3915 802 3959 vocans
832 3917 986 3969 eum,
1036 3911 1092 3959 et
1118 3904 1348 3961 dicens:
1384 3929 1405 3956 ι
1455 3908 1736 3975 Quoniam
1790 3915 1958 3972 fidem
1984 3926 2040 3975 et

346 3983 704 4043 dilectionem
739 3995 896 4043 tuam
925 4005 996 4045 ex
1047 3990 1216 4063 longo
1253 4003 1526 4064 expertus
1565 4014 1714 4067 sum,
1765 4010 1820 4059 et
1850 4005 2036 4062 nutri-

347 4081 606 4130 mentum
640 4089 850 4143 meum,
884 4078 1039 4147 quod
1065 4078 1124 4133 in
1171 4087 1223 4136 te
1245 4088 1328 4138 est
1366 4094 1742 4154 augmentare
1775 4092 2033 4162 cupiens,

347 4160 450 4228 qui
499 4176 602 4230 pro
655 4163 772 4218 lilia
815 4179 942 4220 mea
980 4169 1239 4237 rogaturi
1295 4170 1396 4226 diu
1443 4187 1665 4230 mecum
1715 4160 2035 4236 conversati

2151 1801 2301 1858 Petri
2332 1808 2386 1858 et
2413 1801 2593 1870 Pauli,
2627 1810 2682 1859 et
2714 1802 2907 1858 domni
2947 1805 3261 1873 apostolici,
3307 1821 3482 1875 super
3512 1807 3625 1862 hoe
3666 1809 3842 1864 consi-

2151 1891 2292 1946 lium
2331 1897 2385 1946 et
2433 1891 2788 1962 adjutorium
2829 1892 3107 1963 flagitare,
3155 1901 3239 1961 ut,
3286 1903 3515 1965 accepta
3563 1898 3842 1966 spirituali

2150 1978 2398 2046 licentia,
2433 1979 2718 2050 quidquid
2746 1981 2805 2036 in
2835 1980 2902 2036 iis
2932 1981 3098 2038 nobis
3117 1983 3405 2053 agendum
3425 1993 3508 2039 est
3539 1999 3683 2040 cum
3719 1985 3842 2039 ﬁdu‘

2151 2071 2238 2125 cia
2281 2074 2661 2138 perpetretur.
2713 2088 2733 2118 ι
2791 2069 2895 2126 Cui
2941 2084 3044 2125 rex
3092 2084 3386 2127 assensum
3429 2072 3724 2140 praebens,
3768 2086 3839 2127 re-

2151 2156 2412 2226 spondit:
2450 2178 2470 2205 ι
2509 2155 2800 2226 Quidquid
2826 2171 3001 2226 super
3025 2158 3133 2213 hac
3149 2172 3209 2212 re.
3227 2158 3441 2214 bonum
3465 2159 3571 2214 tibi
3601 2160 3839 2222 videtur,

2150 2245 2373 2301 favente
2406 2246 2518 2300 Deo
2547 2252 2603 2300 et
2635 2259 2760 2301 mea
2788 2245 3102 2313 voluntate,
3137 2245 3406 2316 dispone;
3436 2269 3456 2295 ι
3479 2255 3532 2302 et
3567 2247 3662 2303 his
3694 2248 3843 2303 dictis

2153 2333 2366 2404 pariter
2395 2333 2815 2390 abscesserunt.

2812 2452 3042 2511 CAPUT
3081 2454 3176 2511 VI.

2223 2597 2438 2654 Deinde
2474 2611 2604 2667 qua
2635 2596 2825 2667 parari
2870 2597 3220 2654 videbantur
3259 2599 3526 2655 omnibus
3556 2613 3663 2669 per
3697 2598 3842 2655 ordi-

2153 2702 2282 2744 nem
2315 2685 2619 2755 dispositis,
2645 2685 2716 2740 ad
2740 2685 3179 2754 ambulandum,
3218 2687 3412 2743 relicta
3442 2687 3635 2754 domo,
3676 2687 3839 2742 omisp

2153 2776 2229 2830 sis
2275 2774 2512 2841 deliciis,
2555 2787 2809 2844 quarum
2847 2775 3080 2830 ubertas
3131 2783 3290 2831 tanta
3333 2776 3415 2831 illi
3466 2775 3757 2831 afﬂuebat
3795 2783 3840 2829 ut

2155 2876 2295 2932 pene
2333 2869 2457 2931 post
2497 2875 2688 2932 regem
2730 2861 2789 2916 in
2835 2869 2953 2918 tota
2995 2861 3227 2934 regione
3277 2863 3464 2918 nullos
3504 2862 3705 2927 ditior,
3757 2875 3838 2916 nev:

2073 2973 2112 3028 ε
2151 2950 2324 3007 rebus
2352 2949 2677 3020 opulentior
2715 2949 3035 3020 videretur;
3069 2964 3201 3006 cum
3245 2953 3482 3007 Romam
3513 2950 3599 3005 ire
3630 2951 3838 3011 debuit,

2149 3053 2208 3095 se
2230 3039 2577 3094 monachum
2621 3038 2936 3106 devovens,
2985 3045 3250 3095 sanctum
3296 3039 3648 3109 Eugendum
3698 3039 3839 3092 adire

2148 3127 2454 3197 disposuit:
2486 3141 2602 3197 quo
2625 3134 2928 3196 postquam
2972 3135 3312 3197 perventum
3345 3134 3448 3195 est,
3475 3128 3710 3197 junctis
3746 3128 3838 3184 sibi

2147 3215 2217 3272 de
2293 3215 2510 3271 familia
2575 3216 2924 3285 quibusdam
2984 3215 3123 3271 viris
3182 3216 3568 3282 nobilissimis,
3651 3230 3842 3272 omnes

2148 3303 2362 3373 pariter
2419 3319 2551 3360 cum
2601 3304 2810 3374 gaudio
2875 3311 3085 3360 sanctae
3164 3305 3473 3372 Trinitatis,
3546 3305 3845 3377 religionis

2149 3392 2414 3448 habitum
2448 3399 2845 3462 susceperunt.

2216 3481 2361 3538 Nam
2392 3495 2525 3536 cum
2557 3481 2694 3536 olim
2735 3481 2926 3536 adhuc
2975 3481 3032 3535 in
3063 3481 3273 3538 sacculo
3301 3480 3518 3550 positus
3547 3480 3612 3536 in
3647 3481 3842 3537 febrim

2147 3575 2457 3636 teneretur,
2513 3569 2716 3625 beatus
2762 3569 3123 3640 Arnulphus,
3171 3577 3228 3626 et
3271 3569 3391 3639 ipse
3435 3577 3682 3626 sanctus
3729 3572 3844 3626 Eu-

2147 3658 2390 3729 gendus,
2433 3657 2699 3728 aliusque
2743 3658 2913 3728 cujus
2941 3672 3148 3713 nomen
3177 3665 3232 3714 et
3277 3658 3476 3714 faciem
3516 3658 3840 3729 ignorabat.

2145 3745 2447 3800 dormienti
2483 3745 2560 3800 illi
2591 3744 2649 3799 in
2698 3743 2972 3801 viridario
3012 3753 3426 3816 apparuerunt,
3469 3746 3845 3803 admonentes

2148 3841 2211 3889 ut
2239 3833 2377 3889 illuc
2404 3834 2604 3901 abiret,
2641 3834 2835 3905 ibique
2866 3835 2978 3890 Deo
3010 3833 3262 3889 militans
3300 3843 3688 3904 permaneret,
3723 3849 3842 3904 per-

2145 3937 2385 3977 manens
2413 3922 2521 3978 sub
2569 3922 2774 3979 abbate
2823 3922 3140 3978 monachus
3178 3921 3547 3978 ordinaretur
3594 3929 3843 3977 etesset.

2143 4010 2251 4078 Qui
2283 4012 2474 4068 statim
2505 4025 2540 4067 a
2586 4011 2792 4068 lectulo
2835 4025 3080 4081 surgens
3132 4011 3204 4066 ab
3254 4011 3589 4066 infirmitate
3631 4024 3847 4067 conva-

2149 4099 2272 4168 luit,
2322 4107 2376 4156 et
2421 4114 2556 4156 voce
2595 4113 2805 4171 magna
2846 4099 3117 4155 clamavit
3163 4099 3389 4155 dicens:
3431 4097 3625 4153 Sanus
3673 4113 3845 4156 sum:

2143 4195 2198 4244 et
2253 4188 2293 4243 ii
2345 4189 2447 4258 qui
2496 4188 2736 4244 aderant
2789 4195 2902 4243 tres
2957 4186 3196 4253 domini,
3249 4187 3349 4243 ubi
3404 4193 3558 4253 sunt,
3621 4195 3676 4241 et
3734 4201 3848 4256 quo

347 4256 502 4344 sunt,
553 4251 704 4344 regis
753 4253 1154 4344 [dispaniarum
1198 4256 1432 4312 Anfursi
1485 4257 1573 4332 [ιτ.
1627 4263 1924 4340 Alphonsi]
1977 4277 2032 4325 et
2063 4271 2108 4326 D
2146 4251 2462 4331 abierunt?
2507 4274 2616 4342 Qui
2673 4289 2807 4331 vero
2863 4275 2934 4330 de
2989 4251 3208 4331 familia
3272 4251 3576 4344 praesentes
3646 4251 3846 4330 adfue-

348 4338 573 4395 Boberti
608 4339 881 4411 principis
928 4342 1153 4411 Apuliae
1195 4344 1466 4414 neglectis
1509 4351 1745 4420 nuntiis,
1782 4353 1879 4410 tibi
1908 4338 2036 4412 eam

347 4426 577 4482 tradens
606 4428 665 4484 in
693 4443 933 4485 uxorem
965 4438 1017 4486 te
1046 4430 1210 4502 elegi,
1243 4439 1296 4487 te
1321 4433 1666 4494 haereditatis
1686 4455 1825 4498 meae
1856 4443 2038 4500 filium

346 4515 647 4586 adoptans.
690 4517 911 4574 Deliciae
942 4533 1082 4574 meae
1113 4518 1210 4574 tibi
1241 4523 1706 4598 reputabuntur;
1730 4531 1898 4586 amici
1928 4533 2039 4589 mei

347 4605 432 4659 tui
461 4613 652 4673 erunt,
685 4615 738 4663 et
768 4607 984 4663 inimici
1033 4607 1312 4664 similiter.
1352 4632 1370 4656 ο
1405 4610 1478 4666 At
1531 4613 1652 4671 haec
1708 4617 1799 4675 vir
1836 4619 2040 4678 beatus

347 4693 499 4749 hanc
543 4694 752 4751 diaboli
792 4697 1028 4753 credens
1084 4697 1536 4769 prosperitatem,
1582 4704 1685 4774 qui
1725 4707 2038 4767 electorum

345 4782 519 4837 corda
560 4783 758 4840 multis
820 4785 1140 4842 circumdat
1208 4786 1451 4855 insidiis,
1503 4788 1638 4848 licet
1688 4795 1937 4854 nihilum
1983 4807 2039 4856 et

347 4869 516 4926 inane
543 4871 712 4928 corde
738 4876 1032 4941 reputans,
1073 4874 1289 4944 gratias
1318 4881 1506 4932 tamen
1547 4892 1684 4937 voce
1713 4883 2038 4943 humillima

346 4958 614 5027 referens,
651 4961 874 5016 aiebat:
915 4984 933 5010 ι
982 4962 1255 5030 Magnum
1303 4969 1358 5018 et
1403 4973 1666 5033 apertum
1711 4978 1794 5027 est
1824 4972 2038 5030 benefi-

343 5047 498 5102 cium
527 5047 682 5117 quod
712 5049 970 5118 pueritiae
1006 5063 1146 5106 mete
1193 5049 1538 5121 praestitisti;
1589 5057 1684 5112 sed
1717 5067 1904 5129 grates
1933 5061 2034 5118 tibi

343 5135 524 5192 refero
578 5135 757 5193 multo
805 5137 1010 5194 melius
1057 5137 1362 5210 pollicenti.
1409 5139 1669 5211 Dignitas
1711 5153 1833 5216 tua,
1887 5149 2035 5206 sicut

341 5223 618 5294 scriptum
646 5231 746 5292 est,
799 5225 859 5282 in
904 5228 1229 5287 humilitate
1265 5233 1574 5301 descendit,
1613 5241 1676 5290 ut
1724 5236 2030 5294 exaltetur.

344 5311 648 5368 Humilitas
672 5327 820 5380 mea,
851 5315 959 5372 nisi
990 5316 1048 5372 in
1089 5319 1408 5389 gratiarum
1439 5322 1659 5378 actione
1693 5323 1793 5378 tibi
1814 5324 2036 5395 jugiter

342 5399 704 5468 subjiciatur,
738 5410 992 5461 meretur
1020 5413 1085 5462 ut
1135 5406 1386 5464 deterius
1428 5416 1680 5466 corruat.
1732 5410 1807 5467 At
1850 5412 2034 5469 obsta-

343 5485 538 5542 culum
585 5489 750 5545 nobis
790 5493 1116 5564 opponitur,
1168 5496 1322 5566 quod
1358 5497 1522 5555 valde
1571 5499 1913 5571 ambiguum
1951 5509 2035 5558 est

2147 4370 2279 4419 rant
2310 4363 2637 4434 ignorantes
2657 4363 2796 4434 quid
2815 4363 3044 4430 diceret,
3079 4377 3137 4419 se
3167 4362 3390 4418 nescire
3415 4361 3658 4433 professi
3690 4371 3844 4418 sunt.

2218 4451 2404 4522 Igitur
2434 4451 2734 4518 Flandrize,
2768 4451 3219 4516 Northmanniae,
3264 4451 3606 4520 czeterisque
3647 4452 3850 4508 Gallia—
3919 4507 3921 4516 γ

2145 4554 2278 4596 rum
2325 4540 2583 4610 partibus
2633 4555 2818 4610 usque
2865 4540 2936 4596 ad
2984 4540 3124 4596 fines
3168 4539 3506 4605 Germaniae,
3548 4540 3709 4595 tanti
3747 4541 3850 4595 viri
3919 4579 3921 4590 .

2145 4643 2378 4686 rumore
2403 4637 2664 4699 suscepto
2693 4637 2924 4699 stupore
2949 4629 3149 4698 repleti
3192 4629 3598 4695 mirabantur;
3636 4631 3853 4699 quippe

2145 4716 2247 4784 qui
2279 4722 2449 4771 notus
2505 4715 2837 4786 regionibus
2867 4715 2976 4770 illis
3028 4714 3268 4770 dilectus
3313 4713 3576 4779 Domino,
3637 4722 3696 4770 et
3742 4724 3853 4770 tam

2145 4804 2358 4860 charus
2408 4804 2679 4860 omnibus
2729 4803 2870 4872 erat,
2920 4811 3211 4874 quatenus
3267 4803 3432 4873 Hugo
3489 4802 3854 4874 Burgundiae

2143 4893 2287 4958 dux,
2331 4905 2637 4962 comesque
2689 4889 3137 4959 Matisconensis,
3198 4889 3577 4960 ejusdemque
3630 4892 3857 4948 ordinis

2143 4979 2540 5051 quamplures,
2567 4979 2793 5049 pietatis
2818 4978 3026 5035 affectu
3046 4986 3102 5035 et
3127 4979 3284 5035 illius
3305 4978 3518 5034 amoris
3540 4978 3854 5037 dulcedine

2144 5067 2504 5136 inﬂammati,
2537 5081 2700 5123 arma
2739 5067 3086 5136 deponerent
3121 5066 3400 5122 saeculum
3431 5065 3854 5137 relinquentes.

2141 5155 2281 5222 Quis
2311 5154 2464 5210 enim
2508 5153 2662 5210 illius
2689 5153 2953 5223 exemplo
3001 5153 3432 5210 conversionem
3467 5167 3714 5210 morum
3761 5171 3858 5226 pe—

2143 5243 2301 5298 nitus
2346 5257 2460 5297 non
2493 5248 2802 5311 appeteret,
2858 5255 2924 5298 ac
2975 5242 3106 5297 vitae
3161 5241 3514 5312 propositum
3548 5241 3611 5296 in
3648 5244 3859 5299 melius

2142 5345 2256 5386 non
2311 5331 2612 5387 mutaret?
2658 5330 2887 5394 Nobiles
2941 5332 3152 5401 pariter
3202 5338 3258 5388 et
3303 5331 3606 5403 ignobiles,
3658 5335 3860 5390 audito

2141 5417 2269 5490 ejus
2296 5418 2545 5486 nomine,
2579 5419 2978 5476 mutabantur.
3002 5420 3172 5478 Nunc
3195 5419 3268 5477 ad
3282 5433 3348 5476 ea
3370 5434 3502 5490 quae
3523 5423 3861 5481 monachus

2143 5503 2395 5574 explevnt
2424 5505 2745 5562 redeamus.
