3944 6084
132 244 264 295 1217

795 373 1027 431 CAPUT
1062 375 1184 430 VII.

200 479 304 534 Hic
327 486 410 534 est
441 477 634 535 Simon
653 479 942 547 obediens,
976 481 1070 536 sed
1120 495 1234 536 non
1286 481 1378 538 ille
1419 483 1658 553 primus.
1721 485 1824 539 Hic

127 575 192 624 ut
248 567 496 622 nominis
524 569 612 623 sui
671 569 848 623 haeres
889 567 1171 635 existeret,
1233 585 1535 641 nunquam
1580 572 1636 626 in
1683 573 1822 628 obe-

125 657 338 712 dientia
371 656 582 712 dicitur
614 657 923 725 restitisse;
959 659 1057 713 ubi
1088 672 1224 714 vero
1248 661 1629 716 monasticum
1659 675 1824 716 sum—

129 746 237 814 psit
266 745 694 813 indumentum,
726 753 970 801 stratum
1001 761 1173 803 suum
1205 749 1262 802 in
1295 750 1599 804 secretario
1654 749 1826 805 eccle-

128 833 226 889 siae
249 848 484 903 ponens,
517 843 682 890 nocte
708 834 818 890 sub
853 835 1037 892 silenti
1098 836 1302 892 lectulo
1359 852 1624 908 surgens,
1671 839 1827 893 solus

131 922 190 977 in
219 921 467 978 oratorio
491 922 735 979 orationi
766 924 1028 980 vacabat.
1068 925 1310 996 Jejuniis
1355 941 1488 982 vero
1530 934 1643 982 tam
1675 941 1826 998 prae-

135 1019 331 1081 potens
349 1019 491 1079 erat,
524 1019 589 1067 ut
619 1020 869 1081 tempore
901 1013 1014 1080 illo,
1047 1029 1177 1070 cum
1215 1029 1330 1084 prae
1375 1023 1640 1086 egestate,
1696 1031 1826 1086 quae

136 1101 422 1171 regionem
451 1100 607 1156 illam
655 1106 807 1155 675
837 1101 1205 1158 vehementer
1240 1103 1551 1174 affligebat,
1575 1103 1827 1160 triticum

135 1196 198 1244 ut
229 1189 395 1257 panis
425 1189 582 1244 fieret
632 1190 801 1244 etiam
835 1190 906 1244 ad
927 1204 1071 1259 opus
1101 1191 1254 1246 illius
1283 1192 1573 1260 defuisset,
1621 1207 1826 1263 panem

135 1291 332 1333 avena:
357 1277 574 1333 siccum
602 1285 658 1333 et
705 1278 920 1349 gratias
953 1293 1130 1350 agens
1171 1279 1231 1335 in
1284 1280 1590 1337 refectione
1651 1283 1828 1351 perci-

135 1373 312 1435 peret.

203 1455 466 1524 Cumque
495 1469 750 1524 genuum
782 1455 1107 1523 inﬂexione,
1132 1455 1489 1526 jejuniorum
1532 1459 1829 1527 afﬂiction,

134 1541 457 1610 infirmitas,
503 1557 634 1612 quae
677 1543 983 1598 vehemens
1031 1544 1300 1612 irrueret,
1349 1559 1545 1616 crura,
1599 1549 1832 1618 turgida

134 1630 461 1698 reddidiset,
494 1639 548 1686 et
587 1631 756 1701 quasi
801 1632 1006 1700 sopita,
1059 1633 1198 1688 adeo
1240 1641 1303 1688 ut
1364 1635 1514 1705 ignis
1543 1636 1802 1692 ardorem

1027 243 1256 300 ADDIT.
1287 273 1355 284 —
1392 245 1548 300 VITA
1586 245 1647 301 Β.
1689 247 1962 306 SIMONIS
1999 249 2160 305 COM.
2201 250 2720 307 CRESPEIENSIS.

3495 262 3630 314 1218

1853 383 1898 438 Δ
1935 387 2116 436 ventu
2167 381 2334 436 taedio
2371 381 2708 439 viderentur
2735 383 3113 454 incommoda,
3137 387 3310 444 eremi
3371 389 3630 448 solitudi-

1930 482 2062 523 nem
2095 469 2462 539 concupivit:
2497 471 2650 527 unde
2673 474 2999 529 monasterii
3044 475 3268 532 Patrem
3299 479 3516 546 adiens,
3569 489 3632 536 ut

1933 555 2070 612 illuc
2100 555 2400 627 gradiendi
2450 559 2678 615 licentia
2736 561 2786 615 ei
2844 562 3100 630 daretur,
3153 577 3317 633 prece
3374 581 3485 620 non
3526 568 3632 622 mi-

1931 644 2088 698 nima
2119 645 2391 715 deposcit,
2424 655 2479 702 et
2531 648 2774 718 adeptus
2823 658 2925 704 est.
2962 653 3083 714 Qua
3113 659 3364 721 accepta,
3397 667 3630 711 assum-

1933 733 2044 802 ptis
2074 747 2267 788 secnm
2303 735 2499 803 paucis
2529 736 2597 791 de
2629 737 2926 804 fratribus,
2963 753 3212 808 quorum
3244 741 3363 807 vita
3411 741 3633 812 religio-

1931 821 2096 876 sitate
2137 822 2402 892 pollebat,
2435 839 2566 880 cum
2602 826 2922 882 humilitate
2949 828 3174 883 recedit.

2003 907 2149 973 Quid
2205 908 2280 964 ibi
2330 912 2642 969 adveniens
2703 916 2876 986 gessit
2928 915 2986 970 in
3047 931 3232 986 opere,
3290 926 3629 990 quantaque

1934 1009 2038 1065 pro
2068 996 2274 1053 Christi
2302 1001 2532 1056 nomine
2562 1016 2864 1072 perpessus
2892 1011 2996 1072 est,
3059 1012 3120 1060 ut
3166 1006 3496 1076 exemplum
3532 1008 3630 1064 fiat

1934 1083 2323 1154 audientibus,
2379 1089 2680 1158 propalare
2729 1105 2954 1147 necesse
2991 1100 3095 1148 est.
3141 1093 3319 1162 Coepit
3373 1109 3628 1165 namque

1938 1181 2001 1228 ut
2029 1173 2097 1228 de
2130 1175 2360 1244 proprio
2413 1191 2695 1234 manuum
2744 1180 2978 1247 viveret,
3055 1182 3153 1236 ubi
3221 1183 3424 1239 novale
3474 1184 3633 1240 fieret

1936 1260 2194 1318 scindere
2240 1277 2373 1320 cum
2419 1267 2626 1322 securi.
2659 1267 2832 1324 Cibus
2879 1277 3000 1324 erat
3032 1270 3237 1337 tenuis,
3289 1272 3453 1340 panis
3498 1287 3631 1328 cum

1937 1361 2110 1419 aqua,
2141 1349 2409 1422 legumen
2435 1362 2490 1409 et
2524 1368 2689 1422 poma
2737 1356 3020 1412 silvestria
3058 1373 3190 1413 cum
3223 1359 3415 1416 labore
3445 1361 3631 1431 gravi,

1938 1440 1994 1488 et
2044 1433 2149 1490 hoc
2199 1437 2370 1492 semel
2416 1437 2473 1492 in
2525 1439 2638 1507 die,
2685 1449 2926 1510 excepta
2977 1442 3274 1497 Dominica
3311 1451 3366 1499 et
3395 1444 3486 1500 die
3537 1459 3632 1500 so-

1939 1519 2524 1594 lemni.thuaedomi
2544 1528 2884 1595 contulerat,
2916 1542 3130 1598 aquam
3169 1529 3310 1585 collo
3350 1530 3632 1596 deferens,

1943 1608 2062 1678 ipse
2092 1611 2242 1668 mala
2269 1629 2401 1670 cum
2450 1615 2745 1686 pulmento
2791 1615 3038 1671 decoxit.
3081 1618 3170 1682 Et,
3205 1633 3336 1673 cum
3394 1621 3463 1675 ad
3497 1620 3636 1692 quid

135 1679 461 1698 --_--_.---,
497 1679 547 1686 ν-
591 1679 756 1701 ηπ--
802 1679 1006 1700 "rw,
1060 1679 1196 1688 κ-νν
1242 1679 1303 1688 ..-
1365 1679 1377 1688 .
1426 1679 1514 1689 ...υ
1543 1679 1802 1692 ......,......
2453 1679 2470 1686 -
3160 1679 3166 1682 ς
3518 1679 3532 1692 .

135 1719 264 1774 licet
324 1720 435 1789 pati
496 1720 808 1786 videretur,
870 1722 1102 1776 minime
1154 1679 1417 1790 sentiret:D
1463 1723 1642 1780 abbas
1687 1680 1830 1781 suus
1863 1679 1904 1734 Β
1950 1700 2478 1790 οβθτδιξάυπιῐοτθε
2524 1705 2919 1774 egrederetur,
2953 1705 3154 1775 Siquis
3182 1720 3402 1776 Pauper
3427 1724 3637 1766 ουσαν-

135 1818 274 1858 voce
297 1803 620 1859 humillima
654 1805 994 1872 precabatur
1023 1814 1086 1860 ut
1132 1805 1419 1876 levigandi
1467 1808 1653 1878 gratia
1692 1810 1834 1864 cali—

137 1907 242 1964 gas
266 1893 657 1960 abstraheret;
691 1901 749 1948 at
780 1892 890 1960 ille,
946 1901 1010 1948 ut
1067 1901 1190 1950 erat
1235 1894 1388 1950 mitis
1439 1896 1690 1966 eloquio,
1726 1898 1833 1953 hu-

137 1981 350 2037 militer
397 1982 710 2051 abnegans,
760 1994 818 2035 se
845 1980 917 2035 ad
947 1981 1236 2038 modicum
1267 1985 1480 2053 perpeti
1524 1987 1834 2055 respondit,

137 2078 191 2126 et
251 2071 356 2125 hoc
413 2069 610 2124 leviter
651 2081 811 2138 posse
863 2068 1166 2126 sustinere.
1217 2071 1391 2128 Nocte
1442 2087 1578 2129 vero
1637 2075 1837 2130 subse-

139 2158 360 2229 quenti,
415 2158 656 2213 Domino
700 2152 1061 2226 propitiante,
1121 2158 1218 2214 illo
1275 2161 1612 2232 casterisque
1670 2163 1840 2233 igno-

137 2247 424 2313 rantibus,
479 2246 778 2301 abstractae
833 2253 971 2300 sunt
999 2246 1217 2318 caligae.
1249 2249 1510 2319 Cumque
1568 2265 1640 2305 ex
1684 2264 1841 2306 more

139 2343 206 2392 ut
263 2335 334 2390 ad
394 2334 702 2390 Matutinos
741 2346 986 2403 pergens
1043 2349 1211 2392 mane
1262 2338 1626 2407 surrexisset,
1667 2352 1840 2394 crura

139 2425 427 2486 sensisset,
459 2429 513 2478 et
543 2421 756 2492 caligas
792 2422 851 2477 in
899 2423 1170 2480 cruribus
1229 2425 1467 2481 minime
1519 2426 1838 2497 reperisset,

137 2513 434 2568 admirans
464 2511 620 2581 quod
654 2511 958 2581 acciderat,
993 2527 1186 2568 coram
1214 2527 1273 2569 se
1321 2513 1381 2569 in
1437 2514 1646 2571 lectulo
1672 2515 1843 2586 plica-

140 2607 229 2656 tas
259 2599 497 2668 invenit,
529 2613 678 2671 quas
705 2600 913 2656 iterum
933 2601 1239 2670 accipiens,
1271 2602 1419 2658 sicut
1439 2611 1839 2674 consueverat,

141 2687 415 2744 reindnit.

767 2775 999 2832 CAPUT
1028 2776 1183 2833 VIII.

213 2881 313 2937 Est
373 2888 429 2936 et
485 2881 644 2938 aliud
694 2881 982 2938 memoriae
1033 2882 1298 2953 dignum,
1357 2883 1511 2953 qnod
1563 2885 1844 2942 Dominus

143 2983 309 3026 servo
360 2983 464 3025 suo
524 2977 844 3026 monstrare
906 2971 1181 3040 dignatus
1226 2979 1347 3027 est.
1405 2971 1578 3028 Nocte
1634 2975 1842 3030 etenim
1875 2977 1912 3030 C

145 3057 421 3128 quadam,
464 3057 807 3128 priusquam
827 3058 1032 3114 fratres
1061 3059 1133 3114 ad
1154 3059 1362 3115 debita
1398 3060 1694 3116 servitutis
1715 3061 1847 3117 offi—

145 3146 302 3202 cium
332 3146 753 3216 processissent,
806 3146 899 3202 ille
957 3147 1100 3203 alios
1157 3148 1518 3216 antecedens,
1561 3158 1842 3206 monaste-

147 3235 303 3290 rium
360 3241 493 3290 ante
542 3234 719 3290 altare
757 3235 1122 3290 Dominicum
1175 3245 1450 3292 oraturus
1501 3239 1844 3308 ingreditur,

149 3323 413 3392 Cumque
461 3321 520 3377 in
544 3323 800 3378 oratione
833 3323 1174 3392 persisteret,
1224 3339 1459 3379 sursum
1513 3334 1684 3396 caput
1735 3327 1846 3383 ele-

145 3425 314 3474 vans,
348 3410 598 3466 ecclesia:
635 3409 1169 3466 fenestrasluminis
1205 3411 1505 3480 splendore
1534 3428 1849 3469 coruscan-

149 3507 234 3555 tes
312 3506 542 3568 tresque
600 3498 1023 3554 renitentissimi
1079 3499 1312 3555 habitus
1359 3500 1513 3554 viros
1564 3508 1848 3556 monaste-

149 3586 305 3643 rium
336 3587 664 3642 subintrare
697 3585 1050 3655 speculatur,
1093 3601 1279 3656 usque
1320 3586 1377 3641 in
1429 3588 1848 3659 presbyterium

148 3675 503 3741 festinantes,
565 3689 816 3744 quorum
877 3689 1033 3731 unus
1089 3676 1367 3731 sacerdoti
1426 3676 1648 3741 similis,
1707 3677 1850 3733 alter

147 3762 395 3831 diaconi,
453 3763 655 3818 tertius
704 3776 838 3818 vero
895 3763 1237 3819 subdiaconi
1286 3764 1530 3833 speciem
1591 3765 1844 3835 gerebat,

149 3850 260 3907 Ubi
281 3865 452 3919 super
480 3858 743 3906 sanctum
768 3850 970 3914 altare,
1002 3852 1360 3921 inspectante
1385 3851 1510 3907 viro
1537 3853 1655 3919 Dei,
1681 3847 1851 3922 quasi

147 3939 425 3994 solemnia
458 3938 644 3995 missae
693 3939 1055 3995 devotissime
1086 3940 1540 3995 celebraverunt.
1575 3941 1851 3996 Extrema

146 4039 286 4082 vero
314 4027 568 4082 oratione
617 4027 798 4094 finita,
849 4027 950 4097 qui
1005 4028 1268 4084 sacerdos
1307 4028 1632 4096 videbatur,
1667 4029 1847 4084 Simo-

147 4128 282 4169 nem
313 4114 670 4184 benedicens,
719 4129 839 4172 una
880 4129 1011 4171 cum
1044 4115 1212 4172 sociis
1241 4115 1313 4172 ab
1359 4116 1486 4187 ejus
1513 4116 1693 4172 oculis
1720 4131 1852 4173 eva-

150 4202 300 4258 nuit.

222 4291 381 4353 Quod
466 4291 660 4348 abbati
741 4306 864 4360 suo,
923 4295 988 4348 ut
1051 4291 1226 4347 moris
1282 4299 1382 4361 est,
1436 4291 1846 4349 confessionem

153 4376 366 4432 faciens
423 4393 536 4433 non
589 4381 816 4445 celavit,
872 4380 1110 4446 exigens
1141 4380 1212 4435 ab
1259 4395 1324 4436 eo
1375 4389 1459 4449 ut,
1496 4381 1759 4451 quandiu
1791 4381 1850 4436 in

151 4464 274 4521 vita
331 4465 682 4531 subsisteret,
725 4468 870 4523 nulli
903 4469 1127 4537 penitus
1158 4469 1458 4524 hominum
1508 4469 1847 4525 denudaret.

152 4552 347 4608 Abbas
376 4561 568 4608 autem
610 4555 812 4609 videns
840 4556 936 4610 Dei
971 4556 1259 4610 hominem
1307 4555 1623 4624 profectum
1678 4563 1854 4612 atten-

153 4641 403 4708 dentem,
455 4647 510 4696 et
559 4642 838 4710 paulatim
869 4656 1000 4711 quae
1050 4643 1151 4697 Dei
1202 4650 1338 4698 sunt
1367 4643 1608 4698 virtutes
1640 4643 1852 4699 multas

151 4729 609 4798 amplectentem,
641 4729 824 4784 altiori
856 4744 1034 4799 quam
1081 4745 1197 4800 quo
1242 4731 1534 4799 ingressus
1575 4739 1658 4786 est
1703 4731 1854 4801 capi-

152 4816 262 4873 tuli
346 4817 486 4883 loco,
568 4817 873 4872 ascendere
947 4825 1002 4872 et
1061 4818 1256 4874 sedere
1333 4817 1626 4888 praecepit:
1697 4819 1853 4889 quod

153 4905 274 4974 ipse
323 4904 635 4960 admodum
698 4907 857 4961 triste
903 4906 1108 4972 ferens,
1154 4907 1458 4962 veniarum
1506 4907 1854 4978 multiplica-

153 4992 307 5048 tione
329 4991 777 5048 misericordiam
806 4993 1159 5063 postulabat;
1201 5001 1255 5050 et
1288 4994 1393 5050 hoc
1425 4995 1628 5050 tandiu
1658 5003 1851 5052 actum

152 5087 258 5148 est,
291 5081 472 5136 donec
501 5081 575 5136 ad
613 5081 802 5136 sedem
855 5081 1156 5150 pristinam
1210 5082 1467 5138 revocari
1511 5084 1848 5152 promeruit.

820 5203 1053 5259 CAPUT
1085 5203 1186 5259 IX.

228 5307 588 5378 Perpendens
634 5307 830 5379 itaque
879 5309 1152 5365 honorem
1187 5324 1220 5364 a
1272 5308 1547 5366 fratribus
1604 5310 1710 5367 sibi
1742 5311 1854 5366 im-

154 5409 420 5466 pensum,
441 5403 821 5467 metuensque
847 5412 917 5454 ne
943 5397 1303 5468 jejuniorum
1331 5412 1570 5455 suorum
1597 5399 1851 5469 afflictio,

156 5497 262 5540 seu
288 5484 403 5540 alia
431 5485 703 5556 quaelibet
759 5487 966 5542 anime
1016 5487 1355 5556 necessaria,
1417 5487 1588 5544 alicui
1629 5489 1688 5544 in
1725 5503 1855 5546 con-

1943 1800 2078 1841 rens
2129 1789 2204 1843 ibi
2274 1789 2694 1859 eleemosynam
2768 1800 3040 1860 posceret,
3096 1795 3475 1864 dispensatori
3532 1811 3637 1854 suo

1944 1885 2293 1946 praeceperat
2317 1885 2381 1934 ut
2413 1879 2570 1934 nullo
2601 1879 2768 1934 modo
2795 1894 3015 1936 vacuus
3043 1882 3244 1938 abiret.

2625 2018 2856 2076 CAPUT
2883 2020 2954 2075 X.

2016 2139 2235 2196 Accidit
2261 2149 2453 2197 autem
2485 2150 2548 2198 ut
2578 2143 2831 2212 quadam
2858 2143 2948 2198 die
2989 2143 3174 2200 viator
3229 2146 3488 2201 esuriens
3528 2147 3640 2204 illic

1945 2241 2182 2299 agapem
2210 2229 2523 2299 postularet
2550 2246 2566 2299 ;
2589 2245 2720 2300 quae
2749 2231 2871 2286 sola
2901 2240 3254 2288 remanserat
3297 2234 3502 2291 libram
3548 2251 3642 2306 pa-

1947 2316 2036 2372 nis
2063 2318 2112 2372 ei
2146 2318 2405 2374 minister
2433 2319 2657 2374 obtulit.
2690 2320 2852 2375 Tunc
2889 2320 2980 2375 vir
3039 2321 3136 2376 Dei
3185 2337 3319 2377 cum
3366 2323 3643 2381 fratribus

1945 2405 2094 2461 silva
2122 2406 2452 2477 regrediens
2503 2407 2550 2462 si
2606 2407 2759 2462 refici
2793 2416 3019 2476 possent
3067 2409 3331 2479 inquirit.
3392 2414 3495 2467 Cui
3538 2428 3646 2468 ser-

1947 2493 2130 2550 vitor:
2191 2495 2380 2562 Panis,
2443 2495 2650 2564 inquit,
2687 2495 2873 2564 deest;
2932 2505 3068 2552 sunt
3129 2511 3293 2566 poma
3324 2497 3642 2568 silvestria;

1948 2583 2048 2652 qui
2070 2598 2195 2640 sero
2216 2584 2498 2654 superfuit
2521 2599 2730 2655 panem
2755 2585 3033 2655 indigenti
3049 2586 3289 2655 praebui.
3318 2587 3449 2642 Mox
3480 2587 3644 2643 laetus

1945 2678 2000 2728 et
2033 2672 2144 2728 Deo
2183 2673 2400 2743 gratias
2443 2687 2640 2744 agens,
2677 2674 3049 2743 fratremque,
3083 2674 3184 2744 qui
3234 2674 3376 2730 illud
3424 2683 3640 2745 egerat,

1951 2759 2307 2827 benedicens,
2388 2761 2684 2817 ecclesiam
2745 2761 2920 2817 subiit
2971 2761 3219 2817 orationi
3284 2762 3642 2819 incumbens.

1948 2848 2204 2905 Necdum
2278 2849 2552 2906 orationis
2641 2849 2818 2905 verba
2897 2849 3145 2915 finierat,
3203 2857 3259 2905 et
3334 2863 3463 2906 ecce
3556 2851 3646 2907 vir

1951 2937 2185 3006 quidam
2222 2946 2469 2994 onustus
2517 2938 2767 3008 panibus
2813 2937 3147 3003 adveniens,
3207 2937 3308 2993 hos
3349 2938 3643 3008 dispensa-

1953 3025 2060 3081 tori
2099 3025 2206 3080 sub
2235 3025 2483 3082 Simonis
2501 3026 2733 3083 nomine
2768 3025 3020 3092 tradidit,
3057 3025 3155 3094 qui
3184 3025 3308 3080 viro
3359 3026 3457 3080 Dei
3513 3039 3645 3081 cum

1952 3114 2120 3169 sociis
2165 3115 2458 3181 accersito,
2521 3115 2662 3184 quid
2721 3114 2992 3170 acciderit
3049 3120 3102 3168 et
3157 3113 3645 3182 quemadmodum

1954 3202 2232 3258 Dominus
2260 3217 2560 3258 servorum
2584 3216 2824 3258 suorum
2851 3217 2966 3257 non
2991 3209 3076 3257 est
3105 3201 3319 3257 oblitus
3349 3201 3642 3257 indicavit.

1951 3290 2041 3345 Illi
2073 3299 2266 3346 autem
2299 3291 2408 3347 sub
2439 3291 2533 3346 tali
2568 3291 2714 3347 facto
2741 3290 3063 3360 stupefacti,
3101 3291 3208 3346 hoc
3238 3289 3350 3345 viri
3397 3290 3494 3345 Dei
3522 3291 3647 3346 fidei

1952 3379 2311 3448 deputantes,
2350 3380 2529 3435 Deum
2561 3379 2776 3449 pariter
2809 3379 3219 3445 laudaverunt,
3254 3379 3314 3433 in
3347 3378 3650 3434 refectione

1953 3473 2265 3521 sumentes.

2025 3555 2280 3609 Rursum
2313 3553 2372 3608 in
2404 3567 2651 3621 nemore,
2683 3553 2776 3609 cui
2834 3553 2948 3609 fere
2995 3551 3223 3609 nullum
3276 3559 3503 3623 tempus
3547 3553 3649 3609 ha-

1955 3642 2199 3698 bebatur
2228 3656 2499 3710 vacuum,
2532 3642 2690 3712 ligna
2721 3642 3036 3698 succidenti
3093 3641 3504 3698 ferramentum
3550 3656 3649 3698 ar-

1955 3730 2090 3786 bore
2147 3743 2457 3786 excussum
2501 3730 2718 3786 vulnus
2751 3730 2890 3800 pede
2948 3729 3239 3786 incutiens
3283 3730 3652 3787 vehementer

1955 3819 2202 3874 reddidit
2247 3818 2548 3884 afflictum,
2593 3818 2733 3874 adeo
2765 3826 2829 3874 ut
2859 3818 3010 3874 domi
3068 3817 3398 3888 regrediens
3452 3817 3654 3874 alienis

1954 3914 2380 3962 sustantaretur
2431 3906 2708 3963 humeris.
2780 3905 2942 3973 Quod
2998 3905 3201 3962 fratres
3247 3905 3458 3976 oppido
3511 3921 3652 3963 con-

1955 3995 2182 4064 tristati,
2228 4002 2292 4050 ut
2330 3995 2402 4050 ad
2450 3995 2738 4051 medicum
2777 3995 2924 4050 mitti
2955 3994 3278 4062 deberetur,
3327 3994 3650 4050 insinuant.

1954 4081 2175 4149 Quibus
2252 4082 2344 4138 ille
2415 4097 2687 4150 renuens,
2757 4089 2996 4152 excepto
3073 4082 3170 4138 Dei
3250 4081 3650 4150 medicamine,

1955 4170 2290 4226 nullatenus
2342 4185 2402 4225 se
2447 4171 2592 4226 velle
2665 4171 2860 4226 sanari
2918 4171 3246 4240 respondit;
3305 4178 3362 4226 et
3439 4178 3650 4238 tamen,

1871 4269 1918 4324 1)
1954 4267 2300 4329 procurante
2332 4259 2466 4326 Deo,
2520 4273 2656 4316 mox
2687 4259 2940 4330 pristinae
2996 4260 3299 4316 restitutus
3353 4266 3438 4316 est
3492 4258 3651 4315 sani-

1959 4348 2080 4404 tati.

2028 4435 2149 4492 Sub
2216 4436 2365 4492 idem
2421 4451 2558 4492 vero
2601 4443 2828 4506 tempus
2891 4436 2983 4492 vir
3034 4435 3271 4506 quidam
3329 4433 3652 4504 religiosus,

1958 4525 2103 4579 tanti
2136 4524 2248 4580 viri
2302 4525 2514 4580 famam
2573 4525 2834 4591 audiens,
2889 4523 3069 4579 ferreo
3127 4522 3369 4579 vestitus
3436 4521 3654 4576 amictu

1959 4624 2134 4680 super
2157 4611 2334 4676 nudo,
2384 4611 2452 4666 de
2507 4611 2828 4681 longinquo
2879 4610 3100 4666 visendi
3153 4609 3345 4680 gratia
3393 4607 3552 4664 venit
3583 4607 3654 4662 ad

1958 4713 2127 4769 eum;
2163 4699 2266 4768 qui
2322 4698 2521 4754 devote
2569 4701 2806 4754 veniens
2839 4698 3103 4753 devotius
3140 4698 3212 4752 ab
3242 4711 3308 4752 eo
3356 4703 3658 4766 susceptus

1958 4794 2062 4842 est.
2119 4785 2300 4852 Quein
2360 4793 2665 4856 postquam
2694 4790 2845 4839 om
2883 4785 3145 4840 secretim
3176 4785 3498 4854 alloquens,
3556 4799 3654 4840 ne-

1960 4875 2114 4931 scius
2142 4889 2258 4945 quo
2307 4873 2564 4941 docente,
2597 4874 2678 4929 sic
2729 4873 2998 4929 indutum
3047 4873 3342 4943 comperit,
3401 4886 3653 4928 summo-

1940 4977 2091 5034 .pere
2143 4963 2484 5032 deprecatur
2535 4961 2922 5032 puenitentiale
2984 4961 3124 5016 illud
3181 4960 3288 5016 sibi
3344 4960 3506 5016 dari:
3555 4960 3653 5029 qui

1961 5051 2229 5122 precibus
2254 5051 2380 5121 ejus
2425 5063 2710 5118 annuens,
2764 5049 2892 5105 licet
2932 5049 3151 5106 invitus
3201 5049 3439 5116 dimisit,
3487 5056 3542 5103 et
3570 5048 3659 5102 ab-

1961 5139 2175 5195 scessit.
2209 5138 2400 5194 Simon
2454 5151 2606 5205 vero,
2667 5137 2740 5194 ab
2784 5137 2990 5193 abbate
3032 5137 3132 5192 vix
3171 5137 3374 5206 adepta
3404 5135 3654 5204 licentia,

1961 5241 2168 5296 corpus
2201 5233 2486 5293 tenerum,
2517 5225 2740 5296 abjecto
2767 5225 2951 5280 cilicio
2979 5239 3095 5295 quo
3126 5225 3419 5291 utebatur,
3453 5223 3658 5279 durius

1964 5317 2105 5373 illud
2140 5315 2326 5372 induit
2355 5315 2558 5372 diebus
2610 5313 2825 5383 multis,
2879 5314 3127 5370 cadaver
3173 5312 3431 5368 afficiens
3482 5312 3658 5367 semi-

1962 5411 2294 5461 mortuum:
2345 5403 2501 5474 quod
2533 5402 2827 5474 ferrugine
2881 5403 3146 5468 tinctum,
3194 5399 3492 5457 clavorum
3532 5407 3661 5456 tun-

1962 5488 2222 5546 sionibus
2274 5488 2557 5554 attritum,
2618 5494 2737 5543 tam
2765 5486 3009 5543 lividum
3038 5491 3092 5540 et
3124 5483 3468 5541 dilaniatum
3524 5485 3659 5540 red-
