3924 6090
341 244 475 295 1219

1367 235 1462 290 AD
1501 236 1651 292 OPP.
1693 237 1852 292 VEN.
1895 234 2230 292 GUIBERTI
2269 233 2362 288 DE
2405 232 2793 289 NOVIGENTO
3736 240 3830 290 (ἓξ

333 375 494 442 didit,
528 381 592 431 ut
635 373 735 445 qui
793 373 954 428 vidit.
1012 377 1306 437 assereret,
1369 370 1524 440 quod
1589 373 1760 424 etiam
1791 383 2029 424 saxeum
2061 371 2103 425 A
2143 368 2356 438 pariter
2381 375 2436 423 et
2468 367 2646 438 ignoti
2707 367 2992 424 Simonem
3024 367 3360 440 diligebant,
3396 363 3713 426 Simonem
3744 387 3839 426 cer-

338 473 534 535 pectus
556 465 644 534 pie
679 464 736 518 in
767 461 994 518 ﬂetibus
1023 459 1224 516 molliri
1256 473 1418 529 posse
1448 459 1757 513 videretur.

1010 600 1241 662 CAPUT
1269 601 1358 655 Χῐ.

407 727 617 783 Eodem
649 741 784 781 vero
819 732 1064 795 tempore
1111 725 1274 780 bona:
1315 724 1602 780 memoriae
1662 723 1901 792 Hugone
1932 721 2032 777 ab-

336 816 464 871 bate
512 813 976 871 Cluniacensium
1026 820 1267 883 rogante
1302 820 1365 868 ut
1415 812 1535 882 ipse
1583 811 1786 867 beatus
1837 811 1927 866 vir
1973 811 2029 864 in

337 903 574 961 Galliam
607 902 1084 973 proﬁcisceretur,
1120 909 1184 957 ut
1217 915 1319 970 pro
1350 915 1414 956 eo
1446 914 1637 970 regem
1680 901 2029 955 Francorum

337 991 686 1060 Philippum.
719 989 818 1060 qui
851 989 955 1044 sibi
995 989 1258 1059 quaedam
1293 988 1606 1050 auferebat,
1641 987 2035 1056 alloqueretur

335 1089 390 1136 et
418 1081 745 1149 corriperet,
797 1078 1020 1133 abbatis
1048 1077 1138 1132 sui
1194 1077 1429 1146 imperio
1491 1077 1549 1129 in
1599 1074 1840 1130 Galliam
1896 1087 2034 1143 pro-

339 1169 520 1225 fectus
544 1174 646 1222 est.

409 1255 628 1311 Accidit
656 1254 944 1324 autemgeo
970 1252 1359 1323 proflciscente
1398 1250 1550 1321 apud
1595 1248 2030 1319 Compendium,

335 1343 609 1414 oppidum
670 1342 842 1412 regis,
889 1349 954 1397 ut
985 1341 1287 1396 sudarium
1322 1339 1547 1394 Domini
1581 1337 1760 1393 levari
1793 1337 2032 1393 debuis-

337 1439 440 1500 set,
470 1438 524 1488 et
563 1445 735 1500 capsa
786 1442 964 1485 aurea
994 1427 1289 1484 decentius
1315 1427 1560 1497 deponi;
1597 1425 1750 1496 quod
1781 1425 1874 1479 vir
1916 1424 2032 1478 Do-

335 1519 476 1575 mini
517 1518 778 1585 audiens,
817 1518 886 1573 ab
915 1516 1117 1572 itinere
1149 1515 1305 1586 quod
1338 1515 1550 1571 rectius
1592 1514 1916 1578 videbatur,
1969 1519 2033 1566 ut

336 1608 474 1665 illuc
515 1607 716 1674 abiret,
747 1607 1174 1676 aliquantulum
1230 1604 1458 1660 divertit
1509 1617 1575 1659 ac
1629 1601 1686 1657 in
1735 1601 1895 1658 brevi
1919 1601 2034 1655 Do-

2144 469 2277 510 nere
2307 455 2680 522 lzetabantur;
2712 470 2825 511 non
2861 457 2968 512 hoc
2997 457 3251 525 fortuito,
3283 459 3377 514 sed
3413 459 3513 514 Dei
3554 458 3840 528 dispensa-

2142 543 2295 598 tione
2329 544 2447 598 ﬁeri
2480 544 2832 600 credendum
2860 552 2963 600 est.

2214 632 2356 686 Ecce
2399 633 2648 687 occurrit
2681 633 2737 687 in
2795 633 3071 689 memoria
3118 633 3277 689 mirae
3326 633 3511 704 ipsius
3568 634 3842 704 patienti-2

2144 719 2382 784 bonum,
2433 720 2587 789 quod
2653 721 2850 776 eodem
2905 721 3105 777 itinere
3162 723 3441 778 sustinuit
3511 723 3843 778 necessitate

2141 808 2493 876 compulsus.
2541 808 2685 863 Nam
2744 824 2876 864 cum
2925 809 3078 878 apud
3138 811 3494 866 Firmitatem
3553 812 3838 866 castella:

2142 910 2273 966 quae
2319 896 2452 951 olim
2501 896 2682 966 ipsius
2715 897 3016 953 htereditas
3064 898 3216 953 dicta
3245 908 3347 964 est,
3385 900 3441 954 in
3479 900 3738 969 propria
3769 901 3843 953 de-

2141 994 2483 1052 moraretur,
2517 985 2768 1040 amicum
2796 987 3105 1056 quemdam
3138 987 3208 1041 ad
3240 1001 3299 1042 se
3326 987 3396 1042 de
3423 988 3578 1043 villa
3618 989 3843 1042 venien-

2142 1080 2273 1139 tem,
2336 1073 2562 1129 videndi
2620 1074 2895 1130 desiderio
2945 1088 3271 1142 accensum,
3306 1091 3465 1132 unus
3518 1090 3604 1132 ex
3663 1077 3738 1130 iis
3769 1092 3830 1146 qn

2142 1168 2398 1230 raptores
2439 1161 2733 1230 dicuntur,
2781 1162 3090 1232 improvise
3130 1163 3451 1232 prosiliens,
3485 1171 3748 1233 captum
3777 1179 3840 1219 ra-

2144 1250 2267 1320 puit
2296 1257 2352 1306 et
2387 1249 2646 1306 abcessit.
2681 1249 2840 1316 Quod
2892 1251 2968 1306 ibi
3003 1251 3211 1307 milites
3238 1261 3292 1307 et
3320 1253 3429 1307 viri
3467 1253 3712 1308 nobiles
3761 1254 3842 1306 ad-

2145 1346 2461 1405 verterunt,
2510 1339 2667 1395 triste
2705 1339 3019 1395 admodum
3051 1340 3314 1408 ferentes,
3357 1341 3764 1410 quaesierunt,
3807 1352 3842 1396 et

2143 1435 2404 1497 repertus
2449 1433 2551 1483 est.
2589 1428 2804 1484 Eruere
2833 1427 3048 1494 oculos,
3081 1442 3183 1483 seu
3231 1429 3395 1485 aliter
3433 1429 3747 1499 justitiam
3776 1431 3840 1485 fa-

2141 1530 2268 1572 cere
2292 1515 2689 1570 minabantur.
3142 1562 3149 1568 .

2227 1605 2319 1660 vir
2373 1612 2566 1660 autem
2610 1604 2836 1660 Domini
2893 1605 3306 1670 innocentiam,
3369 1613 3426 1661 et
3484 1605 3647 1661 illud
3711 1608 3835 1677 quod

335 1699 490 1754 mino
515 1697 757 1752 ducente
781 1666 1068 1764 pervenit;
1103 1693 1204 1763 qui
1237 1693 1383 1748 beati
1415 1691 1658 1748 Cornelii
1711 1689 1875 1760 quasi
1927 1689 2034 1744 sub
2067 1666 2106 1720 Β
2145 1693 2428 1762 scriptum
2475 1700 2560 1748 est
2589 1692 2758 1748 corde
2808 1693 3102 1749 retinens:
3141 1715 3163 1741 ι
3201 1693 3335 1750 Mihi
3369 1666 3837 1764 vindictam:ng

341 1785 565 1842 occulto
597 1782 871 1852 templum
918 1790 1190 1836 oraturus
1225 1781 1537 1851 ingressus,
1588 1793 1622 1834 a
1660 1777 2032 1848 quibusdam,

341 1875 443 1945 qui
477 1871 764 1929 festivitati
816 1869 1150 1935 intererant,
1205 1869 1397 1923 statim
1430 1867 1784 1938 agnoscitur,
1815 1873 1868 1922 et
1900 1879 2034 1921 mox

343 1963 493 2019 fama
532 1959 862 2030 pervolante
889 1971 1089 2014 rumor
1121 1957 1177 2012 in
1204 1957 1447 2012 auribus
1492 1955 1654 2026 vulgi
1701 1954 2033 2024 suscipitur.

340 2050 463 2106 Vox
498 2047 688 2118 populi
731 2054 785 2102 et
831 2047 1013 2102 turbae
1048 2044 1292 2100 laetantis
1321 2045 1536 2100 clamor
1585 2043 1894 2099 attollitur:
1957 2041 2038 2097 Si-

341 2153 474 2194 mon
505 2137 616 2192 fere
647 2136 716 2190 ab
768 2135 1039 2190 omnibus
1091 2134 1486 2200 clamabatur;
1525 2131 1717 2188 Simon
1775 2130 2034 2187 certatim

339 2225 633 2295 aspicitur,
663 2231 719 2280 et
747 2222 826 2279 sic
858 2237 1045 2292 usque
1075 2222 1144 2277 ad
1183 2221 1458 2292 palatium
1490 2221 1658 2289 regis,
1693 2220 1810 2284 vix,
1865 2218 2036 2274 turba

340 2319 648 2385 premente,
682 2311 1067 2368 subtrahitur.

408 2402 588 2469 Quem
641 2415 764 2466 rex,
815 2399 917 2471 qui
965 2412 1152 2469 nuper
1214 2399 1545 2462 advenerat,
1601 2394 2036 2467 diligentissime

340 2489 568 2545 intuens
597 2488 812 2543 honore
849 2485 1142 2556 perdebito
1196 2485 1465 2554 suscepit,
1525 2496 1778 2553 eumque
1830 2481 2036 2538 blande

337 2578 622 2633 allocutus
668 2576 714 2631 si
745 2575 886 2646 quid
913 2575 984 2630 ab
1015 2589 1079 2629 eo
1111 2574 1440 2644 postularet,
1478 2587 1537 2628 se
1585 2570 1821 2640 obsequi
1883 2584 2034 2640 pra:-

339 2674 605 2736 paratum
629 2663 997 2720 libentissime
1042 2662 1387 2732 repromisit.
1438 2661 1538 2716 Ille
1585 2674 1720 2716 vero
1750 2657 2036 2729 petitionis

337 2769 455 2810 suae
487 2769 599 2808 non
651 2754 967 2818 immemor,
1001 2751 1141 2822 quid
1181 2751 1289 2807 sibi
1349 2755 1650 2821 quareret,
1684 2747 1954 2817 innotuit,
1981 2753 2036 2801 et

335 2843 483 2896 sicut
515 2839 772 2910 petierat,
806 2839 1154 2909 impetravit.

2145 1781 2480 1844 retribuam,
2544 1780 2681 1835 dicit
2745 1781 3023 1836 Dominus
3073 1781 3257 1851 (Rom.
3303 1798 3403 1848 xn,
3473 1782 3600 1850 19),
3671 1804 3693 1831 ι
3748 1783 3837 1837 fieri

2143 1869 2377 1924 omnino
2420 1867 2734 1937 prohibuit.
2779 1869 2940 1924 Tunc
2970 1883 3127 1924 unus
3149 1884 3221 1925 ex
3251 1870 3439 1933 sociis,
3478 1871 3772 1926 accersito
3796 1886 3837 1924 ea

2143 1964 2356 2012 secreto
2385 1957 2720 2026 alloquitur,
2749 1957 2893 2012 scire
2912 1957 3112 2012 volens
3141 1958 3394 2027 qualiter
3419 1967 3480 2014 et
3511 1974 3644 2029 quo
3673 1962 3837 2014 animo

2145 2045 2300 2100 illam
2334 2044 2609 2115 injuriam
2649 2045 2866 2100 illatam
2895 2045 3222 2112 sustineret,
3257 2046 3301 2100 si
3347 2047 3613 2103 dedecus
3643 2049 3834 2103 illatum

2145 2133 2218 2189 ab
2267 2133 2462 2202 aliquo
2504 2132 2561 2188 in
2597 2132 2829 2202 propria
2876 2133 3131 2200 sentiret,
3178 2135 3365 2205 magis
3406 2149 3538 2191 esse
3571 2150 3638 2193 se
3670 2137 3836 2192 laetum

2143 2228 2197 2277 et
2227 2221 2441 2290 gratias
2473 2221 2586 2276 Deo
2615 2221 2888 2278 exhibere
2918 2222 3229 2291 respondit,
3261 2222 3402 2293 quia
3432 2225 3734 2292 patientia
3759 2226 3839 2280 sal-

2145 2309 2412 2366 vabimus
2440 2309 2664 2366 animas
2697 2317 2940 2365 nostras.

2789 2451 3023 2508 CAPUT
3063 2453 3188 2508 XII.

2217 2575 2654 2646 Peractisigitur
2674 2575 2732 2630 in
2749 2575 2946 2631 itinere
2959 2590 3090 2646 qua
3104 2576 3495 2646 perpetranda
3507 2586 3713 2645 erant,
3735 2593 3837 2634 ere-

2145 2678 2304 2720 mum
2327 2664 2672 2735 regrediens,
2697 2678 2827 2734 qum
2846 2664 3007 2733 prius
3027 2673 3405 2734 proposuerat
3419 2664 3646 2722 iterum
3675 2667 3840 2722 incho-

2145 2751 2282 2818 avit,
2311 2750 2507 2820 ibique
2537 2758 2822 2822 quantum
2856 2751 3017 2808 licuit
3041 2752 3223 2808 labori
3253 2767 3534 2823 corporeo
3560 2754 3838 2814 insistens,

2147 2839 2202 2895 in
2224 2839 2546 2894 humilitate
2566 2840 2916 2909 conquievit.
2941 2839 3066 2903 Sed,
3091 2856 3163 2896 ne
3183 2840 3386 2897 civitas
3402 2855 3592 2912 super
3606 2851 3838 2899 montem

409 2929 471 2984 In
527 2929 778 2985 crastino
832 2927 1028 2997 itaque
1082 2926 1439 2982 solemnitate
1493 2931 1740 2995 peracta,
1802 2932 1857 2981 et
1925 2925 2036 2981 Do-
2065 2963 2101 3016 ε
2147 2927 2346 2997 posita,
2377 2935 2432 2983 et
2460 2927 2656 2984 lumen
2688 2927 2886 2984 lateret
2917 2928 2974 2984 in
3008 2929 3276 2996 tenebris,
3327 2936 3549 2985 sanctae
3584 2932 3840 2986 Romana

336 3015 477 3071 mini
557 3017 866 3086 perspectis
948 3014 1226 3084 reliquiis,
1303 3013 1624 3084 Anglorum
1706 3027 1896 3084 regem
1974 3020 2028 3068 et

334 3108 618 3176 reginam,
651 3105 751 3175 qui
781 3117 913 3159 eum
947 3102 1294 3166 nutrierant,
1328 3101 1549 3157 visendi
1588 3102 1774 3172 gratia
1819 3101 2026 3157 North-

334 3195 630 3249 manniam
697 3205 883 3260 usque
948 3190 1292 3260 properavit,
1375 3190 1627 3260 illucque
1693 3189 2030 3259 perveniens

334 3289 534 3337 contra
565 3279 766 3346 filium,
798 3279 1109 3334 Robertum
1141 3277 1391 3347 nomine,
1428 3292 1621 3348 regem
1659 3277 2026 3333 dimicantem

333 3370 596 3434 invenit;
649 3368 750 3437 qui
813 3367 1045 3436 utrique
1100 3381 1454 3436 compassus,
1533 3380 1669 3436 pace
1723 3367 2030 3422 reformata

338 3456 676 3527 pestilentia
703 3455 920 3510 malum
952 3469 986 3509 a
1015 3455 1245 3525 regione
1277 3455 1519 3526 fugavit.

403 3544 618 3600 Audita
670 3557 805 3598 vero
865 3542 994 3612 ejus
1043 3542 1195 3598 fama
1241 3542 1343 3612 qui
1397 3541 1486 3598 sui
1540 3542 1595 3598 in
1632 3541 1840 3598 saculo
1872 3542 2029 3598 dice-

334 3631 568 3698 bantur,
603 3631 699 3685 alii
756 3636 811 3686 et
865 3629 1261 3700 quamplures,
1312 3644 1457 3700 pene
1516 3631 1722 3686 milites
1772 3630 1944 3698 mille,
1973 3631 2030 3686 in

331 3719 643 3774 adventum
674 3717 800 3787 ejus
831 3717 943 3773 laeti
963 3718 1193 3772 obviam
1229 3725 1651 3787 processerunt,
1693 3725 1748 3774 et
1781 3718 2030 3787 quisque

331 3806 400 3861 de
442 3805 673 3876 proprio
718 3819 930 3861 aurum
963 3805 1053 3861 vel
1105 3813 1434 3876 argentum,
1479 3806 1696 3862 mulam
1729 3819 1832 3861 seu
1889 3805 2035 3875 pale-

332 3894 546 3950 fridum
595 3900 660 3949 ut
698 3893 996 3964 acciperet,
1057 3893 1421 3949 devotissime
1464 3895 1886 3964 precabantur;
1941 3895 2032 3950 ille

329 3996 466 4038 vero
495 3982 634 4037 foris
680 3982 896 4052 gratias
922 3996 1122 4052 agens,
1154 3982 1323 4038 corde
1367 3996 1469 4052 pro
1517 3983 1698 4038 nihilo
1732 3991 2030 4052 reputans,

332 4071 559 4125 nullum
614 4071 840 4139 penitus
898 4069 1202 4138 accipiens,
1252 4070 1376 4126 haec
1425 4071 1620 4126 omnia
1657 4085 1729 4127 ex
1789 4071 2033 4126 adverso

332 4157 722 4228 conspicatur.

2139 3017 2289 3072 sedis
2338 3024 2688 3072 memoratus
2718 3017 2954 3073 antistes
3004 3017 3144 3073 tanti
3176 3018 3286 3074 viri
3319 3032 3536 3074 nomen
3591 3019 3836 3076 audieras

2134 3104 2329 3160 abbati
2360 3119 2431 3160 su
2477 3145 2491 3170 ,
2526 3111 2592 3161 ut
2621 3105 2696 3160 ad
2724 3119 2860 3161 eum
2893 3105 3239 3173 mitteretur,
3279 3105 3487 3162 litteris
3519 3109 3836 3163 denuntiat.

2137 3193 2235 3249 Ille
2283 3207 2417 3248 vero
2470 3207 2503 3248 a
2549 3193 2589 3248 ti
2635 3193 2790 3259 mali,
2829 3193 2982 3248 fama
3031 3193 3224 3249 dolore
3269 3202 3628 3259 commotus.
3667 3210 3740 3249 ne
3769 3196 3844 3248 alii

2139 3279 2539 3349 turbarentur,
2586 3281 2842 3350 sigillum
2892 3281 3258 3337 abscondisse
3309 3295 3414 3336 nec
3452 3282 3845 3336 manifestas?

2137 3367 2367 3434 dicitur,
2411 3368 2591 3424 donec
2615 3369 2886 3424 dominus
2918 3383 3068 3439 papa
3098 3383 3306 3425 rursus
3331 3374 3484 3423 627
3520 3369 3697 3424 aliud
3725 3371 3843 3424 mit-

2141 3463 2298 3524 teret,
2332 3457 2729 3526 quodduriora
2776 3457 3081 3528 bajularet.
3139 3457 3402 3514 Secundo
3449 3471 3729 3528 namque
3761 3471 3845 3527 per

2138 3541 2386 3600 litteram
2436 3545 2647 3600 editam
2694 3545 2869 3611 dedit,
2901 3545 3014 3600 nisi
3069 3547 3418 3616 quantocius
3449 3546 3510 3600 in
3560 3545 3840 3602 Simonem

2137 3632 2580 3688 transmittendo
2637 3631 2877 3688 festinus
2932 3633 3220 3701 existeret,
3282 3633 3464 3689 abbas
3524 3641 3585 3688 et
3647 3643 3839 3690 cuncta

2137 3717 2506 3786 congregatio
2551 3731 2584 3772 a
2632 3717 2875 3788 spiritali
2909 3715 3097 3775 oflicio
3143 3725 3395 3774 vacaret.
3447 3716 3606 3784 Quid
3641 3718 3841 3787 plura?

2135 3803 2429 3859 Turbatur
2493 3804 2720 3871 abbas,
2799 3804 3003 3860 fratres
3088 3806 3303 3875 pariter
3366 3807 3840 3861 constristantur.

2135 3889 2282 3956 Quid
2316 3891 2473 3947 aliud
2501 3892 2798 3948 facerent?
2822 3892 3086 3950 Ecclesiae
3115 3907 3368 3964 namque
3395 3893 3674 3948 solamen
3699 3895 3844 3948 amit-

2140 3979 2303 4034 titur.

2210 4066 2484 4136 Disposito
2531 4082 2669 4138 ergo
2703 4068 2903 4125 itinere
2947 4069 3005 4124 in
3047 4069 3117 4124 iis
3145 4083 3276 4140 quae
3324 4069 3524 4138 parari
3559 4070 3842 4126 videban-

2141 4161 2257 4220 tur,
2327 4155 2517 4210 Simon
2567 4169 2686 4211 una
2736 4171 2868 4212 cum
2927 4157 3093 4213 sociis
3140 4157 3213 4212 ad
3276 4157 3491 4213 Urbem
3544 4157 3839 4229 dirigitur.

403 4246 486 4300 Ad
533 4245 808 4301 ultimum
865 4260 1000 4302 vero
1033 4261 1226 4317 regem
1283 4255 1499 4304 secreto
1540 4247 1739 4303 adiens
1781 4254 1838 4305 et
1887 4246 2031 4317 regi-
2056 4255 2103 4310 1)
2141 4242 2317 4308 Quem
2350 4251 2655 4314 postquam
2686 4245 3010 4301 venientem
3051 4245 3256 4302 domus
3285 4246 3650 4316 apostolicus
3701 4261 3843 4303 eom—

329 4348 483 4402 nam,
537 4340 766 4389 mmstos
811 4333 1014 4402 pietate
1080 4335 1295 4404 pariter
1346 4334 1532 4390 reddit
1575 4341 1630 4390 et
1687 4335 2027 4405 gaudentes;

330 4422 470 4478 adeo
501 4428 565 4477 ut
601 4420 820 4491 regina,
850 4422 998 4478 sicut
1031 4423 1311 4478 bonarum
1363 4423 1536 4478 moris
1575 4430 1658 4478 est
1697 4422 2028 4490 mulierum,

331 4511 487 4580 loqui
549 4510 812 4580 nequiret
885 4511 1064 4566 verba
1140 4509 1524 4566 intercedente
1596 4510 1843 4580 ploratu.
1903 4511 2034 4566 Post

330 4598 521 4654 dulcia
572 4597 769 4667 itaque
798 4612 996 4654 eorum
1041 4597 1351 4667 colloquia,
1385 4606 1441 4653 et
1471 4597 1764 4669 reliquias,
1796 4613 2029 4666 aurum,

328 4692 652 4756 argentum,
682 4692 736 4740 et
765 4694 968 4741 caetera
1000 4699 1130 4754 quae
1161 4684 1498 4754 hujusmodi
1529 4695 1664 4742 sunt
1685 4687 2032 4743 munuscula

331 4773 408 4829 illi
430 4772 699 4839 offerunt,
729 4780 793 4829 ut
819 4773 1068 4842 benigne
1113 4774 1427 4842 susciperet
1465 4789 1811 4845 sunmopere
1843 4775 2035 4844 depre-

329 4869 551 4916 cantes:
588 4860 680 4916 ille
704 4867 896 4915 autem
922 4867 1128 4928 prznter
1162 4860 1438 4930 reliquias
1494 4863 1615 4917 haec
1671 4862 1865 4917 omnia
1912 4862 2036 4916 vili-

330 4946 600 5016 pendens,
645 4945 869 5001 nullum
926 4947 984 5000 in
1038 4947 1367 5016 accipiendo
1408 4947 1651 5015 praebuit
1711 4950 2036 5006 assensum:

328 5034 636 5104 Ignorante
662 5041 852 5088 tamen
883 5033 998 5100 illo,
1036 5035 1133 5104 qui
1167 5050 1299 5090 cum
1320 5049 1389 5090 eo
1418 5035 1555 5090 socii
1593 5035 1837 5102 fuerant,
1871 5050 2032 5105 quae-

328 5123 458 5177 dam
489 5121 706 5191 optima
732 5122 839 5176 sub
886 5121 1166 5178 absconso
1219 5125 1507 5192 capientes
1537 5137 1781 5178 munera
1809 5123 2032 5179 detule-

328 5218 466 5266 runt
497 5226 510 5264 :
589 5209 784 5279 itaque
811 5210 955 5265 male
995 5211 1142 5266 facto
1161 5217 1216 5265 et
1243 5219 1474 5281 accepto
1517 5211 1590 5266 ad
1621 5211 2032 5268 monasterium

329 5299 548 5366 regredi
584 5297 916 5353 meditatur.
949 5298 993 5353 Ο
1026 5299 1173 5354 mira
1204 5299 1304 5354 Dei
1354 5299 1705 5369 dispensatio
1737 5301 1748 5354 l
1787 5300 1918 5370 quis
1938 5300 2032 5354 ho-

331 5384 550 5440 minum
584 5392 810 5440 tantum
851 5385 1172 5442 dilectionis
1213 5387 1432 5444 donum
1461 5389 1534 5444 ab
1565 5388 1896 5446 hominibus
1938 5388 2035 5443 im-

330 5484 566 5538 pensum
598 5473 950 5540 temporibus
996 5474 1114 5530 istis
1157 5477 1542 5544 promeruisse
1591 5476 1853 5532 dicitur?
1900 5477 2030 5532 Noti

2144 4331 2307 4400 perit,
2360 4338 2414 4386 et
2443 4332 3008 4403 appropinquantem
3045 4333 3227 4389 oculis
3262 4333 3514 4389 intuitus
3543 4343 3660 4402 est,
3697 4335 3844 4390 laetus

2139 4418 2404 4486 efficitur,
2448 4434 2580 4475 cum
2612 4421 2827 4477 honore
2858 4421 3150 4490 perdebito
3195 4421 3516 4490 suscipiens
3553 4436 3724 4478 eum.
3755 4423 3843 4478 Cui

2143 4506 2241 4562 ubi
2291 4507 2499 4564 blande
2529 4509 2812 4565 allocutus
2844 4510 2998 4579 pacis
3045 4510 3309 4566 osculum
3354 4509 3646 4578 tradidit;
3691 4513 3845 4582 juxta

2141 4594 2360 4650 Thecla:
2410 4595 2653 4666 virginis
2707 4597 3002 4653 ecclesiam
3069 4597 3276 4653 domus
3321 4597 3392 4653 ad
3456 4597 3843 4655 habitandum

2141 4697 2402 4753 congrua
2460 4684 2712 4754 eligitur.
2763 4684 2890 4751 Qua
2955 4686 3312 4742 sanctissime
3368 4689 3758 4744 conversanti
3803 4693 3844 4740 et

2141 4772 2384 4826 orationi
2426 4773 2679 4840 vacanti,
2732 4773 2920 4829 omnis
2975 4773 3214 4829 societas
3265 4787 3513 4828 suorum
3546 4789 3666 4844 pro
3705 4775 3843 4830 infir-

2143 4857 2338 4914 mitate
2387 4859 2490 4914 loci
2522 4867 2702 4915 morte
2750 4861 3044 4916 subtracta
3090 4868 3194 4926 est,
3245 4861 3456 4916 relictis
3486 4862 3845 4918 solummodo

2141 4945 2368 5002 duobus
2418 4948 2736 5012 monachis,
2790 4963 3038 5018 quorum
3089 4949 3235 5005 alter
3287 4949 3358 5005 ad
3427 4954 3845 5008 monasterium

2142 5048 2436 5106 regressus
2465 5044 2569 5103 est,
2597 5037 2740 5092 alter
2768 5051 2908 5093 vero
2936 5035 3016 5092 illi
3051 5037 3308 5092 serviens
3342 5051 3536 5107 usque
3570 5040 3656 5095 ad
3694 5040 3845 5095 ﬁnem

2143 5126 2294 5192 vitae,
2330 5125 2497 5181 Urbis
2524 5125 2974 5196 inaequalitatem
3007 5138 3140 5180 cum
3171 5140 3237 5181 eo
3262 5126 3566 5181 sustinuit.

2765 5265 3000 5322 CAPUT
3050 5265 3208 5322 XIII.

2211 5388 2431 5445 Accidit
2483 5388 2682 5444 eodem
2743 5394 2991 5457 tempore
3043 5387 3198 5459 quod
3245 5386 3500 5443 domnus
3549 5403 3755 5460 papa,
3804 5395 3845 5442 et

2143 5477 2426 5534 Robertus
2455 5477 2693 5546 quidam
2737 5477 2965 5546 Apuliae
3015 5477 3297 5546 princeps,
3352 5475 3429 5531 ab
3458 5477 3725 5534 invicem
3754 5478 3842 5532 dis
