3944 6084
148 229 167 280 i
181 225 276 280 221

1065 223 1291 278 ADDIT.
1318 249 1392 263 —
1416 223 1574 277 VITA
1615 223 1674 276 Β.
1717 219 2000 276 SIMOle
2037 221 2195 276 COM.
2239 222 2760 279 CRESPEIENSIS.

3513 236 3648 288 i222

141 358 439 434 sentirent,
499 355 654 412 unde
710 353 922 425 praesul
979 361 1241 410 metuens
1299 368 1371 409 ne
1437 353 1641 408 civitas
1708 352 1839 408 belli
1871 355 1913 409 Α
1953 366 2061 407 mae
2108 366 2319 421 corpus
2367 352 2425 407 in
2470 353 2692 410 foveam
2741 354 2995 412 delatum
3061 357 3384 429 deponitur.
3431 362 3646 422 Census

141 447 505 504 contentione
554 446 611 500 in
657 445 852 515 aliquo
903 443 1364 513 perturbaretur,
1415 443 1699 499 Simonem
1736 457 1836 498 ac-

140 537 386 603 cersivit,
450 547 815 604 summopere
859 534 1170 603 deprecans
1202 541 1264 588 ut
1332 532 1576 602 pacandi
1651 532 1837 602 gratia

140 619 278 674 illuc
334 619 810 688 proficisceretur.
863 617 968 672 Cui
1028 615 1217 671 statim
1272 614 1540 670 obediens
1584 628 1644 668 se
1700 629 1833 683 pro-

139 707 422 763 fecturum
465 708 820 776 promittens,
862 704 1134 774 adjuncto
1162 703 1264 757 sibi
1315 703 1439 758 viro
1479 703 1833 773 religiosissi-

139 809 251 862 mo,
287 795 394 850 iter
421 794 626 863 arripit
659 807 790 848 cum
824 791 1217 848 benedictione
1238 789 1513 860 jubentis.

208 884 288 938 Eo
318 883 496 952 igitur
538 881 851 938 adveniens
889 880 1204 950 principem
1246 879 1536 948 quaeritet
1578 876 1833 946 invenit;

139 987 310 1042 quem
353 973 650 1026 inventum
705 969 873 1038 quasi
931 968 1116 1038 epulis
1171 968 1230 1022 in
1286 967 1416 1022 visu
1472 979 1576 1021 suo
1620 965 1832 1033 refecit,

141 1060 292 1115 unde
337 1073 531 1130 pacem
580 1058 916 1125 reformans,
967 1057 1121 1127 quod
1179 1054 1361 1111 voluit
1409 1069 1576 1124 opere
1629 1068 1835 1123 perpe-

140 1146 331 1200 travit.
379 1145 659 1201 Omnibus
706 1145 902 1214 itaque
954 1145 1089 1203 illuc
1127 1144 1456 1213 paciﬁcatis,
1505 1143 1832 1210 revertitur,

140 1231 198 1286 in
235 1232 434 1289 itinere
479 1233 672 1302 plebes
717 1231 839 1306 [al.,
893 1229 1111 1303 plures]
1163 1231 1483 1301 alloquens,
1518 1238 1581 1286 ut
1617 1231 1688 1286 ad
1718 1231 1836 1286 Do-

138 1321 361 1377 minum
403 1329 879 1377 converterentur
923 1319 1246 1376 admonuit.
1286 1319 1464 1390 Cujus
1502 1318 1834 1374 allecutioni

137 1423 433 1465 assensum
477 1410 812 1479 praebentes,
881 1423 1022 1478 pene
1063 1407 1365 1478 sexaginta
1406 1407 1613 1462 milites
1653 1420 1832 1462 saecu-

136 1497 357 1554 laribus
391 1498 630 1565 omissis,
683 1511 845 1552 arma
890 1495 1186 1551 Dominica
1225 1503 1644 1565 susceperunt;
1676 1502 1731 1550 et
1754 1493 1835 1548 sic

135 1586 246 1642 viri
305 1587 402 1642 Dei
487 1585 891 1656 praedicatione
963 1584 1357 1640 monachalem
1413 1583 1674 1639 habitum
1733 1596 1835 1652 per

135 1675 363 1730 diversa
412 1676 720 1745 provinciae
767 1674 887 1730 loca
940 1687 1071 1729 cum
1122 1673 1512 1729 benedictione
1565 1686 1830 1741 suscepe-
1861 1668 1902 1722 Β

135 1771 295 1818 runt.

207 1850 292 1906 Ad
339 1850 548 1906 Urbem
591 1839 786 1919 itaque
848 1863 1145 1920 regressus
1199 1847 1521 1917 pontificem
1567 1847 1726 1915 adiit,
1777 1855 1832 1902 et

133 1939 420 2010 quidquid
468 1946 664 2008 egerat
711 1938 780 1993 de
833 1951 972 2006 pace
1024 1936 1332 1991 nuntiavit.
1387 1936 1487 1990 Ille
1534 1944 1725 1992 autem
1777 1944 1834 1992 et

134 2035 366 2099 gratum
398 2025 600 2080 habuit
647 2024 799 2095 quod
845 2024 1079 2094 accepit,
1126 2030 1182 2078 et
1229 2022 1372 2080 illud
1420 2023 1574 2092 quod
1625 2023 1834 2080 fecerat

133 2114 496 2186 approbavit.
522 2113 637 2170 Nec
687 2113 864 2169 multo
911 2120 1034 2182 post
1080 2112 1299 2167 habens
1338 2111 1394 2166 in
1433 2111 1728 2168 voluntate
1761 2112 1832 2167 ad

134 2203 548 2259 monasterium
594 2203 824 2270 reverti,
867 2201 1154 2257 licentiam
1196 2201 1268 2256 ab
1313 2215 1380 2256 eo
1423 2215 1556 2256 cum
1597 2202 1830 2257 humili-

135 2299 252 2348 tate
308 2291 601 2362 deposcit:
659 2291 759 2362 qui
811 2305 916 2346 nec
977 2290 1180 2359 primo,
1236 2304 1339 2345 nec
1398 2289 1648 2345 secundo
1706 2289 1834 2360 ejus

135 2381 404 2452 precibus
453 2395 651 2436 aurem
714 2379 1170 2443 accommodans,
1227 2377 1337 2433 tale
1383 2377 1566 2433 fertur
1613 2377 1833 2433 dedisse

136 2483 522 2538 responsum:
574 2491 592 2518 ι
646 2468 801 2524 Sicut
845 2481 950 2523 nec
996 2466 1138 2522 meis
1185 2465 1422 2534 meritis,
1476 2465 1829 2530 charissime,

135 2570 242 2611 nec
298 2570 444 2621 mea,
492 2556 588 2611 sed
643 2555 857 2610 domini
914 2555 1060 2609 Petri
1109 2553 1496 2608 dominatione
1564 2553 1830 2622 pastorali

136 2644 253 2700 huc
295 2644 604 2700 accersitus
650 2643 930 2699 advenisti
964 2657 979 2710 ;
1027 2641 1106 2696 ita
1155 2655 1260 2696 nec
1302 2653 1430 2695 mea
1457 2647 1540 2695 est
1585 2639 1641 2694 in
1677 2648 1832 2710 pote-

133 2740 279 2788 state
311 2732 610 2802 promissio
641 2729 979 2786 revertendi.
1014 2729 1171 2785 Vade
1213 2742 1368 2798 ergo.
1418 2736 1472 2784 et
1514 2728 1830 2784 oratorium

133 2821 432 2891 ingredere
459 2820 606 2876 beati
655 2819 825 2878 Petri.
873 2827 927 2874 et
978 2817 1263 2888 quidquid
1311 2817 1370 2872 in
1407 2816 1702 2873 voluntate
1723 2816 1832 2872 ha-

133 2910 283 2976 beat,
325 2909 683 2964 orationibus
713 2915 1093 2978 perscrutare.
1133 2928 1154 2954 ι

1945 454 2081 495 vero
2106 441 2476 496 denariorum
2512 457 2628 498 non
2673 443 2979 500 minimum
3010 459 3044 500 a
3091 448 3332 516 praesule
3384 451 3642 522 collatus,

1946 529 2298 598 pauperibus
2346 538 2637 600 erogatur.
2688 533 2834 588 Ecce
2882 534 2978 589 Dei
3038 549 3240 591 servus
3286 538 3503 608 absque
3545 556 3646 612 pe—

1943 616 2118 671 cunia
2166 626 2220 672 et
2268 619 2609 688 cognatione
2661 620 2878 690 aliqua,
2917 623 3086 690 paulo
3131 631 3263 679 ante
3311 640 3550 696 pauper,
3585 631 3642 685 in

1944 701 2056 756 fine
2087 701 2245 757 dives
2272 703 2539 772 efficitur,
2569 705 2663 760 sed
2703 707 2893 781 adhuc
2923 707 3094 764 ditior
3133 710 3191 765 fit
3220 711 3360 767 dum
3404 713 3463 769 in
3510 717 3638 772 sede

1942 790 2138 845 ctelica
2167 791 2495 848 collocatur.

2013 879 2232 950 Regina
2283 895 2416 936 vero
2463 881 2782 952 Anglorum
2845 883 3137 942 Mathildis
3189 889 3442 958 nomine,
3485 890 3644 948 dives

1941 973 1996 1022 et
2025 968 2562 1037 praepotentissima,
2609 970 2749 1038 quia
2787 985 2922 1027 eum
2973 974 3258 1030 nutrierat
3303 985 3358 1032 et
3408 992 3644 1034 consan-

1942 1054 2223 1124 guinitate
2267 1056 2566 1113 dicebatur
2597 1059 2879 1128 proxima,
2924 1061 2994 1116 ob
3024 1062 3133 1116 viri
3165 1064 3263 1118 Dei
3308 1066 3640 1122 memoriam

1941 1143 2012 1197 ad
2062 1143 2418 1212 sepulturam
2463 1149 2936 1216 componendam,
3001 1149 3194 1206 Romae
3263 1155 3390 1209 auri
3438 1169 3645 1224 quam-

1943 1230 2257 1301 plurimum
2299 1239 2355 1287 et
2403 1237 2627 1303 argenti
2678 1237 2959 1292 monacho
2989 1238 3273 1296 deferente
3304 1242 3639 1299 transmisit.

1941 1317 2077 1384 Quae
2107 1319 2361 1375 studiose
2405 1322 2645 1391 quadris
2691 1331 2746 1378 et
2794 1325 2985 1394 politis
3035 1325 3324 1396 lapidibus
3371 1343 3444 1385 ex
3481 1343 3640 1386 mar-

1942 1421 2097 1463 more
2122 1407 2332 1463 diversi
2382 1409 2586 1466 coloris
2629 1411 2870 1480 intexta,
2908 1414 3101 1470 adhuc
3141 1417 3642 1487 peregrinantibus

1940 1494 2208 1552 bonitatis
2229 1499 2491 1569 exempla
2523 1501 2754 1570 praebet.

2587 1641 2819 1700 CAPUT
2857 1643 2981 1702 XV.

2013 1761 2331 1817 Monachus
2359 1771 2551 1818 autem
2584 1765 2701 1834 qui,
2748 1779 2880 1821 cum
2926 1765 3154 1823 Simone
3195 1768 3296 1824 diu
3332 1782 3643 1827 conversa-

1943 1857 2054 1916 tus,
2114 1850 2474 1906 incommoda
2551 1854 2802 1921 corporis
2874 1869 2977 1923 pro
3042 1856 3170 1926 ejus
3223 1869 3414 1913 amore
3464 1861 3644 1916 multo

1940 1936 2314 2005 sustinuerat,
2376 1946 2500 2008 post
2546 1939 2674 2009 ejus
2736 1943 3202 2012 assumptionem,
3258 1954 3500 2016 postque
3547 1963 3641 2004 se—

1943 2025 2193 2094 pulturae
2267 2040 2385 2082 suae
2454 2031 2603 2083 678
2685 2029 3139 2098 instructionem,
3211 2033 3406 2088 relicta
3463 2035 3642 2090 Roma

1944 2113 2353 2168 monasterium
2394 2116 2610 2183 revisit,
2645 2116 2764 2183 ubi,
2809 2117 3006 2173 multis
3043 2118 3245 2175 diebus
3283 2121 3640 2177 abstinentia:

1941 2208 1995 2255 et
2025 2200 2207 2256 labori
2257 2215 2490 2271 operam
2523 2203 2686 2271 dans,
2728 2218 2969 2260 summae
3019 2207 3358 2264 humilitatis
3381 2211 3644 2280 exempla

1943 2289 2302 2345 monstravit.
2361 2291 2707 2362 Priusquam
2766 2307 2897 2349 vero
2945 2294 3017 2349 ad
3067 2304 3329 2362 mortem,
3375 2311 3506 2367 qua)
3559 2308 3643 2355 est
3723 2294 3728 2298 ’

1941 2377 2133 2433 exitus
2163 2379 2314 2446 vitae,
2360 2380 2820 2450 propinquasset,
2865 2381 3058 2438 Simon
3101 2383 3356 2440 beneficii
3413 2393 3467 2441 et
3517 2401 3643 2442 ser—

1942 2465 2142 2521 vitutis
2169 2465 2441 2536 impensae
2488 2483 2606 2522 non
2667 2469 2983 2537 immemor,
3030 2479 3192 2527 nocte
3243 2473 3494 2542 quadam
3540 2488 3641 2544 ap-

1943 2554 2138 2624 paruit
2183 2555 2232 2610 ei
2282 2570 2416 2610 cum
2475 2555 2695 2612 caeteris
2743 2558 3080 2626 quiescenti,
3128 2573 3340 2616 vocans
3379 2576 3534 2630 eum,
3588 2570 3642 2618 et

1942 2641 2136 2698 dicens
2169 2659 2182 2696 :
2221 2665 2240 2691 ι
2276 2643 2518 2699 Roberte
2551 2644 2650 2713 (sic
2691 2644 2842 2699 enim
2876 2647 3199 2716 appellatus
3227 2650 3349 2717 est).
3388 2670 3407 2696 ι
3442 2650 3516 2705 At
3547 2649 3642 2705 ille

1943 2729 2166 2800 inquit:
2202 2748 2230 2781 ι(
2271 2731 2358 2786 Tu
2407 2731 2540 2802 quis
2588 2731 2699 2787 es?
2727 2753 2747 2780 ι
2801 2733 2963 2788 Tunc
3005 2733 3197 2790 Simon
3252 2737 3638 2805 respondens:

1949 2839 1969 2866 ι
2006 2819 2142 2888 Ego,
2193 2818 2402 2888 inquit,
2449 2819 2639 2876 Simon
2685 2835 2834 2888 sum,
2869 2840 2895 2870 ι)
2934 2828 2988 2877 et
3027 2821 3267 2892 adjecit:
3313 2844 3341 2872 «
3391 2823 3506 2880 Cur
3537 2824 3640 2879 hoc

1946 2907 2002 2962 in
2053 2922 2144 2962 me
2186 2908 2320 2962 olim
2374 2907 2558 2963 facere
2611 2908 2840 2964 voluisti
2882 2908 2910 2964 ?
2953 2909 3096 2964 Nam
3143 2924 3276 2965 cum
3325 2911 3480 2980 apud
3538 2912 3644 2968 Bo-

204 2996 312 3062 Qui
372 3004 534 3053 nocte
592 2996 1002 3065 subsequente,
1073 2993 1222 3049 sicut
1284 2991 1400 3062 ipse
1465 2999 1828 3062 praeceperat,
1863 2967 1902 3022 δ
1943 3008 2096 3050 mam
2152 2995 2224 3050 ad
2283 3010 2502 3052 novum
2572 2996 2884 3065 sepulturae
2942 2998 3130 3053 locum
3187 2967 3397 3069 corpus
3447 3015 3640 3056 meum

133 3083 412 3152 templum
469 3091 808 3153 precaturus
860 3082 1206 3154 ingreditur,
1277 3087 1452 3136 totam
1496 3080 1829 3150 pervigilem

131 3175 350 3229 ducens
375 3174 615 3230 orationi
658 3173 932 3238 intentus,
974 3179 1028 3228 et
1070 3171 1412 3243 priusquam
1456 3170 1586 3225 inde
1633 3183 1831 3238 proce-

131 3261 310 3327 deret,
345 3276 463 3332 qua
492 3262 754 3317 sublatus
801 3268 884 3316 est
914 3260 1066 3327 vitze,
1101 3260 1300 3316 mortis
1339 3259 1669 3314 infirmitate
1700 3271 1832 3313 cor-

131 3351 358 3420 ripitur.
408 3350 539 3405 Mox
587 3350 716 3405 inde
767 3349 1138 3419 progrediens
1193 3348 1266 3402 ad
1318 3347 1734 3412 habitaculum,
1778 3353 1834 3400 et

130 3438 275 3494 lecto
323 3439 605 3504 decidens,
653 3437 745 3506 [ad
813 3436 1220 3492 confessionem
1289 3449 1454 3490 suam
1506 3433 1830 3504 pontificem

133 3527 360 3594 invitat,
401 3535 455 3582 et
498 3527 569 3584 ad
609 3541 666 3581 se
695 3525 1072 3581 visitandum.
1105 3523 1212 3591 Qui
1245 3523 1527 3579 voluntati
1557 3523 1684 3592 ejus
1723 3521 1829 3577 ob-

132 3623 479 3685 temperans,
532 3622 586 3670 et
634 3614 979 3670 mundatum
1031 3626 1065 3667 a
1093 3612 1250 3668 vitiis
1283 3611 1546 3676 absolvit,
1587 3617 1642 3665 et
1672 3611 1830 3680 pari-

131 3711 220 3760 ter
287 3703 628 3759 benedicens
682 3701 946 3758 abcessit.
1005 3701 1120 3758 Nec
1174 3702 1357 3757 multo
1426 3707 1550 3771 post
1597 3699 1827 3769 pretiosi

130 3792 386 3861 corporis
423 3800 477 3846 et
521 3791 824 3862 sanguinis
873 3790 1078 3846 Christi
1135 3789 1454 3845 munimine
1509 3788 1828 3848 roboratus.

130 3881 316 3949 pridie
366 3880 651 3935 Kalendas
691 3878 950 3936 Octobris
996 3878 1264 3947 spiritum
1316 3878 1428 3933 Deo
1466 3876 1728 3942 reddidit,
1774 3883 1829 3931 et

129 3968 322 4038 qualis
345 3969 400 4023 in
431 3969 550 4022 vita
579 3967 854 4038 religione
886 3966 1213 4036 perstiterit,
1261 3966 1394 4022 ﬁnis
1434 3964 1830 4020 sanctissimus

80 4127 84 4130 g
129 4056 189 4110 in
225 4057 612 4126 assumptione
643 4056 1000 4111 monstravit.

769 4197 997 4254 CAPUT
1034 4197 1185 4254 XIV.

202 4321 346 4377 Ecce
405 4322 606 4377 civitas
655 4321 841 4377 omnis
907 4334 1138 4376 rumore
1197 4319 1544 4376 concutitur.
1606 4318 1826 4374 Diversi

129 4424 306 4466 sexus
334 4417 388 4465 et
415 4410 598 4465 aetatis
647 4425 786 4479 gens
834 4410 891 4465 in
941 4409 1143 4466 funere
1189 4408 1548 4476 concitatur;
1583 4415 1637 4462 et
1675 4407 1828 4477 quod

128 4497 348 4553 viventi
388 4497 583 4552 minus
625 4498 921 4563 tribuerat,
964 4497 1151 4553 funeri
1191 4497 1317 4566 ejus
1371 4495 1711 4564 obsequium
1757 4495 1828 4550 ab

130 4586 200 4642 iis
239 4585 617 4641 ministratur.
671 4585 838 4649 Tum,
887 4585 1248 4655 praecipiente
1291 4585 1569 4653 episeopo,
1630 4582 1829 4652 sepul-

133 4683 276 4730 tura:
324 4673 483 4729 locus
534 4675 684 4728 inter
731 4673 1069 4743 apostolicos
1119 4679 1532 4741 praeparatur;
1584 4677 1638 4726 et
1690 4669 1830 4739 quia

126 4761 496 4830 apostolicam
552 4761 731 4815 vitam
798 4760 1022 4815 studuit
1089 4759 1321 4825 imitari,
1383 4758 1584 4814 merito
1655 4759 1830 4829 hujus

123 4849 306 4918 apicis
334 4849 572 4918 adeptus
599 4855 682 4903 est
709 4848 1067 4918 dignitatem.

200 4937 412 4992 Prmsul
459 4945 651 4992 tamen
711 4951 824 4991 non
889 4936 1093 5002 adfuit,
1160 4934 1491 4990 inﬁrmitate
1539 4933 1824 5000 detentus,

119 5025 221 5082 sed
263 5025 480 5080 clerum
525 5038 753 5079 omnem
810 5037 1152 5090 convocans,
1207 5022 1400 5092 dirigit
1449 5021 1582 5077 illuc
1603 5021 1825 5090 episco-

119 5129 249 5184 pos,
292 5113 546 5178 abbates,
627 5111 862 5166 clericos
932 5119 986 5165 et
1049 5109 1324 5166 moniales
1366 5123 1498 5165 cum
1549 5109 1726 5164 cereis
1771 5115 1827 5163 et

117 5201 532 5260 luminaribus.
589 5200 674 5255 Ita
718 5207 782 5255 ut
813 5199 1049 5269 triginta
1107 5198 1368 5268 quinque
1423 5198 1824 5268 congregatio-

118 5304 266 5348 num
313 5303 610 5355 numerus,
645 5303 778 5344 cum
825 5287 1166 5357 populorum
1216 5285 1422 5353 turbis,
1474 5285 1664 5340 funeri
1699 5284 1826 5354 ejus

117 5376 467 5446 obsequium
521 5376 931 5441 ministrarent,
979 5381 1033 5429 et
1078 5373 1160 5428 sic
1207 5387 1340 5428 cum
1380 5361 1688 5427 missarum
1727 5385 1822 5426 so-

119 5464 352 5522 lemniis
399 5471 456 5520 et
497 5464 823 5520 celebritate
870 5461 1161 5532 praecipua
1202 5475 1237 5515 a
1288 5460 1649 5530 principibus
1705 5459 1821 5515 Ro-

1941 3083 2298 3152 transferres,
2359 3084 2438 3138 nil
2490 3097 2592 3154 pro
2653 3085 2849 3139 anima
2917 3099 3044 3140 mea
3112 3087 3463 3155 pauperibus
3522 3102 3642 3144 ero-

1939 3171 2104 3240 gasti.
2141 3192 2168 3221 »
2220 3169 2325 3226 Cui
2368 3171 2694 3227 Robertus:
2735 3193 2755 3220 α
2814 3172 3056 3242 Pauper,
3114 3173 3324 3243 inquit,
3375 3188 3554 3242 eram,
3589 3183 3643 3231 et

1939 3272 2146 3315 census
2180 3258 2321 3314 mihi
2353 3260 2565 3314 deerat.
2594 3281 2614 3306 ι
2660 3260 2760 3315 Ille
2795 3268 3029 3316 econtra
3062 3276 3074 3314 :
3115 3282 3136 3308 ε
3188 3261 3420 3318 Certum
3461 3272 3544 3318 est
3589 3269 3641 3318 te

1940 3346 2208 3404 habuisse
2257 3348 2476 3418 aliquid
2529 3348 2684 3418 quod
2732 3348 3011 3418 impertiri
3055 3349 3357 3406 debueras.
3398 3371 3418 3398 ι
3455 3351 3542 3419 Et,
3578 3359 3639 3407 ut

1940 3435 2057 3504 ipse
2081 3443 2205 3505 post
2233 3436 2470 3491 modum
2496 3435 2709 3500 retulit,
2743 3437 2887 3490 duos
2919 3450 3123 3492 aureos
3157 3437 3425 3493 habebat.

2008 3523 2095 3578 Ad
2139 3537 2311 3592 quem
2344 3522 2552 3578 iterum
2600 3523 2926 3578 Robertus:
2975 3547 2996 3572 ι
3054 3525 3424 3580 Dilectissime
3475 3526 3636 3594 mihi,

1937 3624 2068 3681 quae
2108 3609 2292 3680 gloria
2338 3617 2393 3665 et
2431 3624 2562 3680 quae
2605 3610 2836 3680 requies
2883 3611 2987 3666 tibi
3038 3620 3282 3680 maneat,
3333 3613 3380 3668 si
3433 3615 3635 3683 placet,

1938 3699 2217 3754 insinua?
2256 3698 2521 3768 Requies,
2555 3698 2765 3768 inquit,
2802 3706 2856 3754 et
2890 3699 3072 3768 gloria
3101 3714 3228 3755 mea
3261 3714 3473 3772 magna
3502 3709 3586 3757 est
3621 3719 3634 3757 :

1936 3787 2079 3844 Nam
2137 3785 2416 3841 Dominus
2453 3800 2615 3840 meus
2668 3787 2814 3842 inter
2857 3787 3140 3856 apostolos
3195 3789 3454 3858 requiem
3496 3791 3636 3846 mihi

1936 3875 2110 3943 dedit,
2137 3883 2193 3931 et
2249 3875 2439 3930 sedem
2508 3874 2832 3945 gloriosam.
2880 3893 2909 3926 ι)
2985 3873 3056 3929 At
3107 3874 3235 3929 ille:
3288 3897 3306 3923 ι
3361 3877 3428 3932 Ει
3481 3879 3636 3946 quod

1933 3972 2018 4019 est
2069 3962 2366 4033 gaudium,
2422 3965 2554 4032 quis
2609 3970 2816 4017 cantus
2847 3969 2976 4017 ante
3027 3963 3357 4032 Dominum,
3404 3979 3543 4034 rogo
3591 3966 3638 4020 si

1935 4059 2092 4122 potes
2111 4049 2343 4106 edicas?
2394 4051 2662 4120 Magnum
2713 4058 2818 4117 est,
2865 4050 3073 4120 inquit,
3125 4051 3403 4120 gaudium
3447 4061 3502 4108 et
3544 4053 3638 4109 in—

1934 4137 2463 4206 comprehensibile,
2513 4151 2620 4192 nec
2669 4137 2859 4193 verbis
2894 4137 3140 4205 narrari,
3175 4151 3279 4193 nec
3325 4153 3497 4195 sensu
3537 4154 3637 4196 co—

1856 4261 1902 4316 D
1941 4226 2112 4316 gitari
2166 4233 2364 4296 potest.
2416 4225 2630 4281 Tamen
2688 4226 2735 4280 si
2794 4239 3228 4296 pergameuum,
3282 4241 3528 4296 pennam
3581 4237 3637 4285 et

1941 4315 2268 4371 incaustum
2335 4313 2392 4369 in
2449 4315 2712 4384 proximo
2768 4313 3089 4381 habuisses,
3141 4321 3359 4370 certum
3420 4323 3470 4371 te
3495 4317 3635 4371 scri-

1938 4402 2122 4458 bendo
2153 4402 2212 4457 in
2255 4402 2451 4472 aliquo
2495 4401 2886 4457 reddidissem.
2942 4421 2967 4454 ι
3013 4403 3083 4457 Ει
3130 4403 3366 4473 adjecit:
3418 4424 3439 4452 ι
3500 4404 3634 4458 Volo

1936 4497 2001 4545 ut
2031 4491 2300 4546 Auselmo
2355 4490 2574 4545 Sanctae
2637 4489 2828 4544 Mariae
2887 4490 3047 4545 Becci
3098 4490 3313 4556 abbati,
3362 4491 3632 4560 prudenti

1936 4585 1988 4632 et
2045 4578 2517 4633 reverendissimo
2600 4577 2743 4645 viro,
2827 4577 2983 4647 quod
3047 4578 3339 4632 modicum
3402 4577 3461 4632 in
3519 4578 3632 4634 Deo

1936 4665 2076 4720 mihi
2107 4666 2348 4721 contulit
2387 4666 2694 4733 auxilium,
2727 4679 2800 4721 ex
2840 4673 3002 4734 parte
3048 4672 3244 4720 nostra
3291 4665 3630 4736 denunties;

1935 4754 2290 4809 aestimabam
2337 4753 2548 4822 quippe
2597 4753 2654 4808 in
2686 4768 2751 4808 eo
2789 4767 2927 4823 erga
2958 4753 3167 4807 animae
3197 4768 3337 4809 meae
3365 4755 3628 4822 salutem,

1937 4841 2105 4897 ﬁdem
2154 4847 2208 4896 et
2253 4841 2611 4896 dilectionem
2673 4855 2788 4896 non
2836 4840 3139 4896 modicam.
3180 4862 3201 4889 ι
3282 4841 3380 4896 His
3441 4843 3628 4909 dictis,

1935 4927 2263 4984 confortans
2291 4943 2424 4985 eum
2457 4929 2527 4983 ad
2566 4929 2902 4985 servitutem
2955 4937 3010 4986 et
3053 4930 3435 4986 obedientiam
3467 4931 3628 4987 salu-

1934 5025 2136 5084 tarem,
2169 5015 2477 5087 disparuit.

2005 5106 2205 5162 Frater
2246 5119 2383 5161 vero
2423 5105 2576 5175 quod
2626 5104 2888 5161 audierat
2928 5105 3091 5160 beato
3119 5106 3261 5171 viro,
3304 5106 3452 5162 sicut
3483 5121 3630 5176 prte—

1932 5202 2161 5264 ceptum
2214 5201 2316 5259 est,
2373 5194 2684 5249 enarravit.
2738 5193 2840 5248 Cui
2902 5194 3080 5249 abbas
3120 5194 3490 5264 lacrymando
3535 5209 3628 5250 re-

1932 5283 2160 5352 spondit
2204 5283 2400 5338 dicens
2439 5298 2451 5336 :
2496 5303 2517 5330 ι
2563 5281 2738 5337 Crede
2782 5281 2943 5348 mihi,
3006 5282 3202 5349 frater,
3255 5282 3421 5338 crede
3465 5281 3626 5350 mihi,

1930 5386 2069 5429 vera
2097 5371 2292 5428 intulit
2320 5385 2524 5427 servus
2555 5371 2694 5439 Dei;
2743 5383 2876 5425 nam
2932 5371 3177 5440 peccatis
3224 5375 3363 5427 mef‘s
3393 5372 3626 5443 exigen-

1934 5459 2105 5521 ιεῠιιε,
2163 5458 2300 5514 illud
2352 5458 2506 5527 quod
2547 5457 2810 5514 deberem
2881 5457 3110 5529 pigritia
3161 5459 3449 5515 detinente
3489 5469 3628 5530 post-
