3944 6084
365 229 499 282 1223

1387 225 1479 280 AD
1515 224 1667 281 OPP.
1711 226 1863 282 VEN.
1905 225 2243 282 GUIBERTI
2283 225 2372 281 DE
2411 221 2800 281 NOVIGENTO

3747 224 3858 276 1224

361 361 558 436 posui;
590 362 638 419 si
685 377 821 419 vero
869 359 1107 426 orando,
1151 359 1572 430 eleemosynam
1617 359 1900 428 faciendo,
1947 374 2049 417 seu
2078 378 2121 432 Α
2231 361 2583 417 Francorum
2616 373 2921 431 procerum
2952 372 3085 429 pars
3103 372 3208 430 ego
3230 371 3443 430 magna
3471 357 3584 414 fui.

359 452 518 508 aliud
549 450 710 521 quid,
745 449 899 519 quod
947 449 1059 504 Deo
1104 447 1341 518 placeat,
1387 450 1716 517 exhibeam,
1767 449 2056 519 operando

359 540 627 595 omnibus
671 537 853 592 modis
898 545 960 593 ut
993 537 1050 592 in
1091 537 1180 592 his
1229 538 1605 608 participetur
1647 545 1875 608 exopto.
1926 557 1954 590 ››
1986 539 2057 593 Et

361 628 450 683 his
478 626 642 681 dictis
670 625 883 695 pariter
914 626 1304 681 abcesserunt.

434 715 530 768 His
558 721 642 769 est
690 713 780 768 vir
827 714 918 769 ille
968 712 1434 783 religiosissimus
1472 712 1795 780 Anselmus,
1847 713 1947 783 qui
1987 727 2056 769 ex

363 801 567 856 abbate
604 800 929 856 Cantuarize
963 800 1442 870 archiepiscopus,
1480 809 1535 856 et
1584 800 1882 871 legationis
1912 814 2057 870 apo-

362 889 571 945 stolicae
603 889 660 942 in
695 888 897 958 Anglia
925 888 1162 943 sortitus
1188 895 1269 943 est
1299 888 1652 958 dignitatem.

435 977 566 1032 Haec
589 984 644 1031 et
669 975 784 1030 alia
833 990 963 1045 quae
1012 976 1080 1031 de
1127 974 1353 1031 Simone
1400 976 1613 1045 scripta
1655 983 1811 1042 sunt,
1859 976 1918 1031 hi
1953 977 2055 1046 qui

361 1065 430 1121 de
461 1065 693 1135 propria
722 1062 958 1129 familia,
995 1064 1050 1118 in
1079 1063 1287 1120 saeculo
1319 1063 1428 1118 viri
1457 1064 1889 1134 religiosissimi,
1922 1079 2055 1120 cum

361 1167 426 1209 eo
457 1153 718 1209 habitum
749 1152 1063 1222 spiritalem
1112 1159 1508 1220 susceperunt,
1559 1166 1690 1221 quae
1733 1151 1916 1206 oculis
1961 1151 2057 1205 in-

362 1241 492 1296 tuiti
550 1248 687 1296 sunt
740 1248 796 1296 et
851 1241 1094 1296 auribus
1162 1240 1493 1306 audierunt,
1565 1239 2056 1310 quemadmodum

361 1328 714 1398 scripsimus,
748 1328 826 1384 ita
855 1343 976 1384 esse
1002 1327 1187 1384 testati
1216 1334 1372 1383 sunt.

361 1435 722 1504 Epitaphium
770 1435 1004 1490 Simonis
1061 1435 1287 1498 comitis,
1344 1435 1608 1502 scriptum
1667 1435 1727 1488 in
1768 1432 2058 1503 pyramide

431 1506 694 1630 ggsdem,
777 1521 812 1558 α
887 1506 1099 1558 domino
1159 1519 1312 1574 papa
1397 1505 1632 1572 Urbano,
1718 1508 2056 1573 cognomento

516 1592 630 1629 one.

516 1592 630 1629 0718.

361 1679 554 1735 Simon
588 1679 808 1734 habens
837 1693 1064 1747 nomen,
1098 1677 1385 1748 majorum
1414 1678 1700 1749 sanguine
1732 1677 1907 1741 claro,

2166 449 2524 519 Paupertatis
2588 463 2809 515 amans,
2862 448 3107 518 patriam
3168 447 3580 518 mundumque
3645 435 3856 515 reliqui,

2236 535 2510 604 Spiritum
2541 533 2756 590 divitiis
2785 533 3056 589 omnibus
3089 533 3434 590 anteferens.

2163 623 2294 679 Post
2322 624 2392 678 ad
2427 623 2794 692 apostolicam
2824 623 3061 678 caelestis
3093 622 3370 692 principis
3403 622 3634 690 aulam,

2234 711 2502 768 Eximius
2532 711 2673 767 tanti
2709 725 2798 766 me
2828 711 3010 766 Patris
3039 711 3154 780 egit
3185 724 3366 766 amor.

2163 802 2284 866 Quo
2312 800 2457 856 duce
2484 813 2812 869 promerear
2835 799 3064 854 tandem
3093 813 3269 868 super
3297 806 3453 855 astra
3483 799 3699 854 levari.

2237 889 2499 958 Hospitor
2529 888 2620 944 hic
2649 901 2842 944 sacras
2869 888 3136 944 conditus
3158 894 3290 943 ante
3320 887 3484 944 fores.

2831 1029 2973 1082 Item
2996 1041 3204 1082 versus.

2165 1151 2312 1207 Olim
2344 1151 2492 1208 facta
2521 1150 2704 1207 Patris
2734 1164 3022 1207 renovans
3049 1150 3357 1206 dictamine
3385 1149 3584 1205 fratris

2166 1239 2467 1309 Discipulis
2500 1253 2760 1294 normam
2781 1237 2982 1308 scripsi
3012 1238 3120 1293 sub
3148 1251 3398 1307 paupere
3426 1237 3662 1305 forma;

2166 1327 2270 1382 Sed
2302 1328 2441 1397 quia
2467 1342 2569 1383 nec
2602 1326 2819 1396 spernit
2850 1327 3002 1382 Deus
3031 1326 3174 1393 haec,
3201 1340 3306 1381 nec
3333 1325 3718 1395 pauperiora,

2165 1415 2420 1471 Ostendit
2451 1415 2688 1486 Moyses,
2719 1414 2877 1485 operi
2907 1414 3178 1484 capiendo
3206 1414 3448 1482 minora,

2164 1503 2352 1570 Quare
2382 1504 2646 1560 lectorem
2671 1503 2910 1573 cupiens
2935 1502 3366 1571 auxiliatorem,

2165 1593 2251 1648 Me
2281 1593 2430 1662 legat
2463 1592 2756 1648 absentem
2789 1606 2956 1662 posco
2986 1592 3197 1646 virtute
3230 1597 3541 1646 carentem.

718 1970 1192 2115 VITA
1311 1969 2129 2115 SANCT/E
2263 1923 3477 2116 SALABERGXE

1395 2225 1806 2282 ABBATISSIE
1863 2226 1915 2282 S.
1968 2227 2256 2283 JOANNIS
2305 2226 2817 2293 LAUDUNENSIS,

1571 2413 2046 2498 SUPPARI
2115 2412 2658 2504 AUCTORE.

1415 2771 2072 2845 PROLOGUS
2164 2770 2802 2844 AUCTORIS.

427 3071 580 3121 «eo
629 3066 696 3121 In
746 3063 944 3120 infulis
991 3062 1445 3120 sacerdotalibus
1519 3061 1734 3118 honore
1793 3059 2056 3117 decorate
2087 3074 2126 3129 c
2167 3067 2368 3130 captus
2395 3074 2588 3116 amore
2618 3067 2831 3116 sanctae
2869 3059 3090 3127 matris,
3137 3059 3324 3130 legere
3363 3060 3708 3128 decreverit,
3761 3073 3840 3116 non

356 3152 670 3221 religionis,
727 3151 820 3206 cui
863 3150 1026 3220 copia
1077 3149 1204 3216 fuit,
1255 3149 1544 3205 OMOTARIO
1592 3163 1768 3218 papae,
1811 3162 1916 3204 nec
1940 3163 2054 3204 non

356 3245 411 3293 et
437 3238 716 3292 sacerdoti
750 3237 1080 3292 castissima
1128 3236 1334 3293 Christi
1379 3235 1594 3306 virgini
1642 3239 1918 3292 ANSTRUDI
1959 3236 2056 3292 ab-

361 3324 604 3391 batissae,
637 3333 689 3380 et
720 3324 1088 3381 SALABERGJS.

423 3412 788 3468 Jussionibus
829 3412 1056 3480 vestris,
1102 3427 1135 3467 o
1183 3411 1581 3468 venerandum
1631 3411 1806 3468 decus
1857 3425 2058 3482 paren-

356 3507 478 3556 tum
512 3499 765 3570 almique
795 3500 1027 3571 vigoris,
1082 3513 1277 3570 parere
1311 3514 1424 3554 non
1456 3499 1673 3564 distuli,
1715 3514 1831 3569 quo
1881 3499 2050 3568 potis-

355 3589 566 3644 simum
611 3589 776 3643 almae
817 3587 1036 3653 matris,
1083 3596 1138 3644 et
1175 3589 1389 3643 nostris
1437 3587 1804 3657 praeferenda;
1846 3594 2054 3656 tempo-

354 3675 518 3732 ribus
547 3676 791 3743 feminaa,
843 3676 1166 3747 Salabergze
1197 3676 1374 3731 vitam
1416 3683 1593 3746 atque
1625 3683 1914 3746 gestorum
1965 3689 2051 3731 se-

352 3764 514 3830 riem,
549 3763 604 3818 in
636 3771 922 3834 quantum
945 3779 1036 3820 res
1055 3764 1275 3820 sinebat
1303 3771 1357 3820 et
1379 3765 1575 3820 divina
1610 3765 1787 3834 pietas
1825 3763 2051 3819 favebat

353 3867 478 3907 meo
508 3851 805 3907 debuerim
856 3852 1002 3922 stylo
1051 3852 1280 3908 cudere.
1337 3852 1443 3908 Sed
1501 3866 1606 3923 ego
1653 3852 1710 3906 in
1760 3852 1867 3907 hac
1893 3858 2050 3922 parte

350 3939 518 3995 valde
546 3953 635 3994 me
663 3953 864 3995 censeo
918 3940 1036 3995 fore
1069 3940 1366 4010 imparem,
1409 3940 1623 4010 quippe
1655 3941 1757 4010 qui
1796 3939 1892 3996 vix
1926 3939 2050 4009 pri-

352 4027 459 4082 mis
493 4027 752 4084 imbutus
780 4041 909 4084 sum
957 4027 1180 4096 litteris,
1232 4035 1286 4084 et
1324 4027 1644 4085 Christiana
1691 4027 2049 4097 simplicitate

351 4117 649 4172 educatus.
685 4117 789 4172 Sed
818 4131 948 4173 sum
966 4132 1185 4174 memor
1215 4117 1371 4173 illius
1404 4119 1628 4174 Domini
1656 4125 1709 4174 et
1738 4118 2049 4174 Salvatoris

354 4203 641 4272 praeconii,
675 4204 948 4260 dicentis:
999 4227 1019 4253 ι
1052 4207 1224 4262 Petite
1269 4213 1324 4261 et
1364 4206 1597 4262 dabitur
1641 4207 1838 4270 vobis;
1892 4221 2045 4276 quae,

352 4290 457 4345 rite
485 4297 538 4346 et
563 4289 906 4360 invenietis;
957 4293 1179 4362 pulsate
1208 4301 1263 4349 et
1294 4294 1586 4364 aperietur
1628 4293 1790 4349 vobis
1829 4295 2043 4353 (Matth.

351 4393 449 4447 vn,
472 4380 547 4444 7).
587 4400 607 4427 ι
663 4381 733 4435 Et
763 4378 906 4434 illud
959 4380 1393 4452 Psalmographi
1432 4381 1764 4438 oraculum:
1802 4403 1822 4430 ι
1872 4382 2046 4452 Aperi
2073 4368 2118 4422 D

349 4482 412 4522 os
440 4473 626 4534 tuum,
662 4475 716 4523 et
745 4481 852 4538 ego
896 4468 1215 4538 adimplebo
1263 4470 1406 4526 illud
1447 4470 1625 4542 (Psat.
1660 4485 1832 4539 Lxxx,
1868 4471 1981 4542 11).
2016 4491 2044 4522 ι)

352 4555 511 4610 Unde
542 4555 805 4611 lectorem
839 4556 1090 4612 obsecro.
1128 4557 1183 4613 Si
1233 4559 1367 4628 quis
1411 4566 1601 4615 tamen
1643 4560 1781 4626 haec,
1834 4573 2048 4629 quam-

349 4642 438 4697 vis
476 4643 777 4699 temerario
824 4652 1034 4700 conatu
1081 4657 1390 4717 aggressus
1437 4660 1566 4702 sum
1604 4654 1812 4716 texere,
1864 4653 2042 4718 gesta,

2165 3148 2373 3218 quaerit
2401 3149 2455 3202 in
2483 3147 2572 3203 his
2604 3148 2931 3204 Tullianam
2976 3147 3388 3218 eloquentiam,
3425 3162 3529 3203 nec
3569 3157 3839 3204 oratorum

2164 3235 2516 3304 facundiam,
2565 3250 2682 3292 non
2731 3237 3204 3306 philosophorum
3261 3235 3547 3303 ﬂosculos,
3582 3244 3641 3292 et
3682 3237 3844 3291 stoico-

2163 3339 2295 3381 rum
2342 3324 2599 3380 diversas
2649 3325 3003 3392 assertiones,
3042 3325 3137 3379 sed
3191 3325 3509 3391 veritatem,
3543 3333 3604 3380 et
3657 3323 3845 3393 simpli.

2162 3413 2391 3469 citatem
2432 3413 2700 3469 historiae.
2747 3413 2946 3482 Neque
2999 3413 3153 3469 enim
3203 3413 3400 3482 aquila
3455 3413 3718 3468 extensis
3761 3411 3843 3467 alis

2162 3514 2386 3570 semper
2433 3501 2504 3556 ad
2535 3502 2748 3557 aethera
2793 3501 3010 3568 volitat,
3063 3501 3160 3556 sed
3208 3501 3513 3572 aliquoties
3561 3504 3771 3557 assolet
3797 3507 3842 3554 ut

2163 3589 2586 3646 remissioribus
2630 3588 2835 3659 pennis
2877 3589 3182 3645 descendat
3230 3589 3301 3644 ad
3350 3596 3578 3656 terras;
3617 3597 3674 3645 et
3721 3590 3843 3642 inter

2161 3677 2349 3748 regias
2395 3692 2544 3747 saepe
2595 3678 2788 3747 dapes,
2867 3678 3037 3734 etiam
3083 3678 3220 3732 vilia
3287 3691 3454 3746 poma
3505 3676 3842 3746 lactucaeque

2160 3772 2451 3833 aggrestes
2505 3764 2721 3834 optima
2765 3779 3014 3835 quaeque
3069 3773 3395 3821 censentur.
3461 3764 3737 3820 Orandns
3779 3770 3844 3818 est

2160 3852 2312 3907 Deus
2343 3853 2507 3908 Pater
2548 3861 2612 3908 ut
2643 3852 2964 3908 densissimi
3017 3855 3255 3922 pectoris
3298 3853 3613 3923 obtusique
3662 3865 3841 3908 sensus

2161 3940 2360 3995 nubila
2385 3941 2628 4012 detegat.
2662 3941 2927 3996 Orandns
2966 3949 3049 3996 est
3078 3949 3131 3996 et
3163 3941 3422 3996 Salvator
3464 3949 3668 3997 noster
3706 3941 3844 3996 Iesus

2159 4027 2437 4096 Christus,
2472 4037 2536 4086 ut
2567 4043 2712 4084 aura
2731 4043 2834 4085 nos
2860 4029 2912 4084 S.
2948 4029 3189 4098 Spiritus
3212 4028 3412 4085 efflare
3441 4029 3744 4100 dignetur,
3774 4035 3839 4084 nt.

2157 4117 2401 4188 caligine
2449 4117 2653 4173 mentis
2708 4117 2933 4183 abrasa,
2985 4117 3316 4173 facultatem
3370 4118 3764 4172 accommodet
3792 4116 3844 4169 lo

2157 4206 2393 4274 quendi,
2421 4213 2486 4261 ut
2518 4205 2863 4261 venerabilis
2891 4206 3112 4272 matris,
3147 4221 3278 4275 quae
3310 4219 3533 4274 semper
3581 4212 3842 4260 monaste

2156 4293 2373 4349 riorum
2422 4293 2925 4364 Ecclesiarumque
2970 4307 3163 4349 amore
3207 4293 3496 4364 ﬂagravit,
3551 4294 3839 4348 valeamus

2155 4388 2318 4437 actus
2345 4381 2638 4447 disserere,
2669 4389 2723 4437 et
2759 4381 2818 4436 in
2868 4388 3119 4450 posteros
3161 4381 3401 4437 strictim
3445 4382 3841 4449 succincteqn-e

2155 4467 2541 4541 promulgare.
2577 4470 2817 4527 Tribuat
2849 4468 2940 4524 ille
2970 4469 3123 4539 quod
3155 4477 3285 4538 peto
3310 4477 3496 4524 vestro
3534 4469 3840 4538 opitulante

2153 4565 2340 4624 oratu,
2372 4558 2474 4628 qui
2508 4578 2531 4607 ι
2564 4557 2794 4625 linguas
2817 4556 3104 4613 infantum
3125 4557 3254 4613 fecit
3273 4571 3393 4612 esse
3410 4555 3664 4612 disertas
3695 4559 3837 4628 (Sap.

2153 4661 2215 4714 x,
2248 4644 2338 4700 21.
2377 4666 2398 4693 ι

1759 4917 2112 4990 INCIPIT
2181 4916 2427 4991 VITA.

908 5207 1142 5264 CAPUT
1181 5208 1484 5264 PRIMUM.

420 5297 604 5368 Igitur
629 5304 827 5353 sancta
866 5295 1175 5366 Salaberga
1227 5296 1284 5351 in
1338 5295 1674 5352 suburbano
1722 5294 2041 5352 Leucorum

347 5383 556 5452 oppido
587 5385 1027 5456 Lingonicaeque
1064 5383 1330 5451 conﬁnio,
1367 5383 1687 5440 illustribus
1715 5390 1840 5439 orta
1872 5391 2042 5438 nata-

349 5468 502 5524 libus
529 5468 648 5540 [al.,
673 5471 958 5529 territorio
983 5471 1296 5543 Lingonico
1324 5471 1536 5529 contini
1563 5472 1890 5530 secundum
1936 5485 2040 5527 sae-

2149 5207 2262 5263 culi
2294 5206 2632 5277 dignitatem
2661 5206 2982 5264 clarissima
3010 5209 3342 5278 parentibus
3390 5223 3504 5264 non
3541 5209 3768 5267 infimis
3796 5224 3844 5265 at

2153 5295 2211 5349 in
2242 5294 2474 5352 servitio
2525 5295 2624 5351 Dei
2662 5310 2763 5365 per
2804 5295 2998 5352 omnia
3046 5297 3265 5353 devotis
3299 5297 3519 5353 exstitit
3554 5297 3840 5368 oriunda}

2152 5397 2324 5454 quem
2358 5383 2727 5440 Uternensem
2760 5397 2976 5455 pagum
3007 5384 3081 5441 ob
3109 5399 3336 5441 amnem
3388 5384 3593 5440 iisdem
3633 5387 3695 5442 in
3729 5387 3845 5442 locis

2149 5470 2494 5526 deﬂuentem
2525 5469 2797 5540 vocitant,
2823 5471 3098 5529 humanis
3125 5473 3300 5531 rebus
3320 5472 3553 5529 initium
3588 5478 3841 5546 sumpsit.
