3944 6084
148 270 285 324 1225

1342 266 1571 323 ADDIT.
1602 297 1671 305 —
1703 267 1858 324 VITA
1896 267 1952 322 S.
1995 261 2439 321 SALABERGE.

3518 273 3533 323 Ι
3547 271 3653 324 226

144 400 251 457 Sed
294 404 581 471 quantum
631 395 927 464 illustrior,
961 394 1052 451 vel
1097 394 1346 452 nobilior
1375 395 1482 452 fuit
1527 397 1838 465 natalibus,
1878 402 1925 454 A
1954 395 2226 451 Deitatem
2256 394 2375 465 [al.,
2420 392 2584 449 nulla
2641 393 3018 450 imminuente
3063 397 3481 456 immutationis
3519 402 3653 457 Dei-

146 487 286 543 adeo
338 485 395 541 in
442 483 738 540 nutriendi
774 496 918 540 cura
965 482 1305 553 parentibus
1349 481 1659 538 sollicitior.
1695 482 1838 537 Nam

148 589 281 631 cum
315 574 409 630 illo
438 574 493 628 in
523 581 777 643 tempore
806 585 945 643 gens
968 571 1358 642 Bajoariorum
1380 570 1579 641 (quam
1611 571 1844 627 Orosius

149 664 241 719 vir
264 662 709 727 eruditissimus,
740 668 796 716 et
831 660 1197 716 historiarum
1238 660 1499 732 cognitor
1536 660 1705 731 Bojas
1733 661 1845 730 pri-

152 767 245 807 sco
294 750 575 807 vocabulo
619 748 884 819 appellat,
930 748 988 803 in
1031 755 1291 804 extrema
1336 747 1641 804 Germania
1690 748 1842 819 sita,)

153 840 462 896 Bonosiaca
500 845 647 895 esset
674 837 881 894 infecta
931 850 1143 904 errore,
1179 837 1548 893 Bonosiacam
1582 837 1844 892 haresim

153 930 477 985 defensores
514 935 725 983 sancta
774 925 1040 983 Ecclesia
1091 933 1402 982 notarunt:
1437 941 1568 997 qua
1620 924 1847 981 haresis

153 1017 377 1088 antiqui
407 1023 462 1073 et
493 1015 682 1072 callidi
706 1015 883 1071 hostis
925 1014 1146 1071 irretita
1192 1014 1452 1082 habenis,
1486 1028 1699 1085 purum
1738 1014 1846 1069 ho-

155 1107 363 1162 minem
398 1104 705 1161 Domiuum
748 1111 1009 1160 nostrum
1040 1104 1232 1160 Jesum
1275 1102 1588 1169 Christum,
1628 1101 1846 1173 absque

154 1194 371 1251 Deitate
403 1194 587 1249 Patris
623 1207 764 1259 esse,
806 1206 980 1249 sensu
1020 1205 1201 1262 pravo
1235 1190 1518 1247 censebat.
1552 1190 1639 1246 Ad
1670 1205 1847 1261 quam

152 1284 432 1339 nefariam
462 1290 516 1338 et
554 1283 816 1337 insanam
866 1280 1183 1336 doctrinam
1234 1279 1666 1347 confutandam,
1701 1279 1845 1335 imo-

151 1388 264 1443 que
320 1371 710 1436 resecandam,
780 1369 1126 1425 venerabilis
1187 1369 1279 1424 vir
1326 1368 1627 1424 Eustasius
1676 1367 1845 1435 abba,

153 1460 348 1515 divino
371 1466 566 1529 utpote
611 1458 919 1527 instigatus
956 1457 1191 1526 Spiritu,
1214 1455 1474 1512 Luxovio
1504 1456 1850 1511 monasterio

154 1550 209 1602 in
252 1549 474 1619 Vosago
512 1547 661 1603 saltu
699 1548 808 1602 cito
839 1546 1087 1612 advenit,
1120 1546 1273 1615 quod
1310 1544 1400 1599 vir
1429 1544 1611 1599 forma
1639 1544 1848 1599 lauda-

151 1636 302 1704 bilis,
333 1644 389 1692 et
431 1635 733 1691 sanctitate
778 1634 996 1704 pollens
1042 1633 1454 1700 Columbanus,
1511 1632 1849 1704 peregrinus

150 1740 222 1781 ex
252 1723 522 1781 Hibernia
576 1723 912 1789 adveniens,
961 1737 1032 1778 ex
1078 1722 1472 1778 munificentia
1500 1720 1845 1778 Childeberti

155 1814 304 1885 regis
330 1826 556 1869 summo
579 1812 768 1867 studio
792 1820 846 1867 et
868 1811 1061 1867 labore
1089 1811 1433 1866 construxit.

829 1925 1061 1981 CAPUT
1100 1925 1172 1980 ΙΙ.

226 2029 331 2086 Sed
356 2029 630 2102 quoniam
679 2031 822 2088 tanti
873 2030 985 2086 viri
1022 2029 1359 2085 Columbani
1409 2028 1648 2085 fecimus
1684 2043 1849 2085 men-

155 2118 384 2185 tionem,
435 2120 560 2189 cjus
603 2132 714 2174 non
762 2125 847 2174 est
881 2118 1270 2174 necessarium
1319 2122 1474 2171 090
1534 2117 1592 2172 in
1659 2124 1849 2173 nostro

148 2221 319 2277 opere
366 2208 628 2264 detexere
679 2214 857 2279 gesta,
899 2221 1033 2264 cum
1081 2206 1194 2262 sint
1250 2205 1324 2261 ab
1383 2203 1849 2275 eloquentissimo

149 2296 273 2351 viro
302 2296 447 2351 Jona
475 2296 813 2352 elucubrate
839 2295 991 2351 edita
1023 2311 1038 2361 ;
1072 2295 1324 2366 qualiter
1351 2294 1522 2351 etiam
1551 2294 1702 2349 inter
1734 2301 1849 2349 tur-

149 2383 313 2440 bines
347 2384 564 2452 saculi,
615 2391 670 2440 et
726 2383 1062 2440 Theudorici
1104 2382 1256 2454 regis
1302 2382 1710 2452 principatum,
1754 2396 1848 2437 re-

150 2470 423 2542 ginaque
468 2472 868 2528 Brunechildis
916 2471 1225 2543 instigante
1293 2470 1567 2538 versutia,
1616 2469 1846 2525 nefandi

152 2560 327 2616 hostis
357 2560 655 2630 pertulerit
697 2560 952 2616 insidias.
1002 2559 1295 2627 Quomodo
1343 2558 1513 2614 etiam
1549 2559 1850 2627 tyrannica

151 2649 469 2705 temeritate
513 2662 547 2703 a
595 2648 874 2704 fratribus
921 2649 993 2705 sit
1033 2651 1265 2719 ejectus,
1302 2656 1358 2703 et
1389 2647 1565 2703 Italia
1609 2647 1748 2702 ﬁnes
1778 2647 1848 2702 sit

152 2738 487 2809 ingressus;
537 2738 967 2793 monasterium.
1018 2737 1292 2792 Bobiense
1340 2750 1409 2791 ex
1460 2735 1741 2806 permissu
1793 2743 1845 2791 et

148 2824 488 2881 auctoritate
531 2824 740 2896 Aigulﬂ
803 2824 1309 2896 Longobardorum
1366 2823 1518 2892 regis
1559 2823 1701 2879 miro
1752 2836 1846 2877 or-

150 2912 288 2970 dine
320 2915 441 2985 [al.,
480 2914 671 2985 opere]
722 2913 1066 2980 construxit,
1108 2912 1488 2983 regulamque
1530 2909 1848 2966 condiderit

159 3002 593 3070 monachorum,
634 3002 811 3059 isdem
861 3001 1132 3072 prafatus
1176 3001 1348 3056 Jonas
1394 3000 1455 3055 in
1498 2999 1643 3054 libro
1673 3012 1843 3068 quem
1887 2999 1926 3046 (‘-

155 3090 233 3145 De
261 3090 391 3146 Vita
418 3098 471 3147 et
502 3090 798 3147 miraculis
827 3090 955 3161 ejus
974 3089 1270 3145 ediditsuo
1289 3087 1434 3158 stylo
1452 3086 1843 3158 prosequitur.

223 3178 468 3233 Exstant
498 3177 753 3249 ejusdem
784 3177 966 3234 Patris
991 3176 1331 3234 Columbani
1362 3176 1574 3245 scripta
1604 3175 1675 3230 ad
1708 3174 1847 3229 bea—

151 3273 275 3321 tum
305 3272 361 3321 et
392 3264 870 3321 facundissimum
918 3266 1108 3321 virum
1138 3264 1476 3335 Gregorium
1522 3263 1847 3334 pontificem

148 3354 498 3421 Romanum,
549 3353 608 3408 in
660 3354 824 3414 libro.
875 3368 1049 3424 quem
1092 3350 1209 3425 [al.,
1256 3352 1409 3422 qua]
1459 3351 1528 3407 de
1584 3350 1846 3421 pervigili

149 3450 448 3513 pastorum
480 3455 622 3498 cura
654 3441 871 3509 elicuit,
905 3441 1006 3511 qui
1054 3455 1121 3496 eo
1172 3447 1423 3510 tempore
1474 3440 1612 3496 adeo
1660 3439 1850 3494 clarus

149 3530 477 3586 habebatur
506 3536 682 3600 atque
734 3529 1033 3585 sanctitate
1058 3528 1333 3598 praeditus
1378 3535 1522 3595 erat,
1562 3526 1848 3596 utetiam,

151 3616 371 3688 Spiritu
416 3624 615 3673 sancto
671 3617 721 3673 ei
769 3617 1017 3684 favente,
1083 3623 1301 3672 secreta
1349 3615 1475 3672 coeli
1536 3614 1847 3685 patuerint,

156 3720 480 3775 novemque
499 3705 547 3761 ei
572 3705 806 3761 ordines
850 3704 1211 3775 angelorum,
1262 3711 1387 3774 post
1435 3703 1675 3759 Paulum
1710 3716 1853 3773 apo-

155 3793 367 3850 stolum
408 3795 622 3851 mirum
652 3793 710 3849 in
740 3793 976 3849 modum
1007 3800 1109 3848 aut
1137 3792 1291 3848 solus
1330 3800 1433 3848 aut
1480 3806 1650 3847 rarus
1680 3792 1853 3847 ferme

155 3882 446 3938 disseruit.
488 3881 669 3952 Cujus
715 3881 975 3937 doctrina
1035 3879 1251 3950 eloquii
1302 3886 1683 3945 venustatem,
1744 3892 1856 3947 pa-

156 3971 530 4041 nitcntiaque
578 3971 826 4026 fomenta
873 3969 1144 4038 docente;
1206 3966 1517 4024 universus
1583 3966 1855 4024 Occidens

158 4059 437 4114 hactenus
471 4058 813 4114 illustratur.
864 4055 970 4112 Sed
1014 4064 1067 4113 et
1098 4056 1243 4113 idem
1289 4054 1635 4112 venerabilis
1666 4054 1754 4109 vir
1784 4052 1855 4109 ad

159 4146 457 4217 prafatum
482 4146 705 4202 Patrem
734 4144 1014 4201 melliﬂua
1048 4145 1264 4201 remisit
1311 4143 1544 4213 scripta.
1573 4142 1742 4198 Nunc
1784 4141 1854 4197 ad

159 4231 514 4302 propositum
545 4238 925 4288 revertamur.

817 4345 1050 4403 CAPUT
1089 4344 1186 4400 III.

236 4451 536 4508 Prafatam
566 4458 791 4523 gentem
822 4466 922 4522 per
945 4451 1266 4508 Germania
1297 4450 1462 4507 sinus
1487 4448 1579 4505 vir
1600 4448 1700 4505 Dei
1732 4449 1857 4505 Eu-

163 4542 371 4597 stasius
399 4553 725 4610 aggressus,
756 4548 821 4595 ut
863 4540 1098 4596 lucerna
1135 4537 1458 4595 Conditoris
1484 4550 1859 4607 nequaquam

163 4628 275 4684 sub
304 4628 514 4694 modio,
553 4626 651 4681 sed
703 4640 875 4695 super
911 4626 1325 4682 candelabrum
1383 4625 1564 4694 posita
1592 4624 1862 4680 omnibus

165 4716 477 4789 patefieret,
530 4716 929 4782 talentumque
974 4713 1223 4782 desuper
1261 4712 1462 4767 datum
1512 4711 1689 4780 hujus
1749 4725 1863 4767 non

165 4803 507 4875 operiretur,
559 4802 657 4857 sed
708 4800 899 4870 potius
945 4800 1217 4856 omnibus
1264 4812 1396 4855 cum
1445 4797 1737 4868 duplicato
1780 4799 1862 4853 fe-

166 4907 306 4949 nore
332 4896 745 4962 perpatesceret
790 4888 1012 4958 (Matth,
1060 4904 1115 4956 v,
1171 4887 1335 4959 xxv),
1376 4887 1869 4957 exspargescentis

164 4981 346 5051 ipsius
375 4978 580 5034 abraso
608 4977 819 5033 erroris
840 4977 1089 5044 tramite,
1113 4975 1466 5047 evangelica,
1497 4976 1555 5030 iu
1580 4982 1867 5045 quantum

166 5068 449 5126 Dominus
501 5064 762 5131 contulit,
798 5064 962 5120 verbi
996 5078 1267 5120 mucrone
1310 5064 1623 5129 truncavit,
1659 5063 1872 5133 pradi-

163 5171 307 5215 cans
335 5154 644 5211 Dominum
675 5160 939 5209 nostrum
970 5153 1165 5208 Jesum
1196 5151 1512 5217 Christum,
1544 5151 1700 5220 quod
1727 5150 1872 5207 sicut

166 5246 229 5301 iu
279 5242 591 5299 Divinitate
635 5239 1028 5311 aqualitatem
1076 5238 1171 5295 Dei
1230 5238 1416 5294 Patris
1470 5238 1878 5308 omnipotentis

170 5331 427 5397 haberet,
460 5330 540 5386 ita
583 5335 640 5384 et
689 5327 1111 5384 humanitatem
1162 5326 1406 5382 materni
1452 5327 1723 5396 corporis,
1768 5341 1877 5382 no-

168 5427 466 5489 stramque
517 5425 809 5483 naturam,
861 5428 1040 5485 quam
1084 5415 1203 5485 ipse
1255 5414 1606 5482 condiderat,
1658 5414 1878 5484 absque

1947 483 2107 555 tate],
2137 496 2267 553 qua
2300 490 2493 553 utpote
2528 496 2754 553 semper
2793 496 2927 539 cum
2959 481 3127 539 Patre
3157 484 3345 555 fuerit,
3399 496 3464 545 ut
3506 490 3651 546 nihil
3712 469 3718 475 ’

1947 586 2055 628 sua
2084 571 2362 642 dignitate
2410 570 2707 638 minuerit,
2760 571 2915 627 unde
2957 586 3133 629 verus
3163 575 3334 641 Deus,
3382 584 3437 633 et
3481 593 3653 636 verus

1950 661 2120 717 homo
2141 659 2461 730 appellatus
2486 660 2558 716 sit
2587 659 2869 716 Christus.

2023 748 2279 818 Denique
2320 761 2583 804 remeans
2629 762 2702 804 ex
2749 748 3027 820 Bajoariis
3074 750 3165 807 vir
3191 752 3476 822 egregius,
3528 764 3651 824 post

1951 835 2272 893 Germania
2325 836 2681 908 Belgicaque
2738 837 3087 895 laboriosum
3149 840 3369 909 callem,
3420 844 3652 900 tandem

1953 926 2213 996 pervenit
2250 926 2321 981 ad
2359 926 2670 996 quemdam
2724 927 2917 983 virum
2968 928 3415 985 illustrissimum
3445 931 3653 1001 opibus

1951 1022 2005 1071 et
2037 1014 2250 1071 divitiis
2298 1013 2633 1084 opulentum
2673 1014 2941 1086 famaque
2973 1018 3288 1073 secundum
3324 1020 3518 1075 saculi
3565 1020 3651 1076 di-

1955 1102 2229 1174 gnitatem
2278 1101 2644 1173 praclarum,
2696 1109 2751 1158 et
2800 1102 3003 1158 aulicis
3051 1104 3224 1160 rebus
3280 1112 3501 1175 aptum,
3552 1123 3654 1163 no-

1953 1191 2108 1248 mine
2136 1191 2521 1247 Guuduinum
2559 1188 2675 1262 [al.,
2708 1190 3127 1264 Gundomum],
3162 1193 3263 1263 qui
3298 1207 3366 1250 eo
3401 1202 3654 1265 tempore

1956 1280 2111 1351 apud
2143 1279 2341 1335 villam
2379 1278 2715 1349 quamdam,
2769 1279 3001 1335 nomine
3050 1281 3286 1349 Mosam,
3319 1282 3391 1338 ob
3424 1298 3653 1340 amnem

1958 1368 2015 1424 in
2041 1382 2107 1425 eo
2135 1368 2258 1424 loco
2304 1367 2727 1434 decurrentem,
2758 1367 2840 1421 sic
2888 1367 3232 1438 appellatam
3275 1371 3650 1440 morabatur;

1955 1455 2055 1527 qui
2126 1455 2313 1511 amnis
2358 1469 2431 1511 ex
2482 1454 2809 1525 Lingonicis
2873 1456 3089 1512 ﬂnibus
3127 1456 3339 1514 fontem
3391 1474 3648 1525 sumens,

1959 1550 2083 1613 post
2132 1543 2343 1599 multos
2406 1543 2702 1599 anfractus
2746 1543 3094 1614 crebrosque
3162 1553 3328 1601 terra
3380 1548 3658 1603 circuitus

1958 1632 2141 1689 Rheni
2190 1632 2543 1688 velocissime
2592 1631 2850 1687 ﬂuminis
2907 1632 2964 1686 in
3024 1647 3081 1689 se
3133 1633 3349 1690 ﬂuenta
3396 1650 3468 1690 ex
3500 1644 3658 1705 parte

1888 1700 1928 1753 Β
1959 1720 2259 1790 recipiens,
2294 1734 2575 1776 oceanum
2607 1720 2982 1776 Barbaricum
3025 1720 3368 1792 ingreditur.

2028 1809 2133 1865 Vir
2179 1808 2359 1879 igitur
2404 1808 2755 1864 Gunduinus
2804 1809 3189 1865 venerabilem
3252 1812 3444 1867 virum
3500 1812 3658 1869 velut

1958 1897 2351 1968 gratissimum
2383 1910 2601 1951 munus
2635 1896 2907 1965 suscepit.
2951 1896 3126 1952 Porro
3157 1905 3221 1953 ut
3248 1899 3453 1955 assolet
3481 1908 3535 1955 et
3569 1915 3659 1956 res

1956 2000 2015 2041 se
2045 1985 2279 2050 habent,
2308 1985 2582 2040 humana
2613 1984 2763 2040 inter
2792 1984 3051 2040 salubria
3081 1985 3497 2043 adhortationis
3526 2003 3654 2045 ver-

1957 2074 2032 2130 ba
2064 2073 2123 2129 in
2143 2073 2428 2144 colloquio
2472 2073 2731 2130 virorum
2790 2073 3045 2129 ﬂdelium
3095 2074 3325 2131 animus
3370 2079 3659 2134 crescebat

1955 2163 2179 2231 piorum
2214 2162 2327 2232 [al.,
2361 2162 2540 2217 animi
2571 2162 2760 2217 favere
2787 2162 3124 2235 pastorum].
3176 2164 3354 2234 Capit
3392 2166 3540 2221 idem
3568 2166 3658 2222 vir

1957 2251 2056 2306 Dei
2097 2250 2373 2306 sciscitari
2406 2257 2605 2306 utrum
2657 2250 2840 2305 eidem
2874 2249 3017 2319 viro,
3056 2249 3265 2306 illustri
3303 2252 3656 2310 Francorum

1955 2347 2077 2397 orto
2138 2339 2449 2407 natalibus,
2504 2338 2725 2395 soboles
2782 2338 3025 2395 adesset.
3098 2339 3375 2396 Cernebat
3421 2342 3653 2412 quippe,

1958 2434 2023 2484 ut
2048 2428 2271 2498 opinor,
2306 2427 2397 2483 vir
2450 2427 2567 2496 Dei,
2601 2441 2635 2483 a
2692 2428 2809 2484 Deo
2866 2427 2983 2483 fore
3035 2429 3352 2498 prascitam
3415 2430 3652 2499 prolem,

1956 2529 2134 2587 quam
2167 2523 2356 2587 postea
2395 2517 2475 2571 rei
2509 2514 2776 2586 probavit
2799 2523 3057 2572 eventus.
3091 2517 3254 2573 Tunc
3294 2518 3386 2589 vir
3417 2518 3657 2574 illustris

1956 2604 2326 2671 Gunduinus,
2377 2619 2509 2661 cum
2576 2603 2824 2676 conjuge
2873 2618 2981 2661 sua
3031 2604 3360 2673 Saretrude,
3408 2606 3656 2677 eleganti

1957 2693 2140 2749 forma
2184 2699 2239 2748 et
2286 2692 2461 2749 nobili
2511 2692 2744 2760 femina,
2789 2693 2935 2749 duos
2983 2692 3146 2749 bona
3208 2693 3413 2751 indolis
3458 2694 3657 2751 adole—

1955 2780 2243 2837 scentulos
2316 2781 2388 2837 ob
2460 2781 2872 2861 benedictionis
2941 2790 3339 2851 percepturatn
3406 2784 3649 2854 gratiam

1955 2869 2357 2940 prasentavit;
2390 2883 2643 2939 quorum
2674 2869 3197 2926 seniorLeudinus
3242 2868 3367 2943 [al.,
3414 2871 3652 2927 Leudei-

1956 2956 2115 3029 nus],
2165 2965 2543 3029 cognomento
2610 2949 2799 3023 Bodo;
2827 2957 3027 3028 junior
3086 2972 3223 3015 vero
3279 2960 3654 3030 Fulculphus,

1955 3047 2058 3120 qui
2084 3053 2139 3103 et
2164 3046 2285 3117 ipse
2314 3047 2426 3103 alio
2443 3047 2726 3103 vocabulo
2749 3047 2899 3103 Bodo
2930 3047 3250 3103 dicebatur.

2027 3135 2363 3191 Sciscitatur
2410 3134 2602 3191 denuo
2633 3135 2725 3190 vir
2780 3135 2879 3191 Dei
2924 3135 2972 3190 si
3002 3135 3193 3191 adhuc
3243 3135 3425 3206 proles
3466 3150 3658 3206 super-

1955 3232 2121 3281 esset.
2153 3224 2233 3279 Ad
2261 3237 2435 3294 quem
2468 3222 2545 3278 illi
2595 3223 2849 3279 fatentur
2892 3237 2951 3279 se
2989 3224 3196 3280 habere
3225 3224 3475 3294 puellam
3510 3223 3658 3281 Ger-

1958 3326 2189 3369 manam
2215 3312 2342 3368 licet
2366 3319 2529 3368 atate
2576 3310 2989 3381 prafereutem,
3038 3312 3133 3367 sed
3165 3311 3388 3368 dudum
3418 3312 3659 3368 lumini-

1957 3401 2069 3457 bus
2096 3400 2377 3456 orbatam.
2415 3399 2501 3455 Ad
2533 3414 2680 3469 quos
2710 3398 2801 3455 vir
2831 3400 2944 3455 Deo
2972 3399 3178 3469 plenus
3203 3398 3283 3454 ait
3311 3414 3323 3453 :
3364 3421 3384 3447 ι
3429 3399 3657 3467 Veniat,

1959 3502 2174 3559 quaso,
2239 3488 2382 3558 ipsa,
2425 3495 2480 3543 et
2531 3487 2735 3543 vestris
2794 3487 2914 3557 [al.,
2984 3485 3214 3559 nostris]
3283 3495 3661 3557 prasentetur

1959 3576 2275 3633 obtutibus.
2312 3596 2333 3624 ι
2387 3575 2649 3631 Senserat
2705 3575 2878 3643 enim,
2913 3582 2977 3631 ut
3021 3589 3166 3641 reor,
3220 3574 3277 3630 in
3309 3575 3515 3645 spiritu
3546 3576 3596 3632 ei
3626 3590 3661 3633 a

1961 3663 2203 3720 Domino
2233 3663 2531 3719 sanitatem
2575 3664 2692 3718 fore
2738 3663 3107 3719 collaturum.
3158 3664 3451 3719 Triduano
3484 3664 3661 3736 igitur

1961 3767 1996 3807 a
2020 3752 2324 3821 semetipso
2344 3759 2544 3807 exacto
2562 3750 2805 3821 jejunio,
2835 3765 3007 3820 super
3030 3752 3226 3807 oculos
3248 3752 3450 3822 puella
3469 3752 3656 3808 oleum

1963 3837 2375 3893 benedictionis
2424 3837 2516 3891 vir
2568 3835 2663 3891 Dei
2702 3834 2946 3891 cfﬂudit.
3008 3836 3218 3892 Mirum
3273 3835 3462 3893 dictu!
3521 3852 3659 3893 mox

1968 3923 2157 3996 puella
2186 3924 2486 3980 sanitatem
2508 3922 2831 3994 pristinam,
2865 3923 3072 3979 Christi
3107 3924 3295 3995 gratia
3324 3923 3659 3995 opitulante,

1966 4018 2272 4068 consecuta
2324 4019 2428 4067 est.
2483 4011 2598 4067 Nec
2639 4011 2924 4067 immerito
2979 4011 3336 4081 omnipotens
3376 4013 3527 4068 Deus
3581 4014 3663 4068 sic

1968 4101 2021 4156 in
2057 4106 2328 4171 promptu
2350 4114 2588 4156 suorum
2611 4100 2965 4169 obtemperat
2996 4100 3259 4169 precibus
3287 4100 3661 4171 famulorum,

1968 4189 2070 4260 qui
2113 4202 2249 4245 suas
2287 4196 2520 4258 propter
2589 4188 2780 4258 ipsum
2853 4188 3269 4245 cruciﬁxerunt
3315 4190 3659 4247 voluntates.

1895 4285 1938 4339 D
2035 4277 2309 4348 Sequitur
2349 4276 2613 4346 deinceps
2661 4276 2817 4333 aliud
2869 4277 3235 4346 splendidum
3291 4277 3660 4334 miraculum.

1964 4367 2108 4422 Cum
2137 4364 2335 4422 eadem
2368 4364 2560 4434 puella
2598 4364 2945 4435 jampridem
2980 4365 3208 4421 ﬂuxum
3252 4365 3554 4435 sanguinis
3580 4380 3663 4435 pa.

1967 4462 2201 4517 teretur,
2239 4461 2294 4509 et
2341 4453 2684 4524 gravissima
2731 4454 2986 4523 corporis
3026 4454 3283 4509 molestia
3324 4468 3397 4509 ex
3428 4455 3535 4509 hoc
3563 4455 3667 4511 de-

1968 4542 2097 4598 bilis
2125 4548 2417 4597 teneretur
2442 4542 2692 4609 astricta,
2725 4542 2814 4597 vir
2842 4542 3111 4613 egregius
3142 4541 3440 4597 Eustasius
3470 4550 3535 4598 ut
3565 4542 3671 4598 hoc

1967 4628 2267 4699 perspicue
2325 4627 2617 4696 comperit,
2676 4627 2941 4683 divinum
3003 4627 3355 4698 solitumque
3424 4628 3672 4699 profusis

1970 4714 2239 4785 precibus
2266 4714 2448 4784 poscit
2471 4714 2927 4770 adminiculum:
2961 4714 3261 4771 exaudivit
3310 4729 3502 4786 preces
3534 4717 3672 4774 tide-

1973 4804 2041 4860 lts
2068 4802 2270 4858 famuli
2301 4802 2389 4857 sui
2422 4802 2515 4857 ille
2546 4816 2742 4859 rerum
2800 4802 2963 4858 Sator
3017 4810 3288 4871 aternus,
3328 4805 3429 4875 qui
3461 4807 3674 4862 sanctis

1975 4892 2117 4958 suis,
2168 4890 2295 4960 ejus
2349 4889 2649 4960 praceptis
2701 4892 2792 4959 pie
2846 4889 3400 4959 obtemperantibus,
3466 4900 3674 4961 prasto

1976 4993 2098 5035 esse
2155 4977 2474 5033 consuevit.
2520 4976 2668 5042 Quid
2720 4976 2904 5033 multa
2934 4979 2964 5032 ‘?
2992 4977 3188 5034 Puella
3235 4978 3501 5049 sospitate
3546 4993 3673 5051 per-

1979 5074 2143 5137 cepta
2175 5065 2477 5121 incolumis
2504 5072 2587 5120 est
2613 5065 2896 5121 restituta.

2645 5206 2876 5264 CAPUT
2914 5207 3011 5265 IV.

2055 5299 2279 5385 Interea
2308 5343 2439 5385 cum
2485 5329 2556 5385 ad
2591 5330 2853 5401 perfecta
2877 5331 3061 5388 atatis
3096 5331 3448 5401 pervenisset
3478 5346 3681 5403 annos,

1987 5424 2254 5488 parentes
2325 5416 2453 5488 ejus
2512 5432 2644 5474 cum
2702 5419 2980 5490 vidissent
3027 5419 3278 5490 puellam
3326 5419 3680 5491 gliscentem,

176 5514 405 5578 peccato
424 5507 756 5576 susciperet,
798 5510 855 5560 et
893 5501 1118 5560 nullam
1166 5503 1600 5560 imminuentem
1650 5503 1881 5560 unionis
1988 5503 2368 5576 moribusque
2392 5513 2679 5576 ornatam,
2728 5514 2852 5564 erat
2877 5506 3031 5564 enim
3084 5507 3287 5564 decora
3326 5517 3687 5582 venustaque

536 5594 807 5661 Parnon.
860 5592 1070 5663 CLVI.

3290 5602 3374 5663 39
