3944 6084
316 248 450 301 4227

1360 239 1469 293 AD.
1511 239 1665 294 OPP.
1707 238 1861 291 VEN.
1906 236 2241 294 GUIllERTI
2282 238 2370 294 DE
2411 237 2802 294 NOVIGENTO

3696 245 3820 295 1938

308 380 496 444 vultu,
530 390 755 437 verum,
800 381 865 430 ut
907 372 1130 438 assolet,
1181 377 1307 441 post
1338 383 1530 425 rerum
1582 367 1915 425 discrimina
1946 368 2002 422 in
2044 373 2088 424 Λ
2190 373 2293 427 Per
2319 369 2466 427 idem
2496 377 2725 440 tempus
2754 370 3107 427 Francorum
3148 378 3368 440 sceptra
3396 373 3693 443 regnique
3714 388 3823 444 gu-

216 476 235 519 ’,
310 465 596 538 prosperis
649 461 1010 519 successibus
1061 459 1292 515 animus
1340 465 1623 528 tepescere
1660 456 2000 518 multorum,

310 559 380 612 de
439 555 745 610 liberorum
801 548 1158 606 successione
1220 547 1552 617 cogitantes,
1609 554 1810 601 contra
1863 551 1997 599 68!

311 644 516 716 puellae
541 642 919 706 voluntatem,
975 651 1100 694 eam
1159 636 1388 692 cuidam
1444 634 1568 690 viro
1624 634 2005 704 generositate

313 732 564 801 pollenti,
603 729 950 786 Richramno
972 726 1222 791 nomine,
1259 724 1317 779 in
1353 723 1720 779 matrimonio
1751 721 2005 778 tradide—

311 829 449 890 runt
482 819 625 890 ;qui
667 818 759 874 vir
802 817 920 888 [al.,
961 814 1083 885 vix]
1113 828 1237 869 eam
1271 812 1498 868 duobus
1542 811 1835 867 mensibus
1875 809 2006 879 jure

309 888 658 965 matrimonii
682 906 918 973 habens,
944 902 1216 960 humanis
1237 902 1410 957 rebus
1430 908 1750 970 exemptus,
1772 899 2006 967 vitaque

315 998 575 1069 privatus
603 1001 704 1051 est.

388 1085 487 1140 llis
508 1085 585 1140 ita
617 1081 936 1149 transactis,
964 1078 1268 1135 Eustasius
1310 1077 1382 1133 ad
1418 1075 1745 1132 Luxovium
1777 1088 2008 1145 regres-

317 1188 417 1230 sus
445 1179 548 1247 est.
583 1170 797 1227 Deinde
850 1169 920 1225 ad
950 1168 1271 1233 Warascos,
1319 1165 1417 1237 qui
1448 1172 1670 1235 partem
1713 1162 2005 1233 Sequano-

314 1276 442 1318 rum
474 1259 807 1331 provinciae,
837 1265 891 1314 et
921 1256 1074 1314 Duni
1131 1257 1247 1325 [al.,
1305 1253 1526 1325 Duvii],
1573 1252 1762 1309 amnis
1792 1251 2009 1307 ﬂuenta

309 1365 382 1406 ex
413 1358 660 1419 utraque
709 1347 835 1417 ripa
868 1345 1144 1412 incolunt,
1178 1343 1399 1415 pergit;
1434 1342 1536 1412 qui
1564 1349 1619 1398 et
1666 1340 1769 1411 ipsi
1811 1340 2006 1396 eodem

312 1437 562 1505 Bonosii,
604 1436 949 1505 Fontinique
991 1433 1265 1490 maculati
1302 1445 1495 1488 errore
1520 1445 1740 1492 everso,
1768 1429 1888 1500 jam
1916 1443 2009 1484 se—

314 1528 408 1583 nio
463 1528 579 1595 [al.,
632 1539 753 1580 aevo
789 1524 909 1595 jam
955 1521 1135 1592 senes]
1184 1521 1570 1581 tabescebant.
1614 1519 1700 1574 Ad
1745 1532 1889 1589 quos
1920 1517 2010 1573 vir

311 1615 411 1670 Dei
466 1614 702 1669 veniens
751 1610 1083 1682 evangelico
1146 1623 1395 1675 vomere,
1458 1608 2007 1678 Scripturarumque

310 1716 611 1759 sacrarum
638 1700 913 1764 cauterio,
944 1699 1071 1755 licet
1098 1712 1212 1753 nou
1245 1698 1463 1768 absque
1487 1696 1679 1751 labore
1708 1708 2003 1759 exercens,

311 1807 383 1847 ne
436 1805 597 1862 seges
656 1788 972 1854 Dominica,
1030 1788 1396 1843 crudescente
1450 1785 1636 1855 gleba,
1689 1783 2007 1840 suﬁocante

310 1880 546 1945 zizania,
597 1879 655 1934 in
705 1890 919 1933 avenas
948 1875 1264 1945 loliumque
1294 1879 1660 1936 accresceret,
1695 1871 1765 1926 ad
1798 1876 2008 1926 sanctae.

311 1966 578 2022 Ecclesiae
623 1964 908 2037 gremium
953 1962 1265 2019 revocavit.
1317 1962 1420 2026 Qui
1466 1962 1766 2024 hactenus,
1823 1958 2005 2031 gratia

310 2055 523 2110 divinae
554 2053 920 2124 aspirationis
948 2052 1007 2107 in
1053 2052 1276 2120 eadem,
1318 2065 1495 2122 quam
1529 2050 1602 2107 ab
1633 2063 1697 2105 eo
1736 2061 2006 2119 percepe—

312 2150 470 2204 runt,
499 2132 703 2197 norma
729 2146 1118 2211 perseverant.

384 2231 473 2286 Sic
500 2231 559 2285 Β.
591 2228 893 2285 Eustasius
922 2234 1046 2298 post
1068 2226 1249 2282 multa
1278 2240 1470 2282 rerum
1496 2223 1848 2289 discrimina,
1883 2229 2008 2293 post

312 2319 536 2376 labores
590 2318 919 2384 immensos,
970 2322 1093 2386 post
1151 2314 1548 2370 haereticorum
1602 2312 1757 2368 diras
1786 2312 2006 2382 procel-

315 2408 416 2475 las,
478 2405 911 2478 agrestiumque
979 2403 1474 2459 schismaticorum
1551 2400 1801 2466 fraudes,
1876 2414 2007 2469 quae

315 2495 539 2566 plenius
570 2495 626 2550 in
659 2496 778 2550 suis
810 2492 982 2564 gestis
1025 2492 1414 2559 continentur,
1464 2497 1528 2546 ut
1554 2490 1742 2546 bonus
1770 2487 2003 2553 athleta,

312 2583 554 2641 summis
585 2582 805 2653 pollens
832 2580 1130 2638 miraculis
1160 2580 1278 2635 vita
1315 2579 1479 2636 beata
1529 2577 1762 2634 functus
1791 2576 2007 2647 migra-

311 2674 394 2728 vit
425 2672 497 2728 ad
544 2671 745 2735 Deum,
798 2684 933 2725 cum
979 2683 1179 2725 curam
1228 2667 1472 2723 fratrum
1524 2673 1649 2736 post
1696 2666 2002 2721 discessum

312 2759 570 2832 magistri
601 2759 786 2814 tribus
807 2771 920 2814 non
943 2770 1147 2826 parum
1168 2755 1362 2811 minus
1383 2755 1620 2811 rexisset
1639 2753 1836 2810 lustris
1864 2752 1972 2823 (62)
1989 2792 2002 2806 .

311 2851 378 2905 In
407 2848 578 2916 cujus
610 2846 798 2902 locum
834 2846 954 2914 jam
1001 2844 1218 2914 pridem
1270 2842 1672 2899 convenientia
1709 2842 1886 2898 beatae
1917 2856 2004 2897 re-

312 2934 658 2993 cordationis
701 2933 1035 2989 Walbertus
1063 2933 1123 2988 in
1173 2931 1450 3003 regimine
1502 2931 1746 2987 fratrum
1795 2930 2005 2986 subve-
2043 2968 2083 3022 Ο

310 3034 438 3081 ctus
474 3031 577 3090 est,
634 3022 725 3079 vir
761 3020 1020 3078 omnium
1081 3021 1234 3076 fama
1285 3019 1611 3085 laudabilis,
1661 3018 2006 3089 eximiaeque

312 3111 646 3178 sanctitatis,
678 3119 734 3167 et
771 3111 831 3166 in
858 3108 1252 3166 ecclesiasticis
1297 3106 1612 3177 disciplinis
1640 3121 1757 3161 non
1791 3106 2004 3162 medio-

311 3202 485 3257 criter
530 3200 793 3256 eruditus
837 3215 852 3265 ;
905 3197 1157 3253 bonitate
1212 3210 1280 3252 ac
1335 3196 1562 3265 pietate,
1612 3195 2005 3265 charitateque

312 3289 668 3361 perspicuus,
713 3294 768 3343 et
813 3285 1073 3341 doctrina
1123 3285 1483 3353 exuberans;
1528 3283 1704 3354 hujus
1753 3290 2005 3353 tempore

310 3392 413 3449 per
451 3376 763 3433 Galliarum
816 3373 1142 3444 provincias
1189 3372 1422 3443 agmina
1465 3371 1900 3440 monachorum,
1951 3380 2007 3428 et

309 3479 605 3522 sacrarum
634 3463 959 3535 puellarum
992 3461 1280 3528 examina,
1316 3475 1430 3516 non
1458 3460 1642 3516 solum
1681 3475 1783 3531 per
1811 3474 2001 3532 agros,

311 3555 496 3621 villas,
546 3553 842 3623 vicosque,
888 3558 1063 3621 atque
1113 3549 1365 3614 castella,
1423 3563 1628 3605 verum
1685 3549 1855 3605 etiam
1906 3564 2006 3620 per

310 3643 485 3699 eremi
510 3641 851 3706 vastitatem,
878 3653 951 3695 ex
997 3638 1199 3708 regula
1224 3637 1510 3693 duntaxat
1553 3636 1852 3693 beatorum
1898 3635 2001 3691 Pa-
2032 3648 2037 3657 ‘

311 3740 463 3788 trum
517 3726 803 3786 Benedicti
856 3725 1199 3784 Columbani
1260 3725 1647 3795 pullulabant,
1698 3738 1831 3780 cum
1873 3731 2004 3781 ante

308 3820 451 3876 illud
483 3826 707 3889 tempus
753 3815 1101 3873 monasteria
1146 3814 1246 3870 vix
1280 3814 1479 3885 paucis
1525 3813 1636 3869 illis
1675 3812 2003 3882 reperiren-

305 3917 404 3966 tur
455 3908 515 3964 in
574 3906 732 3963 locis.
784 3905 889 3961 Sed
940 3918 1100 3961 nunc
1152 3902 1225 3960 ad
1282 3901 1597 3959 articulum
1642 3908 2004 3958 revertamur

307 3996 578 4054 historiae.

979 4081 1213 4138 CAPUT
1251 4081 1320 4138 V.

379 4169 830 4227 Prudentissima
887 4169 1100 4225 femina
1154 4168 1466 4239 Salaberga
1516 4182 1647 4223 cum
1705 4181 1807 4236 per
1837 4167 2003 4223 bien-

2114 458 2428 515 hernacula
2484 459 2842 529 Dagobertus
2890 458 3169 529 gestabat,
3224 460 3313 515 vir
3351 459 3643 530 imprimis
3698 475 3825 517 acer

2114 546 2366 617 ingenio,
2401 552 2455 601 et
2489 545 2875 615 principatum
2924 551 3123 600 tenens
3172 543 3289 618 [al.,
3340 548 3681 618 principatu
3707 549 3824 603 ela-

2115 633 2256 703 rus],
2284 640 2338 688 et
2368 646 2483 686 non
2532 631 2717 687 solum
2765 630 2897 687 ﬁdei
2942 631 3075 701 jure
3113 631 3220 688 sibi
3263 633 3557 705 subjectis,
3606 650 3820 691 verum

2112 720 2282 776 etiam
2331 727 2662 775 exterarum
2702 719 3144 789 vicinarumque
3187 722 3440 790 gentium
3488 724 3655 778 fama
3706 738 3823 779 me-

2116 809 2384 865 tuendus.
2433 808 2690 864 Metuens
2736 816 2929 864 autem
2984 809 3259 879 praefatus
3303 810 3665 868 Gunduinus
3709 810 3821 884 [al.,

2117 898 2493 963 Bundoinusl,
2543 911 2612 952 ne
2654 896 2726 952 ob
2775 896 2951 953 ﬁliam
3012 897 3156 954 iram
3204 899 3355 969 regis
3413 900 3823 968 saevitiamque

2116 986 2457 1051 incurreret,
2497 1000 2622 1041 eam
2654 999 2688 1039 a
2716 985 2879 1051 calle,
2925 1000 3041 1056 quo
3091 987 3172 1042 ire
3219 994 3417 1057 sponte
3458 988 3821 1051 decreverat,

2117 1074 2461 1146 pedetentim
2496 1074 2754 1130 retraxit.
2806 1075 2933 1131 Jam
2959 1075 3113 1131 enim
3142 1076 3348 1147 opinor
3374 1077 3500 1148 ejus
3544 1076 3619 1132 ad
3649 1090 3824 1132 aures

2116 1163 2268 1235 regis
2294 1170 2655 1234 pervenerat.

2187 1252 2525 1309 Morabatur
2573 1250 2823 1321 denique
2881 1250 3077 1306 iisdem
3144 1252 3495 1321 temporibus
3559 1253 3621 1308 in
3690 1253 3823 1309 aula

2118 1340 2372 1413 praedicti
2422 1339 2699 1411 principis
2759 1339 2849 1395 vir
2911 1340 3149 1410 quidam
3207 1347 3496 1405 strenuus,
3565 1341 3823 1397 consiliis

2118 1431 2290 1501 regiis
2326 1439 2546 1501 gratus,
2580 1438 2635 1486 et
2685 1430 2834 1485 inter
2875 1444 3008 1486 suos
3055 1429 3209 1485 fama
3237 1429 3676 1497 celeberrimus,
3732 1447 3821 1487 uo-

2120 1519 2270 1575 mine
2300 1518 2618 1574 Blandinus
2668 1516 2783 1591 [al.,
2835 1517 3196 1588 Blandinus],
3233 1518 3335 1588 qui
3365 1528 3816 1588 cognomentum

2120 1609 2262 1664 Baso
2291 1616 2605 1679 acceperat,
2643 1607 2743 1679 qui
2787 1615 2979 1676 utpote
3023 1614 3079 1663 et
3123 1608 3241 1677 ipse
3279 1621 3353 1662 ex
3384 1607 3817 1664 Sicambrorum

2116 1697 2384 1767 prosapia
2410 1704 2572 1753 ortus
2613 1696 3004 1766 exspectabili,
3039 1696 3366 1766 praedictam
3416 1696 3812 1768 Salabergam,

2114 1800 2230 1840 non
2269 1785 2397 1856 ejus
2433 1792 2653 1855 sponte,
2699 1784 2841 1855 quia
2878 1784 3225 1855 jamdudum
3267 1784 3482 1839 divinis
3513 1790 3815 1855 praceptis

2114 1884 2173 1925 se
2220 1869 2514 1940 implicare
2552 1876 2793 1925 noverat
2832 1869 2946 1940 (aL,
2996 1866 3279 1941 voverat],
3320 1868 3447 1924 licet
3480 1870 3686 1925 invitis
3725 1884 3815 1941 pa-

2114 1958 2394 2025 rentibus,
2427 1958 2586 2027 regio
2637 1965 2824 2014 tamen
2852 1957 3040 2027 jussu,
3072 1964 3126 2013 et
3163 1957 3236 2012 ob
3267 1957 3579 2013 liberorum
3616 1972 3816 2029 procn-

2114 2047 2431 2102 randorum
2470 2060 2723 2115 causam,
2762 2047 2817 2101 in
2845 2059 3016 2101 suum
3049 2045 3289 2101 adscivit
3318 2046 3686 2117 conjuginm.
3721 2047 3813 2103 So-

2112 2135 2261 2190 ciata
2291 2135 2484 2204 itaque
2515 2134 2638 2190 viro
2685 2141 3017 2199 memorato,
3069 2133 3195 2189 licet
3235 2134 3344 2189 sub
3368 2135 3500 2204 jure
3528 2136 3811 2206 eonjugii,

2113 2223 2439 2280 Christiana
2470 2229 2657 2278 tamen
2691 2223 2923 2292 utrique
2954 2222 3299 2278 exercebant
3331 2236 3522 2292 opera,
3556 2231 3618 2278 et
3645 2224 3815 2294 bapti-

2113 2312 2220 2367 smi
2249 2311 2621 2366 candidatum
2670 2309 3034 2366 devotissime
3080 2310 3409 2366 servabant.
3445 2311 3632 2367 Erant
3660 2315 3811 2368 enim

2114 2398 2421 2470 hospitales
2450 2406 2505 2454 et
2549 2399 2924 2470 eleemosynis
2967 2398 3163 2464 dediti,
3211 2399 3605 2469 maximeque,
3642 2402 3815 2471 juxta

2115 2489 2175 2544 B.
2211 2488 2454 2543 Paulum
2482 2488 2782 2559 egregium
2825 2488 3274 2557 przedicatorem,
3325 2488 3657 2544 domesticis
3692 2488 3797 2543 ﬁde

2114 2577 2263 2647 (Gal.
2319 2591 2397 2641 vt,
2452 2576 2562 2645 10),
2613 2584 2667 2631 et
2732 2575 3068 2646 peregrinis,
3132 2576 3314 2631 servis
3359 2583 3549 2631 autem
3601 2577 3814 2631 Christi

2111 2678 2347 2721 summa.
2380 2666 2746 2720 veneratione
2785 2665 3254 2734 obtemperantes,
3307 2663 3456 2719 illius
3500 2664 3815 2721 Salvatoris

2114 2767 2391 2810 memores
2419 2753 2686 2823 praecepti
2721 2769 2733 2808 :
2772 2774 2792 2802 ι
2844 2752 3113 2819 Quandiu
3149 2752 3355 2809 fecistis
3401 2753 3502 2808 uni
3530 2766 3607 2809 ex
3643 2754 3811 2810 mini-

2114 2843 2220 2898 mis
2254 2841 2393 2908 istis,
2420 2841 2559 2897 mihi
2610 2840 2817 2897 fecistis
2865 2841 3083 2911 (Matth.
3136 2855 3269 2907 xxv,
3321 2842 3450 2911 40);
3490 2863 3511 2888 ι
3557 2848 3617 2897 et
3671 2842 3808 2897 illud

2112 2932 2174 2987 B.
2208 2929 2356 2986 Petri
2387 2928 2664 2999 apostoli:
2703 2950 2723 2977 α
2768 2929 3086 2999 Hospitales
3116 2928 3511 2985 invicemsine
3540 2943 3807 2987 murmu-

2114 3018 2333 3076 ratione
2364 3020 2404 3083 (Ι
2439 3020 2579 3073 Petr.
2612 3033 2688 3084 tv,
2722 3021 2792 3087 9).
2832 3039 2853 3066 ι

2183 3107 2288 3164 Sed
2321 3122 2453 3163 eum
2482 3108 2589 3175 his,
2624 3107 2849 3164 favente
2879 3107 3137 3175 Domino,
3170 3106 3335 3164 bonis
3376 3106 3656 3177 pollerent
3686 3122 3812 3164 mo-

2112 3196 2291 3264 ribus,
2323 3204 2379 3252 et
2407 3195 2731 3251 Christiano
2776 3210 2932 3252 more
2986 3195 3255 3266 degerent
3304 3194 3419 3269 [al.,
3471 3195 3677 3267 vigore
3724 3197 3812 3252 vi-

2112 3283 2250 3356 tam]
2273 3292 2328 3340 et
2372 3284 2584 3354 prolem
2629 3282 2849 3341 nullam
2898 3298 3099 3354 capere
3152 3291 3399 3354 possent,
3432 3282 3813 3340 Christianis—

2110 3372 2255 3429 sima
2285 3371 2496 3428 femina
2527 3372 2721 3435 anxia.
2757 3379 2811 3428 et
2840 3379 2921 3428 tot
2951 3372 3178 3441 privata
3210 3371 3548 3443 privilegiis,
3584 3381 3813 3429 sancta-

2112 3476 2240 3518 rum
2292 3460 2600 3517 mulierum
2649 3460 2830 3516 Annaa
2871 3468 2927 3516 et
2974 3460 3263 3517 Elizabcth
3319 3460 3375 3515 in
3421 3474 3481 3516 se
3527 3460 3815 3517 adhibens

2112 3549 2303 3614 ﬁdem,
2337 3564 2469 3620 quae
2499 3549 2557 3604 in
2586 3549 2791 3619 templo
2840 3549 3065 3604 Domini
3106 3549 3317 3620 vigiliis
3348 3556 3403 3604 et
3449 3551 3813 3606 orationibus

2109 3638 2464 3694 excubantes
2512 3636 2663 3708 (Luc.
2712 3651 2769 3704 ll,
2821 3640 2925 3699 37;
2971 3653 3011 3701 1,
3061 3637 3134 3705 6),
3173 3644 3295 3707 post
3323 3637 3672 3693 diuturnam
3698 3647 3809 3693 ste-

2110 3726 2374 3784 rilitatem
2411 3734 2612 3797 partus
2666 3735 2890 3781 sanctos
2940 3734 3298 3794 meruerunt,
3330 3734 3385 3782 et
3431 3735 3811 3796 procrearunt

2111 3815 2337 3882 liberos,
2379 3815 2449 3871 ad
2481 3815 2773 3871 basilicam
2814 3815 2875 3870 B.
2922 3814 3164 3885 Remigii
3217 3814 3515 3885 pontificis,
3566 3816 3675 3885 qui
3706 3830 3807 3871 ur-

2108 3903 2234 3960 bem
2285 3905 2591 3960 Remorum
2654 3902 3100 3975 Campanizeque
3163 3902 3425 3960 tellurem
3486 3903 3810 3961 virtutibus

2108 3992 2287 4050 sacris
2349 4001 2404 4049 et
2469 3991 2832 4048 mirabilibus
2873 3991 3217 4061 illustt'abat,
3278 3993 3550 4063 expetiit;
3614 3993 3810 4065 ibique

2106 4080 2323 4152 vigiliis
2350 4088 2405 4137 et
2429 4082 2786 4138 orationibus
2822 4080 3138 4148 excubans,
3187 4087 3387 4137 votum
3434 4080 3598 4136 vovit
3642 4088 3731 4145 ut,
3762 4080 3807 4135 si

2107 4169 2387 4225 divinitus
2431 4169 2481 4225 ei
2527 4168 2750 4226 soboles
2814 4169 3239 4235 concederetur,
3314 4169 3497 4240 ipsam
3557 4168 3808 4225 Domino

305 4261 468 4317 nium
495 4261 614 4330 jam
641 4258 880 4314 viduata
928 4257 1218 4319 resideret.
1271 4256 1398 4313 licet
1442 4257 1552 4312 sub
1600 4256 1745 4311 laico
1799 4254 1998 4310 habitu
2036 4264 2081 4316 ι)
2108 4257 2343 4314 dicaret.

305 4351 535 4418 degens,
594 4345 825 4417 vigiliis,
905 4344 1142 4416 jejuniis
1226 4352 1400 4414 atque
1479 4343 1869 4413 elecmosynis,
1940 4342 1995 4397 in

304 4444 590 4508 quantum
621 4434 772 4491 vires
796 4431 1272 4504 suifragabantur
1300 4430 1539 4502 praedita
1580 4432 1698 4501 (aL,
1726 4437 1995 4501 suppete-

303 4526 443 4584 bant
471 4527 707 4591 intenta,
758 4519 1046 4594 praedita],
1091 4536 1221 4593 qua:
1270 4520 1367 4577 Dei
1419 4530 1573 4589 sunt,
1620 4521 1733 4576 Deo
1771 4520 1995 4576 inhian-

304 4621 388 4670 ter
417 4612 706 4669 reddebat.
764 4610 1085 4667 Doetrinam
1135 4623 1291 4677 vero,
1344 4622 1519 4680 quam
1559 4622 1593 4663 a
1638 4608 1700 4663 B.
1735 4608 1997 4664 Eustasio

302 4708 649 4772 perceperat,
680 4699 839 4755 velut
883 4698 1165 4754 mundum
1214 4698 1427 4753 animal
1467 4697 1817 4753 ruminabat.
1850 4696 1992 4752 Cum

301 4790 523 4846 haecita
555 4803 643 4844 res
672 4802 730 4843 se
768 4787 1025 4853 haberet,
1066 4786 1318 4842 decrevit
1365 4786 1556 4841 animo
1586 4792 1650 4840 ut
1693 4786 1762 4840 ad
1796 4798 1995 4840 sacra-

301 4892 431 4934 rum
467 4877 759 4948 virginum
793 4874 1143 4941 emnobium,
1175 4874 1330 4945 quod
1369 4874 1733 4931 venerandus
1768 4873 1860 4928 vir
1892 4874 1996 4928 Ro-

300 4966 554 5022 maricus
579 4979 649 5021 ex
680 4963 889 5034 palatio
917 4962 1222 5032 magniﬁce
1263 4977 1595 5029 conversus,
1647 4975 1746 5030 per
1775 4961 1993 5016 exhor-

299 5054 569 5110 tationem
583 5060 637 5108 et
655 5051 907 5107 solamen
926 5052 987 5106 B.
1003 5050 1254 5107 Eustasii
1277 5050 1333 5106 in
1347 5052 1570 5120 Vosago
1590 5056 1992 5106 construxerat

299 5141 471 5207 saltu,
503 5139 780 5195 latebram
810 5138 951 5209 fuga
996 5145 1305 5207 expeteret,
1346 5138 1682 5208 fecissetque
1719 5137 1856 5193 satis
1883 5151 1991 5192 vo-

300 5230 391 5293 tis,
443 5229 489 5284 si
542 5242 714 5285 sexus
769 5240 883 5281 non
933 5225 1155 5282 fecisset
1194 5226 1687 5297 impedimentum,
1742 5233 1796 5283 et
1834 5224 1992 5295 regia

299 5332 414 5372 non
445 5316 813 5387 impedissent
833 5313 1150 5370 obstacula.

371 5494 477 5565 (62)
512 5495 614 5551 Hic
639 5494 870 5552 videtur
898 5500 1099 5550 auctor
1132 5493 1188 5548 Β.
1226 5491 1548 5565 Salabergze
1584 5505 1819 5564 suppar.

2176 4346 2288 4401 Nec
2334 4359 2496 4401 mora
2544 4346 2777 4402 domum
2833 4360 3080 4407 reversa.
3124 4347 3232 4401 hoc
3280 4345 3433 4416 quod
3476 4344 3729 4403 ﬁdeliter
3755 4356 3807 4401 et

2106 4434 2279 4489 anxie
2308 4434 2565 4504 petierat,
2600 4447 2633 4488 a
2681 4435 2920 4490 Domino
2955 4443 3038 4490 est
3066 4435 3117 4489 ei
3160 4434 3468 4497 collatum;
3512 4436 3807 4504 concepit-

2104 4537 2240 4592 que,
2268 4529 2325 4578 et
2354 4523 2570 4592 peperit
2597 4522 2813 4591 ﬁliam;
2861 4522 2954 4578 cui
2999 4537 3069 4579 ex
3117 4523 3261 4578 avize
3310 4522 3589 4578 vocabulo
3645 4523 3815 4579 Sare-

2107 4610 2290 4666 trudis
2327 4624 2535 4666 nomen
2587 4610 2812 4666 indidit.
2869 4611 3094 4667 Rursus
3154 4609 3328 4666 aliam
3382 4610 3555 4665 ﬁliam
3602 4612 3812 4669 edidit.

2103 4712 2281 4768 quam
2328 4698 2583 4754 Ebanem
2651 4698 3030 4767 nuncupavit.
3098 4698 3376 4767 Deinceps
3420 4712 3555 4754 vero
3603 4702 3816 4770 genuit

2104 4786 2280 4842 tiliam
2304 4786 2549 4854 tertiam,
2579 4786 2879 4856 ipsamque
2902 4786 3166 4855 baptismi
3190 4788 3375 4857 gratia
3402 4797 3811 4858 regeneratam

2101 4874 2451 4930 Austrudem
2485 4872 2608 4946 [al.,
2640 4873 3312 4945 Astrudem]appellavit,
3347 4889 3480 4944 qua;
3510 4876 3567 4930 in
3599 4892 3812 4934 curam

2099 4970 2155 5018 et
2186 4961 2436 5033 regimen
2471 4976 2755 5024 sororum,
2796 4978 3065 5033 processu
3117 4963 3405 5032 temporis,
3450 4972 3675 5021 cuncta
3708 4980 3813 5022 an-

2101 5059 2313 5107 nuente
2337 5058 2587 5114 caterva,
2618 5051 2920 5107 ’successit.
2955 5051 3236 5118 Quartum
3283 5066 3421 5107 vero
3446 5052 3633 5108 edidit
3664 5055 3817 5111 libe-

2100 5152 2232 5194 rum
2273 5138 2365 5194 cui
2397 5146 2451 5194 et
2500 5138 2605 5208 ipsi
2654 5139 2919 5208 baptismi
2965 5140 3154 5209 gratia
3187 5139 3578 5195 sacerdotibus
3618 5155 3819 5199 conse-

2100 5233 2279 5289 crato,
2313 5227 2609 5282 Eustasius
2636 5241 2844 5283 nomen
2895 5227 3197 5290 indiderat.
3238 5227 3339 5298 qui
3384 5234 3441 5283 et
3465 5227 3626 5283 infra
3656 5235 3816 5286 881

2100 5313 2347 5384 pueriles
2376 5328 2558 5370 annos
2582 5314 2887 5372 defunctus
2914 5322 3017 5372 est.
3056 5314 3215 5385 [Quae
3260 5315 3543 5372 hactenus
3574 5316 3819 5376 Christo
