3944 6084
215 242 347 293 I929

1409 240 1635 294 ADDII‘.
1668 270 1733 277 —
1772 241 1922 294 VI'IA
1965 242 2019 294 ὃ.
2062 240 2504 297 ΞΛΙιΑΒΕΒΟᾸζ.

3576 256 3707 306 1230

204 372 433 443 auspice
504 370 719 427 divinis
779 369 1092 442 privilegiis
1146 384 1304 426 nunc
1367 378 1649 440 superest.
1703 370 1894 427 Unum
1936 372 1980 425 A
2009 370 2150 426 Nam
2182 385 2312 426 cum
2355 370 2654 427 barbaries
2697 371 2820 427 licet
2862 374 3067 443 procul
3110 375 3349 444 abesset,
3386 393 3586 449 regum
3615 388 3707 435 ta—

206 469 431 518 tantum
458 460 635 517 edidit
682 459 949 527 liberum,
985 459 1075 516 cui
1110 467 1166 515 et
1216 459 1321 530 ipsi
1351 459 1617 529 baptismi
1657 459 1842 530 gratia
1870 473 1903 515 a

206 549 667 605 sacerdotibus...
699 548 1030 604 Eustasium
1067 562 1273 603 nomen
1303 548 1685 616 tradiderunt,
1721 549 1820 619 qui
1850 558 1905 606 et

208 634 359 690 infra
388 633 636 704 pueriles
660 646 860 699 annos,
893 630 1022 703 etc]
1058 630 1336 698 Quintum
1370 647 1507 688 vero
1539 633 1702 689 bonze
1743 633 1901 689 indo-

209 722 277 778 lis
329 722 506 778 edidit
562 721 794 791 prolem,
852 721 1083 777 nomine
1130 720 1480 778 Balduinum
1533 720 1649 794 [al.,
1700 722 1900 777 Baldo-

206 809 394 884 num],
455 825 629 883 quem
676 818 731 866 et
787 811 975 880 ipsum
1027 809 1200 881 juxta
1261 811 1476 880 priores
1532 811 1902 880 omnipotenti

208 900 320 956 Deo
374 900 642 955 sacravit.
719 899 852 970 Egit
908 900 1011 955 hoc
1066 898 1317 970 denique
1386 899 1605 956 famula
1651 900 1899 967 Christi,

205 990 480 1059 omnique
509 988 641 1044 nisu
676 1001 949 1060 aggressa
979 996 1062 1044 est
1111 995 1174 1044 ut
1202 1002 1429 1043 omnem
1458 989 1693 1044 domum
1736 1002 1901 1044 suam

205 1092 319 1133 non
368 1077 472 1133 sibi
516 1077 643 1146 soli,
704 1077 801 1132 sed
850 1078 1055 1133 marito
1096 1077 1289 1143 simul,
1346 1085 1400 1132 et
1449 1077 1645 1132 liberis
1692 1076 1901 1133 Christi

208 1165 416 1222 faceret
445 1164 779 1221 Ecelesiam.

867 1252 1101 1311 CAPUT
1141 1254 1239 1311 VI.

278 1343 499 1399 Interea
529 1356 661 1398 cum
686 1342 931 1413 egregiae
960 1341 1278 1398 sanctitatis
1302 1341 1493 1412 opinio
1530 1342 1899 1411 Waldeberti,
1944 1395 1949 1399 ,

206 1432 379 1502 cujus
408 1431 740 1487 memoriam
773 1430 1033 1499 fecimus,
1081 1444 1224 1499 pene
1258 1445 1356 1499 per
1385 1432 1685 1486 universos
1715 1432 1902 1486 Fran—

205 1534 403 1577 corum
453 1520 725 1576 terminos
762 1519 970 1575 eximie
1020 1518 1351 1587 pullularet,
1397 1527 1450 1574 et
1479 1519 1707 1574 solertia
1749 1534 1903 1589 prae-

204 1607 507 1664 dicationis
565 1608 693 1678 ejus
750 1621 783 1662 a
829 1606 1052 1663 Christo
1108 1606 1366 1673 Domino,
1422 1607 1543 1662 sine
1591 1621 1706 1678 quo
1759 1606 1901 1663 nihil

202 1696 339 1752 boni
385 1700 597 1767 agitur,
635 1695 855 1751 affatim
908 1695 1268 1761 fervesceret,
1316 1703 1579 1765 essetque
1626 1696 1900 1751 omnibus

100 1830 107 1835 .
203 1785 428 1840 Domini
474 1784 794 1841 colentibus
841 1792 1061 1854 gratus,
1121 1785 1584 1854 monasteriaque
1636 1784 1894 1840 virorum

200 1886 269 1927 ac
314 1872 622 1928 mulierum
672 1886 745 1927 ex
797 1872 923 1941 ejus
974 1885 1178 1927 norma
1224 1871 1442 1927 affatim
1488 1872 1894 1938 conderentur,

199 1975 440 2016 cernens
471 1960 635 2017 beata
680 1959 992 2030 Salaberga
1021 1973 1254 2015 servum
1289 1958 1496 2014 Christi
1541 1959 1896 2028 militemque

204 2050 547 2120 praeclarum
588 2056 671 2105 tot
718 2048 921 2104 ﬂorere
958 2047 1259 2117 exemplis,
1312 2047 1747 2118 virtutibusque
1796 2048 1895 2102 lla-

200 2152 368 2208 grare
398 2138 686 2209 supernis,
727 2144 781 2194 et
810 2137 1040 2192 assidue
1069 2136 1227 2192 velut
1255 2150 1286 2192 e
1316 2137 1587 2206 luporum
1633 2136 1898 2192 faucibus

197 2235 423 2297 ereptos
452 2227 668 2297 ubique
716 2239 919 2297 greges
947 2224 1154 2281 Christi
1192 2225 1464 2292 adunari,
1498 2239 1631 2281 eum
1677 2225 1748 2280 ad
1774 2239 1899 2294 pro-

198 2318 404 2387 priam,
437 2316 692 2383 domum,
721 2315 793 2371 ob
823 2314 1231 2370 benedictionis
1260 2314 1334 2370 ab
1358 2329 1424 2370 eo
1446 2315 1687 2385 gratiam
1721 2315 1897 2385 perci-

199 2406 488 2478 piendam,
521 2405 781 2461 crebrius
811 2404 1172 2469 accersitum,
1197 2403 1354 2458 velut
1384 2402 1647 2458 divinum
1680 2417 1892 2458 munus

198 2493 305 2549 sibi
349 2506 385 2551 a
431 2493 670 2549 Domino
725 2492 847 2549 fore
906 2506 1238 2548 concessum
1289 2505 1472 2547 ovans
1523 2490 1889 2562 suscipiebat,

198 2582 494 2653 verbaque
548 2581 806 2638 salubria
851 2589 906 2637 et
955 2581 1283 2637 animarum
1350 2580 1582 2637 medelee
1634 2594 1892 2651 congrua

201 2672 436 2727 haurire
469 2685 542 2726 ex
574 2670 701 2741 ejus
731 2669 1006 2726 mellitluo
1038 2684 1135 2727 ore
1163 2670 1543 2738 desiderabat,
1575 2668 1893 2747 flagrabat-

197 2775 311 2832 que
341 2760 754 2817 instantissime
786 2760 1034 2828 animus,
1071 2766 1155 2825 ut,
1206 2759 1411 2829 spretis
1449 2757 1894 2829 phaleramentis

196 2849 392 2905 saeculi
423 2849 763 2920 pompisque
792 2848 1103 2905 mundanis
1134 2847 1479 2918 postpositis,
1512 2848 1583 2904 ad
1609 2848 1891 2904 virtutum

194 2938 423 2994 culmen
473 2936 812 3009 apicemque
854 2938 1172 2995 sanctitatis
1203 2937 1416 2993 valeret
1454 2937 1776 2993 ascendere.
1811 2936 1889 2992 De
1928 2968 1968 3023 α

194 3041 310 3097 quo
343 3026 626 3083 virtutum
659 3026 912 3083 culmine
958 3025 1235 3082 Dominus
1264 3039 1498 3096 quoque
1545 3032 1599 3080 et
1630 3024 1891 3080 Salvator

194 3114 253 3170 in
285 3115 597 3186 Evangelio
626 3114 886 3186 loquitur
911 3115 1109 3172 dicens
1135 3129 1148 3170 :
1179 3137 1200 3163 α
1234 3114 1431 3171 Omnis
1460 3113 1562 3185 qui
1592 3113 1891 3184 reliquerit

190 3211 433 3274 patrem,
477 3211 578 3259 aut
605 3211 866 3271 matrem,
912 3211 1015 3260 aut
1044 3203 1259 3272 domos,
1306 3211 1409 3259 aut
1454 3215 1623 3274 agros
1659 3210 1891 3272 propter

194 3306 403 3349 nomen
436 3305 648 3357 meum,
680 3292 1013 3362 centuplum
1048 3292 1285 3362 accipiet
1324 3298 1379 3347 et
1409 3292 1584 3347 vitam
1614 3300 1886 3348 aeternam

193 3380 504 3450 possidebit
552 3379 773 3445 (Matth.
822 3396 932 3446 xix,
966 3384 1049 3445 9);
1079 3400 1106 3429 »
1139 3387 1192 3435 et
1225 3379 1363 3435 illud
1394 3394 1407 3432 :
1445 3394 1481 3428 c'
1517 3380 1715 3450 Ignem
1755 3380 1885 3435 veni

192 3467 418 3523 mittere
471 3468 531 3523 in
600 3475 831 3533 terram,
891 3475 946 3523 et
991 3467 1129 3536 quid
1190 3466 1317 3521 volo
1365 3466 1474 3522 nisi
1523 3474 1586 3522 ut
1641 3466 1886 3522 ardeat?

193 3556 346 3626 (Luc.
391 3572 490 3621 xu,
534 3556 650 3625 49.)
693 3576 715 3602 ι
755 3553 903 3621 Quid
952 3554 1162 3624 plura?
1211 3554 1459 3610 Auctore
1506 3553 1620 3610 Deo
1660 3568 1884 3610 omnem

190 3658 352 3715 spem
397 3658 560 3701 suam
603 3651 727 3714 post
770 3647 948 3700 Deum
996 3644 1159 3699 beato
1188 3643 1311 3699 viro
1343 3642 1720 3711 committens,
1764 3643 1887 3698 viro

191 3747 486 3799 converso,
522 3732 898 3804 prolibusque
945 3733 1055 3787 Deo
1098 3732 1359 3797 sacratis,
1402 3730 1695 3801 religionis
1732 3738 1887 3787 veste

191 3830 445 3891 accepta,
492 3822 633 3877 inito
663 3836 796 3878 cum
830 3822 892 3877 B.
940 3820 1305 3876 Waldeberto
1345 3820 1620 3886 consilio,
1673 3833 1888 3875 conve-

189 3911 410 3967 nientia
462 3908 552 3981 [[1,
614 3909 1001 3980 conniventia]
1068 3909 1347 3964 existente
1406 3907 1618 3974 mariti,
1693 3922 1887 3963 caeno-

191 3997 352 4054 bium
401 3998 727 4068 puellarum
776 4000 836 4053 in
887 3997 1170 4054 suburbio
1218 3995 1544 4067 Lingonicze
1590 3995 1773 4061 urbis,
1828 3996 1885 4050 in

189 4086 521 4143 haereditate
540 4087 629 4142 vel
652 4086 1010 4142 successione
1023 4096 1279 4155 paterna,
1304 4091 1547 4140 conatur
1564 4091 1882 4140 exstruere.

190 4173 351 4238 Quod
383 4175 629 4245 propriis
652 4174 971 4231 redditibus
991 4174 1337 4245 praediorum
1371 4187 1633 4239 suorum,
1664 4188 1733 4229 ex
1762 4186 1887 4228 suc-

189 4264 440 4320 cessione
510 4264 856 4320 haereditatis
930 4270 1201 4334 paternae,
1261 4262 1551 4318 Christum
1622 4261 1881 4317 faciendo
1920 4266 1967 4321 D

191 4348 495 4415 haeredem,
530 4349 796 4404 nobiliter
840 4346 1061 4403 ditavit.
1110 4347 1198 4402 Ad
1229 4346 1384 4419 quod
1432 4360 1575 4416 opus
1605 4359 1886 4416 peragen-

190 4433 332 4489 dum
359 4434 705 4490 venerabilis
734 4435 1066 4491 Walbertus
1096 4434 1369 4501 solamen,
1404 4432 1784 4502 artiﬁcesque,
1822 4445 1889 4486 ac

190 4523 348 4578 viros
384 4521 697 4578 industrios
736 4523 982 4593 praebuit
1009 4530 1186 4593 atque
1230 4521 1534 4578 commisit.
1576 4520 1685 4586 Qui
1730 4520 1890 4575 locus

192 4610 322 4666 licet
348 4610 779 4666 Austrasiorum
807 4610 1022 4666 finibus
1050 4610 1395 4676 immineret,
1429 4608 1658 4664 vicinus
1697 4615 1887 4663 tamen

194 4697 548 4768 Burgundiae
572 4704 716 4763 erat,
749 4697 968 4753 distans
996 4710 1031 4752 a
1072 4697 1335 4753 Luxovio
1364 4696 1709 4752 monasterio
1738 4708 1889 4765 pau-

193 4786 249 4841 lo
273 4786 467 4841 minus
496 4785 751 4841 millibus
781 4785 1205 4855 quadraginta;
1239 4785 1435 4857 ibique
1463 4784 1733 4840 adunatis
1756 4798 1886 4839 cen-

192 4882 318 4929 tum
371 4888 472 4929 seu
503 4873 749 4942 amplius
793 4880 909 4928 tam
953 4886 1025 4928 ex
1073 4871 1362 4928 nobilibus
1408 4870 1523 4944 [at.,
1580 4869 1886 4942 nobilium]

192 4961 408 5029 liberis,
451 4975 629 5031 quam
660 4976 733 5016 ex
782 4960 1012 5031 proprio
1041 4959 1226 5015 officio
1259 4960 1482 5030 puellis,
1529 4960 1750 5017 Christo
1784 4960 1891 5014 Do-

191 5049 353 5106 mino
381 5050 615 5105 dicavit.

264 5136 370 5192 Sed
422 5151 555 5194 cum
605 5138 725 5207 jam
783 5151 917 5207 pars
964 5138 1221 5194 maxima
1279 5136 1507 5193 fabricae
1556 5135 1888 5193 monasterii

190 5227 478 5282 instructa
517 5233 682 5292 esset,
732 5225 901 5295 coepit
946 5224 1163 5281 famula
1211 5225 1420 5282 Christi
1466 5239 1744 5297 praesaga,
1791 5232 1891 5281 ut-

191 5321 322 5385 pote
367 5312 583 5382 Spiritu
617 5313 713 5368 Dei
767 5313 1002 5383 repleta,
1035 5313 1224 5385 sagaci
1272 5328 1403 5369 cum
1434 5315 1560 5370 viro
1607 5314 1891 5370 trutinare

190 5402 407 5469 animo,
438 5416 550 5457 non
583 5414 703 5456 esse
730 5400 786 5456 in
818 5402 936 5457 loco
961 5401 1159 5457 eodem
1194 5401 1522 5472 puellarum
1565 5402 1890 5459 ctenobium

192 5497 406 5557 tutum,
442 5490 705 5560 nihilque
726 5489 1054 5546 stabilitatis
1086 5496 1261 5561 atque
1290 5489 1629 5546 munitionis
1662 5490 1888 5547 habere.

2012 473 2141 514 men
2194 459 2471 515 limitibus
2503 460 2637 516 hinc
2668 460 2801 516 inde
2832 462 3110 529 admistis,
3158 463 3395 533 periculi
3432 467 3705 523 indicium

2010 548 2223 604 futuris
2271 550 2623 618 temporibus
2649 557 2791 618 erat,
2839 551 2994 620 quod
3039 541 3360 621 periculum
3396 570 3500 611 nos
3539 557 3707 611 dein-

2011 651 2140 707 ceps
2185 637 2455 693 vidimus.
2507 639 2766 710 Denique
2815 654 3003 709 nuper
3057 641 3222 696 civile
3285 642 3499 699 bellum
3560 644 3709 700 inter

2010 739 2174 796 reges
2209 726 2560 781 Francorum
2592 727 3002 783 Theodericum
3035 736 3090 784 et
3119 729 3507 800 Dagobertum
3557 733 3708 787 circa

2011 814 2135 869 illos
2182 814 2321 869 fines
2350 823 2434 870 est
2477 823 2690 882 actum,
2727 817 2945 886 ubique
2989 818 3204 872 vicinia
3236 834 3483 889 quaeque
3529 821 3707 891 depo-

2011 902 2230 971 pulata,
2264 902 2409 973 agri,
2458 901 2627 969 villze,
2663 902 2831 970 aedes,
2881 910 2935 958 et
2967 904 3108 972 ipsa,
3143 905 3296 974 quod
3326 906 3566 976 gravius
3599 915 3702 972 est,

2010 998 2341 1046 sanctorum
2389 1005 2629 1061 corpora
2664 991 2795 1062 igne
2822 999 2957 1047 sunt
2987 1000 3252 1048 cremata.
3285 994 3445 1050 Unde
3485 994 3707 1065 liquido

2008 1084 2163 1147 patet
2192 1077 2387 1134 divino
2426 1093 2551 1134 eam
2584 1078 2801 1149 Spiritu
2850 1079 3023 1136 fuisse
3054 1080 3356 1149 imbutam,
3409 1097 3541 1152 qum
3590 1084 3702 1152 pri-

2008 1166 2135 1221 dem
2168 1166 2505 1237 anticipavit
2536 1167 2864 1224 discrimen.

2661 1292 2889 1349 CAPUT
2930 1292 3054 1350 VII.

2080 1388 2325 1445 Consilio
2374 1387 2555 1460 igitur
2606 1388 2811 1459 adepto
2865 1404 2999 1445 cum
3051 1389 3286 1459 prmfato
3338 1391 3703 1449 \Valdebertn

2010 1478 2234 1543 abbate,
2286 1478 2384 1548 qui
2455 1478 2706 1550 ingenio,
2757 1485 2810 1533 et
2872 1478 3070 1548 vigore
3119 1479 3329 1549 sagaci,
3379 1488 3432 1536 et
3493 1491 3702 1537 natura

2011 1564 2161 1620 bona
2208 1565 2265 1620 in
2307 1565 2517 1621 talibus
2566 1566 2737 1622 rebus
2780 1566 3055 1636 praeditus
3102 1577 3244 1634 erat,
3287 1583 3469 1638 quem
3512 1579 3703 1639 postea

1940 1671 1977 1740 ς
2007 1661 2061 1709 et
2099 1654 2360 1709 comitem
2406 1654 2645 1723 itineris,
2675 1662 2729 1711 ct
2772 1655 2989 1710 socium
3021 1655 3230 1711 laboris
3282 1657 3502 1723 habuit,
3535 1659 3705 1729 elegit

2008 1742 2113 1797 iter
2144 1741 2369 1799 Christo
2397 1743 2542 1798 duce
2586 1743 2768 1798 instar
2797 1741 3140 1798 sanctissimi
3173 1744 3422 1800 Abrahae
3452 1745 3703 1815 patriar-

2004 1829 2148 1898 cha,
2189 1829 2291 1899 qui
2323 1829 2393 1884 de
2440 1829 2841 1899 Mesopotamia
2885 1829 3062 1899 Syriae
3113 1844 3395 1900 egressus,
3449 1832 3702 1889 Philisti-

2005 1930 2213 1972 norum
2256 1915 2496 1971 colonus
2533 1917 2770 1984 exstitit,
2803 1931 3048 1987 eamque
3095 1918 3209 1973 Deo
3238 1919 3598 1988 prontittente
3644 1921 3701 1976 in

2006 2011 2229 2073 postera
2279 2005 2638 2060 successione
2682 2004 2916 2060 sortitus
2955 2012 3055 2060 est.
3108 2005 3283 2072 Quem
3336 2007 3555 2062 imitata
3603 2009 3698 2062 Dei

2006 2091 2224 2147 famula
2293 2091 2630 2162 relinquens
2686 2092 2886 2162 patriae
2954 2092 3162 2162 solum,
3213 2102 3481 2163 paternas
3542 2097 3701 2152 sedes

2005 2179 2225 2235 malens
2267 2194 2401 2236 cum
2433 2180 2656 2236 Christo
2695 2195 2878 2251 egere,
2922 2196 3098 2251 quam
3145 2196 3486 2238 mammonae
3538 2183 3701 2240 lucra

2005 2268 2310 2338 possidere,
2360 2283 2537 2338 quam
2570 2276 2648 2324 tot
2687 2268 2805 2338 pati
2848 2268 3199 2338 discrimina,
3247 2284 3378 2325 cum
3416 2271 3545 2327 vitae
3592 2274 3699 2329 sti-

2005 2357 2212 2425 pendio
2242 2357 2313 2412 ad
2344 2356 2547 2413 urbem
2579 2356 2844 2412 Lauduni
2871 2356 3111 2425 Clavati,
3140 2372 3272 2413 cum
3311 2361 3563 2416 maximo
3592 2375 3698 2428 ap-

2002 2453 2228 2515 paratu,
2274 2452 2330 2501 et
2359 2460 2492 2503 cum
2521 2445 2830 2502 animabus
2859 2460 2893 2501 a
2925 2446 3036 2502 Deo
3065 2445 3170 2502 sibi
3202 2447 3539 2516 commissis,
3574 2464 3699 2520 prc-

1999 2534 2294 2590 ticiscitur.

2071 2622 2207 2688 Quae
2240 2622 2380 2678 urbs
2410 2621 2539 2678 licet
2561 2622 2854 2679 obsidione
2883 2624 3085 2680 vallari
3114 2624 3186 2680 ab
3214 2625 3474 2681 hostibus
3499 2628 3691 2696 possit,

2002 2717 2189 2766 tamen
2222 2718 2432 2766 natura
2481 2710 2607 2777 loci,
2638 2719 2693 2767 et
2722 2711 2780 2767 in
2827 2714 3125 2769 cacumine
3170 2713 3295 2768 saxi
3338 2714 3464 2780 sita,
3503 2715 3694 2771 muni-

1999 2799 2211 2855 tionem
2243 2800 2536 2856 robustam
2586 2800 2856 2869 obtinuit,
2894 2810 2955 2858 ut
3005 2801 3194 2873 frangi
3225 2817 3259 2857 a
3290 2803 3553 2859 barbaris
3590 2819 3692 2859 ne-

2000 2896 2175 2959 queat
2223 2887 2595 2959 periculoque
2644 2897 2852 2945 careat.
2899 2890 3042 2945 Nam
3086 2898 3141 2946 et
3173 2898 3397 2947 vetusto
3444 2899 3694 2962 tempore

1999 2991 2131 3033 cum
2167 2991 2291 3032 eam
2326 2977 2613 3045 Wandali,
2647 2978 2835 3045 Alani,
2876 2978 3046 3044 lluni,
3080 2986 3416 3049 czeterteque
3459 2979 3691 3036 Germa-

1997 3066 2106 3120 niae
2135 3078 2190 3122 et
2220 3064 2464 3136 Scythize
2495 3074 2691 3138 gentes
2718 3065 2937 3123 frustra
2964 3068 3290 3135 vallassent,
3324 3068 3487 3123 nulla
3517 3082 3690 3140 agge-

1996 3168 2127 3210 rum
2159 3162 2282 3210 arte
2321 3154 2664 3223 imminenti,
2699 3170 2809 3211 non
2845 3156 3282 3213 fundibulorum
3310 3156 3539 3227 jaculis,
3576 3171 3691 3212 non

1994 3257 2289 3299 armorum
2321 3242 2945 3315 spiculisjacientibus,
2979 3260 3083 3301 nec
3111 3245 3354 3302 arietum
3389 3245 3690 3315 impulsio-

1994 3331 2167 3387 nibus
2197 3332 2455 3388 obtinere
2490 3332 2819 3401 valuerunt,
2852 3333 2949 3388 sed
2987 3348 3146 3391 casso
3179 3335 3372 3390 labore
3404 3334 3687 3402 frustrati,

1996 3423 2205 3476 inertes
2264 3428 2642 3478 recesserunt.
2697 3423 2948 3491 Excepto
3007 3423 3161 3478 enim
3218 3437 3515 3479 murorum
3564 3436 3690 3478 am-

1994 3508 2140 3574 bitu,
2188 3508 2288 3578 qui
2318 3509 2680 3565 extrinsecus
2709 3509 2765 3564 in
2801 3509 3203 3578 proceritatem
3243 3509 3400 3565 collis
3428 3510 3693 3565 extendi-

1993 3602 2112 3664 tur,
2177 3596 2525 3653 intrinsecus
2585 3596 2763 3666 ipsius
2819 3598 2975 3653 muri
3036 3597 3316 3654 circuitus
3374 3597 3543 3653 homo
3597 3612 3691 3653 co—

1992 3692 2279 3756 aequatur,
2316 3684 2469 3741 unde
2496 3692 2550 3741 et
2576 3685 2979 3742 machinarum
3011 3693 3134 3742 arte
3162 3685 3324 3742 nulla
3351 3686 3492 3742 illud
3521 3687 3692 3756 oppi-

1992 3773 2133 3829 dum
2166 3773 2395 3843 fatigari
2423 3773 2618 3842 possit,
2652 3775 2748 3830 sed
2775 3782 2830 3831 et
2860 3774 3203 3831 altrinsecus
3227 3789 3371 3831 saxa
3400 3774 3693 3831 naturalia

1993 3862 2284 3931 ambiunt;
2318 3861 2457 3917 urbs
2510 3861 2661 3918 infra
2692 3862 2898 3919 referta
2928 3863 3146 3934 p’uteis;
3177 3863 3248 3918 ad
3279 3863 3429 3932 ipsos
3459 3868 3715 3933 quoque'

1994 3957 2291 4020 portarum
2336 3949 2529 4006 exitus
2574 3950 2756 4006 fontes
2807 3958 3080 4006 emanant
3130 3964 3426 4020 perennes,
3478 3952 3581 4021 qui
3631 3950 3690 4005 in

1994 4052 2135 4094 usus
2166 4037 2517 4106 hominibus,
2543 4038 2849 4108 pecoribus
2866 4052 2932 4094 ac
2953 4038 3234 4109 jumentis
3267 4038 3423 4109 potui
3454 4038 3691 4095 dantur.

2062 4126 2264 4197 Igitur,
2284 4140 2415 4183 cum
2430 4127 2553 4197 jam
2568 4127 2639 4182 ad
2656 4126 3097 4183 illuminandam
3122 4127 3345 4191 urbem,
3368 4126 3695 4183 velutisolis

1996 4214 2213 4282 radius,
2236 4215 2567 4271 veneranda
2584 4214 2793 4271 femina
2813 4229 2944 4271 cum
2978 4215 3098 4271 suis
3118 4215 3464 4286 sequacibus
3483 4216 3696 4271 sanctis

1996 4302 2536 4373 appropinquasset,
2557 4302 2767 4373 prwsul
2784 4303 2977 4373 oppidi
2997 4303 3150 4360 illius
3164 4304 3337 4360 Attilo
3358 4301 3475 4376 [at.,
3494 4303 3692 4370 Attila,

1995 4388 2207 4462 Attolaj
2231 4404 2364 4447 cum
2382 4404 2608 4447 summo
2636 4390 2830 4447 favore
2851 4390 2902 4446 ei
2927 4391 3157 4447 obviam
3182 4392 3385 4462 pergit,
3411 4398 3692 4459 tanquam

1995 4478 2257 4534 divinum
2289 4493 2524 4547 munus,
2558 4480 2998 4551 angelicamque
3034 4481 3263 4536 turbam
3292 4478 3541 4534 venisset
3570 4479 3694 4547 [al.,

1997 4572 2276 4637 tanquam
2303 4566 2349 4621 si
2371 4567 2635 4623 divinum
2666 4582 2883 4623 munus
2907 4568 3195 4637 turbaque
3225 4565 3486 4637 angelica
3515 4567 3699 4621 venis-

1996 4654 2122 4723 set],
2156 4667 2338 4709 ovans
2385 4662 2612 4710 sanctas
2642 4654 2891 4711 famulas
2915 4660 3064 4709 683
3094 4653 3302 4709 Christi
3351 4668 3485 4710 cum
3517 4653 3693 4710 choro

1998 4741 2386 4811 psallentium,
2440 4757 2571 4798 cum
2622 4742 2957 4812 psalmodia,
3007 4749 3062 4797 et
3105 4742 3472 4812 hymnidicis,
3529 4757 3697 4799 sum-

1995 4830 2222 4900 misque
2265 4829 2538 4886 laudibus
2568 4830 2808 4886 deduxit
2853 4832 2909 4885 in
2941 4830 3163 4886 urbem.
3198 4830 3302 4886 Sed
3344 4830 3697 4887 miraculum

1998 4916 2140 4973 illud
2191 4917 2563 4987 magnificum
2613 4918 2790 4984 dictu,
2829 4918 2985 4988 quod
3026 4926 3191 4975 nocte
3222 4919 3421 4975 eadem
3472 4919 3528 4973 in
3575 4917 3700 4988 ipsa

1996 5007 2141 5062 urbe
2168 5013 2392 5076 gestum
2424 5006 2514 5074 sit,
2548 5021 2665 5061 non
2694 5013 2779 5063 cst
2804 5007 3112 5063 silendum.

2637 5129 2866 5187 CAPUT
2895 5131 3049 5187 VIII.

2068 5225 2381 5283 Praedictus
2437 5226 2633 5297 itaque
2704 5227 2962 5296 pontifex
3028 5228 3293 5298 praecepit
3367 5229 3563 5298 pueris
3634 5240 3700 5284 ac

1999 5314 2378 5371 familiaribus
2420 5314 2526 5371 sibi
2577 5315 2826 5385 creditis,
2859 5316 2932 5373 ob
2975 5316 3413 5386 przeparandam
3466 5316 3524 5370 in
3570 5330 3697 5372 cra-

2000 5404 2149 5459 stino
2178 5402 2269 5459 die
2311 5403 2543 5459 familiae
2573 5404 2781 5461 Christi
2826 5404 3146 5461 refectionis
3192 5404 3436 5475 gratiam
3485 5405 3697 5461 adesse.

2002 5490 2243 5548 Ministri
2276 5492 2456 5563 igitur
2484 5492 2707 5550 attoniti
2741 5492 3008 5549 velociter
3048 5506 3150 5563 per
3190 5499 3435 5562 noctem,
3479 5503 3701 5565 portam
