3924 6090
282 200 407 255 1231
1301 194 1392 248 AD
1429 192 1579 249 OPP.
1620 190 1780 247 VEN.
1822 198 1831 243 l

2238 193 2281 248 E
2317 191 2714 249 NOVIGENTO
3651 199 3787 252 1232

280 332 471 405 oppidi
517 327 776 400 ingressi,
826 326 1053 382 obviam
1100 322 1209 379 sibi
1244 323 1494 380 ferarum
1538 336 1605 379 ac
1657 320 1970 378 bestiarum
2008 323 2055 376 Α
2084 321 2222 379 Erat
2249 322 2403 379 enim
2436 322 2635 380 hilaris
2662 337 2911 395 semper,
2942 331 2997 381 et
3025 323 3247 395 placido
3285 324 3477 395 vultu,
3506 326 3792 383 charitate

283 421 510 476 diversa
552 431 764 488 genera
793 413 1121 471 cernebant.
1172 413 1316 469 Nam
1363 412 1457 468 ille
1487 411 1795 479 bubulum,
1831 410 1980 466 alius
2088 417 2263 489 atque
2306 410 2630 468 humilitate
2679 412 3003 483 perspicua,
3055 412 3427 485 eleemosynis
3474 416 3793 486 promptis-

284 523 555 577 cervum;
616 507 707 562 ille
764 517 990 571 ursum,
1040 502 1189 558 alius
1245 516 1427 569 suem,
1478 499 1742 557 nonnulli
1791 500 1975 570 lupos,
2087 501 2253 567 sima,
2299 508 2353 557 et
2382 515 2513 572 quze
2543 502 2695 558 circa
2725 502 2823 559 Dei
2875 502 3097 560 cultum
3143 512 3299 572 sunt,
3351 504 3519 561 valde
3561 505 3791 561 devota.

285 598 544 669 plerique
575 595 951 651 nihilominus
995 592 1215 662 vulpes,
1260 591 1409 647 alius
1440 590 1664 646 interim
1697 588 1978 645 lascivum
2085 585 2231 654 Quid
2285 587 2513 644 multa?
2552 590 2706 645 Infra
2736 590 2933 662 exigui
2978 593 3248 662 temporis
3287 594 3542 662 spatium
3576 606 3798 648 coacer-

287 688 535 753 asinum,
584 691 923 753 trucemque
970 681 1281 737 cernebant
1335 680 1575 747 leonem,
1622 678 1979 750 egredientes
2086 683 2234 732 vatae
2281 676 2338 732 in
2382 676 2579 733 eodem
2632 679 2758 735 loco
2798 688 2955 747 sunt,
3003 679 3090 735 vel
3120 680 3465 736 monasterio
3517 680 3797 736 adunatze

285 784 341 831 et
395 774 680 845 fugientes
730 770 903 827 simul
954 771 1023 826 de
1074 770 1304 826 civitate
1358 777 1413 825 et
1465 776 1669 824 czetera
1724 773 1979 823 monstra
2088 765 2219 836 plus
2244 764 2509 822 minusve
2542 773 2807 822 trecentae
2834 766 3064 823 famulae
3091 766 3322 824 Christi.

286 863 618 928 bestiarum,
668 875 799 933 quae
846 860 985 916 huic
1030 860 1185 931 operi
1229 859 1482 915 intexere
1532 857 1824 928 prolixum
1871 862 1975 923 est,
2157 853 2392 925 lllisque
2434 855 2723 926 dispositis
2754 870 2853 926 per
2884 863 3105 912 turmas
3135 856 3318 913 instar
3345 857 3797 929 Agaunensium

286 968 357 1009 ne
385 952 676 1008 fastidium
702 951 878 1006 lector
909 948 1188 1005 incurrat.
2087 942 2525 1010 monachorum,
2559 943 2926 1014 habendique
2955 943 3350 1001 castimoniam
3386 945 3507 1017 [al.,
3537 944 3796 1001 habendi

354 1041 476 1108 Quo
508 1040 789 1096 miraculo
820 1052 1032 1110 pavore
1074 1036 1327 1108 percussi
1358 1050 1557 1092 omnes
1585 1034 1832 1091 ministri
1864 1034 1977 1090 mi-
2088 1030 2370 1101 normam]
2421 1031 2722 1102 disposuit.
2768 1032 2868 1089 Die
2919 1046 2985 1087 ac
3037 1041 3202 1089 nocte
3247 1034 3589 1104 praecipiens
3644 1034 3794 1104 psal-

286 1130 586 1196 rabantur,
616 1128 892 1199 quoniam
925 1126 981 1182 in
1016 1126 1110 1183 illo
1153 1126 1274 1182 loco
1305 1125 1425 1182 ista;
1457 1124 1648 1181 bestiae
1685 1137 1977 1194 nusquam
2086 1118 2238 1175 lendi
2279 1134 2550 1177 canerem
2582 1121 2961 1192 omnipotenti
2995 1123 3109 1177 Deo
3154 1136 3482 1193 personare,
3532 1130 3595 1179 et
3619 1125 3797 1195 juxta

286 1225 455 1273 antea
498 1223 902 1287 apparuerant.
951 1214 1098 1282 Quid
1146 1214 1305 1270 aliud
1336 1214 1509 1270 datur
1559 1211 1821 1283 intelligi,
1868 1212 1976 1268 nisi
2087 1208 2383 1279 egregium
2451 1209 2879 1279 praedicatorem
2956 1210 3241 1278 Paulum,
3305 1212 3427 1267 sine
3497 1212 3794 1267 intermis-

285 1307 439 1377 quod
487 1306 845 1362 sanctitatem
879 1318 946 1359 ac
990 1303 1245 1374 vigorem
1297 1302 1642 1358 ancillarum
1692 1302 1790 1357 Dei
1821 1301 1977 1357 anti—
2086 1297 2246 1353 sione
2306 1311 2471 1354 orare
2535 1299 2591 1368 (ι
2646 1299 2824 1354 Thess.
2891 1315 2941 1363 v,
2994 1300 3104 1369 17).
3169 1298 3306 1367 Quae
3356 1300 3649 1356 institutio
3700 1301 3794 1356 ha-

285 1410 440 1465 quus
469 1394 643 1450 hostis
669 1408 784 1449 non
816 1393 1022 1459 ferens,
1071 1407 1203 1448 cum
1236 1390 1354 1446 suis
1383 1390 1723 1446 satellitibus
1753 1389 1979 1460 fugiens
2086 1392 2288 1442 etenus
2322 1387 2379 1442 in
2418 1387 2635 1456 eodem,
2669 1388 2893 1445 Christo
2937 1389 3191 1459 auspice,
3232 1389 3562 1446 celebratur
3600 1406 3790 1447 cceno-

284 1482 578 1539 discessit?
624 1484 738 1539 Nec
785 1482 1067 1537 immerito
1118 1480 1177 1535 in
1225 1480 1535 1535 bestiarum
1588 1493 1645 1533 se
1689 1478 1978 1533 ferarum-
2088 1473 2198 1530 bio.
2261 1475 2565 1546 Flagrabat
2612 1477 2825 1547 quippe
2871 1476 2927 1532 in
2969 1479 3167 1534 eodem
3212 1479 3493 1535 desiderio
3540 1480 3789 1535 canendi

286 1587 417 1643 que,
486 1579 539 1627 et
580 1578 975 1627 monstruosas
1044 1568 1324 1624 deformat
1386 1567 1623 1638 figuras,
1696 1565 1977 1634 variaque
2016 1624 2058 1643 ﬁ
2087 1563 2362 1619 carminis
2408 1565 2576 1621 valde
2620 1580 2784 1621 amor
2810 1565 3086 1622 intentus.
3133 1567 3333 1623 Plures
3377 1567 3700 1638 siquidem,
3733 1578 3793 1625 ut

287 1624 941 1731 ﬁgxﬁeniAEépibmn.
992 1656 1113 1728 qui,
1183 1665 1375 1725 utpote
1426 1624 1459 1710 Ξ
1522 1624 1670 1710 bono
1717 1624 1979 1710 Creatore
2016 1624 2059 1680 Β
2087 1664 2265 1721 supra
2291 1651 2568 1719 diximus,
2602 1652 2902 1719 nobilium,
2938 1652 3009 1708 ad
3046 1652 3345 1709 servitium
3377 1624 3596 1710 Christi
3627 1624 3791 1711 colli?

285 1749 472 1802 bonus
512 1753 738 1802 creatus
782 1744 1040 1815 angelus,
1094 1743 1364 1814 superbia
1411 1742 1675 1811 deinceps
1721 1741 1979 1797 tumidus
2087 1739 2303 1811 gendas
2332 1741 2529 1796 sitiens
2557 1740 2871 1797 adunabat.

284 1835 505 1891 dudum
558 1834 783 1890 dixerat
831 1834 887 1889 in
941 1832 1109 1888 corde
1156 1846 1309 1888 suo:
1358 1854 1374 1878 ιι
1428 1831 1613 1901 Super
1655 1838 1807 1886 astra
1853 1829 1976 1886 coeli
2155 1828 2299 1884 Nam
2348 1828 2497 1885 inter
2544 1837 2779 1886 caeteras
2809 1818 3577 1887 nobilium‘Sicambrorum
3626 1829 3790 1888 femi-

284 1923 608 1991 ascendam,
658 1936 867 1992 ponam
899 1921 1172 1977 thronum
1221 1934 1413 1976 meum
1463 1920 1533 1975 ad
1582 1918 1973 1989 Aquilonem:
2084 1931 2209 1984 nas,
2245 1916 2428 1985 Odila,
2479 1918 2773 1975 nobilitate
2815 1926 2869 1973 et
2918 1918 3147 1989 ingenio
3192 1926 3415 1975 naturae
3468 1918 3627 1975 bono
3673 1917 3789 1994 [al.,

283 2012 487 2067 similis
550 2025 646 2067 ero
708 2010 1002 2066 Altissimo
1063 2011 1195 2073 (Isa.
1262 2025 1376 2074 XIV,
1440 2009 1556 2075 tit);
1610 2028 1636 2057 »
1687 2022 1845 2062 nunc
1908 2006 1976 2063 de
2085 2004 2297 2076 ingenii
2338 2014 2551 2061 natura
2591 2004 2744 2077 boni]
2795 2006 3032 2076 pollens,
3065 2021 3197 2076 quae
3241 2015 3296 2063 et
3326 2008 3447 2077 ipsa
3497 2008 3786 2078 pridema

282 2114 535 2171 superna
564 2100 841 2167 claritate,
865 2107 918 2155 et
941 2099 1206 2169 paradiso
1222 2097 1557 2153 deliciarum
1581 2097 1811 2166 ejectus,
1842 2110 1973 2152 cum
2083 2092 2397 2148 venerabili
2429 2093 2795 2169 waldeherto
2824 2094 3137 2151 Christiani
3171 2096 3386 2166 vigoris
3419 2095 3707 2167 insignia,
3738 2106 3789 2152 et

281 2190 403 2245 suis
432 2188 780 2260 sequacibus
829 2187 884 2243 in
930 2186 1318 2247 formicarum,
1368 2184 1972 2251 vermium,soricum,
2081 2179 2312 2237 salubre
2352 2190 2647 2252 acceperat
2698 2183 3041 2251 antidotum,
3092 2183 3325 2239 consilio
3368 2194 3608 2255 accepto
3655 2200 3784 2241 cum

283 2278 368 2334 vel
397 2278 653 2349 qualibet
685 2276 924 2333 deformi
954 2276 1139 2346 specie
1182 2282 1366 2341 actus,
1397 2274 1735 2344 mysterium
1773 2287 1975 2343 opera-
2081 2268 2249 2356 legali
2304 2270 2523 2344 [regali]
2559 2272 2681 2327 viro
2735 2272 2942 2328 illustri
2994 2272 3244 2356 Bodone,
3292 2287 3464 2343 quem
3512 2276 3786 2345 superius

283 2374 380 2422 tur
408 2365 729 2437 iniquitatis
758 2380 769 2419 :
799 2364 1105 2435 siquidem
1153 2363 1355 2433 priscis
1394 2362 1764 2432 temporibus,
1816 2361 1968 2431 quod
2081 2355 2262 2428 [adde,
2309 2358 2649 2433 Leudinum]
2700 2360 3099 2431 praediximus,
3145 2361 3246 2431 qui
3300 2376 3365 2418 eo
3408 2369 3674 2432 tempore
3706 2365 3787 2419 in-

282 2454 540 2525 plerique
570 2454 761 2510 adhuc
790 2453 1067 2508 memoria
1108 2451 1373 2515 retinent,
1404 2457 1459 2506 et
1490 2450 1823 2520 superstites
1853 2463 1972 2505 esse
2080 2448 2360 2517 dustrius,
2393 2456 2447 2505 et
2489 2458 2706 2520 potens,
2752 2456 2806 2506 et
2836 2450 3156 2506 secundum
3195 2450 3389 2506 saeculi
3437 2450 3783 2523 dignitatem

280 2551 619 2611 noscuntur,
653 2541 752 2612 qui
782 2542 887 2597 hoc
921 2540 1145 2597 facinus
1174 2539 1466 2607 viderunt,
1500 2539 1654 2609 quod
1686 2538 1745 2594 in
1775 2539 1973 2594 eodem
2081 2535 2291 2592 florens
2338 2545 2480 2603 erat,
2542 2538 2867 2608 postpositis
2932 2538 3378 2609 phaleramentis
3429 2540 3666 2608 mundi,
3715 2543 3783 2597 ad

280 2632 510 2703 oppido,
543 2640 609 2688 ut
646 2630 920 2698 creditur,
954 2628 1181 2699 antiqui
1226 2628 1439 2699 anguis
1480 2627 1731 2683 versutia
1762 2626 1973 2683 crude-
2078 2625 2386 2682 Dominum
2436 2634 2574 2683 sunt
2602 2628 2891 2697 conversi;
2942 2628 3229 2698 rebusque
3265 2629 3385 2684 suis
3415 2631 3784 2686 monasteriis

279 2721 409 2777 liter
453 2720 706 2790 vigebat,
755 2719 1020 2789 plebeios,
1084 2718 1326 2773 rusticos
1373 2724 1547 2787 atque
1603 2716 1832 2772 hebetes
1875 2717 1974 2772 ho-
2078 2713 2314 2781 collatis,
2364 2722 2489 2784 post
2538 2715 2759 2772 beatam
2814 2714 3203 2786 Salabergam,
3255 2716 3523 2773 eumdem
3577 2718 3781 2775 callem

280 2809 462 2865 mines
506 2816 628 2864 arte
686 2808 895 2863 callida
940 2806 1313 2872 ludificabat,
1363 2805 1432 2860 de
1483 2819 1600 2875 quo
1649 2804 1966 2861 scribitur:
2080 2808 2323 2858 terentes
2389 2802 2736 2859 Landunum
2803 2804 3189 2874 properabant
3249 2802 3780 2878 [properaverant].

283 2918 303 2943 ι
340 2895 521 2966 Cujus
552 2894 706 2950 mille
741 2893 984 2949 nocendi
1027 2901 1161 2949 sunt
1192 2900 1360 2948 artes.
1402 2914 1423 2941 ι
1460 2893 1604 2948 Nam
1645 2892 1753 2948 sub
1784 2894 1970 2962 specie
2009 2925 2051 2981 ο
2081 2889 2231 2946 Bodo
2264 2889 2445 2947 incisa
2471 2892 2703 2948 caesarie
2746 2892 3034 2961 monachi,
3078 2892 3135 2948 in
3168 2902 3456 2965 quantum
3486 2908 3581 2950 res
3622 2896 3782 2951 sine-

277 2983 608 3040 idololatriaa
659 2982 776 3054 [al.,
825 2980 1201 3052 baptismatis]
1248 2995 1343 3037 eos
1372 2981 1479 3036 sibi
1512 2980 1741 3051 proprie
1768 2981 1968 3037 vendi-
2020 2978 2049 2981 '
2080 2978 2195 3044 bat,
2229 2979 2439 3050 agebat
2472 2980 2748 3036 officium.
2781 2981 2863 3037 Ac
2892 2995 3005 3037 non
3036 2981 3217 3037 multo
3247 2986 3372 3051 post
3400 2981 3553 3039 Tulli
3585 2984 3781 3054 oppidi

275 3071 456 3127 cabat.
501 3072 759 3142 Denique
791 3084 922 3126 raro
952 3079 1204 3140 tempore
1255 3076 1479 3138 peracto
1512 3067 1628 3138 lal.,
1663 3076 1814 3124 retro
1844 3077 1968 3126 acto
2076 3066 2321 3137 adeptus
2378 3068 2792 3138 episcopatum,
2854 3077 3080 3125 naturae
3134 3075 3284 3125 684
3341 3069 3605 3127 debitum
3660 3074 3783 3127 red-

275 3159 568 3232 tempore],
616 3167 672 3216 et
722 3159 936 3215 idolum
982 3158 1311 3213 vocitabant
1343 3157 1521 3225 velut,
1574 3170 1608 3212 a
1652 3156 1788 3213 ludo
1820 3158 1968 3213 inci-
2076 3154 2238 3211 didit.
2305 3156 2645 3213 Veneranda
2706 3172 2939 3228 quoque
2995 3158 3158 3215 Odila
3220 3159 3430 3215 Christi
3507 3159 3782 3230 stigmate

278 3245 514 3313 pientes,
563 3245 621 3298 in
670 3243 857 3298 medio
905 3256 1106 3299 eorum
1158 3242 1436 3299 duntaxat
1482 3242 1709 3297 diabolo
1755 3242 1969 3297 debac-
2076 3251 2339 3315 suscepto
2382 3258 2677 3302 sacrarum
2719 3245 3017 3317 virginum
3066 3261 3124 3303 se
3171 3246 3345 3303 choro
3387 3249 3779 3321 conjungens,

274 3331 502 3399 chante,
531 3331 876 3402 plerumque
911 3331 1218 3387 homicidia
1250 3330 1751 3401 perpetrabantur.
2076 3331 2183 3387 sub
2228 3331 2563 3389 obedientiaa
2614 3340 2829 3400 tenore,
2886 3342 3063 3390 Vitam
3095 3334 3319 3391 beatam
3368 3335 3608 3407 degens,
3663 3338 3783 3408 spi-

345 3420 558 3491 Egerat
589 3421 695 3477 hoc
727 3420 1118 3491 nequissimus
1149 3419 1373 3475 daemon
1399 3417 1607 3474 callida
1637 3417 1870 3484 astutia,
1903 3425 1969 3474 ut
2077 3418 2274 3489 ritum,
2304 3420 2396 3476 cui
2427 3421 2623 3477 omnia
2652 3421 2953 3490 debentur,
2988 3422 3251 3481 reddidit.

273 3508 319 3563 si
371 3509 504 3579 quis
552 3509 760 3565 ibidem
826 3508 1158 3578 proximum
1205 3506 1440 3563 alterius
1498 3506 1752 3577 quolibet
1798 3521 1822 3561 n

1573 3506 1752 3563 iolibet
1798 3507 1968 3564 modo
2711 3542 3047 3585 mammam
3086 3543 3122 3583 ι.

272 3596 638 3665 debilitasset,
688 3611 722 3653 a
759 3597 1224 3668 consanguineis,
1271 3594 1361 3651 vel
1410 3594 1687 3651 affinitate
1721 3593 1966 3664 conjun-

272 3683 395 3752 ctis,
430 3682 707 3740 innoxius
738 3684 879 3740 foret
922 3683 994 3740 ab
1028 3683 1303 3739 effusione
1338 3681 1660 3753 sanguinis,
1706 3681 1968 3737 videlicet

271 3778 335 3827 ut
361 3772 418 3826 in
452 3770 678 3843 longius
709 3771 1062 3828 consuetudo
1108 3770 1356 3827 nefanda
1386 3771 1803 3827 incrementum
1836 3782 1967 3826 ma-

268 3856 550 3929 lignitatis
593 3866 852 3930 augeret,
894 3866 949 3914 et
996 3858 1263 3915 miseram
1313 3858 1516 3915 urbem
1558 3858 1677 3914 suis
1726 3857 1966 3914 habenis

269 3947 546 4003 irretitam
581 3947 818 4018 iniquus
858 3948 1052 4017 praedo
1082 3948 1239 4004 velut
1284 3948 1578 4018 propriam
1608 3948 1959 4004 vendicaret.

269 4034 372 4090 Sed
402 4037 763 4105 omnipotens
793 4036 1092 4092 miserator
1132 4037 1394 4093 omnium
1421 4050 1615 4092 rerum
1662 4035 1959 4104 Dominus,

419 4124 429 4134 .
1004 4123 1015 4135 .
1474 4123 1485 4134 .
1846 4124 1904 4136 ..
2072 4123 2204 4129 ---η
2255 4123 2532 4145 -..τη-ν,
2581 4123 2773 4132 νην-.-
2822 4123 3092 4135 ..υ-...ην
3139 4123 3415 4135 ww..-“-
3466 4123 3667 4137 ...ν-ην
3718 4123 3774 4137 ..-

273 4123 1509 4232 :31“3333:1115:P31115323”?“ﬁn’
1538 4130 1610 4232 θί,
1623 4124 1967 4232 ξὰξξῗξίξξξ
1994 4219 2035 4232 ,δ
2072 4169 2283 4220 terram
2350 4164 2588 4221 corruit.
2652 4164 2834 4232 Quam
2886 4180 3023 4223 mox
3078 4167 3244 4223 beata
3299 4174 3356 4224 et
3417 4169 3774 4226 venerabilis

268 4223 397 4265 nem
445 4210 705 4266 veritatis
750 4210 948 4267 venire
1002 4211 1059 4280 (Ι
1091 4212 1232 4266 Tim.
1283 4228 1341 4278 ιι,
1390 4209 1470 4281 4),
1506 4232 1533 4261 »
1584 4210 1655 4267 ad
1686 4212 1817 4283 sui]

490 4210 705 4266 eritatis
750 4210 948 4267 venire
1002 4211 1059 4280 (Ι
1091 4212 1232 4266 Tim.
1283 4228 1341 4278 ιι,
1390 4209 1470 4281 4),
1506 4232 1533 4261 »
1584 4210 1655 4267 ad
1686 4212 1775 4267 sui
1804 4211 1955 4283 juris
1994 4219 2039 4275 ι)

458 4252 705 4266 ’””’“’““’
764 4252 948 4267 "’"""
1003 4252 1232 4311 ‘.‘."""
1285 4252 1341 4311 ".’
1400 4252 1470 4312 ’ξ’
1506 4252 1531 4261 ’⁷
1584 4252 1655 4267 "“
1686 4252 1775 4267 "“'
1804 4252 1955 4311 "1""
1994 4252 2047 4305 "-.
2066 4258 2248 4307 mater
2276 4265 2470 4308 secum
2512 4252 2872 4311 familiariter
2915 4262 3229 4326 acceptam,
3261 4255 3463 4312 sedula
3507 4259 3774 4315 oratione

267 4298 487 4369 plasma
529 4298 841 4402 θιθῖῃθιῖίθΐ
883 4313 1207 4402 Ῑξθδψωθηδ⁹
1257 4300 1390 4402 (ῘΗῬ
1418 4313 1539 4402 iam.
1568 4298 1676 4402 P00
1724 4299 1959 4402 ⁸ῗ9¹’.¹,¹θ·
2066 4353 2166 4402 pro
2193 4352 2262 4395 ea
2313 4340 2493 4396 Deum
2526 4353 2776 4402 noscens.
2823 4342 3141 4402 onitulante
3192 4343 3392 4401 divina
3438 4345 3653 4402 gratia.
3699 4347 3775 4402 ab

268 4353 407 4457 gum
438 4395 494 4444 et
538 4386 851 4445 nefandum
898 4353 1120 4444 facinus
1167 4353 1207 4443 εί
1246 4353 1476 4444 civitate
1525 4387 1634 4444 ista
1680 4386 1959 4443 radicitus
2064 4353 2262 4457 Ef‘jff
2304 4353 2776 4457 ﬁ??£?fff§fz
2823 4353 3737 4457 SP'.‘_“'§'1E,,‘_{'I‘“3L?,"§;§

530 4428 851 4502 :Vluuuwu
898 4428 1120 4444 "unum,
1167 4428 1201 4443 u
1247 4428 1476 4444 “"ww
1525 4428 1634 4444 ww
1681 4428 1959 4443 "NW-um
2063 4428 2261 4485 eadem
2304 4436 2457 4498 peste
2498 4431 2793 4502 purgavit,
2824 4432 2968 4488 etin
2998 4432 3299 4489 servilium
3337 4432 3548 4491 Christi
3594 4436 3776 4492 libere

264 4483 587 4532 evacuaVit-
924 4545 1156 4604 CAPUT
1199 4547 1298 4602 lx.
2064 4483 2224 4572 me
2246 4483 3304 4588 initiatuses};mea;alii}
3334 4483 3774 4581 ὲῖἓξιὶίεῖεῖὲῖ

2064 4604 2315 4661 berrima
2344 4613 2481 4663 sunt
2512 4620 2644 4678 quae
2674 4607 2733 4663 in
2767 4607 3039 4665 laudibus
3084 4616 3261 4680 atque
3289 4612 3573 4667 memoria
3603 4626 3778 4668 vene-

2063 4690 2260 4747 randa:
2290 4694 2491 4748 matris
2515 4692 2660 4763 style
2693 4693 3051 4765 inseruntur,
3084 4709 3218 4767 quae
3248 4697 3620 4768 postmodum
3649 4703 3778 4757 suis

2063 4779 2425 4850 aptabuntur
2453 4780 2610 4837 locis.

2147 3632 2333 3703 Igitur
2377 3647 2511 3690 cum
2556 3634 2723 3690 beata
2777 3633 3089 3706 Salaberga
3133 3636 3190 3691 in
3234 3637 3539 3694 sanctitate
3588 3653 3779 3695 aevosa

2078 3719 2378 3793 [morosa],
2423 3728 2480 3778 et
2506 3730 2711 3779 ornato
2743 3721 3065 3795 [exornato]
3097 3724 3286 3793 vultu,
3317 3740 3450 3782 cum
3479 3728 3781 3784 sororibus

2071 3809 2162 3879 pie
2190 3809 2366 3866 vitam
2404 3809 2658 3880 duceret,
2706 3811 2899 3882 puella
2927 3813 3194 3884 quaedam
3225 3814 3694 3872 sanctimonialis
3722 3816 3777 3872 in

2071 3898 2267 3954 eodem
2314 3899 2571 3956 coenobio
2616 3900 2833 3957 cadivaa
2880 3903 3129 3958 vesania:
3174 3902 3373 3973 [guttae
3419 3904 3649 3959 cadivze
3686 3919 3779 3961 ve-

2072 3986 2271 4059 saniae]
2304 3988 2502 4045 morbo
2549 3988 2800 4058 indepta,
2848 3989 2987 4047 dum
3018 4005 3257 4047 cursum
3287 3991 3347 4047 in
3394 3992 3641 4049 ecclesia
3688 4008 3776 4050 ca—

2072 4088 2208 4129 nere
2252 4075 2532 4145 coepisset,
2579 4090 2773 4132 coram
2820 4078 3093 4135 omnibus
3137 4077 3415 4135 effrenata
3466 4088 3667 4137 mente
3718 4082 3776 4137 in

336 4650 439 4707 Sed
486 4665 644 4707 nunc
673 4665 878 4708 rursus
925 4651 997 4706 ad
1025 4658 1268 4721 emptam
1312 4650 1615 4707 redeamus
1662 4651 1956 4708 narratio-

264 4755 415 4796 nem.
466 4740 726 4811 Denique
769 4739 1151 4809 coutemplata
1192 4740 1514 4795 conditione
1554 4739 1679 4808 loci,
1712 4754 1953 4797 cernen-

262 4835 463 4899 tesque
493 4828 761 4884 idoneum
783 4843 849 4884 ac
870 4826 1281 4899 gratissimum,
1305 4834 1360 4883 et
1387 4827 1606 4898 absque
1627 4828 1955 4885 discrimine

261 4887 600 4974 munitionis
649 4887 1207 4985 locum,vcueperunt
1258 4887 1635 4972 fundamenta
1687 4916 1952 4973 ecclesia-
2736 4887 2963 4947 CAPUT
3001 4890 3071 4946 x-

260 5019 391 5061 rum
422 5012 597 5076 atque
628 5005 930 5059 domorum
973 5004 1189 5072 jacere.
1228 5003 1447 5067 Quibus
1486 5004 1593 5060 rite
1618 5004 1860 5073 peractis
1888 5019 1954 5061 ac
2692 5008 3020 5051 MIRACULUM
3062 5010 3121 5051 η.

258 5108 530 5164 prospere
572 5092 766 5164 gestis,
799 5098 1095 5162 cceperunt
1123 5091 1195 5147 ad
1229 5091 1429 5148 laudes
1457 5092 1556 5147 Dei
1586 5093 1954 5163 omnipoten-
2134 5095 2391 5161 Quodam
2436 5109 2574 5153 vero
2605 5105 2857 5168 tempore
2886 5100 3026 5157 dum
3071 5101 3219 5158 beati
3262 5103 3371 5159 viri
3406 5104 3780 5164 Waldeberti

257 5182 328 5237 tis
371 5182 599 5238 Domini
661 5180 843 5237 nostri
909 5181 1044 5237 Iesu
1115 5179 1324 5237 Christi
1394 5180 1679 5237 nobilium
1735 5181 1952 5238 soboles
2060 5182 2494 5253 praestolaretur
2554 5185 2889 5254 adventum,
2939 5195 2994 5244 et
3046 5188 3271 5244 Falerni
3324 5191 3495 5261 copia
3544 5192 3780 5252 deesset

256 5270 674 5340 servitiumque
715 5282 1077 5343 concurrere.
1130 5267 1268 5335 Quis
1294 5267 1446 5324 enim
1481 5268 1571 5323 vir
1600 5276 1815 5338 potens,
1851 5276 1953 5325 aut
2053 5271 2153 5341 jus
2183 5270 2355 5328 tritici
2404 5271 2492 5327 vel
2523 5272 2741 5339 hordei,
2775 5275 2929 5345 quod
2979 5277 3255 5332 cervisam
3301 5289 3684 5350 nuncupant,
3722 5292 3781 5339 et

254 5357 466 5412 femina
491 5356 717 5423 nobilis,
742 5357 842 5427 qui
877 5356 988 5412 illis
1017 5356 1075 5411 in
1109 5356 1247 5412 locis
1275 5356 1491 5426 degerit
1526 5354 1641 5429 [al.,
1678 5353 1948 5429 degeret],
2060 5366 2182 5415 arte
2214 5358 2520 5415 conficitur
2567 5360 2842 5428 humana,
2877 5377 2994 5433 quo
3022 5361 3401 5421 Orientalium
3444 5362 3570 5438 [al.,
3600 5368 3780 5425 Occi-

255 5442 359 5516 qui
409 5457 525 5501 non
576 5444 799 5527 beatam
853 5444 1218 5517 Salabergam
1265 5458 1337 5501 ex
1382 5442 1591 5504 ail'ectu
1639 5443 1952 5517 diligeret?
2058 5444 2401 5517 dentalium]
2438 5446 2727 5519 pleraeque
2755 5448 3015 5507 nationes
3043 5457 3316 5522 utuntur,
3341 5451 3524 5523 jussit
3553 5454 3778 5513 facere.
