3924 6090
189 319 321 376 1233

1388 321 1616 379 ADDIT.
1652 348 1725 364 -
1764 322 1922 379 VITA
1960 325 2015 381 S.
2060 323 2518 382 SALABERGIE.

3559 324 3700 381 1234

179 454 314 518 Quin
348 466 480 509 cum
523 450 581 508 in
624 466 747 522 vas,
792 452 944 524 quod
995 451 1196 524 lingua
1242 451 1474 524 vulgari
1509 460 1744 510 tonnam
1786 467 1883 509 vo-
1920 459 1965 511 A
1995 470 2125 526 qum
2154 454 2232 512 ita
2262 455 2512 512 imbutas
2537 468 2606 511 ac
2641 453 2875 511 devotas
2907 453 3138 510 haberet
3175 450 3506 524 discipulas,
3542 470 3707 525 qua;

180 549 333 609 cant,
370 543 542 597 missa
589 541 809 609 fuisset,
863 554 930 597 ac
971 556 1105 596 cum
1149 556 1252 598 vas
1295 542 1365 597 ad
1402 541 1563 612 plene
1608 542 1881 599 refertum

180 643 252 684 ex
287 636 454 699 potus
485 629 711 699 liquore
737 643 852 683 non
895 631 1059 696 esset,
1112 627 1329 685 famula
1359 628 1589 696 Christi,
1622 628 1716 684 cui
1746 629 1884 685 ohe-

181 717 410 773 dientize
440 730 615 773 causa
663 716 863 773 eodem
911 730 1085 783 anno,
1132 716 1306 787 juxta
1353 724 1604 772 tenorem
1643 715 1880 787 regulae,

182 807 255 860 ad
283 803 579 861 cellarium
608 804 1069 871 custodiendum,
1102 805 1515 875 sororibusque
1545 804 1880 860 ministran-

181 894 320 949 dum
352 894 490 949 ordo
519 896 807 959 evenerat,
849 892 921 948 ad
966 894 1351 948 venerabilem
1383 899 1622 949 matrem
1656 907 1883 949 summa

184 996 317 1037 cum
344 981 668 1038 humilitate
698 980 935 1036 veniens
960 981 1038 1036 ait
1067 996 1079 1035 :
1114 1002 1135 1030 α
1176 981 1414 1049 Domna,
1440 980 1650 1051 inquit,
1678 987 1877 1049 mater,

187 1070 325 1140 quid
350 1069 645 1137 faciemus,
680 1069 819 1138 quia
845 1083 947 1126 vas
978 1084 1090 1125 non
1121 1077 1204 1126 est
1237 1069 1469 1140 plenum
1502 1084 1573 1125 ex
1604 1070 1804 1137 sicera,
1828 1077 1883 1125 et

185 1172 283 1214 aer
325 1166 550 1226 aestuat,
600 1158 648 1214 si
677 1165 910 1214 sanctus
951 1159 1043 1214 vir
1084 1159 1263 1215 abbas
1310 1158 1652 1215 inveniendo
1695 1172 1884 1214 moras

187 1247 535 1316 innexuerit,
585 1261 787 1304 vereor
830 1262 902 1304 ne
964 1255 1132 1318 potus
1175 1248 1367 1319 liquor
1416 1248 1473 1303 in
1517 1248 1879 1305 acerbitatem

183 1336 326 1392 aceti
375 1343 595 1392 acescat
660 1335 781 1405 [al.,
832 1335 1161 1406 accrescat].
1222 1358 1241 1384 ι
1282 1336 1368 1392 Ad
1412 1351 1591 1407 quam
1638 1335 1734 1391 illa
1757 1336 1876 1391 ait:

187 1446 208 1472 ι
263 1424 440 1490 Vade,
485 1432 539 1480 et
585 1424 740 1495 quod
775 1424 1136 1495 subsequens
1183 1440 1255 1480 ex
1288 1426 1511 1495 liquore
1552 1431 1636 1480 est
1682 1423 1879 1480 confe—

178 1519 357 1579 ctum,
391 1511 567 1568 funde
591 1512 648 1567 in
682 1526 832 1569 vase.
872 1535 892 1561 ι
929 1515 1003 1570 At
1036 1513 1134 1569 illa
1157 1528 1271 1569 non
1302 1513 1478 1570 dubia
1507 1512 1671 1570 celeri
1700 1527 1880 1568 cursu

179 1614 437 1672 pergens,
474 1609 537 1658 ut
572 1600 890 1673 jussionetn
927 1602 1139 1658 scilicet
1171 1602 1370 1658 matris
1402 1602 1680 1672 impleret,
1711 1615 1878 1672 repe-

176 1687 250 1745 rit
278 1703 380 1745 vas
407 1689 660 1759 plenum,
689 1689 843 1760 quod
880 1690 1183 1760 paululum
1228 1689 1447 1760 pridem
1477 1690 1873 1746 semivacuum

175 1776 505 1848 reliquerat.
570 1779 652 1835 Ac
714 1778 796 1834 sic
845 1779 1252 1849 omnipotentis
1308 1778 1408 1834 Dei
1483 1778 1875 1835 misericordia

172 1873 367 1923 actum
398 1874 499 1934 est,
528 1874 611 1935 ut,
653 1867 794 1924 dum
825 1868 1026 1923 matris
1056 1867 1194 1923 fides
1221 1874 1501 1933 armatur,
1542 1865 1872 1923 obedientize

174 1953 340 2024 vigor
369 1953 427 2008 in
460 1953 745 2024 discipula
774 1953 1084 2010 roboratur
1114 1954 1237 2025 [al.,
1268 1960 1501 2009 amatur
1528 1952 1868 2020 obedientia,

172 2040 340 2111 vigor
370 2039 428 2094 in
457 2040 759 2110 discipula,
806 2038 965 2112 etc.],
1015 2041 1320 2112 virtusque
1364 2039 1563 2097 divina
1610 2040 1874 2111 protinus

170 2128 466 2198 panditur,
516 2136 820 2200 potusque,
870 2129 1023 2199 quod
1065 2130 1348 2200 exiguum
1385 2136 1527 2196 erat,
1571 2129 1629 2184 in
1682 2129 1872 2199 majus

171 2225 440 2288 augetur,
475 2230 851 2287 remeansque
882 2217 980 2272 Dei
1030 2217 1266 2284 famula,
1319 2232 1452 2272 cum
1497 2215 1789 2272 alacritate
1817 2224 1873 2271 et

174 2303 499 2360 humilitate
544 2312 756 2360 sanctae
808 2305 977 2361 matri
1023 2305 1283 2361 narravit
1328 2304 1696 2361 miraculum.
1743 2305 1869 2373 llla,

170 2406 398 2449 summo
427 2406 623 2449 rerum
660 2393 912 2450 Creatori
958 2394 1200 2450 Domino
1247 2401 1439 2450 nostro
1485 2395 1620 2450 Jesu
1646 2393 1871 2450 Christo

170 2481 389 2550 gratias
417 2480 609 2549 refert,
660 2482 763 2553 qui
792 2482 1177 2539 servientibus
1225 2482 1329 2539 sibi
1379 2482 1438 2538 in
1470 2483 1712 2539 veritate
1759 2481 1870 2537 cito

170 2569 371 2625 adesse
402 2570 718 2627 consuevit.

831 2739 1063 2796 CAPUT
1105 2740 1202 2795 XI.

785 2904 1119 2947 MIRACULUM
1164 2904 1245 2946 III.

243 3013 532 3069 Patratum
555 3011 822 3083 deinceps
843 3010 1002 3069 aliud
1022 3012 1405 3069 miraculum:
1426 3026 1587 3069 soror
1602 3013 1866 3084 quaedam

168 3101 256 3157 vel
305 3100 593 3156 abluendo
631 3100 1104 3156 vestimentorum
1148 3100 1364 3168 sordes,
1399 3108 1462 3156 ut
1510 3114 1632 3156 mos
1661 3108 1762 3169 est,
1795 3100 1865 3157 ad

162 3186 366 3242 cellam
395 3184 656 3253 officinas,
704 3199 822 3256 qua
866 3185 988 3242 haec
1033 3188 1124 3257 agi
1158 3186 1392 3243 solitum
1422 3193 1566 3255 erat,
1604 3186 1862 3254 veniens,

165 3281 397 3345 accepto
444 3273 682 3329 vasculo
737 3273 893 3344 quod
946 3273 1005 3328 in
1061 3274 1276 3330 talibus
1331 3274 1506 3331 rebus
1560 3276 1867 3331 necessitas

168 3363 440 3432 poposcit,
488 3360 747 3417 deferens
794 3359 967 3417 simul
1013 3368 1068 3417 et
1117 3363 1331 3433 exigua
1364 3362 1541 3433 ligna,
1584 3363 1862 3433 pervenit.

165 3449 274 3506 Sed
318 3448 457 3519 quia
513 3456 735 3516 catena,
796 3448 856 3502 in
900 3462 1020 3518 qua
1081 3449 1362 3518 pendebet
1420 3463 1543 3516 vas,
1602 3450 1770 3505 exilis
1812 3457 1867 3505 et

168 3538 397 3594 brevior
443 3536 762 3605 constabat,
815 3535 934 3607 igni
990 3550 1104 3591 non
1151 3536 1646 3606 appropinquans,
1695 3550 1862 3607 repe-

168 3626 326 3682 riens
363 3625 433 3681 de
466 3624 750 3681 industria
798 3623 1017 3681 famula
1061 3624 1162 3679 Dei
1215 3624 1389 3680 aliam
1424 3632 1705 3692 catenam,
1757 3623 1864 3679 sibi

168 3715 415 3770 invicem
465 3712 685 3781 nexuit,
736 3720 791 3769 et
837 3727 965 3767 ecce
1010 3712 1123 3766 alia
1159 3712 1372 3767 sodalis
1407 3712 1534 3783 ejus
1584 3727 1717 3768 cum
1754 3712 1865 3767 alio

168 3801 402 3857 vascqu
431 3815 503 3857 ex
535 3801 682 3857 aeris
710 3799 935 3856 metallo
971 3800 1117 3855 facto
1142 3800 1454 3856 adveniens
1482 3800 1665 3856 simile
1697 3808 1864 3871 opta-

170 3891 265 3945 bat
309 3904 474 3960 opus,
530 3888 826 3945 humiliter
870 3888 1168 3959 postulans
1222 3889 1387 3944 sociae
1442 3889 1588 3945 dixit
1640 3905 1652 3943 :
1699 3888 1865 3945 Com-

168 3976 336 4032 moda
366 3976 528 4042 mihi,
569 3989 750 4043 soror,
785 3989 962 4031 unam
994 3983 1275 4044 catenam,
1308 3983 1373 4032 ut
1398 3976 1582 4032 amba:
1613 3976 1865 4032 velocius

164 4079 491 4134 operemur.
522 4064 614 4119 Ait
647 4064 798 4119 socia
831 4078 843 4117 :
890 4063 998 4119 Pro
1039 4064 1334 4120 charitatis
1377 4065 1563 4136 gratia
1608 4078 1863 4120 commo-

165 4153 315 4208 dabo
360 4153 486 4221 tibi,
538 4152 634 4208 sed
688 4166 856 4224 perge
886 4160 951 4209 tu
987 4159 1041 4209 et
1088 4151 1230 4208 affer
1284 4152 1426 4224 ligni
1458 4153 1860 4224 quantitatem,

168 4248 454 4309 quantum
482 4240 750 4308 volueris,
786 4240 927 4310 quia
946 4239 1127 4296 ardue
1146 4241 1583 4311 suspenduntur
1604 4239 1858 4307 vascula,

171 4336 234 4385 ut
277 4328 571 4386 valeamus
641 4328 911 4400 perﬁcere
974 4329 1130 4400 quod
1189 4332 1493 4387 necessitas
1551 4326 1855 4400 compellit.
1900 4348 1943 4402 ο

167 4420 305 4486 Qua:
334 4432 467 4475 cum
496 4417 745 4486 abiisset,
796 4431 1168 4489 nequaquam
1219 4419 1430 4489 reperit
1473 4418 1632 4490 quod
1680 4418 1857 4489 petiit.

168 4508 333 4564 Tunc
361 4514 622 4577 utraeque
668 4506 890 4564 ancillae
928 4506 1139 4564 Christi
1173 4507 1363 4563 anxiae
1389 4522 1509 4564 esse
1538 4512 1857 4579 coeperunt,

169 4596 312 4667 quid
356 4603 548 4652 tamen
594 4594 842 4651 facerent
872 4595 1118 4666 ignarae;
1147 4602 1202 4651 et
1244 4596 1433 4652 subito
1471 4609 1681 4666 magno
1727 4609 1858 4650 cum

168 4684 362 4741 sonitu
420 4683 562 4740 cella
604 4683 845 4740 officina:
903 4684 1071 4754 quasi
1116 4696 1323 4741 casura
1348 4683 1519 4740 semel
1563 4683 1859 4750 flectendo,

170 4773 456 4830 addicitur
502 4772 643 4843 igni.
688 4773 851 4829 Tunc
897 4773 1116 4828 concito
1159 4786 1336 4828 cursu
1366 4771 1597 4829 famulae
1630 4771 1859 4834 Christi,

168 4876 482 4931 omnesque
526 4875 748 4918 sorores
790 4861 863 4917 ad
895 4875 1023 4917 eam
1071 4860 1459 4930 aspiciendam
1506 4860 1768 4921 veniunt.
1808 4868 1865 4918 et

169 4950 439 5020 quisnam
495 4957 643 5005 esset
701 4950 896 5021 fragor
959 4950 1305 5019 strepitusve
1368 4949 1689 5021 inquirunt.
1756 4950 1860 5007 Sed

171 5036 425 5094 videntes
471 5036 819 5093 miraculum
865 5035 1192 5106 stupefactae
1222 5044 1359 5094 sunt
1402 5037 1461 5092 in
1493 5052 1554 5094 re
1598 5053 1730 5109 quae
1768 5052 1863 5094 ac-

169 5124 403 5182 ciderat.
436 5126 599 5181 Tunc
629 5124 973 5183 venerabilis
1019 5132 1200 5182 mater
1232 5125 1398 5197 jubet
1428 5126 1497 5181 ad
1546 5127 1651 5182 hoc
1689 5126 1860 5182 mira-

170 5213 283 5270 culi
315 5227 520 5285 genus,
563 5220 627 5270 ut
675 5213 767 5268 vir
816 5212 911 5268 Dei
941 5212 1123 5270 Italus
1152 5213 1464 5284 presbyter,
1504 5221 1681 5286 atque
1708 5214 1862 5286 ejus-

172 5302 299 5357 dem
329 5300 573 5357 cienobii
620 5300 977 5372 praepositus,
1029 5301 1524 5373 contemplaturus
1549 5303 1861 5360 accederet.

174 5388 274 5446 Vir
302 5397 495 5446 autem
545 5390 640 5445 Dei
688 5404 823 5445 cum
865 5388 1143 5456 affuisset,
1190 5390 1390 5447 videns
1437 5391 1638 5447 cellam
1667 5391 1864 5464 frago-

177 5477 336 5534 ribus
361 5492 465 5534 nee
487 5477 740 5534 dirutam
771 5477 869 5535 sed
898 5477 1134 5535 illzesam
1169 5486 1623 5549 permanentem,
1661 5480 1866 5537 uberes

179 5567 285 5621 Deo
347 5564 563 5637 gratias
625 5566 822 5623 retulit
887 5566 1241 5637 perpendens
1306 5568 1571 5624 meritum
1644 5570 1861 5625 matris.

1992 559 2124 601 rum
2155 545 2419 601 charitati
2455 544 2694 601 ferventi
2716 543 2889 599 etiam
2918 543 3198 599 elementa
3227 543 3525 600 servirent.

2637 666 2870 724 CAPUT
2912 667 3039 723 XII.

2061 782 2316 847 Quadam
2368 782 2617 853 denique
2663 782 2753 837 die
2805 796 2934 836 cum
2984 787 3151 836 extra
3197 794 3430 836 murum
3476 780 3688 850 oppidi,

1992 870 2140 925 infra
2168 871 2421 927 claustra
2470 878 2659 926 tamen
2703 869 2944 926 ccencbii
2976 869 3177 924 aestivo
3208 877 3459 938 tempore
3489 868 3691 923 deam-

1990 958 2234 1027 bularet,
2284 960 2427 1016 vidit
2478 959 2887 1016 Landefridum
2938 958 3285 1013 monachum
3335 972 3507 1012 suum
3549 958 3688 1012 hor-

1992 1047 2256 1103 tulanum
2286 1047 2344 1102 in
2377 1047 2525 1103 horti
2573 1046 2817 1114 ambitu,
2868 1045 3057 1102 nescio
3105 1045 3247 1116 quid
3290 1044 3459 1101 oleris
3486 1059 3680 1111 causa,

1992 1135 2448 1205 investigantem,
2500 1134 2739 1191 innoxia
2788 1135 3053 1203 gramina
3096 1133 3542 1189 abscindeutem.
3596 1133 3683 1188 Ad

1988 1238 2161 1293 quem
2191 1223 2301 1279 sub
2353 1223 2503 1278 sibili
2550 1237 2682 1278 voce
2729 1222 3054 1292 silentique,
3106 1221 3262 1291 quod
3312 1234 3685 1290 nequaquam

1989 1311 2186 1382 aliqua
2214 1325 2475 1366 sororum
2526 1312 2727 1366 audire
2766 1318 3049 1379 potuerat,
3084 1309 3163 1365 ait
3195 1324 3208 1363 :
3256 1309 3440 1375 Defer,
3474 1309 3683 1378 inquit,

1987 1400 2151 1455 nobis
2187 1414 2260 1455 ex
2304 1398 2563 1465 lactucis,
2608 1403 2758 1453 685
2808 1398 2982 1453 frater
3028 1396 3389 1452 Landefride.
3430 1395 3557 1452 Haec
3588 1396 3686 1450 illa

1990 1488 2283 1544 innuendo
2315 1487 2497 1558 magis
2529 1500 2704 1557 quam
2746 1485 3030 1556 loquendo
3074 1484 3303 1541 affatur.
3359 1487 3487 1541 Haec
3532 1499 3684 1554 prte-

1987 1575 2140 1631 fatus
2166 1574 2341 1631 frater
2371 1588 2607 1630 narrare
2638 1579 3016 1629 consueverat
3041 1573 3141 1642 qui
3179 1573 3372 1628 adhuc
3403 1580 3681 1642 superest.

1986 1665 2193 1722 Mirum
2235 1664 2417 1720 dictul
2471 1664 2594 1719 Vox
2625 1677 2756 1733 quae
2786 1676 2964 1731 parvo
3003 1662 3264 1717 anhvlitu
3294 1670 3347 1717 et
3382 1661 3540 1716 nullo
3573 1662 3684 1715 alio

1915 1757 1954 1812 Β
1985 1752 2250 1808 audiente
2277 1752 2486 1808 emissa
2540 1750 2747 1819 fuerat,
2796 1752 2854 1806 in
2912 1764 3084 1806 aures
3122 1749 3316 1806 fratris
3365 1747 3681 1805 admodum

1985 1839 2261 1909 pervenit,
2330 1839 2499 1909 quasi
2566 1839 2624 1894 in
2677 1839 2980 1909 praesentia
3029 1838 3221 1894 fratris
3292 1838 3473 1908 ipsius
3532 1837 3686 1893 dicta

1982 1928 2197 1984 fuisset.
2232 1928 2369 1983 Erat
2413 1935 2606 1984 autem
2638 1926 2891 1997 spatium
2923 1927 3073 1982 inter
3103 1926 3254 1996 ipsos
3286 1926 3453 1995 quasi
3483 1926 3683 1981 stadiis

1982 2025 2254 2087 quatuor,
2286 2024 2386 2072 aut
2417 2015 2684 2086 amplius.

2614 2130 2847 2187 CAPUT
2886 2130 3042 2186 XIII.

2049 2247 2270 2304 Accidit
2298 2260 2534 2318 quoque
2562 2253 2616 2302 et
2646 2244 2804 2301 aliud
2833 2244 3098 2301 miraculi
3121 2258 3324 2316 genus.
3358 2243 3501 2301 Cum
3533 2258 3680 2315 quo-

1978 2338 2108 2394 dam
2144 2339 2398 2407 tempore
2438 2335 2495 2391 in
2535 2334 2799 2406 coquinae
2839 2333 3047 2402 officio,
3092 2340 3157 2389 ut
3190 2348 3314 2389 mos
3355 2340 3497 2400 erat,
3520 2334 3679 2387 .heb-

1977 2425 2281 2482 domadam
2345 2437 2509 2479 suam
2556 2422 2851 2478 sororibus
2897 2420 3229 2487 deserviret,
3278 2429 3333 2478 et
3395 2420 3677 2490 pisciculi,

1981 2514 2066 2569 vel
2113 2513 2227 2568 alia
2269 2511 2539 2583 quaelibet
2603 2509 2929 2566 monasticis
2990 2509 3196 2566 usibus
3242 2516 3396 2580 apta,
3444 2509 3679 2565 minime

1975 2608 2364 2672 suppeterent,
2417 2599 2661 2656 Basinus
2711 2597 3152 2655 archidiaconus
3207 2597 3464 2668 ejusdem
3515 2598 3679 2654 urbis

1976 2690 2128 2746 domi
2173 2687 2564 2755 recumbebat,
2609 2696 2663 2743 et
2709 2701 2838 2743 ecce
2883 2700 3000 2742 vox
3045 2686 3103 2741 in
3135 2700 3306 2742 aures
3350 2685 3477 2757 ejus
3522 2685 3675 2745 inso-

1977 2778 2105 2835 nuit
2155 2778 2362 2834 docens
2413 2792 2426 2830 :
2476 2775 2630 2832 Nosti
2680 2774 2835 2845 quod
2882 2774 3174 2830 abbatissa
3223 2788 3372 2830 onus
3410 2773 3674 2843 coquinae

1977 2866 2271 2923 sororibus
2301 2872 2547 2922 exercet.
2598 2864 2684 2919 Ad
2733 2876 2860 2918 eam
2888 2861 3188 2918 visendam
3217 2862 3446 2931 expedit
3489 2868 3541 2917 te
3570 2861 3671 2917 de-~

1974 2956 2105 3011 bere
2134 2954 2483 3025 quantocius
2530 2965 2851 3022 properare.
2897 2950 3004 3007 Sed
3054 2949 3145 3006 ille
3191 2949 3376 3006 levius
3414 2949 3673 3006 retinens

1907 3042 2245 3115 cueglexit.
2319 3042 2581 3111 Cumque
2642 3054 2827 3109 usque
2903 3046 2989 3094 ter
3056 3038 3253 3094 fuisset
3317 3037 3669 3104 admonitus,

1974 3132 2145 3188 etiam
2178 3132 2414 3200 insuper
2455 3128 2698 3185 verbera
2729 3126 2985 3183 minatur
3012 3126 3304 3183 adhibere.
3357 3125 3505 3193 Quid
3536 3140 3674 3196 age-

1975 3228 2081 3285 ret,
2122 3219 2263 3291 quid
2312 3225 2485 3274 tantae
2532 3216 2703 3272 matri
2751 3214 3086 3272 munusculi
3127 3215 3387 3282 deferret,
3442 3213 3678 3269 minime

1974 3309 2047 3365 ad
2097 3306 2494 3378 hujuscemodi
2547 3319 2692 3375 opus
2742 3304 3010 3360 habebat.
3056 3303 3312 3359 Tandem
3360 3301 3674 3372 aliquando

1974 3398 2139 3453 domo
2166 3409 2429 3467 egressus
2472 3395 2531 3449 in
2574 3390 2797 3449 foribus
2825 3391 2951 3448 ostii
2996 3391 3206 3460 reperit
3249 3391 3540 3446 hominem
3588 3389 3671 3457 pi-

1973 3499 2124 3541 scem
2173 3498 2333 3538 mirae
2390 3479 2808 3551 magnitudinis
2851 3485 3187 3549 gestantem,
3239 3491 3412 3546 quem
3474 3474 3671 3530 divino

1974 3579 2125 3628 nutu
2153 3570 2393 3627 allatum
2442 3567 2698 3634 credens,
2745 3566 2879 3621 dato
2907 3566 3196 3622 duntaxat
3226 3564 3422 3635 pretio,
3458 3564 3668 3635 piscem

1975 3660 2152 3716 beatae
2193 3658 2363 3714 matri
2403 3655 2624 3712 detulit.
2678 3656 2763 3711 Ex
2800 3668 2916 3724 quo
2966 3653 3060 3709 illa
3115 3652 3476 3723 pulmentum
3507 3666 3670 3707 soro-

1974 3748 2137 3806 ribus
2174 3746 2472 3812 adhibens,
2505 3758 2702 3799 omnes
2753 3756 2938 3813 usque
2988 3742 3062 3797 ad
3105 3742 3423 3797 satietatem
3454 3740 3666 3797 refecit.

1973 3837 2131 3904 Quod
2177 3850 2249 3892 ne
2294 3834 2386 3890 cui
2429 3833 2497 3889 de
2546 3831 2830 3887 industria
2883 3828 3101 3885 factum
3154 3830 3325 3886 fuisse
3369 3829 3665 3897 credatur;

1972 3926 2070 3983 sed
2098 3932 2249 3981 nutu
2278 3922 2476 3979 divino
2504 3920 2577 3976 ad
2604 3920 2733 3991 ejus
2763 3919 3125 3975 refectionem
3153 3918 3497 3990 exigendam
3531 3932 3670 3988 prae-

1973 4019 2259 4083 paratum,
2307 4008 2583 4081 quoniam
2631 4021 2767 4063 vero
2815 4013 3035 4077 quanto
3066 4018 3260 4061 amore
3293 4004 3352 4059 in
3396 4005 3505 4060 hac
3548 4005 3669 4059 vita

1971 4100 2327 4169 omnipotens
2370 4100 2517 4154 Deus
2555 4109 2682 4153 eam
2721 4093 3006 4160 dilexerit,
3053 4093 3165 4149 imo
3203 4101 3270 4150 ut
3315 4107 3529 4150 aurum
3566 4093 3666 4149 ob-

1972 4190 2151 4246 rizum
2185 4185 2543 4259 purgaverit,
2574 4184 2797 4240 silentio
2826 4198 2941 4239 non
2970 4190 3053 4239 est
3082 4182 3570 4253 praetereundum.

2606 4307 2836 4364 CAPUT
2875 4307 3028 4363 XIV.

2042 4422 2298 4488 Quodam
2328 4437 2579 4493 namque
2610 4430 2863 4492 tempore
2893 4420 3141 4477 febrium
3171 4420 3302 4491 igne
3343 4421 3464 4490 [al.,
3494 4420 3665 4490 vena]

1970 4524 2230 4577 accensa,
2271 4524 2506 4582 gravem
2546 4509 2862 4566 molestiam
2899 4508 3154 4578 corporis
3197 4507 3536 4577 perferebat,
3589 4508 3666 4564 ita

1971 4607 2036 4656 ut
2081 4598 2351 4669 loquendi
2392 4598 2719 4654 facultatem
2770 4596 3085 4665 amitteret;
3131 4595 3229 4650 sed
3270 4609 3402 4651 cuin
3459 4596 3666 4652 melius

1968 4687 2195 4744 Christo
2239 4686 2484 4757 praesule
2520 4684 2921 4751 convaluisset,
2954 4682 3238 4739 sciscitata
3270 4682 3383 4739 imo
3410 4683 3668 4755 ﬂagitata

1970 4789 2005 4830 a
2034 4775 2327 4831 sororibus
2369 4788 2639 4845 quaenam
2690 4771 2890 4828 fuisset
2922 4771 3202 4841 correptio
3247 4770 3363 4839 illa,
3412 4772 3666 4829 fervente

1969 4862 2178 4934 spiritu
2206 4862 2538 4932 respondit:
2579 4860 2624 4917 Ο
2673 4859 3019 4916 dulcissimae
3044 4873 3283 4926 sorores,
3317 4859 3457 4931 quid
3499 4861 3665 4916 inve-

1970 4951 2184 5023 stigare
2211 4949 2388 5007 vultis
2425 4949 2505 5005 rei
2536 4947 2809 5005 causam?
2846 4948 2895 5004 Α
2925 4947 3093 5004 saevis
3131 4962 3388 5019 namque
3418 4947 3662 5006 nimium

1969 5047 2025 5097 et
2086 5038 2245 5096 tetris
2300 5037 2667 5109 opprimebar
2724 5035 3084 5093 daemonibus
3136 5034 3262 5110 [al.,
3311 5036 3662 5108 spiritibus];

1971 5126 2205 5200 quando
2234 5134 2428 5182 autem
2460 5125 2662 5181 melius
2706 5124 3172 5180 convalescebam
3222 5125 3354 5181 dum
3397 5125 3502 5181 alie
3529 5125 3666 5181 dor-

1972 5231 2100 5273 sum
2149 5230 2343 5271 meum
2374 5214 2662 5271 venientes
2700 5213 2985 5285 gyrabant
3009 5213 3128 5284 [al.,
3153 5226 3187 5268 a
3215 5213 3383 5269 dorso
3416 5226 3539 5270 meo
3569 5228 3667 5270 ve-

1972 5304 2193 5360 nientes
2222 5302 2505 5375 gyrabant
2546 5301 2679 5373 me],
2711 5315 2964 5373 quarum
3014 5302 3156 5358 visio
3186 5314 3331 5359 auro
3361 5302 3666 5373 purissimo

1976 5392 2238 5463 pulchior
2282 5398 2424 5448 erat.
2458 5390 2604 5447 Nam
2651 5398 2706 5447 et
2732 5389 3034 5448 summitas
3079 5404 3281 5447 earnm
3331 5391 3524 5464 gladio
3562 5407 3666 5448 an-

1973 5480 2132 5552 cipiti
2162 5481 2386 5537 acutior
2427 5478 2800 5537 sentiebatur.
2832 5479 2975 5536 Cum
3020 5487 3213 5537 autem
3242 5480 3316 5538 ab
3365 5482 3456 5538 his
3480 5482 3663 5539 valla-

1974 5569 2099 5635 bar,
2131 5568 2430 5640 fugiebant
2467 5568 2740 5625 teterrimi
2772 5568 3028 5639 spiritus.
3076 5568 3223 5637 Quid
3269 5577 3461 5627 autem
3510 5572 3668 5628 aliud
