3924 6090
259 262 398 314 1213
476 277 480 282 '

322 387 540 438 Carolus
570 386 933 448 Albaspinzeus
953 385 1016 434 de
1046 383 1449 448 Chesteauneuf.
1481 388 1587 434 652.

321 450 489 500 Caroli
513 448 658 498 ducis
681 447 963 496 Britanniae
993 448 1171 510 mirae.
1202 447 1529 510 inquirendis
1547 447 1828 509 provincia,
1872 448 1962 493 Ge-

255 514 410 562 rardo
441 514 504 561 de
537 512 697 559 Podio
721 510 892 559 ahbati
926 509 1363 572 Majorismonast.
1398 510 1765 567 deniandatur,
1789 512 1895 556 593.

260 575 476 624 Carolus
505 574 567 621 de
599 572 914 624 Longaevnl.
936 575 1044 620 630.

323 636 539 685 Carolus
567 609 915 685 li‘laudarensis.
948 637 1054 683 529.

324 698 708 747 Carthusiensis
749 696 948 744 ordinis
1003 695 1181 758 origo,
1230 698 1316 743 465
1364 709 1456 742 seu
1517 697 1622 758 467.
1677 694 1963 758 carthusiie

263 760 561 813 descriptio.
605 762 692 807 466
742 772 832 806 seu
877 761 988 805 468.
1051 756 1501 806 carthusiensium
1548 756 1758 804 vivendi
1811 757 1962 810 ratio.

263 821 385 870 ibid.
432 819 607 870 Missas
642 826 846 868 tantum
875 819 1144 868 Dominica
1197 824 1248 867 et
1290 819 1476 866 diebus
1516 819 1840 866 solemnibus
1869 832 1961 866 au-

260 884 434 945 diunt,
463 884 586 932 ibid.
641 884 949 945 Perpetuum
985 882 1272 945 silentium.
1315 881 1457 945 ibird._
1482 881 1660 945 Pctus,
1712 880 1962 939 cilicium,

263 946 385 996 ibid.
422 943 759 993 Bibliotheca
809 957 991 992 eorum
1040 943 1312 997 ditissima.
1352 943 1476 992 ibid.
1527 943 1768 990 Maximus
1815 948 1965 989 erant

261 1007 583 1071 paupertatis
607 1007 847 1058 studiosi.
876 1006 1005 1055 ibid.
1043 1011 1092 1053 e1
1118 1007 1231 1053 467.
1262 1005 1428 1064 Quam
1459 1005 1735 1061 ferventes,
1759 1006 1848 1052 466
1869 1017 1961 1052 seu

263 1073 370 1119 468.
406 1069 528 1129 Viri,
555 1069 765 1117 feminae
803 1083 863 1115 ac
898 1068 1043 1128 pueri
1075 1067 1206 1116 illud
1252 1067 1464 1115 vivendi
1495 1080 1661 1129 genus
1685 1066 1962 1129 arripiunt,

264 1132 386 1180 ibid.
414 1127 696 1179 Innumero
730 1127 1060 1178 constituunt
1089 1130 1420 1187 monasteria,
1456 1127 1579 1176 ibid.
1624 1127 1843 1176 Abunde
1878 1128 1958 1175 di-

266 1197 462 1250 tantur,
507 1195 613 1240 467.
670 1191 1120 1239 Carthusiensium
1149 1191 1410 1240 institutio
1447 1193 1560 1239 597.
1617 1189 1962 1238 Bibliotheoas

264 1255 601 1304 instruebant
628 1254 900 1316 primores.
933 1256 1045 1316 598.

265 1313 654 1428 61Castellanus
675 1316 808 1364 areis
836 1315 1128 1379 praefectus,
1156 1317 1265 1363 047.
1296 1315 1392 1362 Pro
1423 1313 1676 1362 advocato
1716 1313 1963 1368 sumitur,

325 1439 607 1488 Castellum
641 1439 802 1496 unde,
834 1439 943 1487 298.

325 1503 562 1551 Castitas.
607 1501 726 1550 Vide
751 1501 1050 1562 Virginitas.
1085 1500 1251 1558 Quam
1277 1499 1542 1547 excellens
1566 1497 1840 1562 castitatis
1858 1497 1962 1562 virf

264 1568 349 1613 tus
383 1569 435 1612 et
463 1564 645 1617 ardua.
687 1566 771 1611 311
806 1559 867 1610 et
891 1565 998 1610 3l2.
1039 1562 1349 1624 Voluptuosi
1387 1561 1654 1624 quomodo
1702 1559 1962 1624 contineri

262 1625 816 1690 possitnoncapiunt,
847 1627 960 1690 31_t.
991 1623 1289 1690 Castitatem
1313 1623 1567 1690 qui’colit,
1603 1623 1965 1690 Deum_in_iita-

265 1684 368 1746 iur,
401 1687 526 1736 ibid.
559 1684 661 1734 Ad_
685 1686 996 1734 servandam
1046 1684 1353 1747 pudicitiam
1399 1687 1653 1734 continuo
1683 1684 1963 1747 invigilan-

265 1749 408 1801 dum.
435 1751 543 1796 312.
569 1748 789 1796 Castitas
824 1746 1137 1803 adamanda,
1165 1749 1276 1796 313.
1311 1748 1422 1808 lgni
1458 1751 1809 1810 comparatur,
1835 1746 1961 1793 ibid.

265 1811 337 1860 Ex
370 1811 581 1873 Virgine
609 1810 774 1873 voluit
797 1810 939 1873 nasci
983 1810 1134 1863 Deus.
1167 1809 1288 1873 ibid.
1328 1810 1556 1873 Angelos
1584 1809 1799 1873 absque
1834 1821 1963 1873 _cor-

301 1886 390 1921 ore
419 1869 645 1921 famulos
684 1871 840 1934 elegit
871 1871 1028 1928 Deus,
1076 1869 1439 1934 314.7Castitas
1469 1874 1587 1934 post
1632 1869 1960 1934 conjugiuni,

301 1887 390 1921 ore
419 1887 645 1921 ramulos
684 1887 840 1933 eiegu.
871 1887 1028 1928 ueus,
1076 1887 1182 1920 su.
1218 1887 1439 1919 Casinas
1469 1887 1587 1934 pos:
1632 1887 1960 1932 conjugium,

264 1887 595 1997 rapsumque.
625 1933 803 1996 magni
833 1946 1042 1996 quoque
1071 1938 1150 1981 est
1189 1932 1446 1990 habenda,
1490 1935 1600 1981 315.
1633 1933 1803 1989 Quare
1832 1930 1960 1980 ibid.

264 1997 474 2059 Moyses
507 2000 565 2059 et
583 1995 951 2059 Josuehorum
981 1995 1206 2059 duorum
1230 1999 1413 2059 typus,
1437 1994 1563 2044 ibid.
1591 1994 1762 2042 Motus
1782 1993 1960 2059 carnis

263 2056 536 2120 peccatum
557 2057 612 2120 in
635 2057 948 2120 castitatem,
970 2059 1083 2120 316.
1102 2056 1324 2120 castitas
1349 2057 1482 2105 vitro
1507 2061 1825 2120 comparata.
1848 2058 1958 2104 317.

267 2118 467 2178 Quibus
502 2119 686 2168 mediis
709 2124 935 2170 tueatur.
978 2119 1101 2167 ibid.
1138 2118 1325 2166 Lilium
1372 2119 1692 2166 convallium
1727 2131 1838 2172 cur,
1871 2121 1960 2166 318

264 2185 317 2230 et
340 2195 448 2244 seq.
482 2181 598 2230 Flos
650 2181 849 2244 campi,
890 2179 1011 2229 ibid.
1054 2180 1154 2238 Qui
1199 2185 1386 2244 natura
1419 2194 1533 2244 non
1569 2179 1754 2244 frigidi
1778 2183 1961 2228 contra

266 2241 439 2292 carnis
476 2241 793 2291 tentationes
823 2242 1092 2291 decertant
1119 2243 1376 2304 generosi.
1396 2242 1532 2292 «ibid.
1567 2241 1758 2302 Frigidi
1784 2255 1810 2290 e
1836 2255 1961 2290 con-

267 2310 365 2358 tra.
396 2304 524 2354 ibid.
554 2304 830 2353 Huuiilitas
871 2309 1046 2352 servat
1093 2305 1416 2366 pudicitiam,
1447 2307 1536 2354 317
1567 2309 1619 2352 et
1644 2307 1754 2352 318.
1791 2304 1963 2351 Mode-

265 2368 383 2427 stia,
416 2370 522 2416 319.
561 2367 736 2415 Noxite
759 2366 1487 2427 familiaritates,joculatoria
1512 2367 1670 2415 verba
1699 2372 1750 2415 et
1779 2379 1962 2424 garru-

267 2429 388 2476 litas
430 2433 557 2476 sunt
599 2429 863 2483 evitanda.
896 2428 1024 2477 ibid.
1075 2433 1126 2476 et
1159 2431 1272 2476 320.
1321 2429 1527 2477 Carnali
1569 2442 1746 2476 amore
1777 2428 1961 2475 irretiti

268 2490 572 2539 difﬁcillime
603 2505 633 2538 a
662 2503 716 2538 se
747 2490 965 2553 invicem
999 2495 1327 2552 separantur.
1370 2491 1652 2553 Elegantia:
1698 2490 1872 2538 vultus
1904 2503 1962 2553 ac

265 2553 490 2602 vestium
521 2551 942 2607 contemnendas.
974 2551 1086 2601 320.
1130 2553 1228 2609 Qui
1255 2551 1517 2600 austeram
1553 2553 1710 2600 vitam
1733 2560 1784 2599 et
1806 2552 1962 2609 virgi-

267 2615 485 2678 nitatem
517 2615 733 2678 professi
764 2616 818 2662 in
844 2615 1018 2678 carnis
1046 2615 1230 2678 vitium
1251 2615 1536 2678 aliquando
1566 2614 1834 2667 labuntur.
1852 2616 1960 2678 321.

266 2677 460 2726 Timori
487 2676 575 2725 Dei
609 2676 874 2739 studeant,
894 2677 1013 2725 ibid.
1048 2676 1355 2726 Castitatem’
1379 2678 1752 2739 impugnantes
1783 2676 1964 2739 confu-

267 2743 466 2797 tantur,
513 2740 622 2787 322.
677 2738 831 2786 Visus
873 2739 1165 2800 specierum
1217 2738 1472 2786 noxarum
1521 2739 1795 2794 arcendus,
1846 2738 1958 2785 321.

268 2801 456 2849 Tactus
487 2800 783 2862 impudicus
833 2801 1170 2862 permaxima.
1208 2801 1330 2850 ibid.
1383 2805 1647 2858 Quantum
1694 2800 1962 2861 voluptate

270 2863 444 2911 carnis
492 2863 722 2910 irretitus
777 2866 1086 2919 coarctatur.
1145 2864 1254 2912 323.
1313 2863 1606 2924 Voluptatis
1666 2863 1961 2924 appetentia

271 2924 426 2987 plena
467 2924 747 2987 anxietatis
777 2929 873 2980 est.
921 2924 1132 2987 satietas
1177 2923 1518 2986 pmuitentiie.
1550 2926 1662 2973 324.
1703 2923 1964 2987 castitatis

269 2985 480 3035 tuendae
509 2986 766 3046 optimum
789 2985 1099 3039 remedium.
1125 2985 1413 3034 monastica
1448 2987 1708 3034 institutio
1737 2985 1963 3048 fugaque

269 3048 466 3118 sagculi.
497 3050 604 3097 324.
639 3048 753 3118 Alia
777 3048 1024 3118 remedia,
1055 3050 1161 3118 325.
1195 3049 1332 3118 Patri
1367 3048 1522 3118 etiam
1551 3047 1806 3118 spirituali
1826 3047 1962 3118 ‘con-

269 3111 542 3158 scientiam
566 3109 784 3172 aperire.
816 3109 936 3172 ibid.
969 3110 1178 3172 Quanta
1204 3111 1341 3158 bona
1367 3109 1620 3158 castitatis
1651 3109 1838 3172 cultori
1868 3110 1962 3172 ob-

267 3172 500 3226 veniant.
527 3171 634 3224 324,
664 3171 1020 3234 Quorumdam
1052 3171 1358 3219 animalium
1385 3172 1625 3234 exemplo
1655 3171 1718 3234 ad
1750 3171 1959 3218 castita-

267 3237 372 3280 tem
401 3247 764 3294 provocamur.
793 3236 905 3280 325.
946 3233 1036 3281 Dei
1065 3234 1230 3293 gratia
1261 3238 1312 3282 et
1351 3233 1768 3281 amore’caslitas
1794 3246 1962 3280 serva-

269 3299 373 3350 tur.
402 3293 524 3343 ibid.
563 3295 604 3342 Α
651 3294 844 3356 quibus
885 3299 1066 3342 caveat
1095 3306 1288 3349 castus.
1330 3296 1452 3344 ibid.
1488 3295 1670 3343 Carnis
1711 3295 1961 3343 titillatia-

269 3357 428 3404 nibus
448 3356 612 3404 inurit
627 3370 841 3404 suorum
863 3361 1064 3404 mentes
1085 3356 1238 3415 Deus,
1272 3362 1328 3406 ut
1345 3358 1550 3406 ruinam
1574 3360 1827 3414 metuant,
1846 3357 1959 3405 440.

333 3419 608 3468 Castorum
635 3419 991 3480 proprietates.
1026 3421 1132 3467 325.

333 3479 648 3529 (Σευοόοχίιιί
679 3479 908 3543 impulsu
947 3480 1029 3543 vix
1056 3481 1233 3543 justus
1261 3484 1340 3529 est
1379 3495 1592 3529 vacuus.
1617 3483 1696 3529 74.
1729 3480 1962 3529 Cenodo-

269 3543 352 3606 ria
383 3543 532 3606 quasi
553 3542 794 3606 quaedam
815 3542 1130 3602 idololatria,
1155 3547 1234 3593 77.
1261 3545 1303 3592 Α
1328 3543 1616 3592 cenodoxia
1638 3543 1959 3606 inseparabi-

271 3604 336 3653 lis
361 3605 625 3666 superbia.
649 3607 726 3652 82.

333 3666 511 3718 Cham.
544 3666 765 3722 calidus,
791 3669 870 3715 38.

330 3728 670 3784 Chananieus,
706 3739 956 3777 reversus
992 3730 1074 3778 est
1109 3730 1186 3776 57.

335 3790 605 3853 Chanaan.
642 3787 1223 3853 parartiisqhuniiiitaii.
1259 3792 1364 3844 152.
1400 3790 1460 3838 Et
1499 3789 1812 3853 negotiatio,
1855 3792 1960 3838 177.

332 3851 568 3900 Charitas
598 3851 743 3901 locus
771 3851 1024 3909 ﬁdelium,
1048 3854 1123 3899 95.
1150 3851 1430 3900 Charitatis
1451 3851 1550 3899 tria
1574 3851 1819 3906 membra,
1853 3854 1960 3899 145.

271 3913 509 3976 Charitas
538 3914 824 3976 tentatione
850 3914 1012 3976 debet
1042 3914 1266 3976 probari.
1307 3916 1410 3963 146.
1453 3914 1689 3962 Charitas
1715 3913 1963 3976 naturali-

272 3981 352 4024 ter
397 3975 629 4031 humilis.
667 3975 789 4025 ibid.
836 3975 1072 4024 Charitas
1113 3991 1270 4038 super
1297 3976 1425 4024 iram
1458 3989 1644 4037 regens
1672 3980 1723 4024 et
1770 3975 1962 4024 illumi-

269 4051 422 4091 nans.
451 4041 560 4087 643'
589 4038 899 4096 Quindecim
927 4038 1120 4099 gradus
1168 4039 1339 4089 habet.
1364 4038 1495 4088 ibid.
1529 4038 1806 4087 Charitatis
1833 4051 1964 4100 pras-

270 4101 538 4160 rogativm.
578 4101 630 4147 V.
655 4101 814 4170 Amor
847 4100 953 4171 Dei.
980 4100 1236 4157 Charitas,
1265 4101 1448 4172 civitas
1477 4100 1530 4148 in
1557 4101 1757 4172 quadro
1775 4100 1961 4162 pesita,

270 4163 384 4225 644.
418 4161 653 4225 Quatuor
682 4175 876 4223 primas
907 4167 1127 4210 Virtutes
1155 4163 1310 4225 habet
1338 4163 1436 4211 sibi
1481 4165 1806 4225 conjunctas,
1841 4160 1960 4210 ibid.

332 4221 802 4282 Chodorlahomor,
830 4225 1145 4282 mani/mins
1163 4224 1401 4276 decorus.
1438 4227 1518 4272 58.

333 4283 611 4348 Christiani
642 4285 802 4348 probe
830 4286 1065 4348 viventes
1094 4286 1414 4348 suntgstella:
1449 4285 1587 4348 emli,
1622 4287 1697 4332 17.
1730 4285 1806 4348 Ob
1833 4298 1963 4348 par-

270 4347 625 4408 ticipationem
649 4345 888 4394 nominis
918 4346 1104 4393 Christi
1135 4346 1306 4408 majus
1357 4347 1633 4406 praemium
1665 4345 1965 4394 retinebunt

273 4409 325 4456 in
371 4409 536 4463 caelis.
583 4411 659 4457 38.
711 4408 1126 4470 Christianorum
1173 4409 1398 4470 speciale
1439 4408 1818 4463 testimonium,
1858 4411 1960 4456 123.

272 4470 626 4519 Christianum
659 4471 900 4528 religioni
923 4469 1372 4532 detrahere’quam
1391 4470 1826 4525 abominandum,
1853 4473 1962 4519 264.

274 4533 689 4604 Clirisiiano_rtini
734 4532 1108 4604 gestahbcllica
1137 4533 1434 4604 gentilibus.
1457 4537 1584 4604 sunt
1605 4533 1964 4604 praeferenda.

271 4597 379 4643 369.
413 4595 707 4644 Christiana
747 4594 984 4657 gravitas
1037 4607 1102 4643 ne
1158 4594 1258 4644 lide
1295 4595 1438 4657 vulgi
1473 4594 1667 4643 fabulis
1714 4595 1968 4644 attributa

271 4657 687 4768 levifetur3731i7.
722 4657 1003 4706 Christiani
1034 4657 1233 4706 mundo
1256 4657 1448 4706 mortui
1479 4657 1744 4721 quomodo
1780 4657 1970 4705 intelli-

273 4732 373 4768 αδη
407 4733 484 4768 ur.
517 4739 542 4767 ο
614 4755 624 4766 .

309 4733 484 4775 amur.
517 4733 624 4768 519.

273 4732 824 4829 gagbil'irstgsiaiortibus
842 4794 932 4829 seu
949 4780 1297 4829 Christianam
1329 4780 1698 4842 perfectionem
1734 4781 1965 4842 proﬁteri

274 4843 572 4891 volentibus
615 4843 902 4890 imitandus
929 4844 1258 4905 proponitur.
1289 4846 1362 4892 16.
1397 4843 1631 4891 Christus
1661 4848 1713 4891 et
1741 4842 1971 4892 Ecclesia

273 4905 426 4967 signa
449 4910 592 4960 sunt,
625 4909 699 4954 16.
720 4904 954 4954 Christus
988 4904 1142 4952 verus
1172 4905 1346 4954 oriens
1380 4905 1569 4954 domus
1597 4905 1704 4959 Dei.
1737 4907 1843 4953 542.
1877 4905 1970 4953 Lo-

274 4981 366 5015 cus
395 4981 450 5016 se
481 4967 834 5029 diligentium.
890 4969 996 5015 126.
1030 4967 1102 5014 De
1143 4967 1331 5015 Christi
1377 4967 1719 5016 humanitatis
1766 4981 1965 5014 assum-

276 5031 451 5091 ptione
481 5029 614 5092 late,
641 5031 746 5092 2647
770 5033 822 5076 et
858 5042 1015 5092 seqq.
1072 5029 1183 5092 Non
1213 5029 1382 5092 potuit
1412 5035 1559 5078 utero
1607 5029 1854 5090 Virginis.
1887 5033 1968 5076 ut-

275 5097 394 5152 pote
413 5092 576 5172 ‘Deus.
605 5091 889 5172 inquinari,
921 5092 1028 5172 261.
1067 5091 1562 5172 Quar‘enhqrna‘nam
1599 5092 1773 5172 potius
1805 5104 1967 5172 quam

275 5154 566 5215 angelicam
587 5153 873 5215 assumpsit
893 5157 1152 5215 naturam.
1186 5155 1295 5201 262.
1323 5153 1530 5201 Nullam
1551 5152 1772 5201 inutero
1805 5152 1970 5214 Virgi-

277 5214 367 5262 nis’
387 5216 650 5264 contraxit
679 5214 868 5277 labem,
917 5217 1030 5268 264.
1055 5214 1337 5277 Quidquid
1368 5215 1598 5263 hominis
1652 5219 1748 5277 est.
1781 5222 1970 5277 printer

276 5283 544 5340 peccatum
593 5276 840 5340 suscepit.
872 5276 1153 5340 265.__Vere
1186 5276 1322 5340 Deus
1351 5277 1622 5340 etihomo,
1660 5276 1792 5340 ibid.
1816 5277 1966 5340 Para-

275 5337 351 5384 vit
372 5339 469 5387 sibi
507 5337 772 5402 semeniu
801 5343 948 5402 utero
975 5338 1222 5402 Virginis,
1254 5337 1381 5388 idid.
1409 5339 1576 5402 Elegit
1605 5341 1662 5387 ut
1692 5338 1855 5402 homo
1879 5337 1964 5385 fie~

277 5402 356 5447 ret
377 5400 952 5473 quodmnndiusnfuit‘.
985 5405 1127 5473 266.“
1140 5401 1216 5449 Ad
1240 5401 1365 5473 quid
1395 5399 1652 5473 butyrum
1675 5406 1729 5472 et
1757 5399 1863 5473 mei
1885 5414 1972 5471 co-

273 5458 498 5510 medisse
521 5462 732 5518 dicitur.
762 5464 872 5511 267.
905 5462 1076 5519 Quare
1101 5463 1212 5517 ﬂos.
1237 5458 1358 5513 ibid.
1394 5458 1576 5512 Totius
1605 5461 1896 5510 divinitatis
1920 5462 1974 5510 in

274 5521 793 5596 Christoplenitudo.
812 5523 938 5573 ibid.
957 5524 1157 5596 Quamj
1167 5526 1310 5596 ustej
1320 5525 1512 5596 ndicat.
1545 5523 1975 5596 ibianuomodo

279 5584 504 5649 percutit
526 5588 714 5649 terrain
748 5586 895 5649 virga
923 5587 1028 5649 oris
1058 5584 1158 5643 sui.
1185 5584 1311 5635 ibid'.
1338 5587 1425 5649 De
1461 5587 1575 5649 ejus
1603 5587 1654 5635 in
1683 5591 1822 5635 terra
1857 5599 1977 5634 cou-

280 5643 596 5712 versatione.
626 5646 741 5692 268.
788 5643 862 5694 De
890 5647 1154 5712 passione,
1186 5651 1295 5697 269.
1322 5643 1595 5712 Sanguine
1627 5649 1818 5712 multas
1847 5662 1976 5712 gen-

282 5711 358 5774 ies
384 5719 501 5774 non
523 5717 707 5774 omnes
754 5709 1010 5774 aspergat.
1060 5709 1181 5770 quia
1210 5711 1358 5759 novit
1397 5709 1493 5774 qui
1532 5713 1658 5774 sunt
1686 5711 1820 5774 ejus,
1848 5709 1975 5774 ibid.

285 5767 397 5813 Non
429 5771 510 5814 est
533 5767 748 5828 species,
783 5767 951 5830 nequ'e
976 5767 1149 5829 decor,
1181 5775 1300 5830 etc.,
1322 5767 1646 5834 qui'Christo
1676 5767 1976 5829 conveniat.

1473 256 1675 311 INDEX
1719 257 1962 313 HEltUil
2008 256 2096 312 ET
2137 249 2547 307 VEltBOltUM.

3661 249 3782 298 liii

2072 381 2195 430 ibid.
2231 381 2440 430 Justum
2475 383 2586 428 erat
2616 382 2674 427 ut
2705 391 2800 439 pro
2834 377 3139 427 hominibus
3172 380 3370 439 ageret.
3408 379 3548 439 270._
3575 375 3724 439 Deus
3744 383 3790 421 et

2077 444 2234 492 homo
2269 446 2346 491 est
2376 443 2488 490 sine
2518 435 2828 490 confusione
2874 441 3146 501 utriusque
3175 435 3398 501 naturas.
3430 435 3571 501 ibid.
3619 437 3790 501 Quart

2077 507 2240 554 Deum
2263 511 2316 552 et
2351 504 2619 552 hominem
2649 505 2781 551 mori
2813 517 3024 552 necesse
3049 500 3168 558 fuit,
3196 501 3315 550 ibid.
3354 500 3599 548 Moriens
3620 500 3787 546 homi-

2077 582 2195 616 nem
2226 572 2278 616 et
2307 567 2573 615 diabolum
2598 566 2832 614 dominio
2857 566 3023 624 exuit,
3047 563 3173 613 ibid.
3199 564 3320 626 Ejus
3342 563 3790 626 adventusetui-

2075 629 2270 678 vinitas
2297 630 2563 690 probatur.
2596 631 2704 676 271.
2759 633 2810 676 et
2843 641 2986 689 seqq.
3014 627 3201 690 Seipso
3237 624 3345 690 non
3380 624 3669 690 sacriﬁciis
3695 624 3790 690 Pa-

2075 697 2208 740 trem
2246 685 2489 753 placavit,
2525 692 2632 738 278.
2671 690 2769 753 Qui
2802 685 2983 744 gent-es
3013 685 3338 753 luereditavit
3377 685 3654 753 Christus.
3689 688 3790 753 27:4.

2077 749 2314 802 Christus
2357 753 2528 814 Virga,
2573 752 2701 801 ibid.
2767 751 3096 814 llesurreetio
3141 750 3349 814 Christi.
3386 751 3523 814 27;.
3551 749 3792 814 _Sal_V_C_b1i

2075 829 2182 864 non
2217 828 2400 863 omnes
2429 808 2628 876 (ﬁentes.
2659 814 2752 863 sed
2782 814 2844 862 de
2875 813 3122 876 omnibus
3147 812 3412 876 gentibus,
3437 809 3582 876 ibid.
3633 808 3793 876 Filius

2075 883 2155 927 est
2183 872 2642 933 voluntas'Patris,
2681 879 2794 924 280.
2845 875 3131 924 Duodecim
3154 872 3323 922 horas
3365 874 3496 919 dum
3541 872 3600 919 in
3643 873 3795 919 terris

2075 943 2412 988 conversatus
2434 944 2530 994 est.
2553 938 2801 992 instituit,
2823 941 2930 986 296.
2955 937 3163 994 Quanta
3184 935 3329 984 exiis
3356 933 3507 982 horis
3532 935 3688 982 bona
3708 947 3796 980 no~

2075 1002 2154 1050 bis
2183 1001 2538 1064 provenerint.
2565 1000 2691 1064 ibid.
2737 1000 2990 1064 Christus.
3030 998 3158 1064 Vitae
3188 1012 3248 1046 ac
3271 997 3560 1064 donorum
3599 995 3794 1064 Christi

2075 1058 2366 1126 recordatio
2392 1076 2548 1124 quam
2581 1062 2742 1126 utilis,
2766 1064 2873 1126 290.
2905 1061 3111 1126 Elecios
3140 1062 3192 1108 in
3227 1063 3376 1126 utero
3409 1058 3662 1126 Virginis
3704 1059 3795 1126 sibi

2075 1120 2447 1185 incorporavi't.
2481 1126 2593 1172 291.
2625 1124 2814 1171 Christi
2848 1124 3006 1185 pedes
3033 1122 3563 1185 humanit_as._eaput,
3598 1120 3794 1185 divini-

2076 1192 2174 1246 tas,
2201 1180 2314 1236 299.
2340 1187 2412 1235 Ex
2438 1187 2628 1234 Christi
2657 1180 2997 1234 humanitatis
3023 1180 3470 1246 contemplatione
3495 1181 3567 1228 ad
3603 1180 3790 1228 divini.

2076 1245 2232 1314 tatem
2291 1249 2608 1314 pervenitur.
2665 1247 2788 1314 ibid.
2842 1245 3365 1314 DiviuitatemJnisi
3395 1256 3633 1314 corpore
3679 1258 3797 1314 con-

2075 1305 2557 1360 texisset'ferrinon
2587 1310 2859 1372 potuisset,
2893 1313 3001 1358 300.
3035 1308 3225 1357 Christi
3249 1309 3466 1372 dextera
3503 1305 3793 1372 diviniiis,

2074 1377 2180 1437 301.
2219 1373 2418 1437 Laudes
2434 1366 2625 1437 matris
2656 1366 3050 1437 tanquamsuas
3072 1372 3315 1437 aestimat.
3339 1366 3462 1437 ibid.
3623 1368 3792 1437 Δδυβιιιξ-

2076 1435 2214 1483 mins
2244 1435 2294 1482 in
2327 1435 2531 1482 Christo
2565 1447 2719 1496 quam
2749 1430 2889 1494 quod
2922 1433 3077 1481 homo
3105 1435 3272 1496 factus
3300 1445 3354 1478 se
3377 1430 3662 1496 humiliat.
3691 1431 3793 1476 307.

2077 1498 2216 1546 Deus
2246 1511 2353 1545 non
2385 1495 2798 1554 omnipatentior
2823 1508 2980 1557 quam
3005 1495 3146 1556 quod
3169 1495 3306 1541 intra
3330 1495 3656 1557 creaturam,
3675 1505 3795 1557 eon-

2076 1563 2254 1608 tentus
2298 1564 2396 1617 est,
2445 1553 2569 1606 ibid.
2621 1559 2805 1606 Oleum
2839 1553 2928 1605 ‘est
2959 1553 3119 1604 totius
3160 1554 3537 1617 ecclesiasticae
3570 1553 3792 1617 laetitia,

2075 1621 2200 1669 ibid.
2227 1614 2394 1677 Mons,
2417 1620 2684 1679 divinitas,
2712 1620 2874 1668 latera
2903 1619 3195 1679 Aquilonis,
3226 1616 3541 1679 humanitas
3572 1614 3788 1679 Christi.

2076 1683 2202 1733 ibid.
2231 1683 2310 1731 Nil
2331 1684 2412 1731 sui
2434 1676 2742 1739 corporis'in
2766 1686 2904 1729 terra
2929 1676 3427 1739 Christus’reliquit.
3452 1679 3574 1726 339.
3597 1676 3791 1739 Quam-

2075 1747 2274 1802 obrem,
2324 1745 2448 1794 ibid.
2497 1737 2648 1792 Morti
2715 1744 2875 1792 libere
2936 1756 2990 1790 se
3043 1742 3255 1795 addixit.
3305 1737 3412 1790 347.
3457 1739 3524 1802 In
3584 1737 3789 1802 Christo

2077 1801 2282 1855 nullum
2303 1820 2521 1870 usquam
2550 1810 2841 1871 peccatum,
2871 1804 3001 1871 ibid.
3030 1803 3372 1871 [inpassibilis
3394 1801 3787 1871 etimmortalis

2077 1873 2283 1925 natura,
2330 1863 2680 1931 quarep'ibid.
2725 1868 2807 1931 Nil
2837 1868 2916 1931 sui
2957 1863 3190 1930 corporis
3220 1863 3784 1931 reliqnitjumu‘udo.

2077 1933 2184 1980 349.
2219 1932 2275 1979 lu
2303 1925 2475 1978 verbis
2498 1925 2689 1979 Christi
2720 1930 2852 1978 nihil
2881 1925 3200 1992 repugnans.
3233 1925 3615 1992 355I_|_nf_'antis
3644 1925 3783 1992 Chri-

2077 1993 2143 2041 sti
2173 1992 2458 2057 deﬂueutia
2494 1993 2728 2057 corporis
2769 1987 3674 2057 nemo'collegit._355.__\'ulneru_m
3718 1989 3784 2056 ei-

2077 2056 2294 2104 catrices
2325 2049 2664 2104 resuscitatus
2701 2067 2862 2111 quare
2892 2049 3141 2108 ostendit.
3183 2054 3292 2101 356.
3328 2051 3462 2099 Num
3497 2049 3558 2096 in
3592 2049 3683 2096 die
3709 2050 3784 2111 ju-

2078 2117 2198 2164 dicii
2232 2118 2504 2179 parebunt,
2536 2115 2659 2179 ibid.
2693 2111 2931 2179 Formam
2956 2116 3089 2179 servi
3118 2114 3207 2177 qui
3234 2115 3283 2162 in
3311 2116 3555 2161 extremo
3588 2111 3784 2179 judicio

2079 2178 2392 2235 immutavit,
2430 2181 2536 2228 357.
2589 2178 2664 2226 Ob
2696 2178 2894 2226 nullius
2943 2178 3186 2226 meritum
3230 2188 3444 2224 carnem
3495 2178 3785 2234 assumpsit

2077 2241 2331 2299 Christus,
2380 2243 2485 2289 456.
2521 2241 2756 2288 Christus
2801 2240 2948 2288 nullo
2987 2252 3219 2300 unquam
3265 2238 3453 2300 morbo
3504 2235 3783 2300 laboravit,

2079 2306 2186 2352 575.
2226 2295 2415 2351 Dentes
2461 2303 2626 2365 ipsius
2661 2301 2811 2365 lactei
2858 2301 2997 2365 haud
3045 2295 3366 2365 cieideruni.
3405 2299 3536 2346 ibid.
3580 2295 3782 2365 Faisum

2076 2370 2156 2413 est
2179 2360 2496 2413 umbilicum
2535 2365 2586 2413 in
2616 2364 2767 2413 terris
2817 2364 3108 2426 reliquisse.
3153 2361 3269 2410 ibid.
3320 2361 3399 2426 Et
3433 2360 3782 2426 praeputium.

2081 2427 2202 2476 ibid.
2227 2427 2280 2475 ln
2313 2427 2500 2475 Christi
2535 2440 2752 2490 corpore
2775 2422 2947 2490 utrum
2974 2431 3091 2489 post
3127 2422 3575 2474 resurrectionem
3594 2422 3783 2490 vulne-

2080 2503 2137 2537 ra
2162 2503 2477 2547 remansere,
2509 2486 2814 2546 577.‘Quam
2853 2489 2920 2536 ob
2970 2486 3180 2536 causam
3227 2486 3628 2547 remanserunt.
3683 2486 3782 2529 57S.

2079 2552 2315 2600 Christus
2365 2545 2473 2599 nux
2521 2551 2637 2600 fuit.
2670 2545 2800 2599 7645.
2859 2551 3051 2599 Christi
3093 2550 3340 2598 divinitus
3386 2554 3440 2596 et
3472 2545 3782 2593 humanitas

2082 2615 2349 2677 probatur.
2382 2615 2493 2677 680.

2139 2675 2562 2738 Cisterciensium
2583 2675 2815 2738 insignes
2834 2674 3200 2738 eleemosynie.
3225 2676 3333 2721 585.

2142 2738 2374 2786 Civizum
2400 2738 2508 2786 sive
2539 2737 2765 2785 Cizicum
2785 2737 2929 2793 urbs,
2953 2739 3061 2785 382.

2139 2800 2562 2848 Claraal'ontensis
2587 2799 2831 2846 emnobio
2861 2799 3201 2858 constructio,
3240 2800 3346 2845 550.

2141 2861 2534 2910 Clarembaldus
2560 2862 2623 2910 de
2645 2861 2917 2920 Vendiolo,
2955 2864 3063 2909 418.

2139 2924 2446 2972 Claromons
2483 2925 2605 2971 urbs
2634 2923 3053 2983 commendatur,
3085 2925 3193 2971 377.

2140 2986 2341 3034 Claudii
2371 2985 2466 3046 (8.)
2500 2986 2894 3042 monasterium,
2932 2987 3037 3032 597.

2139 3045 2388 3096 Claudius
2413 3045 2749 3108 Cluiiitcloup.
2785 3049 2874 3096 613
2905 3051 2956 3094 et
2984 3050 3092 3096 635.

2141 3110 2415 3158 Clementii
2445 3115 2496 3158 ct
2525 3109 3003 3158 Ehrardinel'anda:
3025 3109 3268 3165 haereses,
3307 3110 3412 3156 519.

2139 3172 2370 3220 Clericus
2399 3171 2635 3220 titionem
2685 3172 3037 3219 ﬂammantem
3069 3185 3172 3233 quo
3212 3171 3457 3219 .Iud.eum
3494 3172 3563 3219 ad
3616 3172 3775 3220 ﬁdem

2076 3237 2421 3290 converteret,
2453 3240 2640 3296 gestat.
2671 3236 2778 3281 281.

2139 3296 2347 3358 Clericis
2369 3293 2623 3344 manuum
2654 3296 2804 3358 labor
2837 3293 3155 3358 precipitur.
3192 3297 3300 3342 5S2.

2136 3357 2392 3406 Clericum
2423 3358 2651 3406 initiavit
2673 3357 2912 3406 Albertus
2934 3357 3113 3415 abbas,
3148 3359 3254 3404 587.

2139 3419 2453 3468 Clericorum
2473 3433 2662 3468 corona
2691 3419 2816 3481 quid
2843 3418 3097 3482 designet.
3133 3419 3242 3466 644.
3281 3418 3416 3466 Dum
3447 3424 3707 3482 quierunt
3728 3420 3779 3469 in

2078 3487 2214 3593 tgr‘ii-a
2239 3482 2429 3531 habere
2455 3483 2765 3544 portionem,
2796 3485 2960 3543 agunt
2983 3485 3166 3528 contra
3191 3494 3338 3528 suam
3371 3481 3778 3543 professionem,

2078 3560 2093 3592 i
2128 3557 2144 3592 ι
2189 3580 2198 3591 .

2077 3557 2181 3592 una
2189 3580 2198 3591 .

2139 3605 2399 3654 Codiciaci
2425 3604 2720 3667 descriptio.
2750 3607 2866 3653 617.

2140 3668 2490 3724 Codiciaeum,
2517 3670 2604 3715 488
2635 3673 2686 3716 et
2711 3667 2822 3714 489.

2141 3730 2342 3779 Caelum
2393 3734 2445 3778 et
2495 3733 2635 3778 terra
2662 3729 2946 3786 moraliter,
3003 3729 3032 3776 9
3085 3731 3139 3776 et
3183 3741 3291 3788 seq.
3343 3732 3393 3776 et
3448 3730 3525 3776 28.
3580 3729 3777 3777 Castam

2079 3793 2349 3854 Scriptura
2365 3804 2512 3840 sacra
2534 3791 2818 3854 moraliter.
2849 3793 2930 3838 86.
2976 3789 3102 3854 Caeli
3129 3795 3331 3854 secreta
3352 3791 3650 3838 divinitatis
3671 3794 3777 3839 301.

2139 3851 2506 3916 cogitationes
2534 3853 2621 3916 tilii
2649 3853 2832 3908 nostri,
2865 3854 2941 3901 89.
2969 3851 3330 3915 Cogitationes
3354 3866 3621 3914 perversae
3649 3855 3778 3901 Patri

2079 3914 2337 3980 spirit—nali
2370 3914 2684 3980 aperiendae.
2716 3917 2824 3963 324.

2141 3978 2342 4027 Colitur
2368 3974 2731 4038 imprudenter
2759 3975 2903 4024 velut
2931 3979 3145 4024 sanctus
3178 3987 3310 4037 puer
3338 3974 3581 4036 quidam.
3609 3980 3720 4024 334.

2140 4040 2496 4102 Columbanus
2530 4039 2644 4102 (S.).
2672 4041 2779 4087 580.
2813 4038 2936 4102 Ejus
2953 4043 3096 4102 gesta
3127 4038 3584 4102 perstringuntur.
3607 4039 3716 4087 679.

2139 4101 2471 4158 Communio,
2499 4100 2615 4150 sive
2633 4100 2932 4149 communia
2957 4100 3103 4161 quid,
3135 4101 3246 4155 503,
3274 4101 3363 4161 505
3391 4105 3446 4161 et
3467 4103 3586 4148 506.

2139 4163 2570 4226 Compendiensis
2600 4160 3028 4226 praepositusqui
3058 4161 3290 4226 ecelesim
3327 4160 3432 4226 ASS.
3467 4161 3700 4210 Cornelii
3731 4168 3779 4211 et

2078 4223 2336 4290 Cypriani
2354 4223 2744 4290 adversabatur,
2773 4224 3021 4290 plectitur
3053 4237 3082 4271 a
3109 4223 3176 4290 li.
3197 4223 3425 4290 Virgine,
3468 4226 3585 4272 521.

2141 4282 2432 4336 Concilium
2465 4282 2820 4343 Atrebatense,
2849 4288 2956 4334 652.
2981 4285 3272 4334 Concilium
3299 4282 3641 4338 ‘Relvacense.
3669 4291 3777 4335 662.

2079 4350 2364 4398 Conzilium
2413 4348 2876 4411 Claromoutanum
2928 4347 3242 4411 praesidente
3271 4347 3591 4411 rUrbanorll
3631 4364 3780 4411 papa.

2079 4415 2193 4461 377.
2231 4413 2368 4470 Quot
2385 4411 2644 4458 antistites
2673 4411 2725 4458 in
2747 4409 2927 4458 eodem
2951 4409 3144 4458 concil.
3173 4410 3294 4457 ibid.
3326 4409 3642 4458 Concilium,
3665 4409 3782 4459 Tre-

2079 4487 2250 4530 cense,
2278 4474 2376 4522 sub
2402 4472 2637 4521 Paschali
2667 4487 2802 4535 papa
2838 4471 2896 4533 ll,
2930 4473 3038 4520 626.
3072 4472 3366 4520 Concilium
3394 4470 3662 4521 Remense
3690 4475 3783 4520 sub

2080 4536 2293 4584 Callisto
2325 4549 2456 4598 papa
2486 4535 2545 4586 ll.
2574 4537 2683 4598 544.

2143 4595 2422 4646 Concionis
2451 4597 2687 4644 texendae
2720 4597 2870 4654 ratio,
2903 4599 2949 4644 2.
2977 4596 3258 4645 Coneionis
3288 4608 3485 4642 munus
3513 4595 3639 4644 “Cui
3683 4610 3787 4644 non

2079 4659 2508 4723 pastorquilibet
2547 4658 2732 4706 doctus
2779 4657 3202 4723 sumeregdebet.
3241 4655 3367 4723 ibid.
3396 4662 3462 4723 ei
3480 4659 3526 4705 2.
3583 4659 3789 4723 Concio

2079 4717 2334 4784 prolixior
2360 4720 2578 4770 taedium
2601 4725 2830 4784 generat,
2867 4721 3046 4784 brevis
3073 4720 3314 4784 delectat.
3345 4722 3389 4767 4.
3427 4717 3788 4784 concinnato-

2083 4781 2224 4833 ribus
2248 4784 2567 4832 documenta
2596 4781 2890 4841 utilissima,
2916 4781 3038 4835 ibid.
3079 4781 3306 4830 Diversae
3344 4781 3792 4830 coneiouatorum

2080 4846 2419 4901 intentiones,
2441 4844 2572 4894 ibid.
2593 4844 2938 4906 Ventriloqui,
2961 4843 3086 4892 ibid.
3119 4843 3568 4906 Concionatorum
3603 4845 3792 4905 ῑι-ἰιιινι

2081 4907 2297 4964 invidia,
2354 4906 2480 4956 ibid.
2529 4906 2712 4964 Elatio,
2760 4906 3124 5015 arrogantiam
3160 4906 3285 4967 ipsis
3332 4905 3613 4966 fugienda.
3669 4907 3793 4954 ibid.

2083 4970 2492 5015 Concionatores
2520 4968 2743 5015 perversi
2782 4968 2870 5015 aui
2943 4971 3126 5015 animt.
3157 4969 3202 5015 3.
3252 4967 3378 5015 Ouaa
3429 4968 3706 5015 exercitia.
3747 4975 3793 5015 et

2083 4970 2492 5020 Concionatores
2520 4968 2743 5031 perversi
2782 4967 2905 5031 quid
2930 4971 3126 5031 agunt,
3157 4969 3202 5016 3.
3233 4967 3378 5031 "Quae
3429 4968 3716 5031 exercitia.
3747 4975 3797 5031 et

2082 5031 2208 5094 quid
2251 5036 2499 5094 praestare
2525 5028 2957 5094 'debe‘antfibid.
2983 5028 3059 5094 _et
3087 5043 3197 5091 seq.
3231 5029 3308 5094 De
3343 5028 3586 5094 motibus
3605 5030 3794 5094 animi

2082 5091 2328 5142 vitiorum
2359 5096 2548 5141 natura
2576 5106 2636 5140 ac
2665 5091 2788 5152 fuga
2807 5091 3175 5145 differendum.
3199 5094 3246 5139 5.
3281 5091 3485 5154 Debent
3510 5091 3616 5154 ipsi
3648 5094 3795 5154 prius

2085 5157 2138 5203 in
2165 5169 2218 5203 se
2245 5155 2534 5217 periculum
2575 5155 2809 5203 exercitii
2835 5155 3112 5217 virtutum.
3149 5157 3203 5201 et
3229 5152 3506 5201 conﬂictus
3539 5152 3795 5217 vitiorum

2085 5215 2272 5273 facere.
2300 5231 2458 5278 quam
2487 5215 2728 5273 doceant,
2752 5218 2798 5265 6.
2826 5215 3145 5277 Scripturam
3172 5228 3372 5278 sacram
3408 5218 3692 5278 quomodo
3716 5216 3796 5264 in-

2085 5276 2452 5340 terpretentur,
2487 5281 2533 5327 6.
2584 5283 2641 5340 et
2684 5291 2792 5340 seq.
2844 5276 3250 5340 Prtedicatorum
3294 5276 3500 5340 gloriae.
3549 5291 3616 5340 ac
3661 5279 3796 5325 lucri

2085 5339 2342 5403 cupiditas
2360 5345 2511 5390 nocet
2525 5339 2871 5394 auditoribus.
2891 5343 2944 5388 7.
2974 5339 3108 5398 Quid
3134 5339 3794 5401 peccatoribusobjicient.

2083 5405 2130 5452 7.
2163 5403 2240 5452 0b
2276 5403 2506 5452 inoniam
2551 5402 2982 5451 concionatorum
3016 5400 3270 5450 miracula
3301 5405 3477 5452 patrat
3515 5400 3576 5450 Β.
3614 5402 3794 5452 Virgo.

2119 5439 2130 5450 .
2163 5413 2240 5452 UD
2276 5415 2506 5466 inopiam
2551 5413 2982 5451 οοοοιοηθιοωω
3016 5413 3270 5450 ωιωωιδ
3301 5413 3477 5463 patrui
3518 5413 3576 5450 Β.
3617 5413 3796 5465 Virgo.

2147 5526 2506 5576 Concordatus
2531 5525 2806 5589 episcOpus
2837 5525 3087 5584 Eduens.,
3110 5526 3218 5574 652.

2148 5589 2601 5650 Concupiscentia,
2634 5592 2923 5642 peccatum.
2955 5589 3064 5640 264,

2149 5647 2478 5699 Conilatense
2496 5652 2604 5699 sive
2620 5650 3037 5699 Condatescense
3056 5647 3436 5697 monasterium
3458 5652 3542 5696 est
3567 5650 3797 5699 .lurense

2086 5726 2177 5761 seu
2204 5712 2372 5761 sancti
2398 5712 2618 5768 Claudii,
2645 5713 2752 5761 597.

2151 5775 2400 5823 Coufessa
2430 5775 2602 5838 puella
2625 5773 2872 5822 divinitus
2893 5787 2923 5821 a
2948 5786 3155 5823 summo
3182 5772 3301 5821 vitae
3333 5771 3578 5834 periculo
3609 5773 3798 5824 libera-
