4144 6282
461 315 525 376 l')
1581 322 1976 386 MANUELIS
1997 320 2527 384 CIIRYSOLORE
3630 316 3695 379 16

530 424 653 479 ΙΙωο
684 424 883 496 duplex
919 428 1091 505 patria
1135 430 1265 499 quid
1299 429 1403 484 sibi
1438 432 1586 495 velit,
1618 433 1859 502 explicat
1892 432 2262 503 Epitaphium,
2296 434 2441 499 quod
2469 433 2829 503 Chrysoloms
2875 441 3059 485 noster
3108 430 3161 484 in
3204 429 3691 484 Dominicanorum

460 510 806 569 monasterio
835 518 901 572 ad
932 534 1080 572 arant
1114 520 1165 572 in
1217 522 1348 573 urbe
1378 521 1693 575 Constantia
1735 531 2066 575 consecutus
2099 531 2184 575 est
2216 540 2228 571 :
2283 521 2497 574 Μαιηιεὶ
2532 521 2905 590 Chryse/oras,
2942 521 3092 572 miles
3136 518 3692 585 Constantinopolita-

457 611 578 661 πω.
610 615 675 655 ea:
710 612 911 658 uetusto
948 620 1134 674 genere
1166 604 1545 671 Romanorum,
1576 611 1667 675 qui
1695 623 1816 660 cum
1858 605 2212 661 Constantino
2247 606 2568 674 imperatore
2609 606 2928 675 migrat-unt.
2968 603 3034 657 Et
3059 612 3183 674 post
3214 605 3462 675 quaedam
3496 622 3513 658 :

948 717 1117 790 Boma
1146 736 1284 773 meos
1309 722 1484 790 genuit
1525 721 1757 788 maiores
1798 735 1816 774 :
1855 736 1935 775 me
1965 721 2099 775 bona
2133 720 2290 776 tellus

955 788 1254 858 Byzantina
1294 788 1439 844 tulit.
1483 831 1498 847 .
1544 831 1557 845 .
1600 830 1615 846 .

530 893 550 947 l
581 932 597 947 .
639 878 782 959 Fuit,
818 903 876 949 ut
903 895 960 949 in
1014 898 1116 950 hoc
1151 895 1439 967 Epitaphio
1470 899 1695 964 dicitur,
1730 900 2380 971 Constantinopolitanus
2411 899 2585 953 miles.
2619 898 2741 964 Quo
2781 896 3049 952 vocabulo
3080 898 3444 966 scriptoribus
3469 896 3690 957 Latinis

457 983 863 1038 recentioribus
914 1000 1089 1053 eques,
1124 985 1174 1039 id
1204 995 1309 1048 est,
1355 988 1629 1043 interdum
1665 990 1848 1053 miles,
1890 990 1986 1059 qui
2035 1005 2145 1043 non
2179 988 2439 1057 peditem,
2482 987 2574 1041 sed
2603 986 2839 1055 equitem
2873 985 2983 1053 agit
3018 1002 3031 1037 :
3071 986 3342 1039 interdum
3384 987 3547 1039 etiam
3583 1004 3687 1041 no-

458 1071 607 1136 bilis,
654 1086 815 1140 quem
852 1070 1093 1141 dignitas
1125 1074 1400 1142 equestris
1446 1086 1629 1140 oruat,
1666 1075 1919 1131 denotari
1950 1075 2107 1131 solet.
2144 1075 2469 1130 Guilielmus
2498 1073 2651 1128 Brito
2681 1073 2778 1127 lib;
2815 1088 2875 1125 ιιι
2912 1072 3270 1142 Philippidos,
3309 1088 3478 1127 versu
3511 1073 3694 1130 246et

456 1158 560 1212 2H
595 1176 612 1213 :
2782 1165 2793 1177 ‘

1073 1289 1084 1302 .
1123 1248 1266 1303 solus
1295 1247 1648 1304 Garlantlicus
1683 1251 1835 1306 heros

948 1317 1136 1373 Servat
1166 1336 1279 1372 eam
1315 1318 1555 1391 [urbem]
1589 1331 1637 1374 et
1670 1323 1828 1390 pauci
1854 1322 2055 1390 pedites
2086 1336 2205 1373 cum
2238 1318 2407 1372 milite
2443 1335 2586 1373 raro.

525 1430 645 1485 Lib.
680 1448 755 1499 tv,
784 1448 940 1488 versu
965 1434 1066 1487 ‘28!
1102 1444 1155 1489 et
1186 1435 1546 1505 sequentibus
1575 1453 1590 1490 :

953 1544 1056 1616 _S_ed
1091 1546 1240 1613 prius
1268 1562 1522 1616 expensas
1549 1548 1719 1600 tribus
1750 1549 1906 1601 annis
1938 1548 2268 1615 sufﬁcientes

949 1613 1214 1686 Militibus
1246 1613 1489 1670 numerat
1517 1617 1814 1686 quingentis
1845 1619 1911 1671 de
1949 1613 2165 1685 propria
2195 1632 2269 1679 re,

950 1684 1094 1737 Mille
1122 1687 1309 1755 quibus
1338 1687 1510 1741 decies
1530 1684 1741 1757 pedites
1774 1684 2063 1757 adjungere
2085 1697 2262 1741 curat.

526 1768 645 1824 Lib.
678 1788 775 1837 vn,
806 1787 964 1827 versu
1001 1772 1031 1824 7
1066 1782 1120 1827 et
1149 1774 1509 1843 sequentibus
1548 1790 1564 1827 :

946 1880 1258 1955 Intermissa
1287 1883 1427 1938 brevi
1459 1882 1802 1953 languescunt
1833 1884 1973 1939 bella
2004 1887 2200 1955 quiete,

950 1952 1214 2023 erositis
1242 1956 1445 2009 rediens
1483 1952 1647 2008 armis
1677 1957 1744 2006 ad
1768 1958 1984 2023 propria
2016 1952 2191 2019 miles,

944 2020 1013 2075 Et
1043 2023 1275 2092 peditum
1304 2035 1496 2077 turma:
1528 2040 1622 2077 sua
1653 2020 1781 2079 rura
1820 2020 2042 2080 reuisere
2068 2026 2325 2096 gaudent.

532 2114 800 2172 llenricus
829 2117 1249 2186 Guudeltingius
1280 2119 1335 2172 in
1364 2120 1698 2189 Appendice,
1741 2137 1906 2189 quam
1942 2120 2199 2175 Historiw
2228 2121 2530 2175 Anstriacte
2561 2118 2847 2188 subiunxit
2877 2117 3097 2190 [Petrus
3128 2117 3451 2175 Lambecius
3489 2121 3587 2176 lib.
3620 2138 3682 2188 ιι,

352 2194 357 2199 ’
453 2213 977 2261 commentarim-um
1016 2206 1084 2261 de
1122 2208 1449 2261 bibliotheca
1479 2207 1726 2262 thsarea
1762 2207 2190 2269 Vindobonensi,
2225 2225 2345 2279 cap.
2379 2210 2433 2274 6,
2467 2206 2809 2279 publicavit],
2840 2208 2907 2262 de
2931 2208 3207 2262 Contitutn
3239 2207 3679 2277 'l‘yrolincnsium

456 2293 810 2347 successione
845 2312 859 2348 :
895 2294 1000 2347 Illa
1030 2294 1406 2365 {Multeschia,
1443 2295 1743 2350 Corinthia:
1774 2296 1907 2367 dux]
1935 2313 2049 2349 cum
2082 2297 2368 2351 baronibus
2393 2298 2499 2351 suis
2528 2296 2721 2349 habitis
2750 2296 2970 2350 occultis
2998 2297 3339 2361 tractatibus,
3370 2306 3418 2349 et
3449 2313 3678 2365 preser-

457 2380 551 2431 tim
578 2396 695 2433 cum
727 2380 1045 2451 Engelntaro
1076 2383 1239 2435 milite
1271 2384 1473 2437 Athesis
1504 2383 1581 2455 [id
1614 2394 1699 2438 est
1728 2384 1951 2438 ditionis
1981 2386 2305 2459 Athesinae],
2341 2389 2506 2457 ejecto
2534 2386 2761 2440 Bohemo
2794 2386 2859 2439 de
2904 2387 3158 2439 comitatu
3196 2386 3419 2456 Tyrolis.
3454 2389 3685 2443 Ludovi-

455 2487 574 2522 cum
608 2471 964 2525 mare/tionem
998 2471 1578 2542 Brandenburgensem,
1611 2472 1863 2528 Ludovici
1914 2473 2110 2529 Bavari
2144 2477 2383 2544 prwdicti
2414 2477 2467 2528 in
2502 2491 2669 2545 regem
2729 2474 2883 2528 electi
2915 2474 3112 2542 ﬁlium,
3144 2476 3208 2528 de
3239 2478 3385 2543 [aeto
3413 2480 3466 2530 in
3492 2480 3683 2531 matri-

450 2559 698 2611 monium
726 2562 945 2628 actepit.
982 2559 1135 2613 Paris
1164 2558 1477 2615 Latinitatis
1512 2563 1837 2619 auctoribus
1873 2565 2061 2617 militia
2092 2564 2408 2617 nominatur
2443 2564 2559 2633 ipsa
2592 2562 2932 2633 nobilitas,id
2968 2573 3069 2626 est,
3094 2566 3365 2633 equestris
3390 2568 3542 2621 ordo.
3583 2566 3682 2620 Er-

454 2645 762 2700 rhinl‘ridus
799 2646 1108 2701 Melicensis
1142 2647 1312 2701 abbas
1342 2648 1395 2700 iu
1433 2649 1659 2703 historia
1693 2647 1879 2719 [quam
1916 2650 2108 2706 Petrus
2134 2651 2462 2705 Lambecius
2495 2651 2665 2705 edidit
2699 2651 2791 2704 lib.
2825 2666 2859 2703 ιι
2910 2650 3444 2705 Commentariorum
3480 2655 3548 2707 de
3592 2653 3678 2708 bi-

455 2733 730 2789 bliotheca
762 2734 1018 2789 Casarea
1043 2734 1476 2804 Vindobonensi,
1501 2753 1622 2806 cap.
1661 2738 1843 2809 8,]rde
1866 2736 2187 2793 Colomauni
2220 2739 2480 2808 martyrio
2510 2747 2564 2790 et
2595 2736 2875 2790 miraculis
2901 2752 2916 2789 ε
2951 2735 3126 2802 Hujus
3159 2748 3263 2789 tam
3294 2741 3542 2799 prtt'rlttri
3567 2752 3678 2793 slu-

453 2823 717 2890 pendique
750 2822 997 2875 miraculi
1023 2823 1167 2891 fama
1197 2823 1264 2875 ad
1295 2840 1450 2876 aures
1481 2824 1697 2878 llenrici
1720 2826 2037 2879 n‘tarchionis
2067 2828 2296 2892 peruenit
2334 2825 2636 2877 rumoribus
2673 2824 2839 2876 allata
2865 2838 2883 2876 :
2919 2824 3008 2892 qui
3037 2828 3213 2876 statim
3250 2826 3428 2878 missis
3458 2828 3682 2880 clerico-

456 2925 573 2960 rum
604 2910 876 2961 ordinibus
904 2920 950 2962 et
987 2909 1306 2979 quibusdam
1336 2911 1538 2965 militia:
1565 2928 1677 2965 sua:
1707 2914 2020 2981 primatibus
2052 2914 2323 2981 prtecepit,
2358 2922 2415 2964 ut
2451 2913 2505 2963 in
2532 2928 2683 2964 suum
2716 2912 2974 2963 civitatem
3006 2913 3289 2981 honoriﬁce
3326 2915 3678 2981 transferrent

457 2996 731 3048 miraculis
766 2997 1124 3064 gloriﬁcamus
1158 3014 1373 3066 corpus.
1409 2999 1590 3065 Quare
1621 3000 1983 3070 Chrysoloras
2020 3010 2226 3063 noster,
2256 3007 2313 3051 ut
2340 3015 2406 3053 ex
2446 2999 2830 3067 antiquissima
2871 2995 3243 3051 Romanorum
3280 3000 3552 3068 prosapia,
3582 3005 3676 3069 qui

455 3101 579 3136 ιιιιιι
614 3086 943 3151 imperatore
969 3086 1336 3141 Constantino
1369 3086 1565 3158 Magno
1615 3088 2131 3158 Constantinopolin
2167 3087 2562 3157 migraverunt,
2618 3086 2717 3138 fuit
2749 3094 2931 3151 ortus,
2959 3086 3039 3140 sic
3077 3100 3200 3139 cum
3262 3088 3416 3141 mdes
3451 3088 3676 3152 dicitur,

453 3185 484 3224 c
505 3186 644 3239 gues,
681 3172 733 3224 id
771 3182 875 3235 est,
910 3173 1121 3227 ordinis
1147 3175 1424 3242 equestris
1462 3176 1626 3227 homo
1669 3175 1773 3229 dici
1803 3174 2133 3243 iudicandus
2157 3183 2261 3228 est.
2294 3174 2534 3237 Accedit,
2561 3172 2706 3241 quod
2743 3188 2866 3227 eum
2928 3172 3096 3227 nobili
3128 3173 3291 3225 domo
3319 3185 3530 3238 natum,
3559 3178 3679 3244 qui-

453 3261 576 3311 dam
608 3260 810 3313 diserte
839 3272 1298 3316 commemorent.
1332 3261 1689 3317 Leonhardus
1716 3263 1933 3317 Brunus
1964 3265 2223 3317 Aretinus
2253 3262 2306 3314 in
2332 3261 2576 3314 Historia
2608 3277 2782 3314 rerum
2809 3258 3129 3313 Italicarum
3151 3278 3170 3315 :
3198 3260 3546 3330 C/trysoloras
3573 3263 3679 3332 Bg-

455 3347 723 3413 zantinus,
756 3349 836 3401 vir
866 3349 1011 3402 danti
1047 3351 1266 3405 nobilis.
1299 3352 1670 3407 llartmannus
1704 3351 2029 3407 Schedelius
2057 3352 2110 3403 in
2138 3350 2414 3403 Chronico
2446 3367 2461 3402 :
2497 3347 2715 3401 Μαιηιεί
2747 3348 3098 3417 Chrysoloras
3136 3346 3464 3416 Byzantinus
3494 3365 3671 3418 patria

456 3434 1105 3505 Constantiaopolitanus,
1140 3440 1217 3492 vir
1249 3439 1392 3493 domi
1451 3439 1659 3493 nobilis.
1693 3438 1929 3494 Jacobus
1966 3438 2249 3508 Philippus
2280 3436 2536 3491 Forestus
2591 3434 2883 3504 Bergomas
2915 3436 2968 3487 in
3001 3432 3400 3489 Chronicorum
3444 3436 3677 3507 Supple-

455 3530 637 3575 tnento
664 3537 679 3574 :
722 3519 981 3577 Emanuel
1012 3521 1360 3594 Chrysoloras
1396 3529 1611 3580 natione
1644 3526 1882 3591 (irruens,
1915 3528 2092 3593 patria
2128 3527 2485 3596 Byzantinus,
2514 3525 2593 3577 vir
2628 3523 2771 3576 domi
2802 3524 3013 3576 nobilis.

524 3608 613 3661 Ill.
658 3607 918 3678 Tempus,
950 3626 1059 3680 quo
1088 3612 1446 3683 Chrysoloras
1495 3622 1679 3667 noster
1724 3615 1878 3677 vixit,
1907 3615 2068 3668 etiam
2100 3633 2130 3669 e
2156 3614 2490 3667 doctissimis
2519 3612 2649 3666 viris
2697 3611 2982 3665 nonnullos
3018 3614 3176 3679 fugit.
3211 3613 3367 3678 Quod
3414 3613 3458 3666 si
3507 3612 3676 3666 Jaco-

455 3695 581 3748 bum
614 3694 923 3751 Pontauum
958 3701 1010 3751 in
1038 3700 1180 3753 notis
1209 3702 1275 3753 ad
1306 3700 1525 3771 Georgii
1558 3700 1819 3755 Phranza:
1846 3701 2169 3768 chronicon,
2212 3703 2411 3755 librum
2436 3717 2476 3768 ι,
2513 3714 2677 3771 caput
2712 3702 2797 3766 12,
2829 3703 3105 3768 audimus,
3140 3701 3287 3755 inter
3313 3701 3435 3765 hos,
3466 3705 3553 3766 qui
3592 3708 3678 3757 lu-

455 3778 776 3851 men,7quod
807 3783 1086 3838 Christum
1122 3787 1174 3839 in
1226 3797 1410 3841 monte
1437 3789 1822 3852 circumfulsit,
1859 3803 2133 3849 creatum,
2170 3804 2276 3842 non
2308 3789 2635 3850 increatum,
2672 3789 3034 3853 aﬂirmarunt,
3066 3791 3168 3841 sub
3201 3790 3529 3858 imperatore
3561 3795 3675 3844 An-

451 3871 679 3923 dronico
705 3870 1011 3942 Palu-ologo
1039 3873 1280 3941 juniorc,
1306 3877 1401 3943 qui
1433 3878 1617 3929 statim
1668 3891 1787 3944 post
1821 3876 2113 3931 concilium
2137 3892 2199 3930 ca
2231 3878 2299 3930 de
2331 3878 2708 3953 coptroversia
2740 3877 3096 3940 celebratum,
3124 3892 3265 3929 anno
3285 3877 3347 3931 C.
3385 3879 3534 3942 $34!,
3560 3879 3673 3933 vita

452 3960 707 4020 decessit,
739 3960 843 4013 fuit
871 3962 1124 4017 celebris.
1165 3965 1414 4019 Phranza
1448 3967 1568 4021 loco
1600 3966 1769 4031 dicto,
1807 3968 2103 4036 interprete
2148 3964 2365 4017 laudato
2398 3961 2686 4017 Pontano:
2721 3963 2844 4016 Tant
2877 3980 3078 4029 quoque
3124 3965 3409 4018 monachus
3454 3966 3670 4033 quidam

453 4043 703 4111 Calaber,
732 4049 829 4111 ait,
859 4049 1032 4101 dictus
1069 4049 1417 4119 Barlaamus,
1449 4069 1514 4107 ex
1542 4053 1709 4108 Italia
1743 4053 2237 4120 Constantinopolin
2270 4051 2426 4115 venit,
2465 4053 2557 4119 qui
2598 4052 2648 4104 in
2679 4052 2947 4121 dogmatis
2982 4050 3298 4106 Latinorum
3323 4057 3669 4119 exercitatus,

452 4143 501 4184 et
537 4134 608 4185 ad
643 4151 704 4186 ea
732 4133 1072 4204 defendenda
1103 4139 1334 4193 disertus
1365 4144 1650 4194 admodum
1683 4151 1731 4195 et
1780 4143 2022 4211 eloquens
2050 4141 2153 4194 sibi
2207 4138 2501 4191 videbatur.
2536 4138 2815 4191 Asserebat
2844 4140 3001 4201 idem,
3037 4140 3209 4193 lumen
3246 4141 3379 4192 illud
3408 4142 3463 4192 in
3502 4154 3675 4193 monte

456 4218 667 4274 Thabor
710 4234 948 4276 creatum
1000 4240 1135 4289 esse,
1174 4239 1490 4294 nostrasque
1518 4232 1585 4282 ad
1619 4231 1998 4297 disputandum
2034 4241 2187 4292 super
2222 4227 2317 4277 hoc
2372 4226 2639 4279 axiomate
2672 4229 3008 4294 provocabat.
3051 4226 3332 4297 Negotium
3388 4229 3674 4292 imperator

454 4305 824 4376 [Andronicus
854 4309 1193 4381 Palazologns
1214 4313 1422 4385 junior]
1457 4313 1705 4384 Gregorio
1734 4314 1967 4368 Palanta:
1994 4314 2135 4367 dedit
2158 4316 2249 4381 qui
2277 4323 2398 4364 tunc
2421 4310 2930 4366 Thessalonicensem
2960 4313 3250 4368 Ecclesium
3278 4316 3672 4369 moderabatur.

454 4395 585 4447 Cum
626 4400 717 4450 diu
753 4399 891 4450 inter
923 4415 977 4451 se
1006 4390 1431 4467 velitatiessent,
1461 4401 1834 4467 persuasibilia
1868 4401 2023 4454 verba
2055 4411 2103 4455 et
2138 4417 2304 4469 nugas
2337 4398 2551 4452 Calabri
2580 4396 2832 4452 Pulamas
2881 4400 3018 4453 velut
3043 4416 3362 4454 aranearum
3396 4402 3527 4454 telas
3561 4404 3672 4455 dis-

453 4487 638 4538 cussit.
670 4486 824 4551 Quod
850 4484 1048 4541 Joanni
1080 4489 1417 4558 Chrysalus-te
1442 4492 1625 4544 eadem
1657 4491 1923 4553 sentienti,
1953 4489 2263 4557 dicendique
2290 4503 2351 4540 ac
2374 4487 2683 4550 disputandi
2710 4488 2956 4541 similiter
2982 4488 3106 4541 bene
3133 4492 3318 4558 perito,
3357 4492 3569 4556 perinde
3591 4491 3671 4559 fe-

453 4574 545 4625 cit.
598 4575 678 4627 Ad
712 4575 825 4630 Ita-c
852 4574 1149 4643 Pontanus,
1180 4577 1379 4632 loanni
1415 4578 1773 4648 Chrysolorw,
1810 4589 1923 4632 tum
1958 4577 2087 4639 alia,
2118 4591 2240 4644 quae
2291 4584 2482 4628 nostro
2520 4571 2757 4626 Manueli
2784 4574 3118 4644 Chrysalum!
3149 4577 3500 4639 conveniunt,
3555 4588 3668 4631 tum

453 4663 615 4714 crium
652 4662 1024 4732 Epitaphium,
1060 4668 1220 4734 cujus
1251 4668 1581 4721 mentionem
1610 4667 1636 4738 §
1668 4684 1681 4719 I
1715 4667 1966 4728 iecimus,
2001 4664 2248 4718 attribuit
2278 4680 2292 4728 ;
2347 4661 2483 4725 sive,
2513 4664 2658 4731 quod
2697 4666 3031 4731 pramomina
3066 4678 3159 4731 per
3200 4664 3545 4718 oscitantiam
3578 4683 3674 4717 nr-

455 4752 698 4817 glexerit,
742 4753 857 4806 sive
890 4754 1032 4820 quod
1073 4752 1334 4809 Joannem
1366 4754 1663 4808 Manuelem
1707 4754 2084 4825 Chrysoloram
2116 4759 2363 4804 nostrum
2396 4748 2566 4802 fuisse
2592 4749 2797 4802 dii-tum
2835 4764 3154 4817 persuasus,
3188 4765 3502 4818 praenomen
3536 4752 3673 4803 alti-

455 4854 574 4891 rum
609 4841 659 4892 in
697 4839 1007 4909 Epitaphio,
1035 4841 1269 4897 alterum
1305 4858 1332 4896 a
1366 4842 1612 4896 Phranza
1647 4842 1908 4896 omissum
1936 4830 2355 4894 existimaverit.

525 4924 613 4981 IV.
650 4928 719 4981 At
754 4943 901 4993 vero,
958 4944 1133 4999 neque
1156 4929 1423 4985 Joannem
1460 4930 1760 4985 Manuelem
1810 4929 2198 4999 Chrysoloram
2234 4934 2479 4978 nostrum
2515 4922 2685 4978 fuisse
2717 4922 2924 4977 dictum
2957 4926 3282 4987 reperimus,
3314 4935 3368 4980 et
3406 4923 3672 4980 Joannem

454 5014 869 5084 Manuelemqne
899 5015 1262 5086 Chrysoloras
1296 5016 1468 5073 fuisse
1515 5018 1786 5081 diversos,
1818 5017 1934 5086 ipsa
1975 5027 2280 5084 temporum
2317 5011 2519 5065 indicat
2553 5011 2814 5065 conditio.
2847 5010 2954 5065 Fac
2999 5012 3171 5077 enim,
3206 5011 3535 5080 imperatore
3564 5014 3678 5066 Au-

454 5103 685 5157 dronico
738 5102 1042 5173 Palaeologo
1065 5103 1284 5173 juniore
1308 5105 1471 5159 vitam
1526 5105 1835 5169 claudente,
1871 5106 1920 5157 id
1955 5112 2061 5169 est,
2098 5115 2243 5154 anno
2275 5099 2338 5154 C.
2377 5099 2538 5161 1541,
2567 5097 2833 5153 Joannem
2867 5099 3253 5169 Chrysoloram
3282 5099 3352 5154 25
3380 5115 3673 5163 annorum,

457 5191 708 5257 quamvis
740 5200 853 5243 tum
885 5191 1198 5259 grandioris
1246 5194 1425 5247 matis
1457 5206 1787 5261 praesumere
1814 5205 1922 5244 non
1955 5199 2150 5259 praeter
2177 5202 2399 5240 causam
2436 5188 2658 5256 possis:
2692 5186 3097 5243 Constantiensi
3135 5188 3392 5252 concilio,
3424 5190 3488 5242 ad
3525 5189 3673 5257 quod

455 5276 668 5331 llanuel
700 5278 1059 5349 Chrysoloras
1089 5288 1274 5333 noster
1305 5288 1670 5351 spectatorem
1700 5289 1925 5331 acturus
1957 5277 2211 5338 accessit,
2247 5284 2305 5328 ut
2348 5273 2487 5329 infra
2536 5275 3114 5339 commemorahimus,
3148 5275 3364 5330 initium
3401 5276 3672 5345 capiente,

454 5366 509 5419 id
541 5374 645 5428 est,
685 5380 816 5419 ann.
848 5364 911 5420 C.
947 5364 1104 5429 1414,
1138 5368 1511 5421 centenarium
1544 5381 1728 5421 senem
1760 5363 2003 5418 habebis.

500 5448 590 5517 ν.
625 5449 813 5520 Neque
841 5438 1077 5505 Jac-obus
1106 5452 1391 5507 Pontanus
1420 5452 1617 5518 solum,
1642 5453 1808 5506 etiam
1843 5449 2120 5505 Gerardus
2151 5448 2389 5504 Joannes
2433 5454 2650 5502 Vossius
2673 5446 2937 5501 Joannem
2971 5458 3134 5517 atque
3164 5445 3465 5502 Manuelem
3502 5448 3678 5520 Chry-

454 5538 666 5593 soloras
700 5537 1011 5592 confundit.
1048 5535 1288 5607 Uterque
1320 5539 1622 5592 Manueletn
1655 5538 2042 5608 Chrysoloram
2071 5535 2354 5591 Francisci
2384 5535 2649 5604 l’hilelphi
2678 5550 2929 5589 Socerum
2967 5535 3137 5589 fuisse
3179 5539 3359 5588 docet.
3398 5535 3680 5590 Pontanus

454 5628 576 5680 loco
604 5627 748 5679 dicto
773 5643 786 5679 :
816 5623 949 5694 Ejus
981 5624 1271 5697 [Manut-lis
1297 5624 1660 5698 Cltrysolorte]
1692 5642 1865 5696 gener,
1896 5641 1997 5678 non
2027 5624 2317 5691 discipulus
2350 5627 2523 5689 ntodo,
2559 5625 2661 5688 fuit
2697 5622 3005 5678 Franciscus
3038 5623 3366 5687 Philelphus,
3401 5624 3486 5677 cui
3519 5622 3681 5677 Theo-

454 5715 639 5768 doram
672 5713 839 5781 ﬁliam
873 5730 1092 5783 nuptum
1149 5715 1310 5769 dedit.
1342 5714 1568 5769 Vossius
1598 5716 1801 5781 l‘bntv,
1846 5714 1914 5767 De
1949 5716 2216 5769 historicis
2265 5714 2484 5775 (.‘rmcis,
2535 5727 2656 5781 cap.
2701 5711 2803 5767 I9:
2846 5710 3061 5764 Manurl
3104 5710 3455 5780 Chrysoloras
3498 5708 3676 5763 Fran-
