4144 6282
472 298 539 363 Π
1721 307 1905 369 νιΤΑ
1947 306 2043 367 ΕΤ
2082 309 2108 367 ε

2082 308 2427 370 SCRIPTA.
3636 307 3703 373 18

466 416 593 501 cisci
629 416 893 487 Philelphi
924 435 1090 474 socer.
1128 419 1255 475 Tant
1281 435 1396 474 eum
1420 420 1811 501 laudataquam
1848 420 2181 489 Philelphum
2218 422 2488 490 vituperat
2510 420 2737 492 Poggius
2771 424 2944 492 prima
2970 423 3022 477 in
3062 421 3397 493 Philelphunt
3426 423 3702 479 invectira.

465 498 627 561 Certe
658 522 766 560 non
794 506 1118 569 Manuelem,
1153 510 1246 562 sed
1277 507 1542 562 Joannem
1578 498 1966 578 Clirysoloram
2004 508 2301 564 Francisco
2332 509 2623 578 Philelplio
2661 510 2826 564 tiliam
2871 521 3172 579 stupratam
3207 512 3259 565 iu
3292 512 3705 566 matrimonium

466 593 709 658 dedisse,
732 593 973 653 Joannes
998 594 1332 651 Franciscus
1363 595 1603 663 Poggius
1646 599 1822 665 prima
1858 597 1910 649 in
1944 594 2303 651 Franciscum
2331 597 2675 668 Pliilelpbnm
2712 600 2987 653 invectiva
3022 600 3212 661 refert,
3244 615 3406 667 quem
3450 599 3523 653 ibi
3554 615 3707 652 rom-

469 682 638 748 pellat
665 684 750 734 Itis
777 683 959 738 verbis
997 697 1013 736 :
1054 684 1249 736 Pulsus
1281 684 1405 736 olim
1431 682 1653 736 Patavio
1686 685 1931 751 turpiter,
1984 683 2072 736 ubi
2106 683 2468 753 Gaspariaum
2506 686 2784 749 audiebas,
2821 695 3044 755 propter
3076 685 3446 745 adolescentis,
3488 702 3589 754 quo
3621 685 3710 737 de-

464 766 699 831 peribas,
732 768 978 821 insanum
1011 786 1268 832 amorem,
1301 769 1822 838 Constantinopolin,
1860 782 2113 839 tanquam
2139 772 2194 824 in
2229 772 2459 840 asylum.
2488 789 2675 841 egenus
2705 783 2862 839 alque
2892 775 3038 839 inops
3076 774 3385 842 confugisti.
3424 772 3631 825 Callide
3657 773 3711 826 id

466 852 677 920 quidem
730 867 778 907 et
835 864 1033 919 astute,
1090 867 1148 910 ut
1201 858 1270 909 ad
1296 873 1356 910 ea
1388 856 1504 909 loca
1537 856 1738 919 adires,
1782 857 1852 909 ad
1897 872 2014 926 qua:
2046 858 2201 911 citius
2238 867 2444 923 auctor,
2477 875 2633 928 quam
2662 860 2808 928 fama
2845 859 3121 921 scelerum,
3162 863 3469 929 perveniret.
3514 858 3600 912 Ibi
3652 864 3706 911 ia

465 936 694 991 Ioannis
749 940 1082 1011 Clirgsolorte
1139 943 1431 996 doctissimi
1493 952 1651 1012 atque
1705 943 1931 1012 insignis
1995 945 2185 1011 equitis
2246 946 2713 1013 familiaritatem,
2776 946 3011 1001 discendi
3072 948 3421 1015 cupiditatem
3492 962 3600 1010 prae
3658 955 3706 998 te

468 1030 660 1093 ferens,
687 1028 995 1082 insinuasti.
1029 1028 1133 1093 Qui
1173 1040 1266 1082 tua
1297 1030 1613 1083 verbositate
1650 1039 1842 1093 motus,
1883 1029 2041 1083 simul
2067 1031 2401 1085 mendicitate
2436 1028 2728 1085 commotus
2764 1032 2931 1106 [nihil
2961 1035 3098 1087 enim
3126 1050 3210 1097 eo,
3241 1044 3434 1101 praeter
3468 1033 3705 1099 linguam

467 1114 676 1166 inanem
701 1124 749 1167 et
785 1124 951 1167 cutem
973 1118 1181 1168 aridam
1204 1115 1565 1187 deportarasj,
1597 1125 1646 1169 te
1667 1116 1813 1169 danti
1840 1132 1951 1170 sua:
1981 1118 2194 1184 recepit,
2220 1119 2436 1186 ignarus
2463 1120 2672 1187 futuri;
2703 1123 2961 1188 hospitem
2993 1123 3131 1174 enim
3155 1123 3425 1185 pudicum,
3458 1136 3561 1170 non
3600 1118 3705 1171 ιά-

372 1262 375 1263 ν
470 1203 635 1255 rident
669 1205 968 1257 adulterum
1011 1222 1066 1259 se
1111 1215 1446 1275 recepturum
1479 1206 1716 1272 putabat.
1758 1207 1822 1258 At
1853 1215 1909 1257 tu
1939 1222 2057 1259 cum
2087 1209 2343 1275 regiones,
2386 1223 2488 1259 non
2524 1224 2716 1270 mores,
2751 1210 3114 1272 immulasxes,
3146 1225 3208 1261 ne
3238 1210 3356 1277 quis
3396 1210 3542 1261 locus
3578 1215 3712 1259 esset

469 1306 667 1343 racuus
698 1293 986 1345 sceleribus
1017 1294 1141 1354 tuis,
1172 1294 1576 1361 ejus‘virginem
1607 1278 1777 1360 ﬁliam
1809 1294 2090 1361 stuprasti.
2125 1294 2228 1345 tuis
2261 1293 2738 1360 pollicitationibus
2762 1306 2809 1348 et
2849 1296 3124 1349 blanditiis
3157 1296 3450 1363 deceptam.
3491 1293 3623 1348 Cum
3660 1308 3714 1346 re

469 1380 562 1431 ille
594 1380 773 1440 miser,
809 1380 898 1448 qui
926 1390 1217 1447 serpentem
1260 1382 1403 1433 danti
1434 1382 1722 1442 nutrierat,
1756 1386 2009 1432 machum
2038 1380 2161 1446 filiae
2198 1380 2637 1446 deprehendisset,
2670 1382 2733 1433 de
2762 1391 2811 1434 te
2838 1383 3204 1445 interﬁciendo
3235 1381 3519 1433 consilium
3556 1384 3711 1441 cepit,

471 1483 589 1518 cum
620 1476 675 1519 tu
701 1468 996 1535 aufugisses
1027 1466 1278 1535 supplicii
1312 1477 1472 1519 metu.
1510 1466 1613 1520 Sed
1642 1467 1770 1535 quid
1806 1456 1979 1535 ag’eret
2013 1468 2088 1519 vir
2132 1468 2250 1518 licet
2291 1469 2520 1534 prudens
2545 1470 2570 1522 γ
2598 1468 2762 1534 Inops
2795 1470 3003 1522 consilii
3033 1480 3187 1530 erat;
3223 1469 3394 1521 scelus
3426 1471 3713 1525 detectum,

471 1557 615 1622 uirgo
644 1570 963 1619 compressa,
994 1559 1088 1606 dos
1112 1556 1313 1608 amissa
1337 1556 1679 1623 virginitatis.
1717 1552 2063 1607 Intercedunt
2091 1553 2273 1606 Italici
2298 1563 2638 1617 mercatores,
2666 1556 2971 1614 consulunt,
3011 1565 3064 1607 ut
3091 1571 3207 1607 eam
3237 1554 3585 1621 despondeat,
3615 1554 3712 1604 hoc

479 1642 711 1693 maxime
742 1651 897 1709 pacto
928 1640 1233 1693 obumbrari
1256 1651 1499 1706 putantes
1530 1640 1911 1707 turpitudinem
1946 1648 2261 1705 susceptam.
2310 1638 2496 1709 Itaque
2524 1641 2869 1711 Chrgsoloras
2907 1657 3127 1695 mturare
3154 1641 3444 1708 confecms,
3473 1643 3712 1695 compul-

474 1743 563 1778 sus
595 1728 858 1796 precibus,
890 1728 1030 1780 malo
1063 1736 1299 1783 coactus.
1339 1729 1512 1796 ﬁliam
1539 1729 1634 1781 tibi
1667 1726 1856 1795 nuptui
1889 1725 2035 1779 dedit
2067 1743 2097 1778 a
2130 1738 2177 1780 te
2202 1737 2531 1799 corruptam.
2557 1728 2634 1783 Ex
2660 1730 2861 1797 quibus
2886 1729 3048 1782 simul
3079 1738 3246 1797 patet.
3274 1728 3553 1781 Francisri
3585 1724 3715 1778 Plii-

477 1812 640 1879 It‘lplli
682 1811 869 1882 [quem
898 1829 1031 1867 ann.
1061 1811 1122 1866 C.
1169 1813 1308 1868 1598
1340 1821 1527 1867 natum
1558 1827 1683 1867 esse
1721 1811 1964 1882 constat]
1995 1827 2249 1867 socerum
2281 1812 2549 1868 Jomnem
2588 1815 2977 1885 Clu-ysoloram
3004 1854 3018 1880 ,
3053 1832 3160 1869 non
3198 1816 3377 1879 illum,
3418 1813 3579 1883 cujus
3620 1830 3714 1867 su-

476 1916 575 1970 pra
612 1902 967 1965 memininus,
998 1916 1143 1955 anno
1171 1901 1379 1956 Christi
1420 1902 1548 1955 1541
1588 1903 1822 1966 clarum,
1855 1902 1949 1956 sed
1982 1901 2150 1955 alium
2196 1902 2367 1954 multo
2398 1902 2674 1970 juniorcm
2711 1903 2898 1957 fuisse.

553 1985 637 2042 Vl.
671 1987 940 2042 Indicium
974 1989 1176 2053 aetatis,
1209 2004 1315 2058 qua
1352 1999 1537 2044 noster
1568 1990 1931 2061 Chrysoloras
1961 1988 2065 2043 fuit
2092 2000 2394 2058 superstes,
2428 1991 2727 2058 imperator
2749 1990 2991 2045 Joannes
3019 1991 3358 2060 Palaeologus
3386 1990 3548 2042 nobis
3579 2005 3719 2057 prm-

475 2076 587 2130 bet.
618 2076 699 2129 Ad
730 2077 875 2131 hunc
905 2078 1049 2130 enim
1087 2078 1303 2146 longam
1346 2078 1435 2130 ille
1468 2077 1691 2147 scripsit
1718 2077 2031 2146 epistolam,
2068 2091 2173 2142 qua
2205 2076 2723 2147 Constantinopolin
2762 2094 2886 2133 cum
2920 2080 3089 2132 Roma
3124 2086 3424 2145 comparat.
3460 2075 3564 2127 Sed
3602 2074 3717 2129 duo

474 2163 698 2218 fuerunt
724 2165 1088 2234 imperatores
1115 2163 1359 2218 Joannes
1401 2163 1713 2230 Palaeologi.
1749 2160 1928 2226 Prior,
1964 2161 2264 2217 Andronici
2298 2162 2589 2232 Palsenlogi
2627 2164 2867 2232 junioris
2907 2165 3075 2227 illius,
3124 2162 3392 2216 Mauuelis
3428 2161 3714 2230 Palmtilogi

474 2250 667 2316 frater,
696 2251 992 2320 imperium
1026 2251 1130 2305 sub
1161 2251 1530 2306 Cantacuzeni
1572 2252 1742 2306 tutela
1769 2266 1905 2321 puer
1936 2250 2146 2319 accepit
2177 2266 2309 2306 ann.
2337 2248 2399 2305 C.
2436 2251 2567 2305 1541
2600 2270 2613 2304 :
2655 2252 2820 2304 vitam
2850 2267 2980 2305 anu.
3008 2251 3071 2305 C.
3103 2248 3231 2305 1591
3269 2250 3487 2303 clausa.
3523 2246 3715 2304 Postc-

477 2338 611 2403 rior,
656 2338 924 2394 Manuelis
948 2340 1237 2410 Palazologi
1278 2341 1441 2404 ﬁlius,
1478 2342 1777 2408 imperator
1807 2356 1936 2393 ann.
1974 2339 2037 2394 ϐ.
2072 2339 2210 2393 1419
2244 2349 2488 2403 creatus,
2524 2355 2555 2395 e
2586 2340 2723 2393 vivis
2754 2355 2889 2393 ann.
2936 2339 3073 2393 1443
3098 2338 3358 2394 excessit.

560 2426 668 2482 Vll.
708 2426 1038 2483 Posterioris
1073 2427 1303 2483 Joannis
1330 2427 1617 2498 Palaeologi
1652 2429 1988 2497 temporibus
2010 2428 2375 2498 Cltrysoloras
2420 2438 2607 2482 noster
2631 2428 2853 2491 claruit,
2879 2427 2924 2479 si
2958 2429 3253 2483 nonnullos
3289 2446 3318 2484 e
3356 2430 3721 2495 scriptoribus

478 2516 878 2571 recentioribus
909 2515 1187 2569 audimus.
1218 2515 1368 2569 Inter
1399 2518 1497 2569 ltos
1529 2516 1881 2584 reperiuntur
1928 2516 2165 2571 Joannes
2199 2516 2468 2569 Henricus
2495 2516 2774 2570 Alstedius
2797 2526 2848 2570 et
2882 2516 3160 2572 Gerardus
3188 2516 3431 2573 Joannes
3459 2518 3719 2573 Vossius.

479 2601 572 2657 Ille
603 2602 654 2655 in
686 2600 952 2655 Thesauro
982 2601 1387 2668 Chronologico,
1421 2603 1770 2670 clironologia
1800 2602 1887 2666 50,
1913 2618 2032 2672 quae
2053 2603 2498 2670 philosophorum
2523 2611 2627 2667 est,
2648 2602 2715 2656 ad
2747 2602 2954 2656 ann.C.
2996 2603 3129 2656 1440
3162 2619 3176 2656 :
3212 2602 3517 2657 Theodorus
3554 2604 3721 2661 Gaza.

482 2689 735 2761 Georgius
764 2690 1169 2759 Trapezuntius,
1203 2689 1465 2744 Emanuel
1490 2690 1859 2759 Chrysoloras,
1890 2700 1940 2744 et
1991 2689 2322 2745 Maturacius
2358 2690 2571 2760 ﬂorent.
2604 2689 2705 2744 llic
2732 2689 2828 2742 lib.
2864 2703 2914 2743 tv
2948 2688 3019 2742 De
3050 2690 3319 2744 historicis
3354 2688 3578 2755 Grecis,
3602 2706 3723 2759 cap.

485 2777 553 2831 19
588 2794 601 2830 :
640 2778 790 2832 Anno
832 2777 971 2830 1440
1005 2793 1067 2829 ac
1094 2777 1335 2844 deinceps
1361 2777 1549 2845 ﬂoruit
1585 2776 1805 2831 Manuel
1840 2775 2218 2846 Cltrgsoloras.

556 2864 690 2921 Vlll.
720 2867 825 2920 Sed
864 2878 1091 2935 uterque
1123 2866 1344 2935 longius
1373 2881 1402 2919 a
1434 2880 1565 2920 vero
1596 2865 1924 2935 digreditur,
1959 2879 2086 2919 cum
2113 2864 2478 2937 Clu-ysoloras
2515 2873 2704 2920 noster
2730 2866 2866 2921 adeo
2888 2881 2993 2921 non
3026 2881 3155 2919 ann.
3189 2865 3252 2920 ϐ.
3279 2866 3721 2929 “metantem,

487 2965 551 3009 ut
586 2955 773 3010 multis
808 2956 966 3009 annis
997 2965 1125 3009 ante
1156 2965 1422 3020 mortuus,
1460 2970 1526 3010 ne
1554 2964 1667 3009 tum
1702 2954 1946 3024 quidem,
1968 2968 2091 3008 cum
2126 2952 2371 3009 Joannes
2401 2954 2739 3024 Palaiologus
2769 2954 2957 3025 junior
2987 2955 3255 3023 imperare
3292 2956 3480 3025 cmpit,
3516 2954 3617 3009 hoc
3645 2965 3729 3009 est

484 3038 618 3097 alin.
647 3044 711 3096 Ο.
750 3043 910 3106 1419,
941 3042 995 3094 in
1036 3042 1176 3095 vivis
1209 3042 1483 3097 exstiterit
1521 3042 1707 3097 :sicut
1733 3057 1818 3102 ea,
1856 3057 1978 3109 qua:
2006 3056 2131 3094 mox
2170 3040 2488 3106 alieremus,
2522 3043 2834 3097 ostendent.

556 3129 648 3184 lx.
692 3132 747 3183 In
783 3129 983 3183 litteris
1019 3130 1181 3182 modo
1215 3130 1469 3194 laudatis,
1504 3130 1569 3183 ad
1598 3127 1865 3183 Joannem
1891 3128 2255 3197 Palteologum
2294 3130 2680 3198 imperatorem
2717 3129 2967 3196 scriptis,
3002 3129 3363 3201 Cltrysoloras
3398 3141 3604 3193 noster,
3631 3133 3724 3199 qui

484 3232 610 3274 ante
635 3217 915 3273 biennium
955 3218 1007 3270 in
1038 3216 1313 3271 Britannia
1346 3216 1578 3270 Londini
1611 3215 1811 3281 fuerat,
1852 3216 1909 3269 in
1939 3216 2071 3270 urbe
2106 3215 2275 3269 Roma
2306 3231 2366 3269 se
2387 3217 2714 3270 commorari
2746 3227 2996 3272 testatur.
3033 3216 3103 3270 De
3126 3218 3339 3285 quibus,
3368 3219 3565 3286 inquit,
3603 3236 3731 3283 pro-

485 3309 645 3360 lixius
680 3306 755 3361 ad
777 3314 825 3358 te
850 3305 1178 3373 referendum
1210 3313 1346 3366 erat,
1381 3304 1574 3371 optime
1598 3307 1903 3371 imperator,
1937 3319 1999 3357 ea
2026 3302 2151 3356 aliis
2190 3303 2383 3357 litteris
2417 3306 2723 3373 perscripsi,
2761 3320 2890 3374 quas
2924 3322 3028 3358 una
3061 3321 3177 3358 cum
3211 3308 3348 3357 hisce
3378 3306 3445 3356 ad
3477 3316 3525 3357 te
3553 3305 3729 3369 peri:-

489 3405 601 3446 tuin
634 3394 703 3445 iri
733 3403 859 3461 puto
885 3407 904 3444 :
935 3393 1061 3460 quin
1097 3393 1203 3444 into
1239 3408 1354 3444 cum
1389 3393 1558 3443 multa
1593 3391 1801 3459 quidem
1825 3392 1939 3460 jam
1963 3401 2085 3443 ante
2112 3391 2234 3443 hinc
2267 3395 2334 3443 ad
2366 3402 2414 3445 te
2454 3394 2780 3458 scripserim,
2809 3403 2857 3446 et
2890 3410 2991 3447 non
3021 3410 3193 3461 pauca
3216 3395 3377 3445 etiam
3408 3395 3727 3461 nuperrimis

491 3485 685 3537 litteris
716 3498 733 3534 :
766 3482 965 3549 placuit
998 3493 1176 3533 tamen
1199 3481 1308 3534 ha'c
1341 3480 1656 3548 subjungere
1688 3481 2001 3549 voluptatis,
2033 3494 2137 3533 non
2172 3479 2429 3532 utilitatis
2463 3482 2641 3548 gratia
2680 3494 2698 3531 :
2733 3496 2887 3548 quam
2921 3498 3023 3533 non
3074 3482 3319 3549 exiguam
3364 3497 3443 3533 me
3466 3482 3732 3548 percipere

492 3569 837 3633 sentio,-dum
867 3585 978 3621 mea
1005 3569 1207 3637 scripta
1229 3584 1395 3621 sacra:
1421 3580 1525 3622 tute
1557 3568 1830 3638 maiestati
1859 3569 2042 3636 offero.
2071 3570 2346 3623 Materiam
2374 3586 2489 3623 vero
2511 3572 2784 3638 praesentis
2805 3572 3105 3639 scriptionis
3131 3586 3193 3623 et:
3218 3574 3315 3624 hac
3348 3572 3474 3625 urbe
3494 3572 3729 3639 capiam,

492 3672 647 3724 quam
685 3666 840 3707 antea
874 3657 1083 3722 quidem
1111 3669 1175 3706 ex
1204 3653 1430 3707 aliorum
1461 3656 1810 3709 relationibus
1839 3656 2198 3720 admirabar;
2231 3658 2320 3710 sed
2354 3674 2491 3709 nunc
2528 3673 2594 3711 ea:
2622 3660 2737 3725 ipsa
2765 3660 3085 3731 inspec‘tione
3110 3660 3276 3712 multo
3298 3675 3411 3711 eam
3434 3659 3601 3727 magis
3630 3659 3731 3709 ad-

499 3742 803 3793 mirandam
827 3741 1037 3809 judico,
1074 3757 1235 3810 quam
1268 3757 1331 3794 ex
1370 3742 1458 3805 iis,
1491 3757 1606 3809 qua:
1640 3743 1703 3793 de
1730 3742 1825 3794 illa
1862 3752 2176 3808 narrantur,
2212 3744 2528 3809 simpliciter
2560 3746 2754 3813 aliquis
2786 3747 3066 3815 conjiciat.
3102 3746 3306 3798 Ibidem
3350 3754 3471 3813 post
3507 3747 3674 3795 inulta
3712 3762 3727 3798 :

502 3829 617 3880 Duo
646 3838 819 3881 autem
854 3829 1166 3894 luminaria,
1205 3827 1283 3881 vel
1309 3827 1467 3891 soles,
1500 3836 1593 3879 aut
1622 3827 1774 3881 caelos
1811 3830 2038 3897 integros
2080 3829 2172 3883 Dei
2227 3832 2452 3899 gloriam
2483 3842 2814 3895 enarrantes,
2852 3832 3087 3895 Petrum,
3118 3833 3358 3899 inquam,
3384 3841 3431 3882 et
3477 3829 3729 3892 Paulum,

498 3932 723 3982 quorum
758 3916 993 3985 reliquiis
1024 3916 1108 3968 hic
1131 3916 1246 3969 sita:
1273 3924 1424 3980 sunt,
1453 3925 1502 3968 et
1536 3916 1604 3967 ad
1634 3931 1854 3982 quorum
1884 3910 2222 3969 monumen‘ta
2262 3918 2369 3971 llaec
2400 3918 2595 3980 scribo,
2624 3919 2741 3984 quis
2783 3918 2939 3987 digne
2965 3917 3323 3970 admirabitur
3348 3918 3372 3971 ?
3402 3917 3524 3972 Post
3560 3918 3730 3970 multo

498 4005 757 4074 pauciora
793 4019 808 4060 :
847 4002 912 4056 Et
942 4003 1198 4057 memoria
1233 4001 1318 4055 hic
1346 4009 1516 4068 repeto
1546 4017 1791 4068 pompam
1833 4014 1881 4055 et
1911 3992 2145 4056 solemni
2177 4003 2394 4069 festum,
2431 4007 2568 4072 quod
2618 4004 2843 4058 Londini
2876 4006 2932 4058 in
2983 4006 3273 4059 Britannia
3330 4007 3496 4073 ipsius
3528 4006 3731 4058 externi

498 4093 664 4145 maris
698 4090 979 4158 oceanique
1008 4089 1209 4155 insula,
1234 4099 1359 4143 ante
1389 4090 1678 4157 biennium,
1708 4105 1788 4143 me
1814 4106 1875 4144 ac
1901 4092 2154 4145 comitatu
2179 4107 2289 4145 meo
2319 4101 2576 4159 prtzsente
2596 4102 2646 4147 et
2672 4102 2957 4163 spectante,
2984 4094 3049 4148 ab
3079 4094 3193 4164 ejus
3226 4094 3330 4147 loci
3367 4094 3558 4147 incolis
3586 4093 3734 4146 hisce

497 4179 750 4247 apostolis
782 4178 1170 4232 celebrabatur.

573 4268 647 4341 Χ,
718 4267 774 4323 In
812 4267 1024 4323 Italiam
1061 4283 1192 4323 vero
1212 4268 1577 4339 Cltrysoloras
1611 4275 1822 4337 noster,
1870 4268 1940 4323 ab
1970 4268 2299 4337 imperatore
2335 4265 2545 4323 Joanne
2579 4265 2879 4336 Palaeologo
2910 4266 2978 4321 de
3007 4264 3412 4335 conquirendis
3463 4263 3727 4317 adversus

500 4357 711 4411 Turcas
742 4356 963 4411 auxiliis
990 4357 1055 4410 ad
1084 4357 1313 4425 populos
1340 4357 1572 4426 Europae
1603 4358 1824 4418 missus.
1861 4357 2011 4412 venit
2046 4396 2062 4421 ,
2096 4365 2157 4409 ut
2210 4354 2409 4410 Paulus
2462 4353 2654 4409 Jovius
2687 4354 2739 4407 in
2768 4354 3059 4408 doctorum
3107 4354 3352 4405 virorum
3386 4350 3583 4419 elogiis
3613 4365 3735 4418 esp.

499 4448 571 4503 25
601 4446 825 4502 indicat.
870 4444 928 4499 Is
961 4445 1253 4517 [Eutanuel
1283 4444 1697 4517 Gltrysoloras],
1727 4447 1826 4510 ait,
1855 4445 2118 4516 Byzantio
2148 4444 2422 4498 emissusa
2450 4441 2657 4496 Joanne
2681 4442 3019 4510 imperatore,
3052 4450 3106 4493 ut
3140 4440 3305 4493 totius
3338 4437 3564 4504 Europa:
3591 4453 3733 4506 rcges

500 4535 771 4599 adeundo,
804 4535 1046 4604 pereunti
1081 4532 1301 4588 Graecia:
1340 4543 1607 4586 maturant
1643 4547 1790 4599 opem
1816 4534 2150 4601 imploraret.

572 4622 664 4677 XI.
704 4621 898 4676 Sedem
937 4622 995 4688 in.
1024 4622 1176 4675 Italia
1199 4621 1419 4675 sibimet
1445 4620 1711 4690 ﬁgendam
1743 4635 1864 4675 esse
1890 4630 2065 4682 ratus,
2095 4621 2309 4676 litteras
2331 4619 2553 4676 Grtecas
2576 4618 2937 4688 septingentis
2963 4616 3456 4684 annisneglectas,
3495 4615 3735 4683 primum

502 4708 767 4771 Venetiis,
803 4724 923 4763 mox
959 4708 1271 4771 Florentiae,
1298 4716 1487 4775 postea
1527 4706 1736 4769 Romae,
1770 4706 1992 4761 tandem
2023 4706 2200 4763 Ticini
2235 4707 2464 4761 docebat
2496 4724 2513 4762 ;
2545 4705 2888 4759 Leonardum
2922 4704 3165 4757 Brnuum
3227 4703 3537 4766 Aretinum,
3568 4699 3739 4753 Fran-

505 4800 711 4852 ciscum
735 4795 1060 4860 Barbarum,
1087 4796 1445 4850 Franciscum
1468 4793 1837 4864 Pliilelpbum,
1868 4795 2166 4864 Baptistam
2188 4795 2517 4859 Guariuum,
2542 4792 2810 4853 Joannem
2838 4789 3191 4845 Franciscum
3221 4788 3484 4858 Poggiuut
3515 4798 3568 4841 et
3597 4789 3741 4843 alios

507 4885 742 4942 habebat
771 4883 1087 4952 discipulos.
1112 4881 1353 4938 Joannes
1387 4882 1716 4938 Franciscus
1745 4880 1979 4953 Poggius
2012 4884 2073 4938 in
2096 4883 2447 4954 Cbrysolorae
2477 4882 2650 4936 nostri
2681 4880 2956 4935 tumulum
2987 4894 3003 4932 :

789 4996 892 5067 Hic
918 5008 993 5052 est
1022 4997 1285 5053 Emanuel
1314 5000 1469 5067 situs,
2352 4997 2698 5067 Atticteiante
2732 4993 3035 5067 recanditaa.

784 5066 1055 5122 Sermonis
1089 5070 1248 5122 decus
1280 5065 1463 5133 Attici,
2352 5066 2451 5120 Res
2483 5066 2612 5120 belle
2635 5065 2828 5118 cecidit
2854 5065 2963 5118 tuis

787 5137 913 5203 Qui,
953 5141 1078 5191 dum
1108 5155 1341 5210 querere
1368 5154 1514 5205 opem
1543 5139 1734 5210 patrii:
2363 5135 2530 5210 Yotis,
2557 5135 2835 5210 Emauuel,
2858 5134 2982 5210 solo.

782 5202 993 5278 411‘sch
1013 5202 1215 5278 studet,
1241 5208 1340 5262 huc
1371 5202 1457 5265 iit.
1543 5202 1554 5210 ’
2350 5206 2746 5278 C_onseculus_ia
2785 5202 2926 5256 Italo

786 5271 887 5332 REs
920 5277 1049 5331 belle
1083 5279 1267 5331 cecidit
1296 5280 1399 5333 tuis
2347 5273 2421 5327 ,ΑΕ
2429 5286 2632 5328 ternum
2657 5272 2814 5326 decus
2842 5290 2916 5331 es.
2941 5271 3035 5326 tibi

800 5347 965 5411 Votis,
994 5347 1204 5410 Italia;
1229 5350 1313 5401 hic
1350 5350 1447 5402 tibi
2350 5344 2526 5410 Quale
2562 5342 2766 5397 ercia
2798 5359 2901 5411 non
2929 5343 3095 5407 dedit,

782 5410 1003 5487 Lingua
1036 5419 1261 5472 restituit
1289 5418 1447 5474 decus
2352 5413 2503 5467 Bello
2531 5414 2741 5481 perdita
2774 5410 3001 5467 Gra’cia.

580 5528 903 5586 Leonardus
941 5527 1153 5582 Brunus
1186 5529 1443 5585 Aretinus
1474 5529 1526 5583 in
1565 5528 1809 5584 Historia
1836 5546 2013 5584 rerum
2052 5528 2370 5583 Italicarum
2397 5525 2481 5579 sui
2507 5524 2769 5593 temporis
2808 5543 2821 5579 :
2851 5523 3067 5577 Littera:
3085 5536 3289 5592 qusque
3318 5533 3410 5588 per
3437 5517 3594 5585 hujus
3618 5515 3746 5569 belli

510 5617 955 5687 intercapedines,
990 5615 1235 5670 mirabile
1264 5627 1515 5683 quantum
1544 5634 1635 5686 per
1662 5616 1879 5671 Italiam
1909 5619 2192 5675 increuere,
2220 5613 2499 5671 accedente
2521 5623 2645 5664 time
2677 5613 2901 5679 primum
2939 5612 3235 5679 cognitione
3270 5608 3571 5659 litterarum
3595 5602 3743 5656 Gro-

510 5722 713 5771 curum,
750 5719 867 5774 quia
899 5704 1240 5774 septingentis
1274 5706 1393 5773 jam
1420 5706 1573 5779 punis
1607 5707 1747 5774 apud
1773 5716 1977 5760 nostros
2001 5704 2235 5756 homines
2268 5701 2537 5754 desierant
2566 5714 2674 5754 esse
2698 5700 2749 5752 in
2782 5716 2900 5753 usu.
2932 5697 3137 5751 Retulit
3166 5706 3339 5749 autent
3366 5691 3602 5745 (iuream
3626 5690 3738 5741 diso-
