4144 6282
433 327 503 394 19
1604 338 2013 399 MANUELIS
2039 340 2575 403 CHRYSOLOBrE
3599 351 3670 412 20

424 448 680 517 ciplinam
709 451 778 504 ad
813 468 906 505 nos
932 450 1281 521 Clirysoloras
1308 453 1626 525 Byzantius,
1660 459 1738 510 vir
1759 458 1905 512 domi
1936 458 2148 523 nobilis,
2179 476 2242 514 ac
2271 460 2571 514 litterarum
2596 458 2900 514 Gra'carum
2923 461 3297 528 peritissimus.
3338 459 3435 515 Hic
3457 463 3665 517 obsessa
3694 472 3721 488 "

425 556 454 585 a
487 535 667 590 Turcis
698 539 903 606 patria,
954 537 1185 592 Venetias
1228 542 1361 593 mari
1391 542 1600 595 delatus
1634 545 1825 607 primo,
1871 559 1995 597 mox
2044 530 2231 599 audita
2281 550 2395 614 ejus
2431 548 2599 603 fama.
2632 550 2885 600 inritatus
2920 550 3137 617 benigne
3187 564 3249 600 ac
3284 548 3605 616 postulatus,
3641 566 3668 601 e

424 622 628 675 salario
668 625 879 693 publica
913 626 1136 693 affectus
1172 624 1502 683 Florentium
1537 632 1700 693 venit,
1733 631 1818 684 sui
1851 633 2057 699 copiam
2085 634 2367 702 juvenibus
2427 635 2781 688 exhibiturus.
2825 633 2936 704 Ego
2958 651 3048 702 per
3074 636 3128 689 id
3155 636 3497 709 tempusjuri
3522 637 3667 691 civili

425 726 641 777 operam
672 713 888 774 dabam,
923 730 1025 767 non
1055 717 1199 769 rudis
1234 728 1411 769 tamen
1444 729 1755 773 cteterorum
1794 719 2116 775 studiorum.
2155 720 2298 775 Nam
2333 734 2382 774 et
2410 732 2602 787 natura
2626 721 2924 790 ﬂagrabant
2959 723 3361 790 disciplinarum
3386 740 3587 781 amore.
3615 733 3664 776 et

422 797 720 855 dialecticis
756 818 818 853 ac
856 801 1154 856 rhetoribus
1187 820 1289 856 non
1321 822 1523 874 segnem
1555 822 1763 872 operam
1788 807 2173 875 impenderam.
2206 805 2393 876 Itaque
2438 809 2493 861 in
2525 809 2749 861 adventu
2777 807 3325 877 Chrysolorteanceps
3350 810 3559 877 quidem
3585 810 3667 877 fa-

422 895 536 939 rtus
560 904 705 965 sum,
730 905 847 943 cum
879 900 928 942 et
957 893 1194 945 studium
1216 896 1361 962 juris
1393 898 1631 949 deserere
1677 897 2006 965 ﬂagitiosum
2039 897 2310 959 ducerem,
2346 905 2393 948 et
2431 904 2634 949 tantam
2673 898 3001 949 occasionem
3033 896 3333 950 litterarum
3357 896 3664 951 Grrrcarum

421 974 825 1029 rdisrendarum
864 982 1269 1047 prmtermittere
1305 982 1473 1036 scelus
1516 984 1901 1052 quodammodo
1950 983 2267 1038 arbitrarer.
2305 983 2508 1037 Ibidem
2561 984 2726 1052 paulo
2766 992 2887 1052 post
2919 1000 2933 1035 :
2980 983 3080 1039 His
3118 986 3328 1037 tandem
3369 985 3663 1038 rationibus

419 1075 770 1132 expugnatus.
809 1066 1142 1136 Clnysolora?
1182 1086 1261 1122 me
1286 1071 1506 1134 tradidi,
1548 1081 1697 1126 tanto
1721 1072 1957 1126 discendi
1985 1070 2195 1134 ardore,
2230 1080 2287 1123 ut
2318 1086 2434 1137 qua:
2465 1086 2556 1139 per
2583 1071 2721 1124 diem
2751 1071 2977 1139 vigilans
3002 1074 3365 1139 percepissem,
3400 1087 3464 1123 ea
3506 1082 3666 1124 noctu

418 1162 623 1216 quoque
661 1150 929 1206 dormiens
961 1156 1242 1222 agitarem.
1276 1157 1473 1210 Iterum
1514 1159 1705 1227 paucis
1738 1159 2117 1228 interpositis:
2171 1159 2325 1227 Apud
2374 1159 2513 1212 hunc
2548 1176 2641 1228 ego
2690 1161 3010 1229 magistrum
3044 1176 3205 1228 supra
3256 1159 3525 1213 biennium
3557 1160 3661 1228 fui,

417 1235 697 1289 institutus
720 1254 847 1292 sane
884 1241 1157 1307 probabili
1194 1252 1351 1305 atque
1381 1246 1579 1309 optima
1616 1246 1922 1313 disciplina.
1965 1247 2166 1303 Paulus
2193 1246 2385 1302 Jovius
2422 1249 2475 1305 in
2507 1248 2794 1303 doctorum
2842 1249 3080 1301 virorum
3137 1247 3354 1315 elogiis,
3385 1263 3505 1314 cap.
3537 1248 3608 1303 25
3644 1266 3659 1302 :

428 1318 653 1375 Venetiis
688 1326 939 1389 primum,
976 1337 1023 1379 et
1056 1344 1178 1381 mox
1212 1328 1502 1384 Florentia:
1560 1330 1839 1400 Roquue
1875 1348 1937 1384 ac
1971 1333 2183 1388 demum
2218 1334 2407 1400 Ticini,
2437 1344 2683 1389 evocante
2710 1334 2920 1388 Joanne
2944 1332 3187 1388 Galeatio
3220 1336 3476 1402 principe,
3506 1333 3661 1389 Gne-

416 1423 599 1459 c'vrum
630 1410 930 1464 litterarum
961 1416 1198 1467 studium
1234 1419 1506 1479 excitavit,
1544 1429 1691 1472 tanta
1717 1420 2002 1485 felicitate,
2036 1434 2093 1474 ut
2132 1438 2196 1476 ea:
2222 1424 2337 1491 ejus
2367 1423 2548 1475 schola
2580 1438 2823 1483 summa,
2861 1437 2954 1473 nec
2990 1420 3107 1473 ideo
3152 1420 3448 1475 interitura:
3479 1419 3660 1474 laudis

416 1496 626 1564 ingruia
678 1502 1014 1569 prodierint;
1059 1513 1116 1555 ut
1159 1509 1305 1573 queis
1336 1508 1483 1575 fuere
1530 1508 1841 1563 Leonardus
1894 1510 2164 1571 Aretinus,
2221 1509 2541 1564 liranciscus
2574 1508 2869 1573 Barbarus,
2920 1506 3253 1576 Pliilelpltus,
3299 1507 3569 1561 Guarinus
3613 1518 3661 1561 et

419 1582 671 1653 Poggius.

485 1678 604 1734 ΧΗ·
648 1682 908 1751 Terntius.
938 1700 1046 1753 quo
1065 1688 1428 1759 Chrysoloras
1452 1701 1641 1747 noster
1671 1693 1722 1746 in
1748 1692 1903 1748 Italia
1937 1696 2152 1750 litteras
2173 1695 2395 1748 Grteras
2419 1692 2665 1761 proliteri
2695 1693 2945 1758 comet-it,
2984 1706 3091 1745 non
3121 1694 3381 1748 diSIinete
3405 1692 3658 1761 quidem,

414 1781 648 1825 attamen
679 1772 944 1839 indicans,
974 1779 1065 1845 qui
1098 1780 1202 1833 sub
1234 1780 1525 1837 Bonifacio
1551 1783 1616 1837 IX
1659 1782 1728 1854 [is
1757 1784 2064 1838 Romanum
2112 1779 2491 1851 pontiﬁcatum
2522 1792 2667 1831 anno
2697 1779 2901 1832 Christi
2933 1777 3068 1832 1589
3091 1790 3305 1837 nactus.
3334 1779 3662 1834 snnoChri~

411 1859 482 1911 sti
520 1858 657 1913 1104
692 1872 918 1917 mortem
945 1864 1103 1935 obiit]
1136 1884 1254 1921 catt]
1288 1885 1399 1923 rem
1436 1872 1721 1939 accepisse
1754 1873 1998 1925 tradunt.
2032 1870 2178 1924 Inter
2207 1869 2305 1921 bos
2343 1866 2585 1934 Baptista
2614 1867 2833 1918 Platina
2888 1866 2942 1918 in
2983 1865 3248 1920 Bonil’acii
3304 1865 3377 1919 IX
3407 1867 3514 1919 vita
3548 1883 3561 1920 :
3592 1864 3661 1919 In

414 1948 581 1999 tantis
616 1957 796 2000 autem
830 1952 1005 2011 matis,
1042 1953 1231 2020 quibus
1275 1958 1543 2023 provincia
1570 1968 1751 2013 nostra
1810 1959 2189 2028 afﬂictabatur,
2227 1971 2389 2008 unum
2424 1964 2599 2007 tamen
2632 1954 2823 2006 bonum
2858 1954 2912 2006 in
2962 1952 3184 2007 Italiam
3218 1957 3491 2008 advectum
3551 1965 3654 2008 est.

412 2034 495 2086 Ad
532 2050 625 2088 nos
663 2036 803 2088 enim
829 2034 1179 2107 Cltrysoloras
1218 2042 1516 2110 Byzantius
1548 2046 1755 2099 litteras
1792 2045 2008 2100 ercas
2037 2047 2243 2106 attulit,
2278 2060 2396 2113 quat
2424 2044 2581 2097 crinis
2607 2042 2721 2109 jam
2751 2043 3051 2110 quingentis
3092 2041 3206 2112 [alii
3257 2042 3656 2109 septingentis]

411 2123 464 2173 in
492 2120 618 2174 Itali
644 2125 1029 2179 conticuerant.
1078 2126 1215 2181 Hinc
1246 2130 1445 2183 (ira'cte
1477 2130 1787 2200 Latineque
1812 2135 2004 2202 lingua:
2032 2133 2221 2186 srlzolw
2244 2142 2443 2185 eam-tte
2492 2140 2636 2185 sunt.
2672 2129 2929 2196 gRaphael
2986 2128 3208 2185 blnll'eus
3263 2128 3655 2183 Volaterranus

411 2210 619 2261 tinuum
644 2216 948 2266 ntariorum
991 2217 1086 2269 lib.
1124 2234 1210 2270 xxI
1241 2235 1253 2270 :
1300 2217 1411 2275 Hos
1446 2218 1633 2293 [Italos
1661 2237 1755 2289 per
1783 2220 2046 2275 Joannem
2080 2218 2481 2289 Ravennatem]
2510 2221 2583 2270 ita
2602 2218 2719 2285 jam
2748 2216 2956 2269 Latinis
2990 2215 3220 2284 legitime
3250 2217 3450 2269 litteris
3478 2217 3655 2269 imbu-

414 2309 488 2343 ἠις
529 2296 782 2351 Emanuel
807 2300 1152 2369 Chrysoloras
1178 2305 1358 2358 schola
1394 2322 1580 2361 rursus
1605 2310 1841 2376 excepit,
1863 2311 1953 2378 qui
1980 2316 2267 2378 praecentor
2296 2306 2495 2362 Graue:
2522 2307 2717 2373 lingute
2746 2302 3037 2373 Byzantius
3065 2319 3275 2371 genere,
3301 2305 3395 2356 sub
3431 2303 3657 2372 Bonifao

409 2386 489 2437 rio
528 2385 609 2438 IX
645 2390 698 2439 in
730 2386 951 2444 Italiam
984 2403 1214 2458 venerat,
1246 2396 1583 2467 primumque
1635 2399 1887 2459 Venetiis,
1916 2400 2102 2451 deinde
2138 2396 2427 2450 Florentiae
2458 2396 2661 2447 docuit.

480 2498 625 2553 XIII.
656 2500 1052 2570 Quamobrem,
1088 2520 1213 2560 cum
1254 2506 1501 2564 Joannes
1546 2510 1888 2581 Palmologus
1919 2510 2125 2569 senior,
2150 2510 2202 2562 Id
2234 2517 2339 2570 est,
2372 2507 2665 2562 Andronici
2701 2506 2985 2573 Palzeologi
3017 2507 3259 2574 jnnioris
3289 2507 3454 2571 ﬁlius,
3502 2522 3651 2561 anno

406 2586 611 2642 Christi
646 2590 786 2644 1589
817 2592 1132 2662 Byzantinis
1163 2594 1537 2664 imperaverit.
1567 2613 1727 2661 quem
1765 2613 1893 2651 ann.
1926 2597 1990 2650 C.
2018 2595 2145 2650 1591
2179 2604 2450 2649 mortuum
2478 2595 2791 2662 chronologi
2828 2595 3080 2655 meliores
3108 2595 3330 2650 tradunt
3355 2637 3369 2658 ,
3402 2594 3538 2650 nihil
3566 2610 3652 2650 re-

410 2687 611 2744 pugnat
642 2678 1021 2750 chronologia,
1053 2682 1348 2750 quominus
1371 2684 1729 2757 Chrysoloras
1762 2695 1945 2740 noster
1978 2700 2006 2738 a
2032 2683 2242 2737 Joanne
2265 2683 2569 2753 Palmologo
2593 2683 2808 2737 seniore
2836 2684 3125 2750 postremis
3152 2684 3250 2738 aevi
3284 2684 3365 2739 sui
3389 2684 3652 2753 tempori-

408 2766 508 2816 Irus
533 2765 585 2817 in
616 2762 963 2823 Occidentem
993 2768 1057 2823 ad
1087 2770 1310 2837 auxilia,
1339 2787 1458 2841 quae
1493 2772 1690 2827 Turcis
1723 2780 2150 2842 ooponercntur,
2185 2771 2490 2842 expetenda
2519 2770 2746 2834 missus,
2779 2770 2833 2824 in
2867 2770 3077 2825 Italiam
3126 2772 3229 2827 sub
3263 2770 3547 2826 Bonifacio
3579 2768 3649 2825 IX

405 2853 595 2906 venire
628 2856 890 2922 potuerit.

478 2964 622 3019 XIV.
690 2967 908 3023 Annum
944 2985 1102 3038 sane,
1133 2986 1244 3042 quo
1272 2972 1491 3029 Crtecas
1517 2974 1734 3029 litteras
1771 2973 1824 3028 in
1859 2974 2069 3029 Italiam
2106 2974 2469 3046 Chrysoloras
2496 2972 2706 3037 retulit,
2736 2971 3000 3027 Bonifacii
3040 2972 3111 3027 IX
3162 2973 3402 3042 primum
3461 2970 3635 3025 fuisse

406 3050 610 3107 Paulus
643 3053 876 3126 Langins
906 3048 958 3111 in
992 3058 1257 3113 Chronico
1282 3061 1534 3116 Citicensi
1558 3063 1773 3125 statuit,
1800 3078 1920 3116 cum
1958 3064 2025 3117 ad
2057 3078 2188 3118 ann.
2215 3063 2277 3116 C.
2314 3061 2449 3116 1589
2478 3059 2672 3116 scribit
2704 3075 2718 3113 :
2755 3057 2951 3117 Eodem
2982 3077 3120 3113 anno
3157 3058 3509 3130 Clzrgsoloras
3539 3059 3648 3130 By-

404 3148 650 3201 zantinus
679 3149 1013 3217 disciplinam
1053 3152 1364 3207 Graecarum
1404 3154 1708 3210 litterarum
1734 3156 1790 3209 in
1826 3152 2046 3209 Italiam
2086 3150 2291 3212 retulit,
2320 3165 2437 3219 qua:
2470 3165 2565 3219 per
2594 3148 2949 3218 septingentos
2968 3148 3086 3214 jam
3120 3164 3289 3203 annos
3319 3147 3464 3215 apud
3494 3164 3643 3201 eam-

401 3235 518 3285 dem
557 3235 611 3287 in
640 3252 739 3289 usu
773 3253 874 3291 non
902 3241 1140 3306 fuerunt.

475 3348 589 3406 XV.
631 3351 877 3418 Accedit,
905 3353 1053 3423 quod
1078 3356 1301 3412 obsessa
1334 3371 1432 3425 per
1462 3354 1679 3411 Turcas
1705 3355 1883 3425 Cpoli.
1918 3364 2102 3410 terras
2131 3352 2352 3409 Italicas
2409 3350 2706 3405 intravisse
2737 3350 3127 3421 Chrysoloram
3177 3359 3450 3411 nostrum,
3507 3365 3647 3419 [παις

402 3447 679 3506 ceptorem
714 3455 875 3495 suum
910 3440 1231 3500 Leonas-dus
1270 3444 1486 3499 Brunus
1517 3444 1785 3498 Aretinus
1833 3444 1885 3498 in
1920 3442 2166 3497 Historia
2201 3458 2381 3494 rerum
2413 3439 2734 3493 Italicarum
2775 3440 2859 3494 sui
2898 3437 3162 3507 temporis
3197 3447 3402 3503 narret,
3437 3438 3534 3493 ubi
3573 3440 3645 3493 de

404 3527 569 3582 rebus
595 3536 721 3583 ante
754 3544 961 3584 annum
988 3530 1195 3587 Christi
1231 3532 1370 3587 1400
1403 3533 1573 3602 gestis
1603 3534 1715 3601 agit
1745 3548 1762 3588 :
1803 3546 1965 3600 quem
2008 3533 2186 3585 locum
2218 3528 2245 3599 ᾗ
2287 3528 2342 3581 11
2400 3526 2781 3597 produximus.
2819 3525 2982 3579 Certe
3018 3523 3301 3594 Bajazetes
3331 3525 3638 3580 Turcarum

402 3616 662 3684 princeps
689 3616 880 3686 Cpolin
917 3634 1010 3683 per
1040 3619 1312 3688 integrum
1350 3620 1680 3674 decennium
1719 3616 2103 3672 obsidionibus
2148 3616 2387 3679 vexavit,
2423 3629 2658 3681 quarum
2693 3612 2909 3666 initium
2956 3612 3225 3681 Georgius
3261 3611 3521 3669 Phranza
3548 3628 3640 3666 re-

404 3702 509 3753 t‘ert
538 3702 604 3753 ad
634 3718 838 3756 auinam
883 3704 1069 3757 mundi
1102 3704 1349 3760 Grzecum
1383 3705 1545 3769 6900,
1579 3705 1633 3759 in
1666 3720 1827 3773 quem
1862 3704 1989 3756 anni
2029 3702 2355 3763 Christiani,
2384 3712 2436 3755 et
2470 3701 2599 3755 1591
2640 3700 2843 3762 exitus,
2880 3707 2936 3753 et
2967 3700 3106 3754 1592
3135 3700 3466 3769 principium
3501 3700 3641 3752 inci-

399 3787 498 3840 dit.
533 3787 600 3842 At
634 3791 795 3855 enim,
836 3792 913 3844 ait
946 3791 1039 3846 lib.
1076 3807 1093 3846 ι
1124 3792 1407 3857 Chroniei,
1438 3808 1560 3861 cap.
1598 3792 1685 3856 19,
1712 3792 2009 3861 interprete
2032 3788 2236 3844 Jacobo
2270 3790 2543 3851 Pontano,
2580 3788 2782 3854 videns,
2814 3786 3144 3858 [Bajazetes]
3183 3787 3484 3842 Manuelem
3511 3786 3642 3859 [Pa-

402 3861 707 3944 Ιειεοιοέιιιη,
743 3893 904 3945 quem
940 3876 1178 3934 Joannes
1212 3879 1548 3954 Palaeolpgus
1575 3881 1763 3935 multis
1792 3889 1916 3934 ante
1944 3891 2175 3933 mortem
2205 3892 2359 3932 suam
2398 3875 2558 3929 annis
2581 3890 2966 3929 successorem
2996 3874 3401 3944 designaverat,
3430 3885 3641 3932 mortu-

401 3977 575 4032 usque
606 3980 980 4020 successorem
1016 3967 1201 4022 habuit
1208 3966 1228 4038 j
1260 3980 1585 4035 craterasque
1637 3970 1926 4038 principes,
1954 3971 2018 4022 de

2001 3985 2018 4022 ε
2048 3967 2240 4037 quibus
2270 3982 2450 4034 supra,
2486 3964 2750 4017 conventis
2780 3979 2881 4016 non
2915 3964 3144 4028 stetisse,
3182 3975 3235 4016 ut
3274 3981 3329 4017 se
3352 3980 3637 4033 sequeren-

397 4063 507 4115 tur,
545 4063 593 4104 et
632 4052 818 4106 doctus
847 4054 911 4107 de
944 4033 1351 4123 onmibusiqute
1387 4033 1644 4111 adversus
1667 4073 1723 4110 se
1755 4033 2161 4118 deliberassent;
2192 4033 2387 4106 bellum
2421 4069 2577 4121 grave
2602 4051 2800 4105 indixit
2832 4066 2850 4104 :
2876 4061 2925 4106 et
2960 4068 3098 4106 anno
3132 4052 3316 4106 mundi
3346 4051 3487 4105 6900
3515 4051 3637 4106 urbi

401 4150 543 4191 terra
569 4141 828 4203 marique,
863 4141 1137 4197 obsidione
1159 4145 1396 4207 admota,
1433 4147 1749 4198 omnimodis
1775 4162 1888 4197 eam
1925 4145 2080 4210 longo
2122 4152 2351 4208 tempore
2386 4142 2727 4208 oppugnavit.
2773 4138 2908 4193 Cum
2940 4157 2999 4193 eo
3032 4156 3152 4193 cum
3180 4140 3419 4192 exercitu
3453 4155 3634 4207 perge-

399 4237 496 4288 ret,
536 4236 730 4281 terram
761 4227 1113 4298 Byzantium):
1143 4232 1482 4300 singulasque
1509 4232 1738 4300 regiones
1769 4231 2077 4299 gravissima
2113 4228 2359 4279 vastitate
2389 4227 2594 4294 afﬂixit,
2623 4227 3029 4295 subnrbanaque
3073 4228 3250 4280 omnia
3280 4228 3525 4296 diripuit.
3568 4225 3637 4283 Et

395 4316 644 4382 quoniam
684 4317 827 4370 urbis
850 4320 1169 4388 oppugnatio
1200 4336 1388 4386 parum
1412 4318 1742 4385 procedebat,
1778 4334 2013 4372 reversus
2039 4325 2117 4373 est
2146 4320 2382 4378 domum,
2404 4315 2731 4383 singulisque
2756 4316 2908 4369 anuis
2938 4315 3079 4367 misit
3106 4317 3369 4368 exercitus
3400 4316 3635 4373 obsidio-

396 4419 612 4469 uemque
648 4405 797 4458 illam
828 4416 935 4459 toto
960 4407 1211 4460 decennio
1250 4408 1601 4461 continuavit.

468 4500 606 4562 XVI.
644 4509 784 4575 Quin
815 4511 925 4565 imo
954 4512 1138 4580 plures
1168 4512 1486 4581 scriptorcs,
1511 4526 1827 4581 quanquam
1872 4510 2124 4574 diversis,
2154 4519 2334 4564 tamen
2370 4509 2439 4563 iis
2491 4509 2673 4575 αιιιιίθ,
2729 4510 2933 4576 quibus
2981 4510 3299 4567 Bonifacius
3351 4514 3421 4568 IX
3472 4516 3630 4581 vixit,

394 4596 744 4666 Chrysolora)
778 4599 950 4653 nostri
977 4599 1062 4653 vel
1096 4599 1390 4653 adventum
1430 4604 1481 4653 in
1523 4600 1759 4666 Italiam,
1800 4599 1878 4652 vel
1908 4601 2200 4652 excitatam
2229 4598 2283 4651 in
2314 4612 2378 4650 ea
2412 4597 2658 4649 scholam
2692 4596 2934 4651 Grecam
2965 4598 3274 4654 ascribunt.
3329 4601 3503 4670 Ilujus
3530 4604 3633 4655 iui-

395 4683 531 4736 tium
574 4684 638 4737 ad
669 4700 872 4739 almum
904 4685 1104 4742 Christi
1132 4687 1270 4741 1597
1312 4687 1476 4741 refert
1502 4686 1743 4741 Joannes
1770 4684 2084 4739 Nussicnsis
2113 4683 2208 4754 [ita
2244 4691 2472 4735 voeatur
2500 4698 2529 4736 a
2563 4681 2861 4737 Melcltiore
2911 4685 3174 4739 Goldasto
3204 4686 3257 4739 in
3288 4701 3631 4741 commenta-

394 4773 490 4827 riis
509 4775 572 4825 de
598 4774 877 4838 Bnhemia,
903 4776 998 4828 lih.
1017 4791 1089 4834 tv.
1107 4792 1230 4844 cap.
1258 4778 1311 4840 4,
1335 4774 1361 4846 §
1385 4775 1475 4847 55]
1501 4777 1553 4829 in
1574 4791 1769 4844 magno
1788 4775 2060 4827 Chronico
2083 4770 2496 4839 BelgicozAnno
2523 4768 2890 4840 [millesimum
2925 4774 3362 4827 trecentesimum
3390 4790 3630 4843 nonage‘

393 4860 594 4915 simum
666 4860 904 4933 sextum]
943 4865 1177 4931 sequenti
1203 4858 1552 4929 Chrysoloras
1580 4862 1873 4932 Byzantius
1902 4858 2242 4926 disciplinam
2275 4856 2582 4911 Grazcarum
2611 4855 2916 4910 litterarum
2949 4860 3000 4910 in
3029 4858 3253 4912 Italiam
3280 4862 3482 4925 retulit,
3512 4879 3632 4932 quas

396 4963 486 5014 per
515 4948 869 5016 septingentos
888 4950 1005 5015 jam
1035 4966 1199 5003 annos
1232 4951 1375 5016 apud
1401 4959 1607 5004 nostros
1635 4952 1869 5003 homines
1898 4951 1951 5003 in
1986 4961 2084 4997 usu
2116 4961 2222 4997 non
2253 4944 2566 4997 habebatur.
2598 4941 2699 4997 Cui
2730 4948 3019 4999 sententia:
3074 4948 3375 5002 subscribit
3425 4949 3629 5005 Setinis

391 5034 667 5088 Calvisius
694 5037 751 5086 in
782 5049 945 5103 opt-re
972 5036 1358 5103 chronologico
1386 5039 1451 5090 ad
1480 5053 1614 5091 ann.
1645 5036 1708 5092 ϐ.
1750 5037 1907 5091 1597.
1946 5036 2025 5089 Ad
2058 5049 2260 5087 annum
2292 5033 2494 5085 Christi
2532 5032 2670 5085 1598
2706 5033 2875 5089 refert
2928 5032 3165 5089 Jacobns
3198 5034 3484 5103 Philippus
3519 5037 3625 5089 Fo-

391 5132 571 5176 restus
610 5121 907 5187 Bergnmas
933 5125 985 5175 in
1019 5124 1418 5179 Clironieorum
1460 5124 1855 5195 Snpplemento
1885 5125 1950 5177 ad
1976 5123 2122 5178 hunc
2154 5138 2353 5176 annum
2382 5140 2394 5175 :
2430 5121 2691 5176 Emanuel
2724 5123 3098 5195 Clirysoloras,
3137 5126 3351 5179 natione
3382 5125 3621 5193 Cra'cus,

391 5212 566 5277 patria
599 5209 957 5279 Byzantinus,
983 5213 1062 5265 vir
1098 5214 1242 5266 domi
1285 5214 1497 5277 nobilis,
1524 5216 1614 5267 sed
1651 5216 1793 5266 omni
1830 5212 2068 5265 doctrina
2099 5220 2145 5263 et
2178 5212 2367 5263 virtute
2401 5212 2629 5263 nobilior
2660 5223 2818 5281 atque
2840 5214 3171 5280 prmclarior,
3203 5213 3387 5266 iisdem
3419 5224 3622 5283 tempo-

391 5298 537 5352 ribus
577 5296 1170 5365 Constantinopolitana
1194 5303 1317 5353 urbe
1336 5319 1367 5355 a
1400 5300 1581 5355 Turcis
1618 5303 1896 5354 durissime
1918 5309 2104 5352 vexata
2134 5307 2182 5350 et
2210 5299 2441 5362 obsessa,
2481 5314 2543 5351 ea:
2560 5316 2620 5352 ea
2645 5302 2946 5369 profugiens
2981 5299 3218 5353 Venetias
3242 5303 3398 5365 venit,
3425 5310 3473 5354 et
3505 5313 3626 5355 tan-

394 5402 553 5454 quam
583 5387 975 5439 eruditissimus
1010 5389 1199 5440 doctor
1230 5390 1436 5442 litteras
1470 5389 1685 5443 Crtrcas
1720 5389 1909 5441 ibidem
1956 5387 2138 5441 docere
2164 5386 2333 5453 coepit.
2366 5385 2442 5439 Ad
2486 5400 2686 5439 anmun
2726 5386 2928 5441 Christi
2974 5388 3109 5442 1599
3139 5390 3303 5441 γρῦ-η
3334 5388 3621 5451 Mattlu'us

391 5472 697 5527 Palmerius
727 5472 1099 5538 Florentinns,
1139 5476 1441 5529 Eusehinni
1475 5478 1730 5531 Chrenici
1766 5478 2134 5531 Continnalor.
2184 5474 2248 5524 ad
2283 5474 2428 5526 hunc
2463 5488 2661 5526 annum
2698 5492 2712 5526 :
2744 5472 3095 5542 Cbrysoloras
3130 5474 3423 5543 Byzantius
3452 5478 3617 5529 disci-

386 5560 592 5625 plinam
610 5561 916 5613 (ira'carum
940 5561 1232 5615 litterarum
1263 5564 1314 5615 in
1337 5562 1552 5617 Italiam
1582 5563 1785 5630 retulit,
1829 5580 1943 5630 qua:
1977 5582 2069 5635 per
2106 5566 2455 5633 septingentos
2483 5563 2595 5630 jam
2617 5580 2783 5617 annos
2803 5566 2943 5633 apud
2965 5578 3170 5618 nostros
3190 5569 3425 5620 homines
3449 5570 3498 5619 in
3528 5584 3625 5621 usu

340 5708 343 5711 _
388 5664 488 5703 non
515 5647 829 5700 habebatur.
854 5645 992 5700 Iluic
1016 5648 1254 5706 calculos
1274 5664 1403 5704 suos
1425 5650 1629 5705 addunt
1670 5651 2020 5706 Christianus
2041 5652 2295 5707 Masszrus
2318 5652 2713 5705 Chronicorum
2740 5654 2876 5707 libro
2898 5670 3051 5714 xvut.
3084 5655 3148 5708 ad
3179 5670 3307 5708 ann.
3342 5654 3405 5709 C.
3440 5656 3573 5709 1599
3603 5673 3618 5712 :

390 5735 627 5793 immites
658 5731 932 5793 Funccius
969 5733 1019 5788 in
1053 5736 1420 5808 Chronologia
1454 5741 1516 5791 azl
1549 5723 1677 5793 ann.
1717 5738 1775 5792 C.
1818 5738 1952 5793 1599
1986 5756 1996 5790 :
2034 5740 2381 5825 Aln'ahnmus
2421 5739 2791 5796 Bucholccrus
2819 5740 2872 5795 in
2901 5740 3083 5796 Indice
3111 5742 3523 5812 chrunologico,
3550 5743 3617 5799 ad
