4144 6282
437 353 502 419 21
1701 359 1882 419 VI'I‘A
1927 360 2022 418 ET
2064 361 2408 420 SCHII'TA.
3605 365 3676 428 22

439 473 663 527 ann.'C.
695 471 834 528 i399
868 493 881 526 :
912 473 1106 528 Petrus
1135 470 1438 541 Opmeerus
1481 470 1534 524 in
1589 471 2063 541 Clironograpbia,
2095 471 2160 526 ad
2194 487 2324 526 ann.
2354 473 2415 528 C.
2461 465 2594 534 I399
2633 491 2646 527 :
2677 473 2950 531 Aubertus
2996 474 3212 530 Μίνωας
3243 474 3294 529 in
3321 475 3582 531 Anctario
3607 478 3676 533 de

441 560 804 626 sei-iptoribus
833 561 1243 623 ecclesiasticis,
1274 574 1398 628 cap.
1434 559 1560 612 430.

510 647 677 702 XVII.
708 647 992 711 Potentiae,
1035 665 1140 715 qua
1165 648 1446 714 Bajazetes
1479 646 1784 702 Turcarmn
1821 655 2088 718 tyrannus
2134 648 2353 707 Graecos
2387 640 2896 726 premeltat,-imp:tr
2925 654 3667 724 Constantinopolitanoruin

439 735 743 803 imperator
771 735 984 789 Mannel
1021 737 1358 804 Palmologns
1390 736 1902 802 Constantinopolin
1933 736 2333 807 Imperiumque
2367 737 2586 806 Joann-i,
2629 741 2814 796 fratris
2847 742 2931 796 sui
2965 742 3259 796 Andronici
3295 742 3422 807 lilio,
3458 743 3546 795 cui
3573 744 3675 796 Ita-

436 822 642 887 jnzetes
672 825 1150 892 patrocinabatur,
1188 824 1559 891 relinquebat,
1596 833 1650 876 ct
1682 825 1732 876 in
1761 823 1970 876 Italiam
2009 824 2317 891 migrabat:
2352 827 2440 880 ubi
2476 836 2588 880 tum
2623 828 2758 882 alias
2789 829 2842 882 in
2877 829 3063 893 urbes,
3105 839 3218 883 tum
3265 832 3427 884 etiam
3469 830 3674 883 Modio-

439 913 623 963 lauum
657 913 924 964 veniebat.
974 915 1152 966 Ducas
1183 910 1467 965 Michaelis
1500 926 1669 979 nepos
1701 913 1754 964 in
1794 909 2036 964 Historia
2074 912 2400 988 Byzantina,
2437 930 2557 984 cap.
2625 917 2711 980 IL,
2747 917 3042 987 interprete
3073 918 3304 972 lstnaele
3353 911 3621 972 Bullialdo
3656 934 3672 970 :

434 997 558 1050 Jam
582 999 674 1052 diu
701 1000 786 1052 ille
827 997 1154 1071 [Ilajazetes]
1179 999 1365 1068 quibus
1391 1001 1598 1052 artibus
1630 998 2126 1064 Constantinopolin
2162 1001 2450 1074 invaderet,
2485 1004 2664 1056 animo
2689 1006 2953 1058 versabat.
2985 1004 3103 1057 Non
3138 1006 3314 1057 omisit
3342 1006 3525 1070 itaque
3567 1021 3670 1057 no-

438 1103 554 1138 men
586 1089 862 1140 obtendere
889 1086 1142 1149 Joannis,
1173 1089 1262 1156 qui
1291 1087 1550 1140 Manuelis
1576 1104 1637 1140 ea:
1668 1089 1836 1156 fratre
1865 1104 2023 1156 nepos
2048 1096 2188 1150 erat,
2212 1089 2461 1158 iubetque
2517 1089 2818 1145 Manuelem
2859 1093 2986 1145 urbe
3018 1092 3221 1155 cedere,
3251 1103 3298 1144 et
3325 1091 3586 1144 Joannem
3619 1095 3674 1144 in

436 1172 585 1224 itlam
622 1176 912 1234 introduci,
943 1175 1011 1226 ad
1034 1191 1186 1243 quem
1222 1186 1427 1227 natura:
1451 1177 1562 1244 lege
1581 1176 1860 1241 imperium
1891 1176 2188 1244 pertinebat
2216 1193 2234 1238 ;
2261 1178 2612 1246 pollicebatur
2639 1181 2856 1248 insuper
2905 1197 3019 1233 cum
3052 1181 3250 1234 civibus
3287 1180 3673 1233 Constantino-

431 1260 608 1326 poleos
634 1261 873 1330 deinceps
906 1279 960 1315 se
991 1262 1209 1330 paci/ice
1231 1271 1499 1315 acturum.
1535 1262 1735 1316 Ibidem
1770 1262 1931 1328 paulo
1964 1272 2120 1330 post:
2158 1263 2377 1317 Manuel
2405 1267 2593 1319 deinde
2621 1283 2801 1319 coram
2829 1280 2963 1320 creta
2987 1268 3241 1321 nobilium
3270 1269 3674 1336 primorumque

430 1348 594 1413 plebis
625 1350 864 1401 oratione
895 1351 1101 1406 habita.
1137 1351 1398 1408 triremem
1432 1351 1734 1403 conscendit
1769 1366 1884 1402 cum
1916 1365 2079 1403 uxore
2117 1364 2166 1405 et
2202 1353 2406 1416 liberis,
2445 1355 2572 1405 urbe
2613 1356 2764 1407 cessit
2815 1364 2862 1407 et
2910 1356 3147 1416 imperio,
3182 1353 3487 1421 Joannique
3530 1374 3673 1406 sum-

433 1454 574 1490 mam
605 1455 778 1493 rerum
812 1441 1054 1494 tradidit.
1081 1441 1277 1495 Iterutn
1300 1451 1606 1510 psistpattca
1640 1461 1650 1492 :
1681 1439 1908 1494 Navium
1946 1457 2257 1510 magnarum
2285 1457 2441 1492 uuam
2465 1441 2782 1505 conscendit,
2804 1451 2852 1493 et
2877 1441 3115 1495 Venetias
3143 1443 3368 1509 appulit,
3395 1443 3672 1494 lustrat-P-

427 1542 527 1593 με
546 1528 780 1596 demceps
811 1527 1189 1593 Mediolanum,
1217 1528 1470 1588 Genuam,
1502 1528 1850 1590 Florentium,
1875 1528 2202 1590 Ferrariam,
2229 1537 2492 1596 totamque
2518 1526 2739 1580 Italiam
2767 1530 3087 1595 peragravit.
3115 1529 3377 1597 Georgius
3401 1527 3669 1590 Pltrauza,

433 1617 527 1668 lib.
569 1633 582 1669 ι
616 1617 899 1681 Chronici,
939 1635 1060 1688 cap.
1093 1619 1162 1672 ‘20
1191 1637 1202 1670 :
1241 1619 1494 1687 Tempore
1531 1622 1847 1686 procedente
1879 1619 2074 1685 cupido
2124 1620 2497 1685 imperatorem
2527 1618 2660 1681 cepit
2689 1619 2741 1668 in
2770 1615 2994 1670 Italiam
3021 1618 3416 1684 proﬁciscendi,
3441 1629 3486 1671 et
3513 1621 3672 1670 auxi-

431 1706 493 1756 lii
527 1704 755 1776 {contra
798 1706 1032 1779 Turcasj
1073 1709 1422 1778 implut-andi.
1463 1708 1636 1762 Paulo
1678 1719 1799 1777 post
1829 1725 1841 1761 :
1879 1709 2154 1766 Abiturus,
2183 1703 2534 1759 loannemex
2565 1704 2734 1771 fratre
2763 1717 2995 1772 nepotem
3031 1703 3100 1757 ad
3138 1706 3312 1758 urbem
3352 1706 3552 1758 interea
3588 1722 3670 1756 re—

431 1792 678 1860 gendam,
715 1806 762 1846 et
791 1797 1040 1863 impetum
1067 1797 1296 1851 hostium
1320 1797 1740 1864 propulsandum
1768 1797 2040 1865 relinquit.
2087 1794 2207 1864 Ipse
2245 1811 2364 1848 eum
2389 1793 2636 1861 desptena
2673 1793 2893 1862 conjuge
2919 1795 2973 1846 in
3007 1793 3417 1859 Peloponnesum
3441 1794 3668 1856 sult'etts,

427 1879 642 1946 Spartae
677 1897 794 1936 eam
825 1884 963 1951 apud
1022 1886 1243 1952 {retreat
1278 1884 1612 1937 Theodorum
1645 1884 1882 1951 deponit.
1910 1893 1960 1935 et
1992 1885 2046 1936 in
2075 1881 2298 1936 Italiam
2325 1897 2482 1949 porro
2515 1881 2906 1950 nardgationem
2936 1881 3076 1935 subit
3105 1896 3209 1948 ,',ac
3233 1880 3460 1948 primum
3508 1879 3669 1934 Vene-

430 1970 520 2020 tiis
550 1971 820 2023 erscemlit
853 1986 871 2024 :
898 1981 1012 2038 post
1050 1972 1120 2024 ad
1145 1972 1330 2025 durem
1363 1971 1843 2025 Mediolanensium
1866 1972 2060 2040 pergit,
2096 1986 2128 2028 α
2155 1986 2258 2039 quo
2304 1967 2833 2034 honoriﬁcentissime
2879 1967 3404 2038 splendidissimeque
3456 1968 3666 2022 habitus

426 2067 478 2109 et
517 2059 818 2114 muneribus
845 2059 1022 2113 cultus
1052 2069 1152 2116 est.

499 2142 690 2201 XVIII.
719 2147 800 2199 Ad
838 2146 1141 2202 Manuelein
1180 2147 1547 2216 Palatolngum
1578 2147 1970 2217 imperatorem
2007 2145 2394 2218 Chrysoloras,
2423 2142 2516 2212 qui
2553 2153 2667 2206 tum
2705 2143 2849 2212 apud
2883 2141 3230 2202 Florentinos
3267 2143 3483 2213 agebat,
3518 2143 3660 2196 invi-

424 2239 576 2287 tatus
606 2234 971 2289 Mediolanum
1007 2235 1484 2304 proﬁciscebatur.
1525 2236 1842 2290 Leonardns
1876 2236 2091 2290 Brnnus
2123 2235 2378 2290 Aretinus
2405 2232 2469 2294 in.
2493 2231 2737 2287 Historia
2776 2248 2950 2284 rerum
2985 2231 3308 2296 Italicarum
3341 2231 3426 2286 sui
3461 2240 3669 2299 tempoc

430 2322 503 2374 ris
543 2337 557 2372 :
594 2325 746 2388 Apud
777 2324 916 2376 hunc
936 2340 1029 2392 ego
1058 2327 1379 2392 magistrum
1411 2323 1733 2395 [Manuelem
1771 2324 2182 2398 Clirysoloram]
2225 2340 2384 2392 supra
2415 2323 2682 2376 biennium
2709 2323 2810 2390 fui,
2838 2321 3113 2375 institutus
3135 2337 3264 2373 sane
3295 2319 3554 2386 probabili
3584 2333 3666 2370 at-

428 2426 525 2476 que
551 2412 747 2478 optima
773 2413 1078 2479 disciplina.
1117 2411 1352 2466 Tandem
1389 2416 1706 2480 imperatore
1739 2413 2088 2466 Constantino
2108 2415 2159 2466 in
2196 2413 2414 2466 Italiam
2440 2412 2678 2475 advecto,
2702 2419 3073 2480 revocanteque
3097 2410 3165 2461 ad
3187 2427 3239 2462 se
3260 2407 3663 2478 Cltrysolorum,

425 2500 553 2550 abiit
588 2499 677 2551 ille
698 2498 997 2562 Florentia,
1032 2509 1080 2553 et
1116 2484 1472 2554 Mediolanum
1502 2503 1573 2552 ad
1607 2503 1980 2567 imperatorem
2014 2517 2170 2554 suum
2204 2517 2257 2553 se
2294 2500 2540 2553 contulit.

502 2584 644 2641 XIX.
682 2585 819 2639 Cum
855 2588 1054 2652 quibus
1080 2603 1223 2656 aagre
1263 2587 1649 2641 concilium-ris
1685 2589 1907 2640 Paulum
1936 2586 2176 2651 Juvium,
2209 2589 2326 2655 qui,
2353 2595 2640 2656 postquam
2673 2583 3024 2656 Tamerlanes
3063 2583 3248 2654 [etiam
3281 2583 3528 2638 Teinircs
3555 2583 3659 2636 dici

430 2673 648 2745 solitus]
683 2657 1043 2728 'l'ai'tarorum
1087 2691 1177 2728 rex
1212 2674 1517 2747 Bajazetem
1553 2675 1856 2729 Tui-carum
1888 2674 2191 2742 principem
2225 2676 2426 2726 victum
2457 2673 2715 2742 cepisset,
2745 2653 3136 2742 Chrys-olorum
3185 2673 3238 2724 in
3267 2671 3413 2723 Italia
3446 2669 3664 2722 (ἔκτεινες

426 2765 641 2818 litteras
669 2763 901 2818 docendi
936 2764 1221 2818 consilium
1259 2765 1472 2833 cepisse
1505 2773 1691 2816 narrat
1723 2765 1776 2818 in
1831 2764 2118 2818 doctorum
2154 2762 2392 2815 virorum
2427 2761 2620 2829 elogiis
2654 2776 2778 2828 cap.
2818 2759 2886 2812 25
2924 2778 2937 2813 :
2966 2757 3217 2828 Ofﬁcium
3247 2759 3454 2828 quidem
3492 2756 3664 2829 [It-ga-

425 2850 511 2924 ti},
557 2854 652 2910 ait.
691 2852 959 2907 laboriosa
986 2851 1413 2920 peregrinatione
1438 2852 1512 2904 ita
1538 2850 1788 2917 implevit,
1826 2859 1880 2902 ut
1912 2851 1962 2902 in
1999 2850 2162 2902 Italia
2193 2852 2521 2908 subsisteret.
2551 2847 2757 2901 Grtrcia
2789 2847 2990 2901 scilicet
3020 2848 3267 2915 pt'azsenti
3294 2856 3430 2898 metu
3468 2847 3662 2897 litera;

426 2947 500 3003 ta,
532 2957 647 2992 cum
684 2938 1020 2992 Tamerlanes
1063 2948 1233 2992 terror
1270 2937 1497 2993 Orientis
1535 2937 1840 3006 Bajazetem
1879 2937 2276 2992 Othoniannum
2309 2955 2339 2990 a
2386 2937 2613 2990 terribili
2646 2936 2909 2989 celeritate
2956 2935 3182 3005 fulguris
3213 2950 3499 3004 cognomen
3535 2934 3662 2985 nde-

422 3041 592 3098 ptum.
627 3032 697 3082 atl
731 3029 953 3083 Stellam
988 3041 1212 3083 montem
1265 3031 1433 3082 vivum
1467 3030 1706 3094 cepisset.
1747 3028 1931 3095 Itaque
1962 3027 2311 3098 Chrysoloras
2343 3029 2462 3079 diro
2491 3023 2706 3078 Gra‘cia:
2737 3025 2881 3078 hoste
2903 3023 3108 3076 sublata
3139 3021 3295 3075 l'a'tus
3323 3019 3659 3093 [ercarnm

417 3121 732 3185 litterarum
761 3113 1016 3172 studium
1044 3117 1330 3188 excitavit]
1387 3117 1612 3171 Venetiis
1642 3119 1895 3188 primum,
1929 3126 1975 3170 et
2011 3133 2132 3168 mox
2161 3113 2471 3174 Florentiae,
2501 3111 2782 3183 Rontteque
2812 3127 2874 3165 ac
2907 3111 3119 3163 demum
3151 3109 3341 3162 Ticini.
3376 3108 3528 3161 Tann
3557 3110 3666 3160 rla-

424 3224 520 3262 nes
552 3207 697 3261 enim
731 3207 1038 3275 Bajazetetn
1071 3207 1158 3260 die
1182 3205 1310 3260 Julii
1344 3205 1436 3269 28,
1462 3221 1606 3260 anno
1646 3207 1831 3258 mundi
1861 3204 2051 3258 Graeco
2081 3203 2240 3266 69w,
2271 3203 2469 3257 Christi
2499 3203 2659 3266 Ηυξ,
2693 3201 2862 3269 cepit,
2899 3197 3357 3268 quemadmodum
3390 3197 3662 3261 Georgius

422 3295 670 3352 Pbranza
703 3305 1118 3351 commemorat.
1171 3297 1302 3350 Nam
1332 3297 1422 3349 lib.
1457 3313 1471 3350 ι
1530 3297 1788 3352 (Ζιπθηίιτὶ
1818 3311 1941 3349 cum
1976 3293 2203 3346 dixisset
2233 3307 2348 3358 cap.
2384 3290 2443 3344 2|
2484 3308 2500 3344 τ
2530 3290 2768 3344 Manuale
2796 3291 2892 3341 hoc
2911 3287 3230 3354 imperante,
3265 3287 3388 3337 dum
3423 3287 3547 3337 urbs
3574 3283 3666 3334 nb-

423 3386 649 3450 sidetur,
680 3401 773 3454 ego
824 3383 879 3438 in
932 3384 1098 3438 lucem
1169 3385 1338 3438 editus
1391 3402 1528 3448 sum,
1577 3401 1716 3438 anno
1746 3393 1862 3452 post
1898 3381 2130 3434 homines
2163 3373 2313 3432 natos
2348 3378 2508 3442 6909,
2534 3380 2619 3430 die
2650 3378 2876 3446 Augusti
2900 3376 2968 3430 50
3001 3392 3018 3430 .'
3075 3376 3161 3430 his
3197 3375 3397 3428 ibidem
3428 3389 3550 3442 cap.
3588 3371 3664 3425 ΞΩ

423 3474 708 3544 subjungit
743 3489 757 3524 :
796 3473 1050 3526 Vicesimo
1103 3481 1286 3525 octavo
1316 3470 1474 3536 Julii,
1529 3471 1761 3525 I‘eniires
1796 3469 2252 3537 Massagetarum,
2317 3465 2601 3518 Persarum
2636 3475 2686 3518 et
2733 3463 3142 3533 hquilonarium
3192 3462 3510 3531 Scytharum
3543 3475 3661 3522 rex,

421 3563 671 3614 Amer-am
703 3559 1005 3625 Bajazetem
1029 3576 1147 3612 cum
1179 3574 1343 3612 uxore
1369 3568 1417 3612 et
1443 3560 1558 3627 ﬁlio
1596 3560 1765 3619 Mose,
1799 3558 2019 3623 aliisque
2047 3555 2185 3607 uultu
2215 3554 2556 3620 militantibus
2583 3571 2685 3608 non
2716 3553 2902 3620 paucis
2935 3554 3090 3621 cepit,
3147 3563 3420 3619 totumque
3451 3550 3663 3605 exerci-

421 3657 536 3700 tum
565 3648 715 3701 illius
740 3648 1041 3716 dissipavit.
1083 3649 1161 3702 Ad
1199 3648 1455 3700 eumdem
1491 3662 1696 3700 annum
1732 3642 2080 3698 Tamerlanis
2118 3643 2255 3694 lianc
2285 3642 2576 3698 victoriam
2609 3640 2798 3714 [quam
2837 3642 2965 3696 aliis
2993 3643 3154 3695 annis
3199 3641 3290 3694 alii
3325 3641 3661 3693 recentiores

393 3733 724 3804 ascribunt]
764 3735 929 3790 refert
956 3733 1199 3789 Joannes
1233 3721 1598 3789 Lennclavius
1626 3735 1678 3787 in
1715 3734 1970 3787 Historia:
2004 3729 2447 3783 Ilusulinannica:
2480 3730 2619 3784 libro
2656 3746 2766 3783 \‘ll:
2805 3747 2928 3784 eum
2966 3745 3074 3797 quo
3133 3730 3479 3782 consentiunt
3516 3726 3661 3780 I’an-

425 3822 509 3874 lus
545 3819 870 3884 Interianus,
903 3822 1138 3876 Uberius
1167 3820 1397 3881 Folieta,
1431 3821 1624 3875 Petrus
1664 3820 1914 3883 Bizarus,
1945 3817 2282 3887 Augustinus
2318 3817 2662 3871 Justinianus
2714 3819 2770 3870 in
2803 3818 2978 3874 Rebus
3012 3815 3396 3878 Cannensibus,
3431 3826 3484 3867 et
3507 3813 3665 3867 Jaco-

423 3909 534 3962 bns—
556 3907 772 3962 Gordus
808 3907 862 3962 in
904 3922 1068 3976 opere
1093 3908 1504 3976 clironologico.

491 3994 610 4050 XX.
645 3995 784 4050 Illud
812 4006 967 4050 extra
999 3995 1396 4049 dubitationem
1435 3993 1694 4063 positum,
1733 4001 1856 4060 post
1900 3992 2204 4059 Bajazetem
2240 4007 2268 4045 a
2306 3990 2630 4046 Tamerlane
2661 3999 2906 4060 captum,
2945 3991 3132 4048 multis
3161 3991 3323 4046 annis
3357 3989 3662 4061 Chrysalo-

418 4099 536 4138 ram
571 4093 820 4138 nostrum
876 4084 1020 4137 intra
1063 4081 1268 4136 Italiam
1305 4080 1646 4150 professione.
1695 4081 1998 4134 litterarum
2033 4073 2343 4132 Gf-iliéai‘lllll
2381 4080 2551 4134 fuisse
2587 4078 2856 4134 functum.
2902 4078 3262 4143 Constantini,
3295 4093 3406 4146 quo
3437 4094 3496 4132 se
3527 4092 3665 4131 con-

413 4176 643 4235 tulerat,
681 4182 738 4224 ut
790 4171 993 4226 ibidem
1046 4169 1288 4234 concilii,
1319 4169 1464 4239 quod
1495 4168 1565 4222 de
1593 4168 1760 4224 trium
1801 4168 1966 4222 simul
2011 4166 2400 4221 exsistentium
2467 4167 2786 4235 pontiﬁcum
2840 4164 3217 4220 Romanorum
3256 4167 3658 4220 controversiis

412 4261 643 4317 ann.C.
672 4259 810 4316 14η
850 4260 1117 4315 celebrari
1150 4258 1334 4327 erepit,
1369 4265 1739 4326 spectatorem
1775 4265 1981 4324 ageret,
2031 4254 2176 4308 diem
2209 4271 2528 4324 supremum
2566 4272 2712 4322 anno
2748 4255 3100 4325 imperatoris
3156 4255 3420 4312 Mannelis
3457 4253 3668 4316 Palam-

417 4348 524 4414 logi
559 4348 652 4408 24,
687 4346 890 4400 Christi
925 4345 1064 4400 1415
1089 4345 1248 4399 obiit.
1287 4342 1528 4411 Rapltael
1559 4342 1784 4406 Malieus
1837 4341 2224 4397 Volaterranus
2272 4347 2795 4405 commentariorum
2840 4343 2936 4396 lib.
2970 4358 3060 4396 nt
3095 4360 3108 4396 :
3145 4341 3417 4394 Postremo
3453 4343 3504 4393 in
3535 4358 3663 4392 con-

415 4437 601 4490 eilium
627 4433 1031 4492 Constantiense
1057 4443 1104 4486 et
1138 4433 1247 4512 ipse
1271 4431 1560 4501 profectus,
1593 4431 1646 4483 in
1681 4430 1856 4482 eodem
1894 4430 2006 4482 loco
2039 4433 2332 4488 exstinctus
2359 4441 2453 4488 est.
2490 4431 2722 4487 iacobns
2751 4432 3036 4501 Philippus
3069 4431 3326 4486 Forestus
3366 4429 3663 4496 Bergoinas

419 4524 474 4578 in
505 4522 903 4578 Cbronicorum
934 4521 1322 4589 Supplementa
1361 4518 1427 4572 ad
1457 4533 1585 4574 ann.
1621 4517 1685 4571 C.
1723 4517 1860 4572 1598
1895 4535 1908 4571 :
1949 4516 2183 4588 Indeque
2206 4522 2415 4572 curiam
2456 4518 2751 4573 Romanam
2803 4536 2922 4572 cum
2949 4529 3158 4571 secutus
3195 4520 3412 4587 fuisset,
3437 4528 3484 4568 ct
3518 4518 3663 4584 apud

419 4613 811 4674 Constantiam,
843 4611 932 4663 ubi
960 4609 1199 4678 generale
1229 4607 1515 4661 concilium
1541 4607 1861 4671 celebratur,
1888 4611 2133 4661 accessit.
2171 4608 2370 4661 Ibidem
2409 4614 2568 4676 paulo
2595 4617 2716 4675 post
2742 4625 2756 4660 :
2785 4605 3114 4662 Constantia?
3145 4607 3360 4660 tandem
3385 4606 3660 4673 deﬁciens,

417 4719 453 4754 a
493 4701 690 4770 l’oggio
725 4697 1036 4753 Florentino
1071 4697 1325 4764 discipulo
1359 4710 1453 4748 suo
1493 4693 1756 4764 melliﬂua
1789 4695 2029 4747 oratione
2066 4696 2437 4748 cohonestatus
2463 4704 2561 4747 est.
2587 4695 2720 4760 Quae
2748 4695 2974 4747 totidem
3024 4694 3209 4748 verbis
3246 4695 3297 4747 in
3336 4692 3659 4746 Cbrnnicon

417 4803 582 4842 suum
623 4785 995 4840 Ilarttnannus
1032 4782 1355 4837 Scltedelius
1389 4783 1684 4835 transtulit.
1720 4780 1923 4836 Paulus
1950 4779 2141 4835 Jovius
2172 4782 2224 4835 in
2258 4783 2543 4835 doctorum
2575 4782 2818 4850 virorum
2849 4781 3044 4850 elogiis
3079 4797 3202 4849 cap.
3237 4780 3306 4834 25
3335 4798 3348 4832 :
3385 4779 3658 4833 Postremo

418 4894 538 4931 cum
572 4878 642 4931 ad
676 4875 963 4930 tollendam
997 4872 1507 4943 pseudopontiﬁcum
1537 4871 1951 4923 controversiam
1978 4870 2182 4923 indicta
2206 4869 2436 4939 synodus
2474 4869 2612 4921 tanti
2640 4849 2934 4936 spectaculi
2964 4867 3211 4932 cupidum
3242 4869 3536 4927 excivisset,
3569 4883 3662 4920 ex-

415 4976 694 5022 auctorato
731 4964 1055 5018 Balthasare
1086 4962 1274 5028 Cassa,
1305 4959 1633 5014 Constantia:
1657 4960 1879 5012 interiit.
1910 4959 2187 5013 Posterior
2219 4972 2344 5025 pars
2377 4955 2672 5025 lipitapbii,
2703 4956 2848 5025 quod
2884 4955 3233 5026 Chrysalorm
3264 4963 3454 5008 nostro
3489 4956 3541 5006 in
3571 4971 3662 5006 nr-

420 5055 486 5109 bv.
520 5052 845 5109 Constantia
873 5052 1113 5120 positum
1145 5058 1252 5115 est,
1283 5047 1444 5117 cujus
1477 5057 1684 5116 partem
1739 5047 1980 5114 priorem
2018 5044 2045 5114 ᾗ
2073 5059 2087 5097 l
2125 5043 2178 5095 in
2212 5041 2451 5095 medium
2483 5043 2685 5111 protuli
2719 5058 2734 5096 :
2775 5042 2862 5096 I’ir
2895 5043 3258 5106 doctissimus,
3289 5040 3648 5110 prudentissi-

412 5158 554 5201 mus.
579 5141 817 5208 optiuus
852 5140 940 5208 qui
977 5148 1208 5206 tempore
1261 5135 1520 5206 generalis
1556 5133 1771 5186 concilii
1823 5131 2249 5186 Coustantiensis
2298 5133 2438 5185 diem
2495 5132 2648 5198 obiit,
2685 5147 2746 5184 ea
2777 5131 3193 5196 existimatione,
3228 5140 3284 5183 ut
3322 5129 3386 5183 ab
3419 5128 3664 5182 omnibus

409 5230 707 5288 Sacer-datio
739 5227 926 5298 dignus
958 5225 1255 5279 haberetur.
1293 5222 1390 5276 Die
1411 5222 1482 5276 ‘25
1512 5222 1708 5290 Aprilis
1738 5221 1981 5274 conditus
2017 5232 2093 5272 est
2124 5237 2264 5273 anno
2300 5221 2455 5275 HIS.
