4144 6282
442 398 512 463 ΞΊ
1579 407 1734 467 ΜΛΝ
1753 408 1975 468 UELIS
2011 423 2016 458 ι

2122 409 2532 469 [{YSOLORE

870 731 1273 883 MAN
1286 713 1850 888 UELIS
1941 733 3298 893 CHRYSOLORXE

1661 1019 2450 1136 EPISTOL/E.

448 1505 811 1576 Erndilissimi
855 1509 951 1560 viri
1020 1507 1280 1561 Monuelis
1313 1509 1648 1576 Chrnsnlorw
1684 1512 1910 1576 epistoIn
1946 1514 2015 1564 ad

515 1575 771 1628 Joannem
794 1578 1183 1644 imperatorem,
1218 1596 1320 1647 qua
1366 1575 1548 1633 veteris
1578 1597 1638 1633 ac
1671 1575 1814 1635 nera:
1844 1581 2020 1636 Roma:

515 1652 836 1710 comparatio
866 1651 1179 1719 continetur.

522 1761 594 1815 De
647 1765 848 1830 quibus
925 1762 1190 1830 prolixius
1247 1765 1312 1818 ad
1373 1775 1424 1818 te
1478 1766 1816 1820 referendum
1878 1774 2019 1830 erat,

441 1853 644 1918 optime
681 1853 997 1921 imperator,
1024 1873 1083 1907 ea
1112 1855 1232 1909 aliis
1275 1856 1471 1910 litteris
1519 1858 1834 1926 perscripsi,
1878 1873 2014 1926 quas

445 1959 549 1998 una
599 1960 721 1998 cum
765 1945 913 2000 hisce
946 1947 1011 2000 ad
1047 1956 1098 2000 te
1141 1949 1404 2015 perlatum
1436 1949 1498 2001 iri
1533 1959 1701 2017 puto:
1736 1951 1866 2017 quin
1906 1951 2018 2003 imo

440 2050 563 2090 cum
586 2038 749 2090 multa
773 2038 991 2107 quidem
1016 2038 1123 2107 jam
1147 2050 1268 2094 ante
1294 2041 1416 2095 hinc
1445 2042 1508 2094 ad
1533 2051 1582 2095 te
1603 2043 1937 2111 Scripserim,
1966 2051 2018 2097 et

440 2142 546 2179 non
579 2143 746 2196 pauca
771 2130 932 2182 etiam
963 2131 1291 2198 nuperrimis
1342 2132 1558 2193 litteris,
1593 2134 1795 2200 placuit
1839 2144 2015 2185 tamen

441 2230 491 2272 et
525 2220 634 2273 lnrc
672 2221 1003 2289 subjungere
1031 2223 1348 2290 voluptatis,
1393 2238 1498 2277 non
1538 2225 1790 2278 utilitatis
1807 2227 2014 2294 gratia:

442 2324 604 2376 quam
641 2326 748 2363 non
783 2311 1034 2381 exiguam
1083 2327 1169 2365 me
1201 2315 1476 2383 percipere
1507 2315 1702 2379 sentio,
1739 2315 1865 2368 dum
1899 2330 2019 2369 mea

441 2403 644 2472 scripta
675 2418 845 2457 sacrae
880 2415 982 2457 tua:
1005 2404 1268 2473 Majestati
1326 2407 1515 2461 offero.
1570 2408 1848 2461 Materiam
1891 2425 2018 2464 vero

440 2496 722 2561 prmsentis
749 2496 1059 2566 scriptionis
1090 2513 1156 2552 ex
1219 2499 1317 2553 hac
1372 2500 1507 2554 urbe
1580 2501 1816 2568 capiam,
1854 2516 2014 2571 quam

439 2595 596 2640 antea
656 2589 873 2656 quidem
926 2605 992 2643 ex
1047 2590 1278 2645 aliorum
1340 2591 1698 2646 relationibus
1775 2593 2019 2646 admira-

440 2676 712 2734 bar:sed
767 2696 910 2737 nunc
954 2697 1020 2736 ex
1078 2683 1195 2750 ipsa
1254 2683 1590 2753 inspectione
1660 2684 1831 2738 multo
1894 2699 2012 2737 eam

2867 1398 2940 1454 A'.

2129 1513 2240 1566 Τοῦ
2274 1512 2637 1577 ,λογιωτάτου
2683 1510 2972 1578 Μανονὴλ
3008 1513 3370 1579 λζουσολωρᾶ
3399 1514 3694 1582 ἐπιστολὴ
3761 1513 3765 1520 ’

2192 1583 2341 1657 πρὸς
2372 1583 2478 1657 τὸν
2537 1582 2819 1657 Ἰωάνης-ηις
2844 1584 3134 1657 βασιλέα,
3187 1583 3255 1636 ἐν
3375 1587 3696 1655 σύγκρισις

2200 1651 2308 1718 τῆς
2338 1651 2600 1717 παλαιᾶς
2636 1654 2732 1706 καὶ
2755 1653 2896 1718 νέας
2935 1654 3182 1722 Ῥώμης.

2195 1767 2418 1836 Ἀριστε
2462 1766 2704 1836 βασιλεῦ,
2757 1767 2791 1820 ἃ
2829 1767 2926 1836 μὲν
2954 1769 3057 1821 ἔδει
3085 1769 3173 1821 διὰ
3208 1771 3433 1824 πολλῶν
3461 1772 3596 1841 πρὸς
3633 1771 3695 1822 τὸ

2122 1861 2216 1912 σὺν
2257 1861 2458 1928 κράτος
2509 1860 2844 1925 ἀνενεγκεῖν,
2889 1862 2946 1912 ὲν
2977 1861 3157 1922 ἄλλοις
3207 1863 3483 1931 γέγραφα,
3516 1861 3551 1915 ἃ
3599 1863 3696 1915 καὶ

2121 1951 2260 2002 αὐτὰ
2293 1948 2439 2010 εἰκὸς
2481 1948 2772 2015 ἀφίξεσθαι
2808 1949 2944 2015 μετά
2985 1949 3095 2002 τῶν
3127 1951 3436 2017 παρόντων,
3494 1950 3694 2018 μᾶλλον

2118 2041 2174 2094 δὲ
2203 2039 2370 2092 πολλὰ
2402 2040 2501 2108 μὲν
2531 2042 2796 2109 πρότερον
2818 2038 3064 2091 ἐντεῦθεν
3085 2041 3339 2108 γέγραφα
3368 2056 3382 2070 θ
3413 2041 3512 2092 οὐκ
3536 2039 3691 2105 ὀλίγα

2120 2135 2177 2186 δὲ
2206 2134 2372 2195 εὐθὺς
2419 2133 2524 2201 πρὸ
2579 2133 2804 2185 τούτων.
2847 2133 3031 2197 Ἔδοξε
3075 2135 3128 2185 δὲ
3179 2135 3328 2202 ὅμως
3373 2135 3468 2187 καὶ
3516 2134 3692 2186 ταῦτα

2123 2225 2438 2293 προσθεῖναι
2473 2224 2688 2294 ἡδονῆς,
2715 2227 2775 2276 οὐ
2816 2225 3003 2294 χρείας
3021 2225 3207 2276 ἕνεκεν
3235 2240 3250 2256 ⁸
3284 2226 3348 2295 ἦν
3382 2227 3443 2276 οὗ
3483 2225 3691 2292 μικρὰν

2121 2315 2238 2371 οἶδα
2287 2315 2668 2387 καρπούμενος
2701 2319 2762 2368 ἐκ
2802 2317 2896 2369 τοῦ
2945 2319 3070 2379 τοὺς
3115 2320 3282 2383 ἐμοὺς
3325 2318 3518 2382 λόγους
3554 2318 3691 2385 πρὸς

2119 2411 2218 2480 τὴν
2251 2410 2348 2476 σὴν
2397 2409 2650 2476 θειότητα
2684 2409 2996 2478 ἀναφέρειν.
3031 2408 3204 2479 ’Υλην
3239 2410 3295 2462 δὲ
3339 2409 3449 2461 τῶν
3483 2408 3688 2477 παρόν-

2120 2521 2229 2555 των
2283 2503 2455 2568 λόγων
2489 2503 2596 2556 ἀπὸ
2646 2505 2743 2570 τῆς
2798 2504 3008 2566 πόλεως
3056 2505 3260 2570 ταύτης
3310 2502 3574 2573 λήψομαι,
3623 2500 3692 2571 ἡν

2123 2594 2390 2662 πρότερον
2446 2594 2543 2663 μὲν
2590 2593 2696 2645 ἀπὸ
2739 2593 2846 2645 τῶν
2901 2593 3298 2662 ἰπορουμένων
3347 2595 3477 2663 περὶ
3520 2593 3691 2663 αὐτῆς

2124 2685 2466 2754 ἐθαύμαζον·
2503 2685 2597 2736 νῦν
2634 2685 2690 2736 δὲ
2725 2685 2819 2736 ἀπ’
2864 2685 3034 2753 αὐτῆς
3070 2686 3163 2752 τῆς
3214 2685 3390 2753 ὄψεως
3436 2685 3690 2752 γενέσθαι

441 2770 613 2838 rliagis
639 2771 1011 2827 admirandam
1041 2746 1250 2843 judico,
1285 2746 1446 2844 qtiam
1472 2793 1534 2830 ex
1569 2777 1636 2830 iis
1663 2792 1782 2844 qua:
1822 2776 1888 2830 de
1921 2777 2013 2855 illa

2121 2746 2600 2844 θαυμασιωτέραν,
2635 2776 2666 2843 ἦ
2713 2777 2788 2836 ὡς
2821 2776 2885 2829 ἄν
2913 2746 3002 2838 τις
3042 2746 3228 2838 ἁπλῶς
3256 2746 3545 2830 ἐίκᾶσειεν
3581 2777 3690 2829 ἀπὸ

439 2875 736 2917 narrantur
799 2867 1121 2934 simpliciter
1189 2866 1386 2934 aliquis
1430 2867 1708 2936 conjiciat.
1771 2867 1835 2920 Et
1886 2884 2019 2922 sane

442 2955 678 3006 maxima
707 2953 773 3008 de
801 2970 862 3009 ea
886 2956 1220 3019 referuntur,
1279 2973 1387 3012 non
1444 2959 1512 3012 ab
1573 2957 1641 3011 iis
1689 2958 1866 3012 solum
1925 2958 2019 3026 qui

442 3045 736 3099 vernacula
786 3047 966 3116 lingua
1047 3049 1195 3103 hisee
1217 3049 1283 3103 de
1343 3051 1508 3104 rebus
1561 3050 1829 3119 scripsere
1860 3090 1876 3116 ,
1925 3049 2017 3103 sed

443 3139 606 3189 etiam
646 3154 674 3191 a
704 3143 905 3194 nostris
954 3139 1125 3195 ferme
1184 3141 1463 3202 omnibus,
1529 3142 1769 3197 maxime
1802 3158 1831 3196 a
1887 3143 2020 3196 viris

449 3229 650 3293 doctis,
682 3231 770 3299 qui
803 3231 854 3284 in
897 3246 960 3285 ea
1002 3234 1196 3287 versati
1239 3232 1392 3288 luere
1422 3251 1436 3288 :
1475 3235 1543 3288 ita
1589 3246 1647 3288 ut
1679 3235 1768 3287 alii
1798 3235 2016 3302 quidem

439 3323 718 3376 orationes
753 3323 1016 3392 integras,
1048 3324 1139 3377 alii
1179 3325 1347 3378 libros
1385 3324 1452 3379 de
1484 3325 1604 3393 ejus
1654 3326 1924 3390 laudibus,
1959 3334 2020 3379 ut

442 3412 607 3474 nosti,
630 3413 969 3481 reliquerint.
1003 3415 1104 3467 Alii
1134 3425 1315 3468 autem
1348 3415 1534 3483 paucis
1566 3417 1746 3470 verbis
1779 3418 2014 3469 maxima

440 3508 508 3560 de
530 3522 590 3561 ea
606 3507 861 3562 dixerunt
895 3525 909 3560 :
943 3509 1104 3577 quale
1131 3511 1306 3564 ethoc
1331 3509 1598 3579 Sophisten
1632 3512 1778 3564 illius
1801 3511 1892 3564 tibi
1925 3512 2019 3564 ad-

441 3597 661 3651 modum
683 3597 834 3651 cbari
866 3609 918 3652 et
939 3599 1246 3664 familiaris,
1277 3601 1420 3668 quod
1443 3600 1496 3652 in
1529 3601 1758 3668 epistola
1782 3601 2015 3668 quadam

441 3689 894 3742 brevivcrhorum
925 3691 1132 3742 ambitu
1167 3691 1460 3744 maximum
1478 3691 1545 3744 de
1573 3706 1634 3743 ea
1670 3695 2016 3759 pronuntiat,

446 3778 598 3833 ωσι-ο
623 3780 825 3843 verbis,
857 3780 902 3833 si
937 3789 1079 3833 recte
1111 3781 1352 3844 memini,
1389 3781 1442 3834 in
1475 3781 1744 3849 principio
1773 3781 2016 3848 epistolae

436 3885 574 3924 usns
607 3887 621 3924 :
656 3868 761 3924 Fac
793 3872 962 3924 nostri
995 3871 1311 3925 memoriam
1343 3887 1551 3936 serves,
1581 3882 1869 3940 postquam
1907 3869 2018 3925 Ru-

440 3977 584 4015 mam
644 3964 963 4030 pervenisti,
1031 3975 1194 4033 atque
1231 3964 1541 4020 istiusmodi
1610 3965 1782 4030 vides,
1832 3966 2014 4035 qualia

439 4061 564 4106 ante
603 4066 710 4104 non
737 4053 986 4117 videras;
1019 4069 1125 4106 non
1160 4065 1359 4109 terram
1386 4056 1556 4118 illam,
1582 4057 1677 4110 Sed
1709 4056 1831 4110 οωιί
1853 4057 2017 4125 parti-

439 4142 612 4196 culam
652 4158 771 4197 esse
804 4144 1014 4199 tibimet
1069 4148 1170 4215 ipsi
1205 4150 1564 4216 persuadens.
1586 4146 1703 4201 Non
1728 4149 1872 4201 enim
1914 4150 2017 4202 mi-

449 4251 567 4289 rum
602 4247 685 4290 est
715 4253 812 4292 nos
873 4239 948 4292 tui
984 4241 1320 4294 meminisse.
1355 4239 1485 4292 Nam
1517 4239 1642 4292 dum
1700 4254 1914 4306 semper
1961 4241 2012 4292 in

438 4325 658 4389 iisdem,
691 4343 868 4399 neque
913 4329 1022 4384 ulla
1080 4331 1134 4385 in
1167 4344 1224 4384 re
1268 4343 1405 4384 nova
1472 4343 1756 4384 versamur
1811 4328 2016 4383 amicos

438 4422 861 4487 respiceremus.

509 4510 686 4577 Atque
705 4509 822 4562 haec
850 4510 915 4563 ad
935 4508 1178 4564 Grzecnm
1200 4511 1279 4564 vel
1303 4510 1519 4582 Syrum,
1542 4510 1828 4580 civemque
1857 4525 2014 4564 suum

440 4602 705 4669 scripsit:
740 4617 934 4656 nomen
962 4605 1106 4658 enim
1144 4606 1320 4674 ipsum
1356 4619 1465 4658 non
1526 4606 1662 4658 satis
1715 4605 2013 4670 recordor;

441 4707 566 4745 eum
599 4703 782 4746 tamen
819 4693 1123 4750 Antiochiae
1156 4697 1613 4764 pulchritudinem
1648 4711 1769 4750 cum
1805 4698 1871 4750 ab
1895 4697 2016 4750 aliis

443 4786 652 4849 IIIlllliS,
682 4787 885 4839 tumab
911 4787 1099 4841 eodem
1149 4799 1373 4843 auctore
1422 4790 1690 4844 celebrari
1741 4789 2016 4851 audimus,

441 4894 501 4928 μη
529 4877 780 4929 oratione
812 4893 916 4947 qua
962 4880 1147 4946 patriae
1196 4896 1308 4934 sua:
1363 4882 1547 4936 laudes
1599 4890 2013 4940 commemorat.

441 4966 526 5018 cui
557 4964 625 5017 ab
651 4964 840 5022 eadem
873 4982 1070 5024 nomen
1130 4971 1412 5037 imposuit.
1443 4969 1583 5040 Quin
1610 4982 1662 5025 et
1704 4972 1842 5025 alius
1874 4971 2018 5039 ejus-

443 5060 563 5111 dem
622 5059 880 5124 civitatis,
923 5076 1072 5115 nunc
1133 5078 1262 5116 vero
1312 5064 1472 5118 etiam
1535 5064 1797 5118 cmlorum
1858 5065 2014 5127 civis,

442 5150 602 5218 cujus
624 5166 683 5204 os
699 5162 861 5220 atque
894 5152 1074 5217 lingua
1124 5153 1189 5208 ab
1221 5169 1357 5207 auro
1388 5169 1689 5222 cegnomen
1729 5170 2010 5223 accepere,

443 5243 676 5310 plurima
713 5244 914 5313 passim
946 5246 1012 5298 de
1044 5261 1106 5298 ea
1139 5246 1397 5313 praedicat
1429 5265 1442 5300 :
1486 5249 1568 5301 vel
1598 5248 1662 5302 ad
1691 5262 1880 5301 eorum
1912 5247 2016 5300 ali-

446 5350 606 5402 quem
640 5337 733 5404 qui
764 5335 949 5390 Asiam
998 5351 1062 5391 eo
1119 5345 1359 5405 tempore
1409 5340 1758 5394 incolebant:
1818 5339 1870 5392 in
1910 5353 2016 5407 qua

448 5423 672 5478 Itbodus
706 5433 835 5478 tunc
863 5435 982 5478 erat
1005 5435 1059 5479 et
1091 5426 1346 5496 Smyrna,
1381 5437 1435 5481 et
1467 5428 1836 5496 pulcherrima
1868 5429 2018 5481 orbis

446 5527 713 5572 terrarum
747 5520 923 5588 signa.
958 5517 1088 5571 Erat
1113 5533 1330 5588 quoque
1373 5521 1424 5572 in
1475 5521 1661 5573 eadem
1723 5520 2012 5588 Ephesium

445 5612 628 5664 Diana:
656 5612 935 5679 templum,
961 5619 1030 5684 et
1061 5613 1308 5666 colossus
1355 5612 1622 5672 Rhodius.
1661 5621 1714 5666 et
1763 5612 1814 5665 in
1868 5609 2015 5664 Hali-

442 5715 704 5755 carnasso
740 5698 969 5755 Mausoli
991 5701 1321 5770 sepulcrum,
1387 5718 1617 5772 qnormn
1650 5703 1890 5755 omnium
1927 5711 2019 5755 aut

442 5794 834 5870 pictorumque
865 5795 1103 5868 reliquiae
1139 5808 1249 5851 tum
1283 5797 1457 5852 adhuc
1516 5797 2016 5867 cozrspiciebantur,

2120 2867 2230 2917 τῶν
2263 2866 2576 2934 λεγομένων
2611 2867 2742 2936 περὶ
2784 2866 2956 2934 αὐτῆς
3001 2867 3192 2935 κρίνω.
3232 2868 3427 2918 Καίτοι
3470 2867 3688 2937 εἴρηται

2125 2957 2223 3025 μὲν
2279 2956 2498 3024 ἀληθῶς
2556 2958 2786 3026 μέγιστα
2821 2959 2950 3027 περὶ
2981 2959 3171 3027 αὐτῆς.
3205 2958 3267 3009 ού
3331 2958 3488 3026 μόνον
3542 2959 3689 3026 παρὰ.

2122 3048 2229 3100 τῶν
2261 3051 2323 3116 τῇ
2362 3049 2573 3118 πατρίῳ
2614 3050 2764 3118 φωνῇ
2795 3049 2923 3118 περὶ
2960 3049 3165 3100 τούτων
3199 3047 3684 3116 συγγεγραφότων,

2119 3139 2235 3190 ἀλλ’
2276 3137 2376 3208 ἤδη
2427 3141 2521 3190 καὶ
2558 3138 2712 3208 παρὰ
2738 3138 2843 3190 τῶν
2895 3139 3183 3208 ἡμετέρων
3229 3131 3415 3205 σχεδόν
3446 3138 3687 3204 πάντων,

2119 3230 2216 3284 καὶ
2269 3231 2376 3282 τῶν
2427 3230 2750 3298 ἐλλογίμων,
2797 3231 2911 3282 ὅσοι
2963 3231 3086 3282 κατ’
3133 3229 3305 3297 αὐτὴν
3355 3230 3685 3297 γεγόνασιν·

2121 3323 2261 3375 ὥστε
2305 3323 2432 3384 τοὺς
2490 3323 2589 3391 μὲν
2637 3323 2824 3389 λόγους
2884 3323 3057 3384 ὅλους,
3095 3321 3217 3383 τοὺς
3260 3320 3314 3371 δὲ
3354 3319 3556 3389 βιϐλία,
3611 3319 3688 3380 ὡς

2119 3408 2296 3475 οῐσοα,
2330 3411 2578 3481 ἐγκώμια
2607 3414 2776 3480 αὐτῆς
2801 3414 3142 3465 καταλιπεῖν.
3182 3412 3365 3463 Ἀλλοι
3391 3410 3446 3463 δὲ
3476 3411 3533 3461 ὲν
3559 3410 3691 3478 βρσ-

2123 3506 2243 3573 χέσι
2281 3507 2512 3574 μέγιστα
2535 3509 2662 3574 περὶ
2687 3506 2855 3574 αὐτῆς
2889 3507 3205 3575 εἰρήκασιν
3241 3499 3351 3557 οἷον
3376 3504 3470 3556 καὶ
3503 3504 3562 3555 τὸ
3594 3502 3687 3554 τοῦ

2121 3597 2376 3665 σοφιστοῦ
2410 3598 2620 3653 ἐκείνου
2648 3597 2743 3649 τοῦ
2782 3598 2922 3649 πάνυ
2963 3598 3116 3666 φίλου
3148 3598 3242 3649 καὶ
3287 3597 3516 3661 οἰκείου,
3547 3596 3688 3662 ὅπερ

2119 3691 2179 3743 ὲν
2206 3691 2373 3758 ὀλίγῳ
2413 3690 2670 3759 μέγιστον
2724 3691 2930 3752 ἐκεῖνος
2983 3693 3038 3742 ὲν
3085 3689 3346 3759 ἐπιστολῇ
3385 3690 3518 3758 πρός
3569 3689 3690 3742 τινά.

2119 3798 2253 3850 φησι
2287 3780 2414 3850 περὶ
2434 3781 2624 3849 αὐτῆς,
2659 3780 2802 3833 οὕτω
2835 3797 2949 3842 πως
2981 3781 3144 3844 εὐθὺς
3182 3784 3241 3833 ὲν
3273 3780 3414 3851 ἀρχῇ
3443 3781 3540 3850 τῆς
3569 3782 3690 3832 ἐπι-

2120 3873 2334 3938 στολῆς,
2370 3874 2416 3923 εἰ
2470 3871 2652 3932 καλῶς
2688 3871 2976 3940 μέμνημαι
3021 3870 3132 3923 τῶν
3177 3873 3442 3941 ῥημάτων
3483 3872 3686 3936 αὐτῶν,

2117 3963 2290 4030 λέγων
2316 3980 2329 3993 '
2363 3964 2504 4031 Ἀρα
2531 3963 2809 4032 μέμνησαι
2844 3963 3000 4031 ἡμῶν
3030 3965 3110 4025 εἰς
3147 3963 3370 4032 Ῥώμην
3397 3962 3686 4030 ἀπηρκὼς,

2120 4058 2213 4108 καὶ
2245 4056 2538 4124 Θεώμενος,
2573 4053 2660 4107 οἷα
2683 4057 2744 4106 ού
2773 4055 3034 4126 πρότερον
3069 4055 3269 4108 πείθων
3297 4072 3355 4106 τε
3388 4057 3580 4106 σαυτὸν
3612 4055 3689 4118 ὡς

2119 4147 2220 4198 οὐκ
2255 4146 2369 4198 ἔστι
2419 4146 2487 4213 γῆ
2534 4144 2696 4213 αὕτη,
2739 4145 2853 4196 ἀλλ’
2887 4143 3118 4214 οὐρανοῦ
3170 4146 3338 4214 μέρος
3388 4162 3459 4198 τι.
3511 4146 3688 4214 Ἠμᾶς

2125 4239 2222 4306 μὲν
2252 4237 2361 4304 γάρ
2410 4253 2504 4288 σου
2544 4236 2854 4306 μεμνῆσθαι
2888 4236 3197 4306 θαυμαστὸν
3241 4236 3410 4290 οὐδέν.
3457 4236 3543 4289 Ἐν
3575 4237 3685 4306 γὰρ

2119 4334 2229 4390 τοῖς
2264 4332 2447 4391 αὐτοῖς
2478 4332 2642 4398 ἡμεῖς
2687 4331 2779 4381 καὶ
2817 4329 2995 4382 οὐδενὶ
3025 4329 3196 4400 καινῷ
3243 4331 3682 4399 καταφρονοῖμεν

2121 4417 2187 4472 ἂν
2215 4419 2325 4470 τῶν
2353 4419 2545 4486 φίλων.

2193 4513 2383 4565 Καίτοι
2436 4511 2571 4580 πρὸς
2607 4511 2845 4581 Ἕλληνα
2899 4513 3070 4581 δήπου
3120 4513 3290 4566 ταῦτα
3341 4514 3602 4582 ἔγραφεν,
3645 4512 3678 4580 ἢ

2122 4604 2313 4674 Σύρον,
2339 4605 2432 4656 καὶ
2460 4603 2625 4656 αὑτοῦ
2657 4605 2887 4674 πολίτην
2909 4621 2922 4634 ’
2957 4608 3021 4658 οὑ
3051 4606 3334 4675 μέμνημαι
3363 4606 3471 4674 γὰρ
3503 4603 3686 4666 καλῶς

2119 4693 2210 4744 τοῦ
2248 4695 2514 4761 ὀνόματος
2562 4694 2804 4747 ἐκείνουο
2839 4695 3109 4763 ἀκούομεν
3147 4695 3203 4746 δὲ
3240 4695 3300 4746 τὸ
3334 4695 3435 4763 τῆς
3484 4696 3688 4745 Ἀντιο-

2120 4785 2269 4854 χείας
2318 4785 2512 4846 κάλλος
2556 4787 2706 4854 παρὰ
2739 4786 2943 4838 πολλῶν
2974 4804 3033 4838 τε
3064 4787 3256 4851 ἄλλων,
3296 4789 3387 4838 καὶ
3433 4786 3596 4839 αὑτοῦ
3626 4786 3683 4839 δὲ

2101 4871 2354 4939 ἐκείνου,
2388 4880 2445 4928 ἐν
2475 4872 2551 4938 οἷς
2574 4879 2664 4929 ἐπὶ
2691 4879 2786 4929 τοῦ
2818 4878 3107 4946 ὁμωνύμου
3132 4878 3305 4949 ταύτῃ
3335 4879 3490 4944 λόγου
3515 4879 3687 4944 ἐγκώο

2123 4986 2221 5038 μισ.
2257 4972 2354 5039 τῆς
2395 4971 2647 5038 πατρίδος
2677 4972 2897 5038 γράφει.
2937 4972 3044 5023 Καὶ
3074 4971 3229 5030 ἄλλος
3270 4972 3325 5021 ὁὲ
3378 4971 3546 5037 αὐτῆς
3587 4989 3686 5021 που

2121 5060 2291 5129 λίτης,
2329 5061 2422 5112 νῦν
2455 5062 2509 5113 δὲ
2536 5063 2628 5113 καὶ
2653 5062 2761 5114 τῶν
2785 5061 3032 5131 οὐρανῶν
3065 5062 3308 5131 πολίτης,
3335 5063 3394 5114 οὐ
3425 5063 3484 5113 τὸ
3513 5063 3684 5130 στόμα

2120 5157 2213 5205 καὶ
2251 5155 2280 5222 ἡ
2319 5153 2533 5222 γλῶττα
2565 5154 2752 5221 ἔτυχον
2777 5153 2876 5218 τῆς
2906 5154 3013 5205 ἀπὸ
3045 5155 3136 5205 τοῦ
3172 5155 3372 5223 χρυσοῦ
3405 5171 3686 5222 προσηγο-

2122 5241 2265 5311 ρίας,
2301 5241 2530 5292 πλεῖστα
2580 5240 2848 5309 πολλαχοῦ
2887 5242 3033 5307 λέγει
3066 5246 3195 5310 περὶ
3236 5243 3407 5310 αὐτῆς
3431 5261 3445 5273 ·
3479 5242 3510 5311 ἢ
3547 5244 3683 5311 πρός

2119 5349 2239 5385 τινα
2269 5332 2376 5385 τῶν
2427 5332 2521 5402 τὴν
2563 5331 2748 5386 Ἀσίαν
2791 5332 2909 5384 τότε
2938 5333 3250 5398 οἰκούντων,
3285 5335 3368 5402 ἐφ’
3397 5329 3463 5404 ἧς
3501 5334 3684 5394 Ῥόδος

2122 5419 2189 5494 ἦν
2220 5425 2340 5476 τότε
2377 5426 2471 5476 καὶ
2519 5425 2763 5492 Σμύρνα,
2797 5426 2891 5477 καὶ
2920 5426 2988 5478 τὰ
3039 5425 3333 5492 ἀγάλματα
3373 5426 3468 5492 τῆς
3501 5426 3686 5476 οἰκου-

2129 5515 2316 5582 μένης.
2355 5515 2614 5580 Γεγόνασι
2645 5515 2702 5566 δὲ
2745 5517 2801 5566 ἐν
2833 5515 3013 5584 ἐκείνῃ
3062 5515 3152 5566 καὶ¹
3182 5517 3208 5566 ὁ
3248 5517 3302 5566 ὲν
3350 5513 3560 5581 Ἐφέσῳ
3589 5515 3687 5582 τῆς

2139 5607 2450 5674 Ἀρτέμιδος
2481 5607 2626 5672 ναὸς,
2659 5608 2752 5659 καὶ
2783 5608 2810 5658 ὁ
2842 5609 2897 5660 ὲν
2924 5611 2988 5676 τῇ
3033 5607 3200 5676 Ῥόδῳ
3240 5607 3512 5671 κολοσσὸς,
3546 5605 3639 5658 καὶ
3664 5610 3688 5657 ὁ

2128 5700 2184 5751 ἒν
2228 5700 2638 5770 Ἀλικαρνασσῷ
2673 5699 2766 5752 τοῦ
2798 5699 3096 5753 Μαυσώλου
3132 5699 3318 5765 τᾶφος,
3366 5692 3439 5749 ὧν
3475 5699 3690 5750 πάντων

2130 5793 2164 5862 ἦ
2196 5810 2358 5847 τινων
2405 5791 2486 5845 ἔτι
2522 5792 2746 5861 λείψανα
2783 5792 3009 5862 ἑωρᾶτο.
3059 5791 3120 5843 Εἰ
3167 5790 3345 5858 βούλει
3397 5789 3476 5852 δὲ,
3512 5789 3691 5858 θῶμεν
