4144 6282
431 333 504 405 :5
1519 324 1888 405 EPISTOLA
1930 347 2029 407 AD
2074 346 2432 409 JOANNEM
2469 350 2619 414 IMP.
3382 365 3387 369 υ
3618 354 3694 419 25

427 442 635 503 ἐτιιεΐνον
664 450 724 517 ἐξ
755 452 1034 520 Δίγύπτου
1056 454 1150 508 κοιλ⁵
1171 456 1377 524 Λιὸύης
1410 452 1572 523 εἶναι,
1609 460 1695 526 ἐφ’
1729 454 1794 530 ἦς
1820 463 1983 514 ἀκοιο

2117 472 2211 516 aut
2248 464 2293 517 si
2330 464 2464 517 velis
2500 479 2564 516 ex
2586 461 2820 532 Aigypto
2855 461 2935 515 vel
2962 462 3128 533 Libya
3163 478 3287 517 eum
3322 463 3494 520 fuisse
3522 481 3693 534 pona-

431 557 529 605 μεν
573 542 671 612 τὴν
719 544 1072 614 Ἀλεξάνδρου
1106 546 1285 613 πόλιν,
1340 550 1432 601 καὶ
1484 549 1594 602 τῶν
1649 551 2005 617 ὑμνουμένων

426 632 714 699 θεαμάτων
742 636 836 697 τὰς
866 638 1275 706 ἐκατομπύλυυς
1303 638 1483 710 Θήϐας
1515 641 1733 705 ὲκείνας
1768 645 1861 695 καὶ
1897 661 2002 694 πυο

427 726 665 793 ραμίδας
704 729 1074 796 γεγενῆσθαιυ
1108 724 1183 782 ὧν
1234 733 1331 794 τὰς
1376 734 1529 795 σκιὰς
1580 734 1851 802 ἀκούομεν
1886 736 2004 788 ὀδόν

424 834 587 869 τινων
618 820 841 889 ἡμερῶν
870 821 943 883 ὡς
980 823 1152 874 είπεῖν
1188 820 1350 887 εἶναι,
1378 826 1692 894 ἀνίσχοντος
1720 826 1816 879 τοῦ
1850 827 2001 897 ήλῶυ

426 911 519 962 καὶ
550 911 810 978 δυομένου
840 931 853 946 ·
884 914 978 966 καὶ
1007 908 1082 966 ὧν
1115 918 1213 984 μιᾷ
1245 917 1341 969 καὶ
1377 920 1441 988 τῇ
1478 922 1822 991 σμικροτάτη
1850 920 2004 986 λέγε-

424 1017 513 1052 ται
543 1002 639 1068 τὴν
686 1003 909 1071 Μέμφιν
944 1006 1113 1077 αὐτὴν
1151 1007 1246 1060 καὶ
1285 1010 1410 1073 τοὺς
1455 1011 1765 1079 περιοίκους
1792 1013 2000 1075 πάντας

360 1094 363 1103 ⁴
421 1094 620 1155 τόπους
650 1095 705 1160 ἐξ
736 1096 961 1151 ἐκείνων
985 1099 1095 1153 τῶν
1125 1101 1335 1171 χρόνων
1362 1102 1442 1156 ἔτι
1483 1104 1576 1157 καὶ
1607 1104 1703 1158 νῦν
1731 1108 1870 1177 πρὸς
1893 1108 1999 1160 πᾶ-

424 1202 524 1238 σαν
563 1188 854 1260 οἰκοδομὴν
881 1192 971 1243 ἴσα
1025 1194 1119 1246 καὶ
1172 1193 1457 1264 λατομίαις
1504 1198 1765 1267 χρῆσθαι,
1795 1200 1888 1251 καὶ
1921 1200 1995 1269 μὴ

421 1277 758 1333 ἐπιλείπειν·
814 1281 1013 1349 μᾶλλον
1059 1283 1114 1336 δὲ
1151 1284 1338 1349 πόλεις
1368 1287 1493 1350 ὅλας
1542 1289 1639 1342 καὶ
1694 1290 1993 1354 συνοικίας,

422 1370 496 1433 ὣς
538 1389 722 1439 φασιν,
759 1373 818 1437 ἐξ
867 1375 1040 1443 αὐτῆς
1076 1377 1507 1445 οἰκοδομοῦντες»
1553 1380 1705 1448 μόλις
1737 1382 1909 1451 βραχύ
1943 1399 1997 1436 τί

424 1465 585 1534 μέρος
609 1465 821 1535 ἐκείνης
846 1466 1209 1535 ἀνηλωκέναι.
1238 1471 1395 1533 Εἰκὸς
1413 1471 1467 1523 δὲ
1494 1466 1563 1542 ἦν
1586 1473 1814 1536 ἐκεῖνον,
1845 1474 1994 1536 ὅστις

422 1556 550 1606 ποτε
581 1551 668 1624 ἦν,
703 1557 935 1611 πλέοντα
966 1561 1043 1621 εἰς
1084 1559 1305 1628 Ῥώμην
1329 1564 1420 1615 καὶ
1445 1562 1530 1616 διὰ
1559 1563 1665 1616 τῶν
1696 1566 1871 1633 νήσων
1900 1567 1995 1619 καί⁵

421 1648 523 1716 τῆς
565 1648 822 1712 Ἑλλάδος
853 1651 1150 1721 ἀναχθῆναι
1178 1670 1191 1684 ·
1230 1655 1324 1707 καὶ
1364 1656 1629 1725 πρότερον
1664 1656 1718 1710 δὲ
1757 1656 1901 1719 εἰκὸς
1926 1653 1994 1729 ἦν

422 1738 585 1790 αὐτὸν
618 1739 717 1809 τὴν
754 1740 981 1794 Ἐλλάδα
1010 1743 1158 1808 ἰδεῖν,
1195 1744 1288 1798 καὶ
1319 1744 1412 1798 τὸν
1450 1746 1550 1815 τῆς
1591 1747 1840 1811 Ἐλλάδος
1870 1750 1991 1802 τότε

420 1828 720 1899 ὀφθαλμὶιν,
746 1846 747 1849 ‘
772 1831 871 1896 τὰς
928 1834 1156 1904 Ἀθήνας
1195 1836 1356 1903 λέγω.
1394 1838 1467 1890 ’Ἡ
1499 1856 1618 1891 τινα
1666 1840 1770 1892 ἔδει
1808 1839 1992 1892 τοῦτον

422 1921 529 1971 τῶν
564 1922 667 1973 ἀπὸ
729 1927 825 1992 τῆς
864 1925 1113 1989 Ἑλλάδος
1162 1924 1337 1981 εῖναιο
1394 1929 1488 1981 καὶ
1530 1929 1717 1982 τοῦτον
1768 1932 1829 1982 οὗ
1885 1932 1992 1983 τῶν

422 2013 634 2076 πολλῶν
665 2015 757 2066 καὶ
791 2015 1036 2069 ἀθεάτων
1065 2020 1095 2082 ἥ
1128 2006 1377 2087 ἀνηκόων
1410 2021 1518 2073 τῶν
1549 2022 1831 2082 τοιούτων,
1856 2023 1991 2075 ἀλλὰ

417 2104 523 2157 τῶν
561 2106 1032 2177 πεπαιδευμένων,
1081 2109 1214 2179 πρὸς
1261 2108 1372 2163 οἷον
1415 2114 1618 2165 ἐκεῖνόν
1644 2129 1719 2164 ’τε
1754 2112 1989 2182 γράφειν

414 2198 563 2260 εἰκὸς
588 2194 676 2268 ἦν,
706 2200 799 2253 καὶ
848 2202 1010 2255 αὑτὸν
1037 2205 1147 2266 τοῖς
1180 2205 1442 2267 τοιούτοις
1470 2205 1706 2275 Θεάμασι
1746 2211 1839 2258 καὶ
1869 2208 1987 2268 ταῖς

413 2291 693 2353 τοιαύταις
744 2293 1080 2362 ἀποδημίαις
1138 2296 1371 2366 χαίρειν.
1419 2297 1484 2350 Τί
1537 2298 1718 2351 τοίνυν
1770 2298 1878 2367 ἄρα
1917 2293 1985 2368 ἦν

414 2381 610 2447 ἐκεῖ-,0,
637 2383 663 2435 ὃ
714 2383 904 2435 τοῦτον
946 2386 1198 2438 τοσοῦτον
1244 2387 1467 2457 ἔ-μελλεν
1515 2390 1814 2457 ὲκπλῆξαις
1844 2389 1984 2443 ὥστε

414 2475 513 2543 τῆς
566 2476 819 2539 Ἑλλάδος
863 2478 956 2529 καὶ
986 2478 1095 2531 τῶν
1120 2479 1179 2531 ὲν
1227 2480 1362 2549 αύτῇ
1394 2481 1682 2549 θεαμάτων
1730 2482 1982 2534 ὲπιλαθέυ

414 2572 559 2628 σθαι,
599 2564 873 2636 θεώμενον
912 2564 999 2622 οἷα
1025 2571 1083 2622 οὐ
1113 2572 1399 2641 πρότερον,
1435 2574 1527 2623 καὶ
1558 2572 1728 2640 αὐτῆς
1760 2572 1983 2625 καὶτῶν

413 2656 470 2708 ιν
499 2656 636 2727 αὐτῇ
670 2656 838 2726 φίλων
886 2662 1297 2731 καταφρονῆσαι
1324 2678 1341 2697 ο
1373 2662 1584 2715 πείθειν
1617 2679 1676 2714 τε
1719 2662 1881 2716 αὑτὸν
1907 2664 1984 2726 ὡς

412 2747 511 2801 οὐκ
544 2748 657 2802 ἔστι
692 2750 764 2818 γῆ
802 2752 963 2823 αὑτὴ,
993 2752 1127 2806 ἀλλὰ
1159 2754 1389 2824 ούρανοῦ
1432 2755 1601 2826 μέρος
1629 2772 1719 2821 τις
1754 2754 1981 2826 Εἴρηται

410 2835 526 2904 οὖν,
557 2842 695 2910 ὅπερ
724 2837 896 2907 εἷπον,
922 2843 1051 2915 παρ’
1080 2846 1406 2917 ᾲμφοτέρων
1432 2847 1539 2900 τῶν
1564 2846 1823 2914 γλωσσῶν
1854 2845 1980 2899 τού-

410 2949 518 2985 των
553 2935 790 3004 μέγιστα
822 2936 953 3007 περὶ
983 2938 1173 3006 αὐτῆς.
1206 2933 1372 3007 Οἶμαι
1401 2939 1456 2991 δὲ
1490 2942 1583 2993 καὶ
1616 2938 1738 2999 τοὺς
1771 2938 1979 3009 βαρϐά-

413 3034 540 3089 ρους
566 3021 785 3087 αύτοὺς,
814 3024 930 3076 ὅσοι
968 3024 1041 3094 μὴ
1062 3026 1407 3096 γραμμάτιον
1430 3028 1707 3091 παντελῶς
1729 3029 1972 3098 ἄμοιροι,

2113 568 2280 605 Inus:
2332 553 2384 605 in
2420 567 2526 621 qua
2577 551 3003 607 Alexandrinam
3076 552 3375 617 civitatem,
3438 564 3491 607 et
3554 554 3696 607 inter

2108 642 2407 696 celebriora
2439 643 2748 711 spectacula
2770 641 2998 696 Thebas
3052 643 3175 697 illas
3240 655 3457 698 centum
3521 647 3691 714 portis

2109 734 2339 803 inclytas
2372 749 2434 787 ac
2499 734 2809 805 pyramide
2869 734 3039 788 fuisse
3098 735 3398 791 audimus:
3454 752 3688 805 quarum

2108 826 2331 879 umbras
2363 826 2478 881 sole
2495 828 2775 882 exoriente
2804 838 2854 881 et
2898 828 3179 883 oecidente
3215 828 3328 883 fere
3379 828 3446 883 ad
3483 830 3689 897 aliquot

2106 918 2313 973 dierum
2346 920 2449 973 iter
2493 921 2681 991 projici
2744 924 2940 975 aiunt:
2990 930 3045 976 et
3067 937 3300 991 quarum
3350 938 3458 976 una
3514 938 3688 991 eaque

2104 1013 2328 1067 minima
2369 1015 2541 1084 ipsam
2602 1013 2890 1081 Memphim
2920 1024 3083 1083 atque
3112 1015 3295 1069 omnia
3329 1015 3510 1069 vicina
3568 1016 3685 1079 loc-,t

2097 1106 2206 1175 jam
2234 1106 2358 1160 inde
2383 1106 2451 1160 ab
2483 1106 2574 1161 illo
2599 1114 2840 1174 tempore
2872 1115 2925 1160 et
2958 1106 3136 1160 adhuc
3182 1116 3375 1161 nostra
3424 1116 3582 1160 actate
3616 1106 3682 1159 ad

2101 1212 2484 1266 quamcunque
2514 1206 2847 1251 structuram
2899 1213 3004 1251 non
3040 1213 3200 1252 secus
3255 1212 3319 1251 ac
3373 1198 3685 1265 lapidicinis

2101 1290 2177 1343 uti
2216 1288 2480 1351 referunt,
2515 1290 2586 1342 ita
2643 1298 2822 1343 tamen
2861 1299 2917 1343 ut
2949 1305 3226 1358 nunquam
3281 1289 3515 1353 deﬁciat,
3551 1290 3682 1359 quin

2104 1381 2213 1434 imo
2251 1380 2493 1451 integris,
2529 1391 2586 1434 ut
2614 1381 2786 1445 aiunt,
2841 1382 3153 1435 civitatibus
3195 1382 3435 1451 vicisque
3496 1396 3561 1435 ex
3616 1398 3683 1437 ca

2100 1474 2436 1535 exstructis,
2493 1472 2578 1526 vix
2642 1472 2893 1540 exiguam
2956 1472 3074 1540 ejus
3143 1472 3468 1541 particulam
3547 1487 3675 1525 con-

2097 1580 2403 1633 sumpsere.
2459 1563 2767 1619 Verisimile
2829 1575 3011 1619 autem
3055 1576 3189 1629 erat,
3235 1565 3550 1634 quicunque
3583 1562 3683 1617 de-

2098 1674 2244 1710 mum
2278 1657 2461 1721 fuerit,
2496 1657 2644 1711 illum
2693 1673 2812 1712 cum
2848 1656 3078 1711 Romam
3129 1658 3432 1723 navigaret,
3468 1657 3681 1711 insulas

2098 1763 2157 1801 ac
2180 1748 2441 1804 Graeciam
2476 1749 2702 1804 abiisse.
2736 1748 2847 1804 Nec
2884 1765 2913 1804 a
2939 1765 3067 1803 vero
3113 1750 3369 1803 abhorret
3400 1763 3521 1800 cum
3566 1748 3676 1815 jam

2095 1848 2252 1892 antea
2282 1840 2545 1895 Graeciam
2602 1841 2984 1909 perlustrasse.
3021 1849 3073 1892 et
3121 1839 3344 1905 Gracia}.
3380 1849 3508 1891 tunc
3540 1848 3678 1890 tent-

2097 1932 2245 1999 poris
2269 1933 2521 1992 ocellum,
2562 1932 2822 1986 Athenas.
2859 1929 2953 1985 Vel
2989 1948 3052 1985 cx
3091 1932 3205 1999 ipsa
3229 1930 3435 1985 Graecia
3495 1922 3678 1982 oriun-

2094 2022 2221 2076 dum
2252 2038 2373 2076 esse
2402 2022 2687 2090 oportebat
2714 2039 2729 2087 ;
2754 2037 2929 2089 neque
2950 2023 3103 2075 illum
3130 2022 3195 2074 de
3225 2021 3386 2089 vulgo
3413 2020 3674 2089 aliquem,

2091 2112 2183 2180 qui
2249 2112 2559 2181 hujusmodi
2638 2127 2737 2165 nec
2794 2111 3018 2165 vidisset
3085 2126 3181 2167 nec
3224 2112 3523 2164 audivisset
3574 2126 3673 2161 un-

2090 2218 2252 2272 quam
2286 2244 2301 2266 ,
2339 2206 2434 2259 sed
2491 2203 2779 2272 quemdam
2823 2218 2885 2257 ex
2935 2202 3350 2263 eruditioribus,
3401 2218 3524 2256 cum
3562 2215 3673 2271 quo

2088 2295 2391 2348 litterarum
2476 2294 2870 2349 commercium
2943 2295 2990 2348 ei
3054 2294 3435 2357 intercederet,
3474 2302 3526 2347 et
3578 2289 3669 2361 qui

2089 2380 2205 2450 ipse
2237 2382 2506 2451 ejusmodi
2539 2383 2869 2452 spectaculis
2900 2394 3064 2453 atque
3118 2384 3405 2437 itineribus
3431 2384 3673 2437 delecta-

2087 2483 2258 2527 retur.
2287 2472 2556 2539 Quidnam
2622 2491 2754 2544 ergo
2817 2475 2946 2529 illud
3000 2484 3116 2529 erat
3157 2476 3301 2544 quod
3348 2478 3486 2529 adeo
3541 2492 3665 2529 etim

2088 2572 2269 2631 posset
2304 2564 2615 2631 percellere,
2645 2576 2702 2617 ut
2752 2564 2974 2619 Grmcia‘.
3027 2582 3320 2634 rerumque
3346 2568 3399 2620 in
3430 2583 3492 2620 ea
3545 2568 3666 2619 visu

2087 2653 2375 2723 dignarum
2408 2653 2849 2717 oblivisceretur,
2906 2655 3101 2709 videns
3150 2657 3331 2724 qualia
3379 2665 3505 2710 ante
3559 2673 3668 2710 non

2082 2745 2312 2809 viderat,
2341 2756 2395 2800 et
2447 2745 2643 2813 ipsam,
2672 2754 2726 2799 et
2757 2746 2976 2801 relictos
3003 2747 3056 2800 in
3085 2762 3147 2801 ea
3173 2747 3381 2801 amicos
3414 2756 3666 2801 contem-

2082 2846 2237 2890 ueret
2268 2876 2281 2897 ,
2321 2851 2384 2891 ac
2415 2837 2633 2891 sibimet
2685 2839 3039 2905 persuaderet
3083 2855 3190 2893 non
3239 2848 3436 2893 terram
3494 2840 3664 2902 illam,

2082 2929 2173 2983 sed
2199 2927 2320 2982 caeli
2346 2928 2669 2994 particulam
2700 2930 2994 2999 quamdam
3034 2945 3157 2985 esse
3188 2930 3406 3001 ?quare
3434 2932 3486 2984 in
3513 2940 3665 2985 utra-

2079 3036 2207 3090 que,
2237 3028 2293 3072 ut
2321 3020 2451 3084 dixi,
2512 3021 2712 3089 lingua,
2771 3022 3009 3076 maxima
3040 3022 3109 3077 de
3153 3037 3214 3076 ea
3275 3023 3486 3090 prodita
3546 3021 3665 3076 fue-

412 3109 640 3162 πλεῖστα
672 3114 799 3182 περὶ
829 3115 1000 3185 αὐτῆς
1030 3114 1172 3187 ἔχειν
1201 3120 1257 3170 ὲν
1289 3123 1651 3187 συγγραφαῖς.
1682 3121 1844 3173 ’Ἂλν
1868 3121 1978 3190 ἐγὼ

2087 3119 2229 3165 runt.
2278 3110 2419 3176 Quin
2446 3121 2499 3164 et
2533 3110 2801 3166 Barbaros
2847 3112 3013 3182 ipsos,
3074 3122 3427 3181 quotcunque
3458 3113 3665 3165 littera’

414 3199 571 3270 ῷμην
593 3201 766 3256 ταῦτα
791 3204 918 3272 παρ’
953 3206 1177 3259 ἐκείνων
1207 3209 1341 3277 πρὸς
1373 3210 1675 3279 ὑπερϐολὴν
1700 3212 1979 3280 λέγεσθαι⁶

408 3294 504 3347 νῦν
536 3296 590 3348 δὲ
614 3296 725 3366 ὁρῶ
762 3299 927 3368 μηδὲν
958 3300 1094 3370 πρδς
1129 3302 1434 3374 ὑπερϐολὴν
1466 3306 1720 3375 εἰρῆσθαι
1754 3307 1983 3360 τοιαῦτά

408 3387 513 3438 εἰσι
541 3388 609 3448 τά
641 3391 913 3459 ὁρώμενα.
947 3392 1140 3446 Καίτοι
1175 3397 1450 3465 μεμένηκε
1485 3398 1584 3465 μὲν
1612 3398 1766 3451 οὐδὲν
1794 3397 1981 3467 σχεδὸν

410 3477 552 3529 σῶον
581 3481 636 3530 ὲν
666 3481 825 3552 αὐτῇ,
859 3482 967 3534 οὐδ’
998 3484 1064 3537 ἂν
1112 3486 1295 3555 εὕροις
1322 3503 1375 3541 τι
1421 3488 1596 3543 ἀθῶον
1629 3479 1982 3544 παντάπασιν

410 3572 694 3639 ἐπηρείας,
738 3574 846 3626 τῶν
881 3576 981 3645 μὲν
1023 3579 1348 3646 αὐτομάτων
1390 3580 1494 3632 ὑπὸ
1536 3583 1728 3649 χρόνου
1778 3588 1979 3655 κατερ-

410 3664 715 3731 ρυηκότων,
773 3666 882 3717 τῶν
914 3668 968 3718 δὲ
1002 3669 1161 3735 χερσί
1205 3688 1363 3723 τινων
1398 3672 1791 3742 βεϐιασμένων.
1830 3678 1979 3745 Συμ-

409 3750 615 3817 6ἐ6ηκε
655 3752 764 3820 γὰρ
791 3756 883 3807 καὶ
916 3756 1108 3828 ταύτῃ,
1139 3759 1276 3830 ὅπερ
1302 3760 1397 3813 καὶ
1423 3765 1487 3831 τῇ
1527 3764 1776 3834 ἡμετέρᾳ.
1801 3766 1975 3829 πόλει,

410 3842 581 3910 αὐτὴν
618 3842 784 3911 ἑαυτῇ
813 3844 931 3896 ἀντὶ
966 3848 1240 3913 μετάλλων
1272 3851 1367 3903 καὶ
1392 3852 1667 3922 λατομιῶν
1696 3851 1857 3919 εἶναι,
1884 3857 1980 3908 καὶ

405 3932 544 4002 ὅπερ
590 3932 682 3985 ἐπὶ
726 3932 822 3985 τοῦ
870 3936 1072 3997 παντὸς
1119 3938 1309 3991 τούτου
1360 3940 1611 4011 λέγομεν,
1663 3943 1834 4014 αὐτὴν
1889 3945 1979 4014 ὑφ’

404 4025 603 4095 ἑαυτῆς
636 4025 933 4095 τρέφεσθαι
976 4028 1073 4081 καὶ
1101 4028 1452 4084 ἀναλοῦσθαι.
1502 4033 1769 4101 Κέκμηκε
1820 4034 1877 4086 δὲ
1905 4033 1983 4099 ὡς

405 4119 578 4170 εἰπεῖν
608 4119 665 4170 ὲν
688 4120 856 4171 πᾶσι·
890 4120 1143 4188 φαίνεται
1168 4120 1225 4173 δὲ
1257 4123 1406 4192 ὅμως
1432 4123 1527 4177 καὶ
1561 4125 1619 4177 ὲν
1655 4125 1838 4191 αὐτοῖς
1866 4130 1980 4192 τοῖς

403 4211 667 4280 ἐρειπίοις
695 4213 787 4265 καὶ
820 4212 1096 4279 κολωνοῖς,
1126 4209 1214 4267 οἷα
1245 4214 1304 4280 ἐξ
1339 4217 1514 4285 ἀρχῆς
1546 4218 1765 4285 γέγονε,
1796 4219 1889 4272 καὶ
1917 4220 1979 4273 τὸ

403 4303 514 4353 τῶν
567 4303 895 4374 οίκοδομιῶν
956 4305 1188 4374 μέγεθος
1220 4309 1315 4360 καὶ
1365 4307 1582 4370 κάλλος.
1622 4310 1688 4361 Τί
1737 4310 1845 4379 γὰρ
1878 4312 1977 4363 οὐκ

403 4388 471 4461 ἦν
499 4395 606 4446 τῶν
636 4398 693 4448 ὲν
722 4395 860 4465 αὐτῇ
883 4397 1081 4463 καλὸν;
1115 4398 1223 4451 Καὶ
1245 4399 1306 4450 οὐ
1332 4400 1492 4468 μόνον
1520 4401 1852 4469 συγκείμενα
1880 4404 1974 4455 καὶ

2085 3217 2204 3255 rum
2245 3216 2352 3256 non
2378 3202 2535 3271 plane
2580 3213 2833 3272 expertes
2863 3214 3013 3269 sunt,
3075 3204 3309 3272 plurima
3348 3206 3415 3257 de
3465 3205 3554 3259 illa
3608 3205 3663 3259 in

2083 3292 2300 3359 scriptis
2336 3293 2534 3347 habere
2568 3294 2843 3348 existimo.
2881 3294 2983 3348 Sed
3020 3309 3119 3363 ego
3172 3295 3265 3364 qui
3321 3295 3433 3349 haec
3464 3295 3530 3347 ad
3564 3294 3666 3364 hy-

2081 3367 2338 3452 perbolen
2392 3384 2557 3439 abiis
2605 3384 2710 3439 dici
2773 3386 3055 3453 putabam,
3119 3401 3264 3440 nunc
3310 3386 3445 3439 nihil
3497 3400 3660 3454 supra

2080 3490 2244 3543 quam
2278 3490 2365 3529 res
2400 3476 2562 3530 habet
2589 3475 2697 3529 dici
2742 3477 2899 3530 video
2931 3493 2945 3529 :
2988 3477 3114 3529 talia
3153 3486 3279 3531 sunt
3311 3491 3374 3530 ca
3428 3490 3549 3545 quae
3582 3475 3665 3527 vi-

2079 3566 2296 3620 dentur.
2333 3565 2481 3619 Licet
2522 3566 2655 3621 nihil
2720 3568 2889 3620 ferme
2928 3568 3194 3636 integrum
3249 3567 3566 3635 salvumque
3607 3566 3660 3618 in

2079 3673 2140 3712 ea
2169 3661 2532 3724 remanserit,
2575 3675 2674 3714 nec
2722 3659 3025 3729 quidquam
3076 3660 3303 3713 omnino
3343 3660 3413 3714 ab
3458 3659 3660 3728 injuria

2079 3749 2321 3803 immune
2342 3752 2583 3819 reperire
2606 3751 2765 3806 liceat
2794 3767 2954 3805 :cum
2983 3752 3089 3807 alia
3113 3752 3330 3821 quidem
3353 3766 3451 3805 sua
3468 3758 3662 3819 sponte

2079 3854 2193 3908 prae
2221 3824 2773 3907 temporisvetustate
2797 3842 3057 3908 collapsa,
3088 3842 3191 3894 alia
3221 3841 3490 3893 violentas
3521 3854 3656 3907 quo-

2082 3930 2330 3982 rumdam
2366 3944 2560 3983 manus
2582 3942 2803 3997 experta
2858 3930 3080 3983 fuerint.
3121 3929 3254 3983 Nam
3289 3940 3344 3984 et
3375 3930 3499 3983 huic
3537 3930 3659 3983 urbi

2083 4019 2222 4073 idem
2239 4021 2382 4089 quod
2414 4030 2615 4074 nostra:
2633 4020 2854 4083 accidit,
2885 4030 2941 4075 ut
2975 4022 3086 4089 ipsa
3111 4021 3212 4076 sibi
3236 4022 3577 4075 metallorum
3598 4036 3661 4073 ac

2083 4112 2501 4181 lapicidiuarum
2541 4112 2660 4166 loco
2683 4125 2827 4167 esset
2866 4129 2881 4167 :
2910 4122 2963 4165 et
3002 4113 3145 4181 quod
3174 4113 3240 4166 de
3270 4113 3523 4166 universo
3559 4113 3661 4167 hoc

2091 4205 2349 4268 dicimus,
2386 4205 2501 4274 ipsa
2526 4220 2554 4257 a
2587 4204 2763 4273 seipsa
2798 4203 3099 4258 nutriretur
3125 4212 3180 4256 et
3223 4212 3656 4259 consumeretur.

2082 4298 2286 4353 Deiecit
2306 4307 2485 4351 autem
2510 4298 2678 4351 ferme
2701 4297 2753 4350 in
2770 4296 3053 4351 omnibus:
3079 4296 3434 4350 nihilominus
3452 4296 3503 4347 in
3527 4295 3661 4363 ipsis

2080 4391 2245 4446 etiam
2296 4390 2470 4445 ruinis
2499 4405 2562 4444 ac
2594 4390 2882 4444 ruderibus
2910 4397 3155 4459 apparet,
3186 4387 3366 4457 qualis
3395 4386 3660 4455 principio

406 4486 773 4554 συνεστηκότα
794 4482 861 4557 ἦν
888 4487 995 4558 ἄρα
1022 4490 1186 4553 καλὰ,
1209 4490 1343 4544 ἀλλὰ
1365 4493 1455 4543 καὶ
1484 4492 1823 4564 διαιρεθέντα
1848 4494 1983 4549 καλὰ

2097 4486 2279 4551 fuerit,
2302 4494 2416 4538 tum
2446 4494 2842 4540 structurarum
2877 4486 3191 4554 magnitudo
3207 4495 3262 4539 et
3292 4483 3658 4553 pulchritudo.

404 4578 655 4643 φαίνεται
680 4592 696 4607 ο
735 4574 845 4629 οἷον
878 4577 1132 4647 σώματος
1156 4580 1279 4631 ὅλου
1312 4578 1500 4645 καλοῦ,
1526 4584 1649 4652 χεὶρ
1676 4581 1707 4650 ἢ
1753 4582 1908 4645 ποῦς,
1936 4582 1969 4653 ἢ

404 4669 614 4739 κεφαλὴ
636 4669 773 4739 καλή
797 4685 811 4701 ο
839 4672 931 4723 καὶ
952 4670 1188 4738 μεγάλου
1217 4669 1469 4741 σώματος
1494 4670 1727 4724 ἕκαστον
1744 4672 1850 4723 τῶν
1877 4689 1970 4740 με·

401 4759 507 4811 λῶν
535 4761 696 4827 μέγα.
722 4761 837 4813 Οὐκ
867 4761 1020 4828 ὀλίγα
1041 4760 1096 4812 δὲ
1118 4762 1296 4813 αὐτῶν
1320 4763 1510 4831 καὶτῷ
1541 4763 1778 4833 πλείστῳ
1810 4762 1970 4832 μέρει

405 4854 705 4919 μεμένηκε.
738 4853 847 4905 Καὶ
874 4852 1043 4905 πολλὰ
1082 4852 1139 4905 δὲ
1170 4852 1277 4905 τῶν
1311 4856 1369 4905 ὲν
1398 4856 1463 4923 τῇ
1506 4854 1717 4908 Ἐλλάδι
1749 4855 1971 4922 γεγονό-

400 4961 531 5007 των,
570 4944 644 5005 ὠς
700 4943 908 4995 ἔνεστιν
960 4944 1068 4996 ἀπὸ
1114 4945 1225 4997 τῶν
1276 4948 1333 4998 ἐν
1391 4946 1573 5006 αὐτοῖς
1626 4947 1971 5016 γραμμάτων

406 5034 555 5095 ἰδεῖν,
588 5034 646 5086 ὲν
698 5036 833 5103 αὐτῇ
863 5033 1178 5087 δείκνυται·
1211 5036 1385 5098 κίονες
1432 5037 1527 5089 καὶ
1565 5036 1703 5089 λίθοι
1731 5054 1970 5107 περιφα-

399 5127 535 5188 νεῖς,
568 5127 664 5179 καὶ
694 5130 885 5195 στῆλαι
922 5127 1018 5179 καὶ
1040 5127 1357 5195 ἀγάλματα,
1382 5129 1476 5180 καὶ
1505 5127 1840 5197 ἀνδριάντες,
1876 5128 1971 5182 καὶ

401 5216 708 5287 γράμματα
767 5218 998 5271 πλεῖστα
1046 5210 1338 5286 Ἑλληνικά
1392 5218 1486 5272 τοῦ
1537 5219 1825 5271 καλλίστου
1874 5222 1971 5274 καὶ

400 5309 633 5377 ἀρχαίου
681 5307 875 5363 τύπου.
937 5310 1116 5363 Πολλὰ
1162 5312 1341 5365 δὲκαὶ
1386 5312 1512 5380 τῇδε
1563 5312 1619 5363 ἐν
1655 5313 1789 5382 αὐτῇ
1839 5315 1969 5383 παρ’

413 5399 682 5470 Ἑλλήνων
713 5403 960 5470 γέγονεν,
994 5404 1069 5466 ὡς
1105 5403 1314 5469 ἔξεστιν
1351 5404 1458 5459 ἀπὸ
1499 5404 1606 5457 τῶν
1644 5406 1970 5476 ἐπιγραφῶν

402 5489 533 5543 ίδείν
555 5508 569 5521 ·
600 5491 695 5544 καὶ
726 5491 975 5559 φαίνεται
1007 5492 1133 5556 τούς
1156 5510 1212 5547 τε
1247 5494 1466 5555 πολίτας
1493 5495 1683 5564 αὐτῆς,
1713 5496 1787 5557 ὡς
1819 5496 1969 5566 παρὰ

395 5584 507 5635 τῶν
556 5584 806 5654 ἱστοριῶν
856 5586 1150 5655 ἀκούομεν,
1200 5588 1405 5656 σφόδρα
1462 5590 1574 5650 τοῖς
1634 5588 1969 5657 Ἑλληνικοῖς

368 5676 646 5747 ἥδεσθαι,
702 5678 796 5730 καὶ
831 5678 1115 5743 πλείστους
1148 5680 1251 5733 τῶν
1283 5680 1565 5758 ἡμετέρων
1608 5682 1877 5752 ’Έλληνας
1911 5685 1967 5735 ὲν

393 5767 535 5837 αὖτῇ
567 5767 838 5835 γενέσθαι.

2079 4577 2217 4644 Quid
2263 4578 2407 4630 enim
2433 4578 2486 4629 in
2511 4592 2573 4630 ea
2599 4592 2705 4630 non
2742 4576 3027 4645 pulchrum
3067 4574 3213 4629 fuit?
3246 4572 3357 4628 Nec
3376 4572 3661 4628 solumiu-

2078 4679 2224 4737 tegra
2254 4679 2306 4722 et
2328 4669 2615 4737 conjuncta
2633 4668 2858 4737 pulchra
2879 4677 3053 4731 erant,
3072 4666 3167 4721 sed
3191 4666 3418 4732 disjecta
3444 4678 3659 4733 quoque

2077 4777 2142 4815 ac
2186 4762 2359 4815 divisa
2392 4761 2935 4829 pulchraappareut.
2964 4757 3436 4825 Quemadmodum
3470 4757 3523 4810 in
3576 4758 3659 4808 in-

2079 4861 2231 4923 tegro
2251 4868 2486 4922 corpore
2527 4853 2757 4922 pulchro
2816 4867 3011 4907 manus
3056 4851 3141 4906 vel
3191 4866 3327 4921 pes,
3358 4849 3445 4905 vel
3495 4853 3661 4919 caput

2080 4946 2363 5012 pulchrum
2389 4954 2512 5009 est;
2550 4952 2604 4997 et
2636 4944 2685 4996 in
2729 4958 2927 5011 magno
2977 4957 3203 5012 corpore
3232 4943 3656 5011 unumquodque

2078 5037 2381 5090 membrmn
2416 5050 2693 5103 magnum.
2739 5035 2844 5088 Sed
2894 5049 3001 5087 non
3037 5048 3208 5103 pauca
3257 5035 3448 5087 horum
3493 5036 3654 5087 etiam

2078 5128 2313 5182 maxima
2341 5127 2425 5182 sui
2454 5136 2606 5197 parte
2651 5135 3072 5182 remanserunt:
3100 5134 3214 5180 tum
3270 5126 3439 5179 multa
3466 5141 3653 5179 eorum

2076 5236 2195 5289 qua!
2228 5221 2279 5273 in
2316 5219 2526 5274 Graecia
2554 5219 2682 5273 olim
2709 5219 2992 5282 exstitere,
3027 5226 3169 5272 utex
3200 5217 3654 5286 inscriptionibus

2077 5313 2262 5366 vidrre
2317 5312 2466 5375 licet,
2528 5311 2582 5366 in
2615 5327 2679 5365 ea
2740 5312 3039 5366 visuntur:
3104 5312 3395 5373 columnae,
3436 5307 3648 5376 lapides

2075 5403 2283 5467 eximii,
2320 5414 2536 5468 statuae,
2605 5404 2784 5473 signa,
2819 5404 3104 5473 imagines,
3153 5403 3510 5470 plurimaque
3563 5400 3649 5450 in-

2077 5498 2401 5566 scriptiones
2446 5498 2667 5561 Grzecaa,
2714 5496 3097 5565 pulcherrima:
3146 5509 3208 5547 ac
3257 5492 3456 5545 veteris
3486 5499 3645 5544 notas.

2077 5590 2241 5644 Multa
2264 5605 2481 5659 quoque
2506 5590 2593 5643 hic
2623 5591 2673 5642 iu
2715 5590 2836 5657 ipsa
2885 5588 3020 5640 urbe
3082 5599 3111 5638 a
3142 5582 3345 5638 Grmcis
3394 5579 3533 5634 facta
3567 5579 3650 5631 fu-

2074 5698 2186 5744 cre,
2226 5690 2283 5735 ut
2309 5698 2372 5735 ex
2406 5681 2853 5750 inscriptionibus
2879 5678 3060 5731 videre
3090 5682 3195 5727 est.
3230 5673 3292 5724 Et
3326 5671 3471 5725 cives
3502 5670 3644 5736 ejus,

2077 5790 2228 5827 mea
2300 5775 2540 5827 historiis
2595 5771 2995 5840 cognoscimus,
3059 5767 3410 5819 vehementer
3478 5768 3644 5819 rebus

391 5861 597 5919 armis
651 5862 819 5917 fuisse
852 5862 1163 5931 delectatos,
1192 5866 1562 5936 plurimosque
1611 5875 1921 5922 nostrorum

2087 5881 2299 5922 acorum
2356 5867 2405 5919 iu
2469 5880 2530 5919 ea
2563 5864 2762 5915 vixisse
2828 5866 3073 5925 apparet.
