4144 6282
540 154 566 175 υ

496 382 499 385 <
530 350 597 414 31
1698 340 2094 407 MANUELIS
2134 341 2664 408 CHRYSOLORI
3731 343 3803 407 3?.

600 458 706 512 Sed
735 458 837 511 ista
862 455 1080 527 quidem
1134 456 1505 525 prmtermitto.
1554 455 1670 509 Duo
1722 464 1903 507 autem
1955 450 2119 507 lumi-
2150 458 2190 509 Α

531 548 708 609 naria,
752 548 833 601 vel
885 546 1047 612 sules,
1093 555 1187 600 aut
1237 547 1406 600 cados
1464 547 1703 614 integros
1746 544 1837 598 Dei
1891 543 2117 614 gloriam

530 650 877 701 enarrantes,
911 638 1151 702 l’etrum,
1216 638 1540 708 inquam,et
1587 637 1837 702 Paulum,
1889 650 2121 705 quorum

532 731 777 799 reliquiae
817 732 903 784 hic
934 732 1052 784 sitae
1085 740 1248 794 sunt;
1284 738 1338 784 et
1368 731 1434 782 ad
1484 745 1718 797 quorum
1769 737 2123 781 monumenta

536 823 648 875 hzec
687 822 891 887 scribo,
930 825 1055 889 quis
1120 822 1280 892 digne
1326 821 1733 875 admirabitur?
1783 820 1912 890 quid
1941 819 2007 873 de
2039 828 2125 871 to-

534 916 641 969 tius
669 915 822 969 orbis
854 916 919 968 ad
960 915 1203 979 eosdem,
1262 914 1429 967 veluti
1464 929 1783 968 communes
1855 912 2125 982 quosdam

532 1003 839 1073 pra-lectos,
872 1006 1174 1071 ducesque,
1199 1011 1295 1057 aut
1320 1003 1581 1070 praesides
1622 1018 1891 1057 concursu
1916 1000 2129 1057 dicam?

539 1095 867 1150 Miraculum
917 1094 1159 1161 profecto
1188 1105 1273 1149 est
1318 1094 1503 1148 videre
1550 1096 1618 1148 ab
1668 1094 1955 1162 llispauia,
2013 1092 2129 1149 sive

540 1185 713 1238 lbrria
749 1195 801 1241 ct
836 1186 1028 1253 Gallia,
1096 1186 1401 1256 insulisque
1444 1185 1793 1252 Britannicis,
1827 1198 1878 1240 et
1914 1186 1958 1240 si
2009 1202 2131 1251 quae

537 1277 769 1330 ulterius
799 1293 986 1331 versus
1029 1278 1365 1332 occidentem
1407 1278 1489 1331 vel
1550 1278 1860 1346 aquilonem
1893 1277 2129 1332 distent:

538 1378 650 1420 tum
687 1368 846 1421 ctiam
893 1384 959 1422 ex
1009 1368 1327 1435 Germania,
1388 1368 1659 1421 Sarmatia
1713 1377 1769 1422 et
1826 1368 2131 1434 Pannonia,

538 1461 827 1515 nonnullos
873 1476 998 1514 vero
1028 1462 1189 1515 etiam
1216 1476 1280 1514 ex
1344 1458 1552 1514 Graecia
1601 1470 1654 1513 et
1708 1459 1835 1514 Asia
1899 1468 1951 1514 et
2006 1459 2134 1529 qui-

538 1553 859 1626 buscunque
899 1554 1023 1608 aliis
1073 1569 1136 1607 ex
1177 1554 1311 1607 locis
1364 1553 1511 1622 (quis
1560 1554 1706 1607 enim
1771 1568 1962 1607 omnes
2000 1568 2137 1607 enu-

541 1661 753 1697 lucrare
780 1644 1067 1715 posse”),
1101 1660 1205 1698 non
1243 1645 1392 1698 viros
1430 1646 1608 1699 Solum
1658 1644 1905 1714 cujusvis
1959 1644 2137 1698 aetatis

541 1746 596 1789 et
647 1736 1029 1805 professionis,
1084 1736 1179 1791 sed
1222 1746 1275 1789 et
1306 1722 1662 1805 feminas'per
1694 1746 1800 1789 tam
1834 1734 2128 1803 longinqua

545 1828 761 1893 itinera,
824 1843 918 1895 per
943 1837 1021 1882 tot
1092 1828 1336 1897 pericula
1371 1840 1424 1882 et
1494 1829 1748 1889 labores;
1802 1843 1896 1897 per
1934 1827 2129 1897 frigus,

545 1920 743 1985 lutum,
775 1919 1073 1987 pulverem,
1106 1930 1296 1974 {I'Slllm
1326 1928 1380 1972 et
1434 1918 1719 1972 mol-stias‘
1747 1918 1852 1972 bne
1909 1921 2135 1971 venien-

545 2024 647 2078 tes,
678 2023 737 2066 ut
773 2028 955 2067 arcam
1010 2023 1063 2068 et
1094 2013 1359 2075 loculum,
1388 2021 1440 2067 et
1489 2012 1856 2066 conditorium
1914 2021 2137 2081 aposto-

548 2107 752 2167 lorum,
795 2106 955 2174 idque
981 2106 1196 2160 eminus
1226 2115 1276 2159 et
1308 2121 1404 2175 per
1434 2106 1675 2161 cortinas
1746 2121 1810 2160 ac
1859 2106 2135 2161 cancellos

551 2198 797 2249 aduri-nt.
831 2194 899 2249 Ut
934 2197 1164 2264 pulveri,
1200 2211 1261 2249 ac
1292 2196 1430 2259 solo,
1474 2205 1526 2249 et
1556 2196 2140 2251 circumatnbientibus

551 2287 779 2356 lapideis
821 2290 1118 2357 ferreisque
1148 2287 1405 2343 claustris
1455 2288 1645 2344 faciem
1678 2299 1733 2342 et
1764 2289 1941 2358 capita
1978 2305 2143 2359 appo-

551 2389 769 2440 neules.
799 2390 1106 2435 servatores
1163 2381 1552 2451 dominosque,
1604 2392 1679 2447 et,
1712 2390 1771 2435 ut
1836 2380 1971 2447 dixi,
2000 2382 2144 2437 soles

551 2474 700 2527 orbis
728 2484 993 2528 terrarum
1024 2488 1119 2527 eos
1165 2474 1482 2542 praedicent.
1521 2472 1588 2529 Ut
1614 2483 1737 2543 post
1769 2483 1848 2528 tot
1870 2488 2043 2529 annos
2072 2477 2143 2531 ob

555 2565 994 2629 praedicationem
1049 2564 1311 2628 veritatis,
1352 2574 1406 2617 et
1435 2562 1505 2617 ab
1533 2578 1721 2618 errore
1776 2578 1843 2618 ac
1900 2564 2144 2619 tenebris

553 2654 966 2708 conversionem
1021 2656 1223 2725 gratias
1272 2664 1453 2726 agant,
1504 2655 1667 2722 idque
1695 2656 1748 2709 itt
1797 2669 1857 2709 ea
1890 2655 2048 2719 urbe.
2087 2665 2145 2712 et

554 2744 608 2798 iu
667 2745 756 2799 illo
784 2745 1034 2813 imperio,
1072 2746 1160 2799 ubi
1196 2746 1296 2813 ipsi
1354 2746 1465 2799 haec
1519 2745 1874 2813 praedicantes
1914 2756 2144 2800 mortem

556 2838 855 2908 oppetiere.
887 2838 977 2890 ubi
1007 2852 1037 2890 a
1075 2837 1320 2891 veritatis
1374 2838 1705 2891 adversariis
1760 2847 1910 2892 tanta
1957 2856 2151 2907 super-

557 2934 728 2999 stitio,
759 2940 1055 3001 tantusque
1083 2947 1238 2986 error
1280 2932 1624 2986 introductus
1659 2933 1778 2999 fuit,
1816 2944 2057 3003 quantus
2082 2951 2145 2988 ex

558 3027 740 3091 idolis,
793 3027 987 3080 statuis
1065 3025 1391 3094 templisque
1466 3025 1708 3094 ipsorum
1783 3025 2148 3080 demonstrari

2318 455 2479 508 Ἀλλά
2500 455 2672 509 ταῦτα
2707 455 2807 524 μὲν
2837 454 2912 509 ἐῶ
2937 470 2950 486 ο
2981 454 3106 515 τοὺς
3130 453 3187 507 δὲ
3206 453 3302 509 δύο
3331 452 3645 522 φωστῆρας,
3673 452 3706 523 ἢ
3737 454 3805 522 1‘)-

2224 546 2367 609 λιους
2383 547 2415 616 ἢ
2432 547 2703 617 οὐρανοὺς
2735 549 2910 609 ὅλους,
2934 548 3032 615 τὴν
3048 546 3141 599 τοῦ
3162 545 3299 599 Θεοῦ
3332 546 3492 609 δόξαν
3512 543 3807 614 διηγουμέ-

2226 654 2372 699 νους,
2399 638 2602 706 Πέτρον
2625 638 2770 708 φημὶ
2785 638 2877 691 καὶ
2898 637 3133 703 Παῦλον,
3154 632 3229 693 ὧν
3246 638 3316 691 τὰ
3331 637 3560 706 λείψανα
3572 636 3805 690 ἐνταῦθα

2227 732 2426 794 κεῖται,
2461 732 2553 785 καὶ
2587 728 2660 783 ὧν
2692 734 2787 785 ἐπὶ
2834 735 2932 799 τῆς
2984 732 3204 801 μνήμης
3244 731 3416 786 ταῦτα
3457 731 3679 799 γράφω,
3718 728 3806 791 τίς

2230 823 2298 877 ἂν
2338 825 2504 887 ἀξίως
2533 824 2804 894 ἀγαθείης
2838 825 2891 878 τί
2919 824 2977 878 δὲ
3009 824 3106 894 τὴν
3144 825 3222 887 είς
3252 825 3475 886 τούτους
3510 822 3700 893 ὥσπερ
3726 823 3807 885 εἰς

2229 916 2447 979 κοινούς
2476 933 2630 980 τινας
2668 920 2958 987 σατράπας
3002 918 3095 970 καὶ
3132 917 3431 987 ἡγεμόνας.
3462 916 3494 985 ἢ
3539 916 3802 980 ὑπάτους.

2232 1010 2536 1078 συνδρομὴν
2584 1009 2766 1079 πάσης
2810 1011 2910 1079 τῆς
2964 1009 3325 1079 οἰκουμένηςς
3376 1008 3579 1078 Θαῦμα
3638 1007 3809 1071 ὅντως

2199 1098 2378 1153 ¹ἔστιν
2414 1101 2541 1153 ἰδεῖν
2590 1102 2699 1154 ἀπὸ
2734 1100 3018 1165 Ἱσπανίας
3062 1100 3156 1152 καλ⁸
3192 1100 3453 1169 Ἰϐηρίας,
3499 1101 3591 1152 καὶ
3634 1099 3809 1152 Γαλα-

2231 1192 2373 1255 τίας,
2406 1193 2505 1257 καὶ,
2530 1190 2637 1243 τῶν
2660 1191 3009 1262 Βρετανικῶν
3041 1192 3243 1261 νήσων,
3276 1191 3371 1244 καὶ
3406 1190 3515 1243 τῶν
3554 1189 3634 1243 ἔτι
3666 1189 3811 1243 δυτι-

2235 1283 2490 1353 κωτέρων
2521 1284 2574 1337 ετ
2617 1300 2760 1346 τινες
2791 1278 2903 1336 εἷεν
2935 1283 2968 1351 ἢ
3014 1283 3431 1352 ἀρτικωτέρων,
3471 1280 3551 1334 ἔτι
3602 1281 3660 1333 δὲ
3702 1281 3810 1333 ἀπὸ

2235 1375 2552 1444 Γερμανίας
2582 1377 2676 1428 καὶ
2714 1373 3053 1443 Σαρματίας,
3090 1375 3186 1427 καὶ
3218 1371 3539 1435 Παννονίας,
3570 1373 3724 1433 τινας
3752 1371 3811 1423 δὲ

2236 1470 2330 1520 καὶ
2361 1467 2467 1521 τῶν
2497 1467 2602 1520 ἀπὸ
2629 1467 2731 1537 τῆς
2756 1466 3009 1527 Ἑλλάδος
3039 1466 3135 1519 καὶ
3165 1466 3373 1528 Ἀσίας,
3400 1464 3497 1516 καὶ
3522 1463 3631 1516 τῶν
3664 1463 3815 1515 ὁθεν-

2236 1561 2332 1614 οῦν
2358 1561 2583 1615 ἄλλοθεν
2614 1562 2719 1625 (τίς
2746 1562 2854 1632 γὰρ
2885 1562 2952 1615 ἂν
2992 1557 3100 1623 οἶός
3148 1559 3197 1611 τ’
3227 1559 3312 1630 εῐη
3344 1559 3554 1621 πάντας
3582 1557 3811 1611 καταλέ-

2239 1653 2421 1721 γιινς)
2477 1654 2577 1705 οὐκ
2626 1654 2831 1724 ἄνδρας
2870 1654 3034 1723 μόνον
3088 1651 3270 1719 πάσης
3316 1650 3536 1721 ἡλικίας
3588 1666 3666 1714 τε,
3722 1649 3816 1701 καὶ

2173 1786 2213 1842 Β
2242 1745 2464 1815 τέχνης,
2514 1745 2648 1798 ἀλλά
2681 1746 2776 1798 καὶ
2800 1747 3064 1813 γυναῖκας
3107 1744 3205 1814 ἤδη
3258 1745 3346 1796 διὰ
3388 1742 3661 1795 τοσούτων
3694 1740 3805 1808 ⁸μὲν

2239 1836 2396 1903 ὁδῶν,
2434 1837 2704 1891 τοσούτων
2746 1838 2843 1890 καὶ
2872 1836 3153 1901 κινδύνων,
3185 1836 3276 1890 διὰ
3320 1834 3596 1888 τοσούτων
3625 1833 3682 1886 δὲ
3710 1831 3813 1883 πό-

2242 1946 2372 1993 νων,
2414 1931 2507 1982 καὶ
2531 1929 2759 1998 ψύχους,
2790 1928 2898 1991 ,καὶ
2946 1927 3143 1999 πηλοῦ,
3173 1930 3268 1981 καὶ
3305 1927 3531 1995 κόνεως,
3576 1925 3670 1977 καὶ
3698 1923 3817 1976 πνί-

2242 2038 2395 2089 γους,
2445 2021 2539 2074 καὶ
2572 2020 2990 2087 ταλαιπωριῶν,
3040 2019 3202 2087 δεῦρο
3248 2018 3685 2086 ἀφικνουμένας,
3731 2015 3818 2067 ἵνα

2240 2116 2340 2185 τὴν
2357 2115 2622 2181 λάρνακα,
2647 2114 2738 2165 καὶ
2755 2113 2853 2182 τὴν
2877 2112 3072 2182 θήκην,
3094 2112 3189 2163 καὶ
3207 2111 3304 2180 τὴν
3331 2109 3508 2178 σορόν,
3530 2105 3820 2161 καὶταῦτα

2244 2202 2530 2274 πόρρωθεν
2565 2203 2657 2253 καὶ
2690 2201 2778 2254 διὰ
2830 2199 3343 2268 καταπετασμάτων
3386 2199 3480 2251 καὶ
3527 2196 3822 2263 κιγκλίδων

2244 2295 2355 2347 τῶν
2389 2293 2696 2346 ἀποστόλων
2733 2292 3188 2362 προσκυνήσωσιν
3209 2306 3223 2321 ⁸
3258 2290 3346 2343 ἵνα
3384 2289 3567 2352 θέντες
3602 2289 3693 2342 ἐπὶ
3723 2287 3824 2355 τῆς

2248 2387 2472 2451 κόνεως,
2508 2386 2601 2437 καὶ
2650 2384 2746 2437 τοῦ
2784 2383 3038 2451 ἐδάφους,
3084 2385 3178 2437 καὶ
3206 2382 3314 2436 τῶν
3343 2381 3824 2451 περιφραττόντων

2245 2478 2432 2544 λίθων,
2464 2479 2561 2533 καὶ
2595 2461 2832 2547 σιδηρων
2879 2476 2947 2529 τὰ
2998 2477 3251 2544 μέτωπα,
3285 2474 3380 2526 καὶ
3410 2474 3508 2533 τὰς
3557 2470 3823 2538 κεφαλὰς,

2250 2571 2500 2640 σωτῆρας
2532 2567 2757 2643 αὐτοὺς,
2788 2567 2883 2622 καὶ
2927 2567 3219 2633 δεσπότας,
3249 2567 3346 2620 καὶ
3379 2565 3588 2636 ἡλίους,
3631 2561 3825 2632 ὥσπερ

2246 2660 2427 2725 εἷπον,
2472 2661 2573 2728 τῆς
2614 2660 2943 2728 οἰκουμένης
2989 2657 3479 2724 ἀναφθέγξωνται·
3542 2654 3630 2707 ἵνα
3684 2655 3826 2723 μετά

2249 2750 2489 2806 τοσαῦτα
2515 2750 2614 2818 ἐτη
2637 2747 2731 2801 τοῦ
2754 2746 3113 2818 κηρύγματος
3144 2747 3307 2816 χάριν
3335 2747 3519 2803 αὐτοῖς
3554 2746 3652 2813 τῆς
3682 2744 3822 2814 ἀλη-

2250 2842 2424 2902 θείας,
2460 2840 2553 2891 καὶ
2605 2837 2707 2905 τῆς
2755 2838 2862 2889 ἀπὸ
2887 2835 2994 2905 τῆς
3037 2834 3265 2905 πλάνης,
3315 2835 3412 2888 καὶ
3461 2834 3554 2887 τοῦ
3599 2835 3827 2896 σκότους

2251 2930 2576 2998 ἀπαλλαγῆς
2610 2928 3015 2998 ὁμολογήσωσι,
3044 2927 3138 2979 καὶ
3161 2925 3337 2978 ταῦτα
3369 2925 3461 2976 ἐπὶ
3486 2924 3586 2992 τῆς
3614 2925 3829 2991 πόλεως

2253 3020 2488 3089 ἐκείνης,
2528 3019 2620 3072 καὶ
2657 3019 2755 3087 τῆς
2788 3018 2963 3087 ἀρχῆς
2998 3015 3235 3085 ἐκείνης,
3267 3016 3328 3067 ὲν
3430 3014 3599 3067 ταῦτα
3627 3016 3830 3069 ἐκεῖνοι
3887 3074 3899 3084 ,

560 3126 760 3189 potest.
812 3114 963 3171 Unde
1006 3114 1184 3171 edicta
1213 3124 1402 3169 contra
1432 3115 1775 3170 Christianos
1829 3131 1923 3183 per
1976 3124 2146 3169 totum

2253 3113 2505 3182 λέγοντες
2551 3110 2844 3165 ἀπέθανον.
2886 3108 3057 3163 Ἔνθα
3077 3107 3317 3178 τοσαύτη
3354 3106 3578 3177 γέγονεν
3624 3109 3657 3178 ἡ
3698 3108 3832 3179 περὶ

560 3207 749 3261 urbem
790 3205 1125 3265 ferebantur,
1160 3213 1214 3259 et
1253 3204 1540 3258 carniﬁces
1598 3204 1652 3257 in
1682 3202 1901 3258 eosdem
1942 3203 2150 3257 immit-

563 3299 837 3353 tebantur.
886 3294 989 3351 Ubi
1032 3297 1141 3349 alio
1180 3295 1395 3363 quidem
1439 3297 1506 3347 in-
1538 3294 1661 3348 loco
1723 3293 1954 3348 Neronis
1998 3293 2149 3363 impii

562 3389 711 3445 illius
744 3387 1051 3453 homicidae,
1092 3386 1222 3441 alibi
1269 3372 1396 3439 vero
1427 3384 1777 3449 Diocletiani,
1828 3384 1954 3438 alibi
1984 3383 2154 3437 Maxio

567 3484 733 3538 niiaui
772 3492 1178 3552 persecutorunt
1215 3479 1470 3549 collapsas
1493 3478 1605 3548 jam
1631 3477 1960 3547 deiectaeque
1988 3478 2150 3543 ardes,

566 3582 620 3628 et
646 3572 874 3635 mutila',
911 3584 975 3623 ac
1002 3568 1328 3624 semifractaa
1365 3567 1858 3624 statuzeivisuntur.
1896 3565 2001 3622 Sed
2040 3567 2155 3619 haec

566 3667 786 3733 quidem
827 3672 1201 3727 monumenta,
1257 3663 1383 3716 licet
1415 3661 1828 3729 imperatorum,
1855 3670 1905 3714 et
1960 3661 2051 3728 qui
2084 3659 2158 3715 is-

570 3768 655 3814 tos
674 3757 971 3828 aliquando
1015 3755 1277 3821 sistebant
1309 3754 1531 3823 judicio,
1567 3764 1615 3807 et
1650 3766 1704 3806 ut
1738 3754 2011 3822 mancipia
2045 3763 2152 3805 tra-

568 3852 814 3915 ctabant,
835 3850 1038 3904 cursim
1070 3858 1428 3917 praetereunt:
1455 3857 1509 3902 et
1538 3848 1667 3917 quid
1694 3848 1817 3901 dico
1846 3843 2160 3916 prreterirc?

569 3948 701 4017 quin
733 3947 911 4016 potius
970 3944 1183 3999 infestis
1207 3943 1447 3997 calcibus
1477 3952 1788 4017 proterunt,
1851 3950 1905 3995 et
1963 3940 2159 4009 pugnis

572 4040 796 4102 feriunt,
830 4035 1237 4106 atque,utdixi,
1288 4035 1562 4097 ututilaut,
1619 4043 1928 4103 conspuunt
1958 4043 2011 4085 et
2033 4032 2160 4085 sub-

574 4140 797 4185 vertunt
823 4144 837 4185 :
865 4130 1015 4183 hisce
1054 4136 1237 4181 autem
1269 4126 1618 4195 pauperculis
1643 4135 1693 4178 et
1725 4124 2050 4193 peregrinis.
2078 4113 2160 4174 vel

576 4224 760 4293 potius
793 4222 966 4277 servis
998 4236 1061 4275 ac
1099 4221 1331 4275 subditis
1358 4219 1597 4282 illorum,
1629 4214 1972 4285 professione
2000 4214 2153 4265 vitae-

575 4333 683 4387 que
713 4315 985 4375 instituto.
1013 4313 1311 4368 animorum
1368 4309 1671 4363 tectoribus
1701 4316 1754 4360 et
1788 4304 2162 4375 piscatoribus

578 4424 744 4476 quam
773 4409 1012 4461 maximo
1044 4404 1239 4473 gaudio
1294 4411 1348 4455 ct
1389 4401 1692 4469 voluptate,
1734 4406 1826 4450 aut
1862 4396 1909 4449 si
1966 4394 2150 4457 malis,

576 4518 703 4557 cum
742 4499 1096 4570 percussione
1127 4496 1385 4567 pectoris,
1437 4503 1492 4547 et
1520 4493 1827 4553 devotione,
1870 4488 2155 4558 lacryuiis-
2192 4488 2223 4538 ἴ

578 4596 875 4667 quecapita
906 4592 1171 4647 inclinant
1193 4599 1522 4649 servatores,
1541 4596 1598 4638 ut
1642 4583 1775 4645 dixi,
1802 4590 1856 4636 ct
1882 4581 2167 4650 praesides,

579 4706 679 4747 nec
707 4686 1049 4756 prmscntium
1079 4692 1288 4737 tantum
1322 4691 1483 4748 atque
1510 4690 1846 4731 terrenarum
1881 4674 2161 4736 dominos.

582 4784 677 4838 sed
715 4790 769 4836 et
820 4782 1085 4834 cmlorum
1131 4774 1399 4841 ianitores
1451 4785 1545 4825 eos
1604 4776 1878 4843 vocantes,
1934 4775 1987 4819 et
2037 4766 2168 4834 sibi,

583 4874 798 4931 aulicis.
826 4879 881 4926 et
908 4865 1290 4926 familiaribus,
1336 4871 1499 4931 atque
1548 4860 1664 4914 orbi
1715 4859 1970 4912 universo
2024 4857 2175 4910 salu-

587 4974 695 5022 teni
730 4971 1106 5033 exposcentes.
1166 4958 1245 5015 illi
1277 4965 1459 5011 autem
1511 4953 1659 5007 edito
1697 4960 1753 5005 et
1787 4949 2084 5018 conspicuo
2118 4948 2171 5000 in

586 5056 708 5115 loco
733 5055 933 5125 lapillis
963 5050 1255 5114 tesselatis,
1285 5048 1369 5102 vel
1398 5043 1765 5100 marmoribus
1802 5039 2173 5103 coloribusve,

589 5151 723 5222 quin
746 5149 911 5204 etiam
940 5151 1162 5215 argento
1185 5156 1334 5197 mero
1365 5148 1527 5209 atque
1584 5150 1717 5189 auro
1769 5132 1835 5187 ad
1898 5133 2175 5200 antiquam

593 5221 829 5311 speciem
865 5233 1057 5304 majori
1083 5232 1253 5288 forma
1307 5229 1593 5301 magnifice
1648 5223 1913 5279 efformati
1968 5221 2177 5289 sedent,

595 5343 853 5401 tauquam
884 5341 1039 5393 reges
1078 5325 1157 5379 vel
1189 5322 1482 5393 principes,
1548 5327 1643 5372 aut
1703 5328 2022 5372 communes
2064 5328 2183 5367 om-

598 5429 750 5483 nium
782 5422 1009 5485 domini,
1038 5420 1219 5473 claves
1262 5415 1463 5485 ligandi
1506 5409 1865 5476 solvendique‘
1901 5405 2183 5476 potestatis

598 5517 910 5590 Symbolum
935 5519 1205 5586 gerentes.
1263 5509 1590 5575 signumque
1640 5500 1854 5555 virtutis
1887 5509 1941 5553 et
2003 5506 2188 5549 auctu-

603 5585 785 5667 ritatis
814 5585 953 5678 ejus,
992 5604 1085 5675 qui
1127 5608 1450 5674 potestatem
1500 5596 1648 5649 illam
1714 5591 1885 5646 dedit.
1914 5588 1975 5642 Et
2002 5585 2185 5658 populi

608 5701 825 5771 quidem
868 5694 1125 5759 Romani,
1186 5702 1282 5749 aut
1328 5688 1457 5745 Julii
1514 5685 1767 5752 Cwsaris,
1798 5685 1878 5739 vel
1930 5679 2184 5749 Augusti,

612 5794 699 5849 vel
736 5791 1113 5863 cujuscunque
1146 5788 1373 5844 alterius
1406 5788 1758 5838 monumenta
1798 5776 1961 5830 etiam
2006 5773 2091 5830 hic
2127 5772 2181 5827 iu

2254 3207 2362 3260 τῶν
2394 3205 2551 3259 ἀντία
2575 3205 2683 3258 τῶν
2715 3202 2931 3273 ἀληθῶν
2966 3200 3361 3269 δεισιδαιμονία
3410 3216 3469 3252 τε
3502 3200 3597 3252 καὶ
3631 3200 3831 3268 πλάνη,

2254 3301 2354 3370 ὅση
2386 3298 2535 3368 παρὰ
2589 3296 2699 3349 τῶν
2749 3296 2840 3347 ἐπὶ
2892 3293 3103 3355 τούτοις
3156 3288 3413 3355 εἰδώλων,
3464 3277 3557 3341 καὶ
3599 3289 3826 3353 ξοάνων,

2255 3393 2350 3445 καὶ
2380 3392 2522 3445 ναῶν
2574 3390 2800 3443 δύναται
2831 3386 3165 3440 δείκνυσθαι.
3207 3385 3372 3439 Ὅθεν
3419 3385 3487 3435 τὰ
3528 3382 3673 3437 κατὰ
3722 3382 3831 3434 τῶν

2256 3481 2601 3554 Χριστιανῶν
2669 3478 2991 3549 ἁπανταχοῦ
3036 3478 3137 3546 τῆς
3192 3476 3521 3547 οἰκουμένης
3581 3474 3833 3543 δόγματα

2258 3577 2539 3646 ἐφέροντο.
2594 3574 2686 3627 καὶ
2724 3574 2773 3625 οἱ
2809 3572 2953 3625 κατὰ
2996 3571 3204 3623 τούτων
3252 3571 3440 3637 δήμιοι
3500 3569 3831 3637 ἐπέμποντο.

2259 3668 2436 3722 Ὅπου
2467 3660 2567 3718 ὦδε
2617 3664 2718 3734 μὲν
2748 3664 3004 3731 Νέρωνος
3050 3661 3145 3714 τοῦ
3180 3661 3436 3728 σφαγέως
3473 3661 3713 3722 ἐκείνου,
3747 3659 3837 3710 καὶ

2259 3760 2501 3822 ἀνοσίου,
2556 3754 2789 3811 ἐνταῦθα
2821 3754 2877 3807 δὲ
2927 3753 3345 3821 Διοκλητιανοῦ,
3392 3752 3587 3819 ἐκείνῳ
3625 3750 3680 3803 δὲ
3717 3751 3838 3804 Μα-

2261 3851 2517 3924 ξιμιανοῦ
2568 3851 2676 3904 τῶν
2729 3848 2976 3902 διωκτῶν
3030 3845 3529 3905 καταπεπτωκότες
3583 3843 3683 3912 ἤδη
3744 3841 3841 3894 καὶ

2260 3945 2710 4012 κατασκαφέντες
2769 3940 3047 4009 θάλαμοι,
3114 3939 3210 3991 καὶ
3263 3936 3678 4004 λελωϐημέναι,
3744 3934 3841 3986 καὶ

2264 4039 2597 4111 ὴμιρῤαγεϊς
2622 4035 2821 4103 στῆλαι
2852 4032 3112 4102 ὁρῶνται.
3156 4029 3320 4082 ’Λλλὰ
3345 4027 3551 4088 ταύτας
3590 4026 3712 4094 μὲν,
3744 4027 3842 4079 καὶ

2262 4133 2439 4187 ταῦτα
2491 4127 2759 4199 βασιλέων
2801 4124 3127 4192 γενομένας,
3170 4120 3268 4172 κοιλ¹
3311 4118 3509 4180 αύτούς
3557 4134 3689 4170 ποτε
3740 4134 3845 4168 πα-

2269 4221 2729 4295 ραστησαμένων,
2764 4218 2859 4270 καὶ
2896 4214 3367 4283 δουλευσαμένων,
3401 4210 3839 4281 παροιτρέχουσι⁹

2267 4317 2362 4369 καὶ
2394 4315 2445 4367 τί
2492 4312 2638 4379 λέγω
2694 4309 3145 4378 παρατρέχουσις
3195 4304 3400 4373 μᾶλλον
3459 4305 3560 4370 μὲν
3606 4299 3699 4356 οὖν
3746 4299 3848 4364 λὰξ

2267 4406 2596 4463 ὲνάλλονται,
2629 4404 2720 4454 καὶ
2753 4399 2860 4463 πὺξ
2893 4398 3138 4458 παίουσι,
3182 4396 3275 4448 καὶ
3314 4410 3377 4444 πε
3393 4391 3844 4462 ριρῤηγνύουσιν,

2272 4498 2465 4566 ὥσπερ
2517 4492 2694 4555 εἷπον,
2727 4491 2820 4544 καὶ
2848 4487 3245 4549 καταπτύουσι,
3293 4484 3384 4538 καὶ
3437 4481 3844 4550 ἀνατρέπουσι⁶

2271 4591 2486 4651 τούτοις
2516 4587 2573 4641 δὲ
2608 4585 2853 4645 πένουσι,
2892 4583 2985 4635 καὶ
3014 4580 3356 4639 ἀλλοδαποῖς,
3397 4576 3599 4644 μᾶλλον
3629 4574 3685 4627 δὲ
3723 4573 3849 4626 δού⁹

2273 4683 2407 4745 λοις,
2449 4682 2543 4733 καὶ
2594 4675 2861 4747 ὑπηκόοις
2892 4674 3140 4735 ἐκείνων,
3172 4669 3271 4739 τὴν
3320 4666 3596 4719 πολιτείαν
3648 4666 3742 4717 καὶ
3791 4664 3850 4716 τὸ

2276 4774 2427 4834 ἔθνος
2448 4767 2786 4839 γενομένοις,
2811 4763 3158 4835 σκηνοποιοῖς
3185 4760 3279 4813 καὶ
3308 4756 3545 4819 ἁλιεῦσι,
3574 4755 3694 4825 μεθ’
3719 4755 3851 4823 ὅσης

2278 4860 2344 4913 ἂν
2372 4859 2516 4910 εἴποι
2545 4874 2628 4920 τις
2654 4855 2899 4925 τέρψεως
2926 4850 3020 4905 καὶ
3053 4849 3266 4918 ἡδονῆς,
3297 4849 3345 4899 εί
3382 4846 3438 4899 δὲ
3478 4843 3659 4914 βούλει
3695 4859 3854 4910 στερ-

2278 4950 2561 5011 νοτυπίας,
2594 4946 2690 4999 καὶ
2724 4942 3035 5005 εὐλαϐείας,
3076 4940 3174 4991 καὶ
3201 4937 3455 5006 δακρύων
3487 4935 3730 4987 κλίνουσι
3754 4934 3852 4995 τὰς

2280 5041 2545 5108 κεφαλὰς,
2575 5037 2855 5105 σωτῆρας,
2884 5035 3025 5101 ὅπερ
3055 5028 3239 5093 εἷπον,
3267 5030 3360 5081 καὶ
3391 5027 3729 5095 προστάτας,
3761 5025 3855 5076 καὶ

2280 5132 2341 5183 ού
2380 5129 2487 5181 τῶν
2538 5126 2825 5196 παρόντων
2854 5123 2948 5175 καὶ
2988 5119 3193 5187 γηΐνων
3242 5115 3465 5183 κυρίους
3503 5113 3686 5181 μόνον,
3718 5110 3855 5163 ἀλλά

2282 5225 2378 5275 καὶ
2417 5219 2529 5273 τῶν
2558 5216 2807 5286 οὐρανῶν
2846 5213 3133 5282 πυλωροὺς
3179 5204 3633 5273 ἀνακαλούμενοι,
3670 5204 3855 5263 αὐτοῖς

2282 5334 2365 5379 τε,
2396 5315 2492 5368 καὶ
2522 5311 2719 5381 φίλοις,
2757 5307 2852 5360 καὶ⁵
2878 5304 3121 5365 οἰκείοις,
3150 5300 3246 5354 καὶ
3276 5301 3340 5367 τῇ
3373 5296 3669 5364 οἰκουμένῃ
3705 5294 3857 5364 πάσῃ

2287 5406 2414 5477 παρ’
2450 5402 2631 5457 αὐτῶν
2660 5400 2945 5469 εὐχόμενοι
2976 5393 3271 5463 σωτηρίαν.
3312 5390 3376 5445 Οἱ
3411 5388 3465 5440 δὲ
3502 5388 3765 5455 κάθηνται
3793 5386 3856 5435 ὲκ

2291 5474 2579 5569 περιωπῆς
2629 5492 2834 5548 ἄνωθεν
2895 5487 3121 5558 μεγάλοι
3179 5481 3492 5554 μεγαλωστὶ
3551 5474 3856 5569 ψηφῖσινῇ

2287 5566 2455 5651 λίθοις
2492 5587 2524 5656 ἥ
2554 5585 2863 5657 χρώμασιν,
2895 5582 2976 5633 ἔτι
3006 5581 3062 5633 δὲ
3092 5576 3319 5648 ἀργύρῳ
3365 5573 3510 5642 μόνῳ
3542 5574 3634 5624 καὶ
3669 5566 3856 5641 χρυσῷ

2292 5686 2373 5747 είς
2407 5683 2469 5735 τὸ
2498 5681 2724 5751 ἀρχαῖον
2763 5672 2902 5736 εἶδος
2954 5668 3351 5737 τετυπωμένοι,
3382 5662 3570 5731 ὥσπερ
3616 5660 3857 5730 βασιλεῖς

2293 5793 2461 5842 τινες,
2494 5774 2527 5846 ἢ
2564 5769 2853 5843 ἡγεμόνες,
2883 5765 2916 5836 ἦ
2967 5762 3135 5818 κοινοὶ
3166 5758 3382 5812 πάντων
3407 5754 3662 5809 δεσπόται
3712 5752 3858 5813 κλεῖς
