4144 6282
410 346 492 407 33
1460 342 1829 409 EPISTOLA
1871 345 1973 404 AD
2019 344 2372 405 JOANNEM
2417 344 2573 405 IMP.
3587 336 3657 402 34

406 449 647 523 ἔχοντες,
702 452 969 524 σύμϐολον
1000 450 1096 522 τῆς
1137 450 1419 521 δυνάμεως
1468 452 1563 505 τοῦ
1608 454 1842 521 δεσμεῖν,
1887 452 1980 503 καὶ

2092 453 2256 518 patria
2290 452 2533 519 ipsorum
2562 450 2814 521 plurimis
2850 450 3151 519 incognita,
3193 449 3410 518 pristini
3440 448 3658 505 decoris

402 545 576 611 λύειν,
625 548 721 599 καὶ
751 546 1019 615 σύμϐολον
1075 548 1173 614 τῆς
1206 546 1410 613 ίσχύος,
1441 546 1536 597 καὶ
1580 544 1736 610 ἀξίας
1766 543 1861 595 τοῦ
1885 543 1973 594 δε-

404 637 659 699 δωκότος.
715 638 821 690 Καὶ
850 637 917 689 τά
952 637 1049 706 μὲν
1103 636 1197 689 τοῦ
1228 637 1403 705 δήμου
1449 636 1558 688 τῶν
1593 634 1904 703 Ῥωμαίων,
1934 632 1967 704 ἢ

2080 542 2212 596 σοι-ο
2246 543 2468 607 amisso,
2512 543 2708 612 passim
2748 543 2984 611 collapsa
3030 543 3234 609 iacent.
3295 542 3501 595 Horum
3559 555 3658 595 au-

2076 640 2185 686 tem
2217 632 2410 686 ﬂorent
2448 633 2737 702 vigentque
2776 648 2868 701 per
2925 634 3112 687 orbem
3175 632 3512 686 universum.

405 729 474 780 τὰ
522 728 748 780 Ἰουλίου
802 728 1100 798 Καίσαρος,
1138 728 1171 798 ἢ
1223 727 1555 795 Αὐγούστου,
1606 726 1987 797 ἢούτινοσοῦν
2020 725 2204 787 ἄλλου,
2238 725 2515 778 κάνταῦθα
2555 727 2650 779 ἐπὶ
2687 728 2783 794 τῆς
2819 726 2999 780 αὐτῶν
3048 726 3306 795 πατρίδος
3378 725 3483 777 ﬁne
3544 724 3656 776 τῶν

408 820 677 873 πλείστων
741 820 1076 890 ἀγνοούμενα
1132 821 1421 892 ἀπήνθηκε
1500 821 1811 892 πανταχοῦ,
1872 823 1968 875 καὶ
1998 818 2392 891 ἀπερρύη·τά
2474 821 2530 872 δὲ
2595 820 2800 874 τούτων
2827 820 2917 873 διά
2948 821 3129 890 πάσης
3166 822 3264 889 τῆς
3335 818 3657 888 οἰκουμένης

408 914 559 965 ἀνθεῖ
585 914 677 964 καὶ
705 913 908 968 Θάλλει.

478 1006 778 1073 Μέμνημαι
826 1006 884 1057 δὲ
931 1006 1031 1074 τῆς
1072 1007 1129 1057 ὲν
1171 1004 1431 1076 Λονδινίῳ
1488 1006 1586 1076 τῆς
1634 1007 1972 1076 Βρετανικῆς

409 1098 496 1149 ἐπ’
525 1098 695 1166 αὐτῆς
722 1097 821 1165 τῆς
852 1097 958 1161 ἔξω
990 1097 1279 1166 θαλάττης,
1314 1101 1407 1150 καὶ
1434 1098 1971 1169 ὠκεανοῦ,δεύτερον

410 1188 524 1247 ἔτος
568 1189 719 1239 τουτὶ
755 1186 910 1255 ἐμοῦ,
945 1187 1041 1241 καὶ
1092 1188 1202 1240 τῶν
1238 1188 1338 1242 σὺν
1367 1190 1494 1257 ἐμοὶ
1539 1192 1842 1260 παρόντων,
1881 1190 1975 1242 καὶ

410 1279 699 1348 θεωμένων
718 1280 1018 1349 γενομένης
1049 1280 1233 1343 αὐτοῖς
1252 1282 1475 1351 πομπῆς
1502 1282 1591 1333 καὶ
1614 1283 1976 1351 πανηγύρεως

409 1372 561 1440 παρά
599 1370 709 1423 τῶν
751 1372 883 1423 ἐκεῖ.
917 1369 1172 1439 Καίσαρα
1220 1371 1277 1422 δὲ
1311 1371 1401 1423 τὸν
1434 1368 1663 1440 πρώτως
1695 1372 1981 1439 ὑπαγαγό-

411 1481 571 1530 μενον
591 1463 809 1528 αὐτοὺς,
830 1463 923 1516 καὶ
951 1454 1013 1515 οὗ
1046 1461 1279 1530 φρούρια
1311 1462 1391 1515 ἐτι
1415 1464 1509 1516 καὶ
1541 1464 1637 1516 νῦν
1668 1463 1816 1516 ἔστιν
1841 1464 1976 1527 ἐκεῖ,

409 1554 469 1607 τὸ
507 1555 604 1624 μὲν
628 1554 719 1606 ἐπὶ
748 1553 849 1622 τῆς
890 1552 1215 1615 διαϐάσεως,
1252 1554 1313 1605 τδ
1346 1555 1402 1607 δὲ
1446 1555 1535 1607 ἐπ’
1566 1555 1728 1608 αὐτοῦ
1762 1554 1854 1609 τοῦ
1893 1557 1981 1607 τό-

410 1665 535 1712 που,
570 1646 845 1716 ἀγνοοῦσι.
890 1646 998 1699 Καὶ
1023 1646 1197 1711 ἔγωγε
1231 1642 1408 1715 οἶμαι,
1437 1647 1529 1699 καὶ
1560 1650 1744 1700 ἐκεῖνα
1777 1650 1977 1711 πάντα,

412 1743 506 1795 καὶ
534 1742 630 1809 τὴν
660 1740 760 1807 τῆς
790 1737 1006 1807 Ῥώμης
1032 1740 1228 1809 ἀρχὴν,
1262 1739 1355 1791 καὶ
1375 1738 1475 1808 τὴν
1505 1737 1614 1791 τῶν
1645 1740 1979 1808 αὐτοκρατό-

2153 1001 2215 1055 Ει
2246 1004 2508 1056 memoria
2544 1003 2634 1057 hic
2658 1015 2841 1073 repeto
2896 1020 3146 1073 pompam
3175 1015 3227 1059 et
3276 1005 3519 1058 solemne
3572 1003 3651 1057 fe-

2079 1104 2246 1154 stum.
2275 1094 2417 1161 quod
2450 1094 2678 1149 Lomlini
2713 1096 2765 1150 in
2795 1096 3097 1161 Britannia,
3128 1096 3298 1166 ipsius
3314 1096 3521 1150 externi
3544 1110 3629 1149 ma

2081 1184 2157 1237 ris
2185 1186 2481 1249 oceanique
2505 1185 2701 1249 insula,
2728 1199 2852 1240 ante
2887 1186 3192 1249 biennium,
3246 1202 3333 1241 me
3382 1202 3445 1242 ac
3490 1190 3657 1241 comi-

2083 1284 2197 1328 tatu
2224 1290 2345 1329 meo
2374 1290 2639 1345 pra'smle
2664 1288 2721 1331 et
2750 1288 3048 1345 spectante,
3080 1280 3148 1333 ab
3180 1279 3302 1348 ejus
3330 1281 3435 1333 l0ci
3465 1280 3659 1335 incolis

2086 1366 2234 1420 liis-ce
2262 1369 2528 1435 apostolis
2589 1368 2987 1422 celebrabatur.
3058 1370 3324 1424 Caesarem
3380 1386 3512 1425 vero
3565 1373 3657 1439 qui

2085 1457 2296 1523 primus
2320 1470 2415 1509 eos
2450 1456 2687 1527 subegit,
2712 1466 2765 1511 et
2795 1459 2953 1526 cujus
2976 1460 3200 1513 castella
3226 1460 3405 1515 adhuc
3451 1462 3655 1517 ibidem

2081 1552 2322 1609 exstant,
2350 1544 2577 1623 alterum
2605 1547 2825 1616 quidem
2860 1549 2926 1602 ad
2959 1550 3265 1619 Irajectutu.
3313 1553 3543 1607 alterum
3570 1571 3659 1607 ve-

2082 1651 2144 1689 ro
2174 1636 2323 1691 dicto
2355 1636 2406 1690 in
2434 1638 2551 1693 loco
2607 1639 2877 1710 ignorant.
2913 1643 3091 1710 Atque
3127 1657 3225 1711 ego
3267 1644 3487 1712 quidem
3545 1645 3658 1699 exi-

2081 1728 2244 1782 stimo
2263 1738 2317 1783 et
2346 1731 2445 1783 ista
2464 1732 2669 1795 omnia,
2689 1743 2741 1785 et
2761 1732 3065 1787 Romanum
3092 1735 3399 1804 imperium,
3420 1746 3474 1789 et
3494 1739 3659 1806 impeo

417 1848 525 1899 ρων
554 1804 854 1899 μοναρχίαν
1034 1804 1357 1898 ἠγεμονίαν,
1390 1804 1487 1881 καὶ
1530 1830 1629 1899 τὴν
1675 1831 1784 1884 τῶν
1810 1804 1981 1885 έθνῶν

2092 1831 2327 1874 ratorum
2359 1822 2733 1877 monarrhiam
2753 1838 2817 1877 ac
2880 1824 3266 1894 principatum,
3307 1829 3658 1896 gentiumque

416 1920 662 1988 ὑπακοὴν
676 1920 764 1973 διά
782 1919 957 1973 ταῦτα
979 1921 1288 1988 γεγονέναι,
1311 1920 1399 1972 ἵνα
1420 1919 1596 1973 ταῦτα
1610 1922 1979 1993 ἀκολουθήσῃ.

413 2011 479 2065 Τί
512 2013 567 2065 δὲ
597 2014 700 2080 χρὴ
734 2012 834 2079 τὴν
862 2012 1017 2075 ἀξίαν
1046 2012 1151 2064 τῶν
1182 2012 1500 2065 ἀποστόλων
1534 2015 1628 2065 καὶ
1659 2012 1757 2083 τὴν
1786 2014 1984 2068 ἀπονε-

418 2104 658 2174 μομένην
685 2103 868 2165 αὐτοῖς
898 2102 1204 2165 εὐλάϐειαν,
1241 2104 1334 2156 καὶ
1358 2103 1526 2172 τιμὴν
1552 2104 1608 2156 ὲν
1630 2104 1814 2168 αὐτοῖς
1842 2106 1987 2159 ἐκεί-

414 2212 550 2256 νοις,
578 2195 676 2246 καὶ
702 2197 813 2256 τοῖς
856 2193 1097 2263 σώμασι,
1148 2195 1241 2247 καὶ
1274 2197 1390 2269 τοῖς
1421 2194 1612 2262 τάφοις
1651 2196 1831 2250 αὐτῶν
1862 2199 1988 2250 θαυ⁴

418 2287 611 2353 μάζειν
662 2287 756 2338 καὶ
820 2286 991 2356 ὀρᾷνς
1028 2286 1247 2350 Ἔξεστι
1281 2288 1387 2353 γὰρ
1427 2287 1585 2340 τοῦτο
1608 2291 1741 2360 όρᾷν
1771 2306 1828 2342 τε
1890 2292 1987 2346 καὶ

417 2376 743 2445 θαυμάζειν,
776 2376 871 2428 καὶ
903 2378 995 2430 ἐπὶ
1028 2376 1126 2447 τῆς
1161 2378 1333 2447 ἀρχῆς
1374 2380 1468 2447 τῆς
1499 2380 1846 2450 Ἐκκλησίας,
1892 2385 1987 2437 καὶ

416 2468 509 2521 ἐπὶ
539 2472 648 2529 τοῖς
694 2467 1003 2531 «allectat;
1043 2467 1163 2536 μετ’
1197 2470 1442 2527 ἐκείνους
1471 2471 1540 2523 δι’
1566 2472 1763 2535 αὐτούς
1789 2490 1801 2503 ·
1830 2468 1985 2543 οἶμαι

416 2564 525 2629 γὰρ
573 2558 842 2627 μηδέπιτε
878 2559 970 2608 ἐπὶ
1011 2558 1111 2626 τῆς
1142 2559 1319 2626 ἀρχῆς
1356 2559 1456 2627 τῆς
1491 2561 1714 2631 Ῥώμης
1753 2566 1986 2633 ἐκείνης,

418 2653 562 2717 λέγω
597 2649 697 2717 τῆς
746 2648 1003 2713 παλαιᾶς,
1039 2649 1276 2703 τοσαῦτα
1313 2650 1658 2721 θεσπίσματα
1693 2654 1799 2706 τῶν
1828 2656 1987 2709 αὐτοι

420 2741 709 2811 κρατόρων
762 2740 1008 2801 ἐκείνων,
1043 2742 1137 2793 καὶ
1171 2740 1267 2793 τοῦ
1298 2742 1471 2812 δήμου
1507 2745 1599 2797 καὶ
1646 2747 1744 2815 τῆς
1774 2746 1989 2815 βουλῆς,

423 2832 519 2884 καὶ
566 2833 651 2885 διά
698 2833 956 2886 τοσούτου
1015 2838 1214 2905 μέρους
1254 2835 1355 2907 τῆς
1389 2839 1717 2910 οἰκουμένης
1777 2843 1989 2912 φοιτᾷν,

420 2925 518 2976 ὅσα
548 2924 643 2977 καὶ
687 2925 888 2995 ὁσαχοῦ
948 2924 1043 2978 νῦν
1078 2928 1223 2997 παρὰ
1256 2929 1353 2998 τῆς
1388 2930 1737 3000 Ἑκκλησίας.
1768 2934 1888 2985 Εἰσὶ
1932 2934 1990 2987 δὲ

419 3015 466 3066 οἱ
502 3013 852 3077 θεσπίζοντες
884 3014 972 3066 ἀεὶ
1024 3017 1115 3067 καὶ
1147 3018 1194 3068 cl
1241 3019 1406 3086 κύρια
1443 3019 1726 3083 ποιοῦντες
1753 3020 1841 3074 διὰ
1883 3023 1990 3076 τῶν

424 3104 735 3172 σφραγίδων
759 3104 921 3169 αὐτὰ,
952 3106 1006 3157 ai
1037 3106 1265 3171 εἰκόνες,
1301 3107 1395 3160 καὶ
1426 3110 1481 3160 ai
1509 3111 1745 3179 κεφαλαὶ
1776 3113 1989 3183 Πέτρου
2022 3138 2063 3198 C

421 3200 517 3246 καὶ
554 3192 789 3258 Παύλου,
824 3197 1006 3249 οὐκέτι
1027 3196 1343 3264 δυναμένων
1371 3199 1550 3267 λέγειν
1573 3218 1587 3234 ο
1634 3204 1931 3273 Ἀργύριον
1953 3207 1991 3275 ἢ

422 3285 684 3353 χρυσίον
708 3288 819 3339 οὐκ
842 3286 973 3341 ἔστι
997 3304 1120 3356 μοι.
1144 3288 1239 3347 Τίς
1264 3289 1308 3341 δ’
1332 3289 1397 3343 ἂν
1421 3291 1747 3361 ἀριθμήσειε
1764 3296 1842 3353 »τά
1866 3298 1994 3369 παρ’

422 3379 605 3429 αὐτῶν
637 3378 892 3447 διδόμενα
918 3396 931 3445 ;
981 3380 1125 3444 Δτίξω
1174 3381 1274 3451 μὲν
1296 3383 1443 3459 iam:
1471 3385 1583 3436 τισὶ
1610 3387 1793 3453 λέγειν
1826 3388 1993 3460 ὑπερο

422 3465 603 3531 ϐολὰς,
636 3462 791 3538 οἶμαι
812 3468 868 3520 δὲ
908 3468 1269 3533 συνελθούσας
1309 3471 1446 3541 ὁμοῦ
1479 3474 1661 3538 πάσας
1694 3479 1793 3540 τάς
1819 3480 1994 3547 ἐγνω-

425 3560 628 3625 σμένας
662 3561 795 3629 ἡμῖν
816 3560 990 3630 ἀρχὰς
1022 3561 1087 3614 ἐκ
1126 3561 1238 3615 τῶν
1271 3563 1770 3636 ἀπονενεμημένων
1808 3573 1995 3634 αὐταῖς

424 3644 482 3706 ἐξ
525 3645 699 3707 έ’.ους,
751 3650 843 3697 καὶ
877 3646 912 3700 ἂ
946 3646 1125 3717 κύριοι
1170 3650 1312 3703 κατά
1367 3652 1534 3721 νόμον
1578 3656 1876 3725 διανέμειν,
1919 3660 1993 3731 μὴ

424 3735 662 3785 τοσαῦτα
686 3735 869 3787 δοῦναι
891 3736 1171 3790 δύνασθαι.
1207 3741 1423 3794 Διδόασι
1452 3744 1508 3797 δὲ
1538 3747 1707 3799 ταῦτα
1733 3751 1760 3800 ὁ
1793 3750 1996 3820 Πέτρος

426 3824 522 3873 καὶ
551 3824 578 3874 ό
605 3822 833 3886 Παῦλος.
869 3828 976 3879 Καὶ
1006 3829 1219 3897 ἀνάγκη
1249 3831 1305 3883 δὲ
1332 3832 1501 3885 ταῦτα
1534 3835 1735 3889 διδόναι
1756 3853 1772 3869 ο
1797 3840 1909 3891 οὐδ’
1928 3841 1994 3893 ἂν

424 3914 613 3964 ἐκεῖνα
657 3918 984 3982 κατασχοῖεν
1043 3919 1253 3980 ἑαυτοῖς
1310 3922 1358 3972 οί
1414 3923 1589 3976 ταῦτα
1640 3926 1992 3990 διαδιδόντες.

434 4004 675 4073 Ἀνάγκη
705 4004 762 4057 δὲ
808 4008 903 4057 καὶ
935 4007 1048 4069 τοῖς
1098 4008 1206 4059 ἀπὸ
1243 4009 1450 4079 Πέτρου
1487 4013 1581 4064 καὶ
1634 4016 1868 4081 Παύλου,
1900 4020 1995 4071 καὶ

409 4094 518 4147 ιτοῦ
564 4096 765 4164 κλήρου
797 4096 1005 4149 τούτων
1037 4098 1339 4168 διανέμειν.
1371 4101 1479 4153 Καὶ
1510 4104 1565 4157 οἴ
1591 4121 1648 4158 τε
1684 4106 1993 4175 λαμϐάνονο

424 4204 515 4249 τες
540 4186 756 4240 δοκοῦσι
799 4191 949 4257 παρὰ
975 4188 1252 4242 δεσποτῶν
1281 4192 1614 4262 λαμϐάνειν
1642 4198 1698 4252 οῐ
1725 4215 1784 4250 τε
1830 4198 1996 4252 διδόν-

427 4293 518 4337 τες
552 4275 700 4329 sua»
726 4276 909 4347 κύριοι
948 4278 1203 4333 διδόασιν.
1239 4280 1395 4334 Ἐστι
1423 4283 1480 4336 δὲ
1512 4285 1688 4348 οὐδεὶς
1725 4287 1753 4338 ό
1784 4289 1995 4341 ἀντιλέ-

426 4384 560 4434 γων,
590 4368 727 4439 πλὴν
752 4368 808 4421 εῐ
832 4386 977 4433 τινες
1006 4374 1147 4423 κατά
1175 4372 1233 4424 τὸ
1260 4372 1523 4441 δεδόσθαι,
1554 4377 1586 4445 ἢ
1617 4378 1691 4448 μὴ
1719 4379 1999 4442 δεδόσθαι,

2086 1911 2476 1979 subjectionem
2540 1924 2823 1983 propterea
2856 1917 3157 1981 exstitisse,
3208 1930 3265 1971 ut
3299 1920 3410 1972 haec
3459 1920 3583 1973 dein
3611 1926 3657 1975 'e

2086 2015 2461 2072 sequerentur.
2483 2005 2621 2071 Quid
2647 2012 2774 2061 vero
2791 2010 3160 2076 apostolorum
3183 2011 3407 2079 gloriam
3427 2022 3481 2065 ct
3500 2030 3660 2065 vene-

2088 2096 2353 2148 rationem
2377 2108 2539 2165 atque
2559 2098 2821 2151 honorem
2843 2099 2895 2152 in
2927 2100 3061 2169 ipsis
3085 2102 3404 2163 corporibus
3446 2118 3661 2156 eurum-

2088 2200 2195 2255 qne
2222 2190 2487 2256 sepulcris
2513 2189 2592 2243 eis
2614 2190 2914 2243 exbibitum
2939 2190 3197 2245 admirari
3223 2202 3274 2245 et
3299 2194 3656 2262 contemplati

2087 2279 2276 2332 attinet
2304 2280 2327 2331 ἲ
2354 2279 2411 2333 ld
2444 2281 2585 2333 enim
2613 2296 2675 2335 ex
2704 2281 2933 2349 imperio
2959 2290 3009 2335 et
3048 2284 3352 2351 principatu
3380 2284 3656 2350 Ecclesiae,

2087 2378 2141 2423 et
2167 2379 2385 2439 propter
2410 2372 2687 2441 principes
2713 2372 2876 2427 hosce
2893 2374 2945 2427 in
2976 2373 3133 2445 longa
3156 2392 3537 2431 successorum
3563 2393 3657 2431 se-

2097 2464 2175 2515 rie
2223 2464 2403 2517 videre
2469 2472 2523 2517 et
2577 2464 2833 2517 admirari
2899 2467 3044 2520 licet.
3100 2468 3451 2538 Nequaquam
3513 2472 3657 2525 enim

2092 2553 2193 2605 sub
2230 2554 2458 2621 imperio
2512 2555 2706 2625 veteris
2754 2556 2899 2611 illius
2956 2557 3140 2611 Romze
3166 2570 3242 2613 tot
3271 2561 3657 2629 imperatorum

2092 2644 2291 2706 edicta,
2312 2652 2388 2696 tot
2422 2643 2704 2709 plebiscita
2728 2652 2781 2697 et
2806 2650 3283 2701 senatusq-onsulta
3313 2666 3405 2717 per
3455 2661 3657 2706 tantam

2093 2735 2245 2789 Orbis
2283 2746 2554 2789 terrarunt
2607 2748 2815 2804 partem
2879 2739 3151 2806 prodiisse
3200 2742 3474 2807 existima,
3528 2755 3661 2813 quot

2095 2841 2239 2877 nunc
2271 2825 2429 2895 longe
2465 2825 2676 2895 lateque
2699 2827 2767 2881 ab
2801 2827 3037 2883 Ecclesia
3060 2832 3327 2897 prodeunt
3350 2832 3446 2885 .Ea
3478 2844 3657 2887 autem

2094 2930 2309 2983 semper
2372 2918 2664 2985 obsignant
2714 2927 2769 2972 et
2812 2918 3135 2972 conﬁrmant
3188 2921 3487 2989 sigillorum
3536 2924 3661 2985 loco

2094 3007 2377 3079 eillgies‘et
2403 3010 2577 3076 capita
2604 3008 2748 3063 Petri
2778 3021 2828 3063 et
2858 3010 3041 3075 Pauli;
3076 3012 3168 3080 qui
3199 3013 3380 3069 dicere
3415 3016 3522 3083 jam
3546 3031 3665 3070 aut-

2098 3101 2238 3167 plius
2270 3113 2543 3169 nequeunt
2576 3120 2589 3156 :
2624 3102 2912 3172 Argentum
2935 3114 2984 3157 et
3003 3121 3194 3157 aurum
3214 3122 3313 3159 non
3338 3116 3415 3160 est
3434 3109 3559 3161 mihi
3586 3110 3656 3162 'J

2097 3194 2233 3259 Quis
2276 3208 2405 3246 vero
2452 3209 2585 3262 opes
2613 3195 2680 3247 ab
2716 3195 2849 3264 ipsis
2892 3198 3122 3251 collatas
3144 3212 3470 3253 enumerare
3511 3210 3662 3269 pote-

2097 3280 2486 3336 rit?Vidcb0r
2537 3282 2676 3337 forte
2712 3285 2990 3338 nonnullis
3034 3301 3145 3340 rem
3200 3288 3424 3341 nimium
3480 3291 3661 3344 verbis

2095 3375 2353 3429 extollere
2386 3393 2399 3427 :
2433 3384 2562 3444 puto
2587 3385 2764 3430 tamen
2795 3391 2984 3431 omnes
3007 3378 3156 3433 orbis
3175 3381 3472 3449 principes,
3495 3392 3658 3450 quot-

2095 3478 2228 3535 quot
2260 3468 2323 3520 ad
2347 3478 2589 3522 nostram
2629 3468 2879 3522 notitiam
2922 3472 3661 3542 pervenere,simuljunctus

2095 3572 2159 3609 ex
2176 3556 2455 3611 consuetis
2482 3558 2600 3611 suis
2628 3558 2889 3613 reditibus
2909 3562 3192 3629 bonisque,
3213 3578 3447 3630 quorum
3474 3566 3662 3617 distri-

2097 3647 2435 3701 buendorum
2461 3650 2836 3717 potestasjure
2857 3649 2922 3703 ad
2943 3650 3090 3719 ipsos
3116 3661 3345 3721 spectat,
3370 3669 3477 3707 non
3500 3671 3662 3723 posse

2096 3744 2302 3789 tantum
2337 3739 2609 3792 conferre.
2655 3738 2959 3793 Cnul‘erunt
2993 3752 3174 3794 autem
3205 3743 3318 3796 haec
3367 3743 3560 3796 Petrus
3606 3753 3661 3799 et

2100 3828 2298 3880 Paulus
2334 3847 2346 3881 :
2381 3840 2432 3882 et
2460 3829 2712 3883 conferre
2746 3845 3033 3884 necessum
3104 3842 3188 3886 est
3224 3851 3237 3886 :
3293 3849 3392 3887 nec
3440 3851 3661 3889 servare

2097 3919 2199 3971 sibi
2234 3918 2432 3969 vellent
2464 3920 2554 3984 qui
2580 3932 2642 3970 ea
2666 3921 2974 3973 conferunt.
3000 3922 3295 3975 Necessum
3342 3934 3520 3978 autem
3574 3906 3659 3981 est

2097 4007 2241 4060 Petri
2267 4019 2316 4061 et
2347 4009 2497 4062 Pauli
2528 4024 2880 4065 successores
2926 4027 3225 4084 eorumque
3254 4017 3510 4071 familiam
3544 4018 3659 4073 brrc

2098 4098 2448 4154 distribuere.
2479 4099 2542 4152 Et
2568 4101 2659 4169 qui
2684 4115 2745 4154 ea
2782 4104 3077 4173 accipiunt,
3101 4114 3398 4175 tanquama
3421 4110 3660 4165 dominis

2096 4191 2345 4257 accipere
2372 4189 2621 4243 \ideutur
2655 4208 2669 4244 :
2699 4191 3043 4248 conferentes
3061 4206 3241 4249 autem
3275 4207 3530 4266 tanquam
3567 4204 3662 4255 do-

2095 4281 2225 4332 mini
2262 4279 2575 4336 c0ul'ernnt.
2632 4281 2742 4336 Nec
2783 4283 3073 4352 quisquam
3116 4287 3445 4342 contradicit

2095 4373 2237 4441 quod
2272 4374 2517 4426 nonnulli
2538 4375 2603 4427 de
2632 4387 2749 4429 raIa
2766 4388 2858 4429 aut
2883 4377 3037 4430 irrita
3089 4377 3377 4433 collatione
3422 4381 3657 4436 invicem

3496 4312 3509 4345 :
3553 4292 3657 4345 uisi

425 4463 518 4511 καὶ
544 4460 650 4511 τίνι
684 4460 928 4512 δεδόσθαι
955 4461 1208 4532 ἀλλήλοις
1238 4464 1660 4535 άμφισϐητοίεν.
1694 4472 1801 4523 Καὶ
1828 4471 1988 4525 τοῦτο

2098 4462 2324 4529 litigent.
2360 4461 2422 4514 Et
2446 4463 2546 4515 hoc
2570 4463 2742 4530 ipsum
2781 4479 2967 4519 rursus
3001 4466 3122 4520 illos
3151 4467 3660 4535 dijudicare,etro-

423 4551 479 4602 δὲ
510 4552 641 4603 αὐτὸ
670 4550 737 4602 δι’
767 4553 1007 4615 ἐκείνους
1042 4551 1198 4617 αὖθις
1224 4555 1545 4627 ἐπικρίνειν,
1586 4562 1681 4621 καὶ,
1708 4561 1818 4614 τῶν
1843 4581 1994 4631 γενο-

426 4642 607 4705 μένων
633 4643 761 4711 παρ’
789 4644 969 4695 αὐτῶν
994 4644 1189 4707 αὐτοὺς
1217 4641 1357 4700 εἶναι
1387 4650 1582 4718 κριτάς
1616 4654 1705 4703 καὶ
1730 4654 1986 4722 όριστᾰις⁹

426 4733 684 4796 πολλάκις
718 4736 773 4786 δὲ
804 4737 898 4787 καὶ
927 4734 1036 4787 τῶν
1085 4737 1217 4805 παρ’
1247 4737 1423 4791 ἄλλων
1455 4744 1756 4810 γινομένων
1783 4748 1862 4808 εἰς
1892 4747 1991 4798 αὐ-

425 4825 553 4885 τοὺς
584 4823 685 4894 τὴν
715 4824 904 4890 ἔφεσιν
929 4825 1250 4879 διαϐαίνειν.
1281 4828 1348 4880 Τί
1379 4828 1435 4882 δὲ
1469 4832 1567 4893 τὰς
1611 4838 1990 4903 πνευματικὰς
2019 4892 2043 4911 κ

426 4916 621 4977 δόσεις,
652 4918 705 4970 τί
731 4917 788 4969 δὲ
808 4919 933 4981 τοὺς
954 4918 1063 4970 τῶν
1088 4916 1272 4985 φυλῶν
1301 4922 1523 4988 κριτάς;
1551 4923 1707 4975 Ἔστι
1732 4928 1838 4994 γὰρ
1862 4929 1995 4999 όρᾲν

427 5009 571 5060 κατὰ
596 5007 851 5076 γλώσσας
886 5009 980 5062 ἐπὶ
1008 5008 1100 5061 τοῦ
1131 5010 1259 5062 ναοῦ
1297 5011 1407 5063 τῶν
1433 5013 1747 5067 ἀποστόλων
1762 5018 1996 5074 ἐνταῦθα

429 5098 533 5167 μὲν
567 5098 883 5169 καθήμενον
916 5101 1011 5153 ἐπὶ
1049 5101 1241 5170 θρόνου
1284 5101 1376 5154 τὸν
1409 5104 1677 5158 ἀκούοντα
1725 5111 1850 5171 τοὺς
1885 5112 1991 5165 ἀπὸ

425 5192 536 5243 τῶν
582 5192 925 5261 Βρετανικὼν
971 5194 1151 5263 νήσων
1203 5193 1293 5248 ἐπ’
1333 5196 1483 5264 αὐτῷ
1532 5197 1706 5267 τούτῳ
1757 5201 1992 5270 ἥκοντας

425 5281 950 5353 ἑξομολογουμένους
968 5301 983 5317 ·
1010 5285 1243 5337 ἐνταῦθα
1271 5285 1328 5338 δί
1358 5286 1449 5338 τὸν
1474 5290 1595 5351 τοὺς
1628 5292 1987 5362 ἀπδἸϐηρίας

425 5374 458 5443 ἢ
490 5375 760 5436 Γαλατίας
782 5391 795 5405 ·
837 5374 955 5427 ἐκεῖ
976 5375 1032 5428 δὲ
1057 5377 1148 5428 τὸν
1181 5378 1307 5440 τοὺς
1339 5378 1447 5430 ἀπὸ
1473 5380 1783 5449 Δαλματίας
1811 5385 1841 5453 ἥ
1882 5388 1985 5435 Δα-

423 5467 549 5527 κίας
571 5481 586 5495 ο
619 5466 820 5527 αὐτοὺς
849 5464 906 5518 δὲ
942 5467 1034 5519 ἐπὶ
1081 5468 1191 5520 τῶν
1221 5467 1377 5531 ὁδῶν,
1418 5470 1450 5538 ἦ
1488 5472 1579 5522 ἐπὶ
1626 5472 1725 5540 τῆς
1756 5474 1980 5539 πόλεως,

422 5557 455 5625 ἦ
486 5558 575 5608 ἐπὶ
610 5558 704 5625 τῆς
729 5557 1022 5627 ἐκκλησίας
1049 5561 1361 5629 συμμιγεῖς,
1396 5560 1585 5624 ἄλλους
1606 5563 1775 5634 ἄλλην
1800 5569 1984 5636 φωνην

501 5740 515 5769 ¹
553 5739 667 5791 Act.
706 5752 790 5800 ιιι,
824 5738 877 5793 6.

2096 4569 2214 4606 rum
2237 4569 2355 4621 qum
2384 4554 2481 4622 ipsi
2519 4552 2941 4623 fecere,judices
2964 4571 3025 4610 ac
3044 4558 3354 4612 delinitores
3367 4573 3488 4614 esse
3505 4576 3661 4628 Opor-

2097 4656 2208 4711 tet;
2239 4647 2437 4714 smpius
2471 4655 2654 4699 autem
2692 4648 2840 4701 etab
2884 4648 2949 4703 iis
3001 4664 3122 4717 quae
3172 4650 3264 4703 alii
3300 4655 3657 4721 constituere,

2095 4741 2532 4808 provocationem
2569 4739 2636 4793 ad
2677 4754 2772 4793 eos
2812 4739 2949 4795 ﬁeri.
2978 4740 3118 4806 Quid
3145 4750 3323 4796 autem
3342 4744 3657 4811 spirituales

2094 4830 2430 4900 largitiones,
2465 4832 2594 4899 quid
2623 4833 2907 4885 nationum
2940 4832 3154 4899 iudices
3172 4848 3600 4891 commemorem
3632 4836 3656 4891 i

2097 4921 2231 4976 Nam
2254 4923 2307 4976 in
2330 4924 2529 4991 templo
2549 4933 2861 4976 sanctorum
2881 4924 3252 4993 apostolorum
3297 4942 3396 4995 pro
3437 4928 3655 4998 lingua-

2100 5028 2221 5066 rum
2252 5012 2571 5068 diversitate
2612 5028 2834 5067 cernere
2871 5013 2995 5066 licet
3017 5013 3104 5067 bic
3125 5016 3344 5083 quidem
3370 5019 3651 5072 sedentem

2098 5105 2150 5158 in
2180 5105 2401 5168 throno,
2440 5114 2494 5157 et
2551 5105 2952 5157 auscultantem
3010 5106 3385 5162 confessiones
3438 5124 3652 5172 eorum,
3710 5178 3713 5181 δ

2091 5196 2183 5266 qui
2214 5210 2279 5249 ex
2311 5196 2643 5249 Britannicis
2676 5197 2869 5249 insulis
2901 5197 3043 5252 hanc
3086 5199 3255 5267 ipsam
3313 5200 3381 5251 ob
3430 5213 3653 5253 causam

2093 5297 2445 5342 accesserunt
2475 5306 2487 5340 :
2524 5289 2684 5342 isthic
2706 5304 2895 5343 eorum
2928 5292 3021 5359 qui
3051 5306 3115 5343 ex
3140 5291 3399 5357 Hispania
3428 5292 3654 5345 velGal-

2094 5379 2164 5432 lia
2196 5398 2206 5432 :
2235 5379 2359 5432 alibi
2398 5394 2525 5432 vero
2554 5380 2725 5445 quiex
2750 5380 3011 5433 Dalmatia
3043 5382 3124 5433 vel
3155 5380 3314 5432 Dacia
3357 5383 3651 5434 advenere.

2097 5471 2205 5526 llos
2238 5480 2420 5526 autem
2454 5470 2508 5523 iu
2534 5470 2745 5538 plateis,
2778 5471 2859 5524 vel
2891 5486 2985 5540 per
3005 5474 3217 5533 urbem,
3245 5471 3325 5524 vel
3350 5472 3400 5523 in
3422 5471 3654 5525 ecclesia

2092 5564 2402 5635 promiscue
2432 5562 2565 5617 alios
2597 5562 2756 5615 aliam
2787 5578 2972 5617 vocem
3030 5565 3374 5632 profereutcs
3433 5560 3649 5616 audias.
