  <div class='ocr_page' id='page_1' title='image "/cluster/home/n/w/nwhite01/storage/ocr_20150623/156/mdp.39015078384719/025.png"; bbox 0 0 4144 6282; ppageno 0'>
   <div class='ocr_carea' id='block_1_1' title="bbox 508 357 3766 430">
    <p class='ocr_par' dir='ltr' id='par_1_1' title="bbox 508 357 3766 430">
     <span class='ocr_line' id='line_1_1' title="bbox 508 357 3766 430; baseline 0.006 -19"><span class='ocrx_word' id='word_1_1' title='bbox 508 366 583 430; x_wconf 51' lang='grc' dir='ltr'><strong>δέ,</strong></span> <span class='ocrx_word' id='word_1_2' title='bbox 1677 360 2075 422; x_wconf 75' lang='lat' dir='ltr'><strong>MANUELIS</strong></span> <span class='ocrx_word' id='word_1_3' title='bbox 2109 360 2634 420; x_wconf 66' lang='lat' dir='ltr'><strong>cuuvsomusz</strong></span> <span class='ocrx_word' id='word_1_4' title='bbox 3697 357 3766 418; x_wconf 88' lang='lat'><strong>36</strong></span> 
     </span>
    </p>
   </div>
   <div class='ocr_carea' id='block_1_2' title="bbox 510 471 2090 547">
    <p class='ocr_par' dir='ltr' id='par_1_2' title="bbox 510 475 2082 547">
     <span class='ocr_line' id='line_1_2' title="bbox 510 475 2082 547; baseline -0.006 -11"><span class='ocrx_word' id='word_1_5' title='bbox 510 478 780 547; x_wconf 69' lang='lat' dir='ltr'><strong>Quocirca</strong></span> <span class='ocrx_word' id='word_1_6' title='bbox 814 492 921 531; x_wconf 85' lang='lat' dir='ltr'><strong>non</strong></span> <span class='ocrx_word' id='word_1_7' title='bbox 954 486 1084 533; x_wconf 91' lang='lat' dir='ltr'><strong>tunc</strong></span> <span class='ocrx_word' id='word_1_8' title='bbox 1111 478 1290 531; x_wconf 86' lang='lat' dir='ltr'><strong>solum</strong></span> <span class='ocrx_word' id='word_1_9' title='bbox 1331 476 1563 545; x_wconf 74' lang='lat' dir='ltr'><strong>apostoli</strong></span> <span class='ocrx_word' id='word_1_10' title='bbox 1590 492 1755 545; x_wconf 85' lang='lat' dir='ltr'><strong>super</strong></span> <span class='ocrx_word' id='word_1_11' title='bbox 1789 475 2082 530; x_wconf 82' lang='lat' dir='ltr'><strong>duodecim</strong></span> 
     </span>
    </p>
   </div>
   <div class='ocr_carea' id='block_1_3' title="bbox 2194 471 3772 547">
    <p class='ocr_par' dir='ltr' id='par_1_3' title="bbox 2194 471 3772 544">
     <span class='ocr_line' id='line_1_3' title="bbox 2194 471 3772 544; baseline 0 -18"><span class='ocrx_word' id='word_1_12' title='bbox 2194 478 2571 543; x_wconf 81' lang='grc' dir='ltr'>προϊεμένους.</span> <span class='ocrx_word' id='word_1_13' title='bbox 2613 476 2723 527; x_wconf 74' lang='grc' dir='ltr'>Καὶ</span> <span class='ocrx_word' id='word_1_14' title='bbox 2757 475 2857 525; x_wconf 76' lang='grc' dir='ltr'><strong>οὐκ</strong></span> <span class='ocrx_word' id='word_1_15' title='bbox 2888 472 2995 543; x_wconf 72' lang='grc' dir='ltr'>ἄρα</span> <span class='ocrx_word' id='word_1_16' title='bbox 3026 472 3119 525; x_wconf 68' lang='grc' dir='ltr'><strong>ἐπὶ</strong></span> <span class='ocrx_word' id='word_1_17' title='bbox 3148 471 3357 524; x_wconf 69' lang='grc' dir='ltr'>δώδεκα</span> <span class='ocrx_word' id='word_1_18' title='bbox 3385 471 3546 542; x_wconf 79' lang='grc' dir='ltr'>μόνον</span> <span class='ocrx_word' id='word_1_19' title='bbox 3566 472 3772 544; x_wconf 79' lang='grc' dir='ltr'>θρόνων</span> 
     </span>
    </p>
   </div>
   <div class='ocr_carea' id='block_1_4' title="bbox 513 567 2092 638">
    <p class='ocr_par' dir='ltr' id='par_1_4' title="bbox 513 567 2092 638">
     <span class='ocr_line' id='line_1_4' title="bbox 513 567 2092 638; baseline -0.006 -11"><span class='ocrx_word' id='word_1_20' title='bbox 513 577 744 627; x_wconf 78' lang='lat' dir='ltr'><strong>thronos</strong></span> <span class='ocrx_word' id='word_1_21' title='bbox 771 571 1057 633; x_wconf 83' lang='lat' dir='ltr'><strong>sedebunl,</strong></span> <span class='ocrx_word' id='word_1_22' title='bbox 1083 571 1237 638; x_wconf 82' lang='lat' dir='ltr'><strong>juxta</strong></span> <span class='ocrx_word' id='word_1_23' title='bbox 1255 568 1459 624; x_wconf 87' lang='lat' dir='ltr'><strong>Christi</strong></span> <span class='ocrx_word' id='word_1_24' title='bbox 1480 569 1928 636; x_wconf 74' lang='lat' dir='ltr'><strong>promissionem,</strong></span> <span class='ocrx_word' id='word_1_25' title='bbox 1946 567 2092 635; x_wconf 79' lang='lat' dir='ltr'><strong>judi—</strong></span> 
     </span>
    </p>
   </div>
   <div class='ocr_carea' id='block_1_5' title="bbox 511 659 2090 725">
    <p class='ocr_par' dir='ltr' id='par_1_5' title="bbox 511 659 2090 725">
     <span class='ocr_line' id='line_1_5' title="bbox 511 659 2090 725; baseline -0.006 -8"><span class='ocrx_word' id='word_1_26' title='bbox 511 672 700 717; x_wconf 74' lang='lat' dir='ltr'><strong>cantes</strong></span> <span class='ocrx_word' id='word_1_27' title='bbox 729 661 1017 714; x_wconf 79' lang='lat' dir='ltr'><strong>duodecim</strong></span> <span class='ocrx_word' id='word_1_28' title='bbox 1054 661 1232 715; x_wconf 87' lang='lat' dir='ltr'><strong>tribus</strong></span> <span class='ocrx_word' id='word_1_29' title='bbox 1266 661 1431 714; x_wconf 89' lang='lat' dir='ltr'><strong>Israel</strong></span> <span class='ocrx_word' id='word_1_30' title='bbox 1467 661 1599 715; x_wconf 85' lang='lat' dir='ltr'><strong>:sed</strong></span> <span class='ocrx_word' id='word_1_31' title='bbox 1634 659 1817 713; x_wconf 86' lang='lat' dir='ltr'><strong>ethoc</strong></span> <span class='ocrx_word' id='word_1_32' title='bbox 1842 666 2090 725; x_wconf 85' lang='lat' dir='ltr'><strong>tempore</strong></span> 
     </span>
    </p>
   </div>
   <div class='ocr_carea' id='block_1_6' title="bbox 513 748 2094 821">
    <p class='ocr_par' dir='ltr' id='par_1_6' title="bbox 513 748 2094 821">
     <span class='ocr_line' id='line_1_6' title="bbox 513 748 2094 821; baseline -0.006 -12"><span class='ocrx_word' id='word_1_33' title='bbox 513 756 591 809; x_wconf 89' lang='lat' dir='ltr'><strong>illi</strong></span> <span class='ocrx_word' id='word_1_34' title='bbox 622 756 673 806; x_wconf 91' lang='lat' dir='ltr'><strong>in</strong></span> <span class='ocrx_word' id='word_1_35' title='bbox 698 752 883 806; x_wconf 84' lang='lat' dir='ltr'><strong>multis</strong></span> <span class='ocrx_word' id='word_1_36' title='bbox 917 753 1135 805; x_wconf 90' lang='lat' dir='ltr'><strong>thronis</strong></span> <span class='ocrx_word' id='word_1_37' title='bbox 1175 752 1423 821; x_wconf 79' lang='lat' dir='ltr'><strong>judieum</strong></span> <span class='ocrx_word' id='word_1_38' title='bbox 1475 752 1650 804; x_wconf 90' lang='lat' dir='ltr'><strong>instar</strong></span> <span class='ocrx_word' id='word_1_39' title='bbox 1678 752 1893 813; x_wconf 86' lang='lat' dir='ltr'><strong>sedent,</strong></span> <span class='ocrx_word' id='word_1_40' title='bbox 1946 748 2094 816; x_wconf 81' lang='lat' dir='ltr'><strong>judi-</strong></span> 
     </span>
    </p>
   </div>
   <div class='ocr_carea' id='block_1_7' title="bbox 512 840 2094 910">
    <p class='ocr_par' dir='ltr' id='par_1_7' title="bbox 512 840 2094 910">
     <span class='ocr_line' id='line_1_7' title="bbox 512 840 2094 910; baseline -0.004 -11"><span class='ocrx_word' id='word_1_41' title='bbox 512 857 699 899; x_wconf 88' lang='lat' dir='ltr'><strong>eantes</strong></span> <span class='ocrx_word' id='word_1_42' title='bbox 736 846 922 899; x_wconf 91' lang='lat' dir='ltr'><strong>orbem</strong></span> <span class='ocrx_word' id='word_1_43' title='bbox 978 852 1297 897; x_wconf 82' lang='lat' dir='ltr'><strong>terrarum:</strong></span> <span class='ocrx_word' id='word_1_44' title='bbox 1348 859 1449 898; x_wconf 89' lang='lat' dir='ltr'><strong>nec</strong></span> <span class='ocrx_word' id='word_1_45' title='bbox 1486 843 1662 897; x_wconf 86' lang='lat' dir='ltr'><strong>solum</strong></span> <span class='ocrx_word' id='word_1_46' title='bbox 1712 843 1764 895; x_wconf 91' lang='lat' dir='ltr'><strong>in</strong></span> <span class='ocrx_word' id='word_1_47' title='bbox 1822 840 2094 910; x_wconf 85' lang='lat' dir='ltr'><strong>primitiva</strong></span> 
     </span>
    </p>
   </div>
   <div class='ocr_carea' id='block_1_8' title="bbox 512 931 2096 1001">
    <p class='ocr_par' dir='ltr' id='par_1_8' title="bbox 512 931 2096 1001">
     <span class='ocr_line' id='line_1_8' title="bbox 512 931 2096 1001; baseline -0.003 -15"><span class='ocrx_word' id='word_1_48' title='bbox 512 932 778 993; x_wconf 78' lang='lat' dir='ltr'><strong>Ecclesia,</strong></span> <span class='ocrx_word' id='word_1_49' title='bbox 806 932 897 986; x_wconf 89' lang='lat' dir='ltr'><strong>sed</strong></span> <span class='ocrx_word' id='word_1_50' title='bbox 921 947 1065 984; x_wconf 89' lang='lat' dir='ltr'><strong>nunc</strong></span> <span class='ocrx_word' id='word_1_51' title='bbox 1082 947 1301 1000; x_wconf 87' lang='lat' dir='ltr'><strong>quoque</strong></span> <span class='ocrx_word' id='word_1_52' title='bbox 1320 948 1417 984; x_wconf 83' lang='lat' dir='ltr'><strong>sua</strong></span> <span class='ocrx_word' id='word_1_53' title='bbox 1438 932 1638 1001; x_wconf 80' lang='lat' dir='ltr'><strong>cuique</strong></span> <span class='ocrx_word' id='word_1_54' title='bbox 1658 934 1837 1001; x_wconf 75' lang='lat' dir='ltr'><strong>lingua</strong></span> <span class='ocrx_word' id='word_1_55' title='bbox 1855 931 2096 999; x_wconf 84' lang='lat' dir='ltr'><strong>loquun-</strong></span> 
     </span>
    </p>
   </div>
   <div class='ocr_carea' id='block_1_9' title="bbox 513 1023 2097 1091">
    <p class='ocr_par' dir='ltr' id='par_1_9' title="bbox 513 1023 2097 1091">
     <span class='ocr_line' id='line_1_9' title="bbox 513 1023 2097 1091; baseline -0.002 -13"><span class='ocrx_word' id='word_1_56' title='bbox 513 1036 622 1087; x_wconf 90' lang='lat' dir='ltr'><strong>tur,</strong></span> <span class='ocrx_word' id='word_1_57' title='bbox 676 1026 830 1077; x_wconf 89' lang='lat' dir='ltr'><strong>itaut</strong></span> <span class='ocrx_word' id='word_1_58' title='bbox 892 1023 1126 1091; x_wconf 73' lang='lat' dir='ltr'><strong>intelligi</strong></span> <span class='ocrx_word' id='word_1_59' title='bbox 1160 1034 1385 1090; x_wconf 85' lang='lat' dir='ltr'><strong>queant.</strong></span> <span class='ocrx_word' id='word_1_60' title='bbox 1415 1024 1557 1089; x_wconf 87' lang='lat' dir='ltr'><strong>Quin</strong></span> <span class='ocrx_word' id='word_1_61' title='bbox 1587 1025 1754 1077; x_wconf 85' lang='lat' dir='ltr'><strong>etiam</strong></span> <span class='ocrx_word' id='word_1_62' title='bbox 1787 1025 2005 1077; x_wconf 88' lang='lat' dir='ltr'><strong>decreta</strong></span> <span class='ocrx_word' id='word_1_63' title='bbox 2042 1031 2097 1075; x_wconf 89' lang='lat' dir='ltr'><strong>et</strong></span> 
     </span>
    </p>
   </div>
   <div class='ocr_carea' id='block_1_10' title="bbox 513 1115 2095 1184">
    <p class='ocr_par' dir='ltr' id='par_1_10' title="bbox 513 1115 2095 1184">
     <span class='ocr_line' id='line_1_10' title="bbox 513 1115 2095 1184; baseline 0.001 -19"><span class='ocrx_word' id='word_1_64' title='bbox 513 1115 941 1168; x_wconf 67' lang='lat' dir='ltr'><strong>t-onstitutimcs</strong></span> <span class='ocrx_word' id='word_1_65' title='bbox 1020 1125 1338 1167; x_wconf 83' lang='lat' dir='ltr'><strong>sanctorum</strong></span> <span class='ocrx_word' id='word_1_66' title='bbox 1406 1117 1781 1184; x_wconf 71' lang='lat' dir='ltr'><strong>apostolorum</strong></span> <span class='ocrx_word' id='word_1_67' title='bbox 1848 1131 2095 1184; x_wconf 80' lang='lat' dir='ltr'><strong>quaqua-</strong></span> 
     </span>
    </p>
   </div>
   <div class='ocr_carea' id='block_1_11' title="bbox 510 1201 2098 1276">
    <p class='ocr_par' dir='ltr' id='par_1_11' title="bbox 510 1201 2098 1276">
     <span class='ocr_line' id='line_1_11' title="bbox 510 1201 2098 1276; baseline 0.002 -20"><span class='ocrx_word' id='word_1_68' title='bbox 510 1208 979 1267; x_wconf 78' lang='lat' dir='ltr'><strong>versum,utdixi,</strong></span> <span class='ocrx_word' id='word_1_69' title='bbox 1003 1201 1151 1260; x_wconf 84' lang='lat' dir='ltr'><strong>foras</strong></span> <span class='ocrx_word' id='word_1_70' title='bbox 1192 1208 1459 1276; x_wconf 65' lang='lat' dir='ltr'><strong>prodeunt</strong></span> <span class='ocrx_word' id='word_1_71' title='bbox 1484 1224 1497 1260; x_wconf 92' lang='lat'>:</span> <span class='ocrx_word' id='word_1_72' title='bbox 1520 1217 1574 1259; x_wconf 88' lang='lat' dir='ltr'><strong>et</strong></span> <span class='ocrx_word' id='word_1_73' title='bbox 1599 1207 1705 1260; x_wconf 83' lang='lat' dir='ltr'><strong>huc</strong></span> <span class='ocrx_word' id='word_1_74' title='bbox 1734 1208 2098 1275; x_wconf 86' lang='lat' dir='ltr'><strong>undequaque</strong></span> 
     </span>
    </p>
   </div>
   <div class='ocr_carea' id='block_1_12' title="bbox 512 1296 2098 1359">
    <p class='ocr_par' dir='ltr' id='par_1_12' title="bbox 512 1296 2098 1359">
     <span class='ocr_line' id='line_1_12' title="bbox 512 1296 2098 1359; baseline 0.001 -12"><span class='ocrx_word' id='word_1_75' title='bbox 512 1311 619 1349; x_wconf 79' lang='lat' dir='ltr'><strong>non</strong></span> <span class='ocrx_word' id='word_1_76' title='bbox 657 1299 832 1349; x_wconf 88' lang='lat' dir='ltr'><strong>solum</strong></span> <span class='ocrx_word' id='word_1_77' title='bbox 863 1299 1160 1349; x_wconf 73' lang='lat' dir='ltr'><strong>multorum</strong></span> <span class='ocrx_word' id='word_1_78' title='bbox 1200 1298 1435 1359; x_wconf 90' lang='lat' dir='ltr'><strong>dierum,</strong></span> <span class='ocrx_word' id='word_1_79' title='bbox 1465 1299 1556 1351; x_wconf 90' lang='lat' dir='ltr'><strong>sed</strong></span> <span class='ocrx_word' id='word_1_80' title='bbox 1592 1308 1645 1349; x_wconf 90' lang='lat' dir='ltr'><strong>et</strong></span> <span class='ocrx_word' id='word_1_81' title='bbox 1681 1298 1951 1349; x_wconf 75' lang='lat' dir='ltr'><strong>mensium</strong></span> <span class='ocrx_word' id='word_1_82' title='bbox 2010 1296 2098 1349; x_wconf 82' lang='lat' dir='ltr'><strong>iti-</strong></span> 
     </span>
    </p>
   </div>
   <div class='ocr_carea' id='block_1_13' title="bbox 511 1389 2097 1458">
    <p class='ocr_par' dir='ltr' id='par_1_13' title="bbox 511 1389 2097 1458">
     <span class='ocr_line' id='line_1_13' title="bbox 511 1389 2097 1458; baseline 0.001 -16"><span class='ocrx_word' id='word_1_83' title='bbox 511 1404 642 1443; x_wconf 87' lang='lat' dir='ltr'><strong>nere</strong></span> <span class='ocrx_word' id='word_1_84' title='bbox 696 1390 979 1442; x_wconf 83' lang='lat' dir='ltr'><strong>conlinunt</strong></span> <span class='ocrx_word' id='word_1_85' title='bbox 1037 1389 1255 1442; x_wconf 85' lang='lat' dir='ltr'><strong>nemine</strong></span> <span class='ocrx_word' id='word_1_86' title='bbox 1309 1400 1702 1458; x_wconf 77' lang='lat' dir='ltr'><strong>persequente,</strong></span> <span class='ocrx_word' id='word_1_87' title='bbox 1763 1399 2097 1443; x_wconf 86' lang='lat' dir='ltr'><strong>accusantes</strong></span> 
     </span>
    </p>
   </div>
   <div class='ocr_carea' id='block_1_14' title="bbox 512 1479 2099 1549">
    <p class='ocr_par' dir='ltr' id='par_1_14' title="bbox 512 1479 2099 1549">
     <span class='ocr_line' id='line_1_14' title="bbox 512 1479 2099 1549; baseline -0.002 -14"><span class='ocrx_word' id='word_1_88' title='bbox 512 1483 858 1548; x_wconf 86' lang='lat' dir='ltr'><strong>semetipsos,</strong></span> <span class='ocrx_word' id='word_1_89' title='bbox 881 1482 1026 1549; x_wconf 89' lang='lat' dir='ltr'><strong>quod</strong></span> <span class='ocrx_word' id='word_1_90' title='bbox 1047 1480 1199 1534; x_wconf 85' lang='lat' dir='ltr'><strong>Plato</strong></span> <span class='ocrx_word' id='word_1_91' title='bbox 1221 1481 1273 1534; x_wconf 90' lang='lat' dir='ltr'><strong>in</strong></span> <span class='ocrx_word' id='word_1_92' title='bbox 1305 1481 1503 1549; x_wconf 73' lang='lat' dir='ltr'><strong>Gorgia</strong></span> <span class='ocrx_word' id='word_1_93' title='bbox 1534 1496 1650 1543; x_wconf 89' lang='lat' dir='ltr'><strong>eos,</strong></span> <span class='ocrx_word' id='word_1_94' title='bbox 1693 1479 1934 1549; x_wconf 85' lang='lat' dir='ltr'><strong>quijusti</strong></span> <span class='ocrx_word' id='word_1_95' title='bbox 1972 1495 2099 1532; x_wconf 82' lang='lat' dir='ltr'><strong>eva-</strong></span> 
     </span>
    </p>
   </div>
   <div class='ocr_carea' id='block_1_15' title="bbox 511 1572 2085 1641">
    <p class='ocr_par' dir='ltr' id='par_1_15' title="bbox 511 1572 2085 1641">
     <span class='ocr_line' id='line_1_15' title="bbox 511 1572 2085 1641; baseline -0.001 -16"><span class='ocrx_word' id='word_1_96' title='bbox 511 1574 638 1625; x_wconf 90' lang='lat' dir='ltr'><strong>dere</strong></span> <span class='ocrx_word' id='word_1_97' title='bbox 671 1575 919 1641; x_wconf 90' lang='lat' dir='ltr'><strong>cupiunt,</strong></span> <span class='ocrx_word' id='word_1_98' title='bbox 952 1573 1130 1625; x_wconf 82' lang='lat' dir='ltr'><strong>facere</strong></span> <span class='ocrx_word' id='word_1_99' title='bbox 1157 1572 1422 1641; x_wconf 74' lang='lat' dir='ltr'><strong>praecipit,</strong></span> <span class='ocrx_word' id='word_1_100' title='bbox 1461 1582 1519 1625; x_wconf 91' lang='lat' dir='ltr'><strong>ut</strong></span> <span class='ocrx_word' id='word_1_101' title='bbox 1548 1572 1820 1625; x_wconf 88' lang='lat' dir='ltr'><strong>sententia</strong></span> <span class='ocrx_word' id='word_1_102' title='bbox 1853 1574 2085 1626; x_wconf 87' lang='lat' dir='ltr'><strong>istorum</strong></span> 
     </span>
    </p>
   </div>
   <div class='ocr_carea' id='block_1_16' title="bbox 512 1662 2099 1733">
    <p class='ocr_par' dir='ltr' id='par_1_16' title="bbox 512 1662 2099 1733">
     <span class='ocr_line' id='line_1_16' title="bbox 512 1662 2099 1733; baseline 0 -16"><span class='ocrx_word' id='word_1_103' title='bbox 512 1676 729 1732; x_wconf 74' lang='lat' dir='ltr'><strong>recepta</strong></span> <span class='ocrx_word' id='word_1_104' title='bbox 775 1666 1076 1733; x_wconf 85' lang='lat' dir='ltr'><strong>injunetam</strong></span> <span class='ocrx_word' id='word_1_105' title='bbox 1134 1680 1351 1732; x_wconf 61' lang='lat' dir='ltr'><strong>poenam</strong></span> <span class='ocrx_word' id='word_1_106' title='bbox 1410 1680 1572 1732; x_wconf 85' lang='lat' dir='ltr'><strong>apere</strong></span> <span class='ocrx_word' id='word_1_107' title='bbox 1623 1666 1899 1733; x_wconf 76' lang='lat' dir='ltr'><strong>expleant.</strong></span> <span class='ocrx_word' id='word_1_108' title='bbox 1953 1662 2099 1717; x_wconf 83' lang='lat' dir='ltr'><strong>Nihil</strong></span> 
     </span>
    </p>
   </div>
   <div class='ocr_carea' id='block_1_17' title="bbox 512 1755 2100 1824">
    <p class='ocr_par' dir='ltr' id='par_1_17' title="bbox 512 1755 2100 1824">
     <span class='ocr_line' id='line_1_17' title="bbox 512 1755 2100 1824; baseline -0.002 -16"><span class='ocrx_word' id='word_1_109' title='bbox 512 1758 657 1809; x_wconf 82' lang='lat' dir='ltr'><strong>enim</strong></span> <span class='ocrx_word' id='word_1_110' title='bbox 705 1758 771 1811; x_wconf 90' lang='lat' dir='ltr'><strong>de</strong></span> <span class='ocrx_word' id='word_1_111' title='bbox 818 1758 882 1810; x_wconf 87' lang='lat' dir='ltr'><strong>iis</strong></span> <span class='ocrx_word' id='word_1_112' title='bbox 928 1757 1191 1824; x_wconf 85' lang='lat' dir='ltr'><strong>dieo,qui</strong></span> <span class='ocrx_word' id='word_1_113' title='bbox 1249 1772 1315 1809; x_wconf 81' lang='lat' dir='ltr'><strong>ex</strong></span> <span class='ocrx_word' id='word_1_114' title='bbox 1360 1765 1629 1824; x_wconf 66' lang='lat' dir='ltr'><strong>prateepto</strong></span> <span class='ocrx_word' id='word_1_115' title='bbox 1682 1755 1806 1808; x_wconf 90' lang='lat' dir='ltr'><strong>inde</strong></span> <span class='ocrx_word' id='word_1_116' title='bbox 1854 1755 1921 1807; x_wconf 86' lang='lat' dir='ltr'><strong>ab</strong></span> <span class='ocrx_word' id='word_1_117' title='bbox 1974 1755 2100 1806; x_wconf 88' lang='lat' dir='ltr'><strong>ulti-</strong></span> 
     </span>
    </p>
   </div>
   <div class='ocr_carea' id='block_1_18' title="bbox 512 1842 2095 1907">
    <p class='ocr_par' dir='ltr' id='par_1_18' title="bbox 512 1842 2095 1907">
     <span class='ocr_line' id='line_1_18' title="bbox 512 1842 2095 1907; baseline -0.003 -9"><span class='ocrx_word' id='word_1_118' title='bbox 512 1848 617 1899; x_wconf 87' lang='lat' dir='ltr'><strong>mis</strong></span> <span class='ocrx_word' id='word_1_119' title='bbox 646 1857 805 1898; x_wconf 73' lang='lat' dir='ltr'><strong>terra:</strong></span> <span class='ocrx_word' id='word_1_120' title='bbox 855 1846 1057 1898; x_wconf 83' lang='lat' dir='ltr'><strong>linilms</strong></span> <span class='ocrx_word' id='word_1_121' title='bbox 1112 1844 1197 1898; x_wconf 91' lang='lat' dir='ltr'><strong>vel</strong></span> <span class='ocrx_word' id='word_1_122' title='bbox 1252 1845 1395 1897; x_wconf 89' lang='lat' dir='ltr'><strong>ultro</strong></span> <span class='ocrx_word' id='word_1_123' title='bbox 1437 1855 1762 1907; x_wconf 85' lang='lat' dir='ltr'><strong>accurrunt,</strong></span> <span class='ocrx_word' id='word_1_124' title='bbox 1815 1843 1897 1896; x_wconf 81' lang='lat' dir='ltr'><strong>vel</strong></span> <span class='ocrx_word' id='word_1_125' title='bbox 1943 1842 2095 1896; x_wconf 85' lang='lat' dir='ltr'><strong>inviti</strong></span> 
     </span>
    </p>
   </div>
   <div class='ocr_carea' id='block_1_19' title="bbox 511 1934 2094 2008">
    <p class='ocr_par' dir='ltr' id='par_1_19' title="bbox 511 1934 2094 2008">
     <span class='ocr_line' id='line_1_19' title="bbox 511 1934 2094 2008; baseline -0.002 -19"><span class='ocrx_word' id='word_1_126' title='bbox 511 1939 940 2008; x_wconf 63' lang='lat' dir='ltr'><strong>pertrahuntur,</strong></span> <span class='ocrx_word' id='word_1_127' title='bbox 963 1937 1097 2001; x_wconf 85' lang='lat' dir='ltr'><strong>Quis</strong></span> <span class='ocrx_word' id='word_1_128' title='bbox 1131 1951 1262 1990; x_wconf 87' lang='lat' dir='ltr'><strong>vero</strong></span> <span class='ocrx_word' id='word_1_129' title='bbox 1297 1952 1406 1989; x_wconf 88' lang='lat' dir='ltr'><strong>non</strong></span> <span class='ocrx_word' id='word_1_130' title='bbox 1436 1936 1820 2004; x_wconf 79' lang='lat' dir='ltr'><strong>Obstupescat,</strong></span> <span class='ocrx_word' id='word_1_131' title='bbox 1852 1934 1981 1988; x_wconf 87' lang='lat' dir='ltr'><strong>dum</strong></span> <span class='ocrx_word' id='word_1_132' title='bbox 2042 1934 2094 1987; x_wconf 89' lang='lat' dir='ltr'><strong>in</strong></span> 
     </span>
    </p>
   </div>
   <div class='ocr_carea' id='block_1_20' title="bbox 510 2030 2095 2101">
    <p class='ocr_par' dir='ltr' id='par_1_20' title="bbox 510 2030 2095 2101">
     <span class='ocr_line' id='line_1_20' title="bbox 510 2030 2095 2101; baseline -0.003 -16"><span class='ocrx_word' id='word_1_133' title='bbox 510 2033 729 2101; x_wconf 85' lang='lat' dir='ltr'><strong>publico</strong></span> <span class='ocrx_word' id='word_1_134' title='bbox 750 2030 1086 2085; x_wconf 82' lang='lat' dir='ltr'><strong>consistorio</strong></span> <span class='ocrx_word' id='word_1_135' title='bbox 1114 2044 1308 2099; x_wconf 84' lang='lat' dir='ltr'><strong>papam</strong></span> <span class='ocrx_word' id='word_1_136' title='bbox 1340 2044 1604 2099; x_wconf 84' lang='lat' dir='ltr'><strong>responsa</strong></span> <span class='ocrx_word' id='word_1_137' title='bbox 1633 2030 1855 2083; x_wconf 80' lang='lat' dir='ltr'><strong>dantem</strong></span> <span class='ocrx_word' id='word_1_138' title='bbox 1894 2037 1947 2081; x_wconf 90' lang='lat' dir='ltr'><strong>et</strong></span> <span class='ocrx_word' id='word_1_139' title='bbox 1972 2042 2095 2081; x_wconf 89' lang='lat' dir='ltr'><strong>ora-</strong></span> 
     </span>
    </p>
   </div>
   <div class='ocr_carea' id='block_1_21' title="bbox 508 2120 2095 2193">
    <p class='ocr_par' dir='ltr' id='par_1_21' title="bbox 508 2120 2095 2193">
     <span class='ocr_line' id='line_1_21' title="bbox 508 2120 2095 2193; baseline -0.004 -16"><span class='ocrx_word' id='word_1_140' title='bbox 508 2125 632 2178; x_wconf 87' lang='lat' dir='ltr'><strong>cula</strong></span> <span class='ocrx_word' id='word_1_141' title='bbox 662 2124 975 2177; x_wconf 70' lang='lat' dir='ltr'><strong>inridentem</strong></span> <span class='ocrx_word' id='word_1_142' title='bbox 1012 2124 1163 2177; x_wconf 84' lang='lat' dir='ltr'><strong>audit</strong></span> <span class='ocrx_word' id='word_1_143' title='bbox 1188 2126 1211 2175; x_wconf 73' lang='grc' dir='ltr'>’ί</span> <span class='ocrx_word' id='word_1_144' title='bbox 1236 2124 1358 2193; x_wconf 89' lang='lat' dir='ltr'><strong>quis</strong></span> <span class='ocrx_word' id='word_1_145' title='bbox 1386 2138 1492 2176; x_wconf 89' lang='lat' dir='ltr'><strong>non</strong></span> <span class='ocrx_word' id='word_1_146' title='bbox 1521 2121 1823 2175; x_wconf 88' lang='lat' dir='ltr'><strong>admiretur</strong></span> <span class='ocrx_word' id='word_1_147' title='bbox 1838 2120 1967 2175; x_wconf 88' lang='lat' dir='ltr'><strong>dum</strong></span> <span class='ocrx_word' id='word_1_148' title='bbox 1993 2120 2095 2173; x_wconf 89' lang='lat' dir='ltr'><strong>ista</strong></span> 
     </span>
    </p>
   </div>
   <div class='ocr_carea' id='block_1_22' title="bbox 508 2211 2096 2283">
    <p class='ocr_par' dir='ltr' id='par_1_22' title="bbox 508 2211 2096 2283">
     <span class='ocr_line' id='line_1_22' title="bbox 508 2211 2096 2283; baseline -0.001 -17"><span class='ocrx_word' id='word_1_149' title='bbox 508 2215 699 2269; x_wconf 80' lang='lat' dir='ltr'><strong>videt?</strong></span> <span class='ocrx_word' id='word_1_150' title='bbox 727 2212 831 2267; x_wconf 87' lang='lat' dir='ltr'><strong>Sed</strong></span> <span class='ocrx_word' id='word_1_151' title='bbox 859 2216 986 2283; x_wconf 83' lang='lat' dir='ltr'><strong>quid</strong></span> <span class='ocrx_word' id='word_1_152' title='bbox 1021 2215 1175 2283; x_wconf 84' lang='lat' dir='ltr'><strong>plura</strong></span> <span class='ocrx_word' id='word_1_153' title='bbox 1198 2216 1268 2268; x_wconf 89' lang='lat' dir='ltr'><strong>de</strong></span> <span class='ocrx_word' id='word_1_154' title='bbox 1302 2215 1388 2268; x_wconf 85' lang='lat' dir='ltr'><strong>his</strong></span> <span class='ocrx_word' id='word_1_155' title='bbox 1410 2213 1595 2267; x_wconf 89' lang='lat' dir='ltr'><strong>dicere</strong></span> <span class='ocrx_word' id='word_1_156' title='bbox 1620 2211 1854 2267; x_wconf 87' lang='lat' dir='ltr'><strong>attinet?</strong></span> <span class='ocrx_word' id='word_1_157' title='bbox 1879 2211 1933 2263; x_wconf 90' lang='lat' dir='ltr'><strong>ld</strong></span> <span class='ocrx_word' id='word_1_158' title='bbox 1968 2225 2096 2264; x_wconf 88' lang='lat' dir='ltr'><strong>vero</strong></span> 
     </span>
    </p>
   </div>
   <div class='ocr_carea' id='block_1_23' title="bbox 508 2303 2094 2372">
    <p class='ocr_par' dir='ltr' id='par_1_23' title="bbox 508 2303 2094 2372">
     <span class='ocr_line' id='line_1_23' title="bbox 508 2303 2094 2372; baseline 0.001 -19"><span class='ocrx_word' id='word_1_159' title='bbox 508 2305 654 2372; x_wconf 84' lang='lat' dir='ltr'><strong>quod</strong></span> <span class='ocrx_word' id='word_1_160' title='bbox 696 2303 764 2357; x_wconf 87' lang='lat' dir='ltr'><strong>de</strong></span> <span class='ocrx_word' id='word_1_161' title='bbox 803 2305 1174 2372; x_wconf 73' lang='lat' dir='ltr'><strong>apusrolorum</strong></span> <span class='ocrx_word' id='word_1_162' title='bbox 1222 2304 1474 2372; x_wconf 80' lang='lat' dir='ltr'><strong>reliquiis</strong></span> <span class='ocrx_word' id='word_1_163' title='bbox 1510 2303 1779 2365; x_wconf 87' lang='lat' dir='ltr'><strong>dicebam,</strong></span> <span class='ocrx_word' id='word_1_164' title='bbox 1827 2312 2094 2372; x_wconf 79' lang='lat' dir='ltr'><strong>quantum</strong></span> 
     </span>
    </p>
   </div>
   <div class='ocr_carea' id='block_1_24' title="bbox 510 2392 2096 2458">
    <p class='ocr_par' dir='ltr' id='par_1_24' title="bbox 510 2392 2096 2458">
     <span class='ocr_line' id='line_1_24' title="bbox 510 2392 2096 2458; baseline -0.002 -9"><span class='ocrx_word' id='word_1_165' title='bbox 510 2396 643 2449; x_wconf 89' lang='lat' dir='ltr'><strong>huic</strong></span> <span class='ocrx_word' id='word_1_166' title='bbox 689 2394 809 2448; x_wconf 84' lang='lat' dir='ltr'><strong>urbi</strong></span> <span class='ocrx_word' id='word_1_167' title='bbox 848 2395 1165 2458; x_wconf 83' lang='lat' dir='ltr'><strong>conferant,</strong></span> <span class='ocrx_word' id='word_1_168' title='bbox 1201 2395 1389 2448; x_wconf 88' lang='lat' dir='ltr'><strong>videre</strong></span> <span class='ocrx_word' id='word_1_169' title='bbox 1426 2395 1551 2448; x_wconf 88' lang='lat' dir='ltr'><strong>licet</strong></span> <span class='ocrx_word' id='word_1_170' title='bbox 1576 2410 1638 2448; x_wconf 87' lang='lat' dir='ltr'><strong>ex</strong></span> <span class='ocrx_word' id='word_1_171' title='bbox 1672 2392 2096 2447; x_wconf 80' lang='lat' dir='ltr'><strong>Commentariis</strong></span> 
     </span>
    </p>
   </div>
   <div class='ocr_carea' id='block_1_25' title="bbox 506 2485 2096 2556">
    <p class='ocr_par' dir='ltr' id='par_1_25' title="bbox 506 2485 2096 2556">
     <span class='ocr_line' id='line_1_25' title="bbox 506 2485 2096 2556; baseline -0.003 -16"><span class='ocrx_word' id='word_1_172' title='bbox 506 2486 858 2556; x_wconf 87' lang='lat' dir='ltr'><strong>Chrysotomi</strong></span> <span class='ocrx_word' id='word_1_173' title='bbox 890 2486 942 2539; x_wconf 92' lang='lat' dir='ltr'><strong>in</strong></span> <span class='ocrx_word' id='word_1_174' title='bbox 972 2487 1268 2556; x_wconf 75' lang='lat' dir='ltr'><strong>Epistulam</strong></span> <span class='ocrx_word' id='word_1_175' title='bbox 1303 2486 1456 2539; x_wconf 83' lang='lat' dir='ltr'><strong>Pauli</strong></span> <span class='ocrx_word' id='word_1_176' title='bbox 1492 2486 1560 2540; x_wconf 86' lang='lat' dir='ltr'><strong>ad</strong></span> <span class='ocrx_word' id='word_1_177' title='bbox 1588 2486 1685 2541; x_wconf 92' lang='lat' dir='ltr'><strong>hos</strong></span> <span class='ocrx_word' id='word_1_178' title='bbox 1706 2487 1855 2555; x_wconf 90' lang='lat' dir='ltr'><strong>ipsos</strong></span> <span class='ocrx_word' id='word_1_179' title='bbox 1890 2485 2096 2538; x_wconf 80' lang='lat' dir='ltr'><strong>Roma-</strong></span> 
     </span>
    </p>
   </div>
   <div class='ocr_carea' id='block_1_26' title="bbox 513 2576 2092 2644">
    <p class='ocr_par' dir='ltr' id='par_1_26' title="bbox 513 2576 2092 2644">
     <span class='ocr_line' id='line_1_26' title="bbox 513 2576 2092 2644; baseline -0.003 -12"><span class='ocrx_word' id='word_1_180' title='bbox 513 2594 639 2641; x_wconf 90' lang='lat' dir='ltr'><strong>nos,</strong></span> <span class='ocrx_word' id='word_1_181' title='bbox 668 2578 716 2632; x_wconf 89' lang='lat' dir='ltr'><strong>si</strong></span> <span class='ocrx_word' id='word_1_182' title='bbox 748 2587 895 2632; x_wconf 81' lang='lat' dir='ltr'><strong>recte</strong></span> <span class='ocrx_word' id='word_1_183' title='bbox 926 2579 1175 2644; x_wconf 71' lang='lat' dir='ltr'><strong>meanini,</strong></span> <span class='ocrx_word' id='word_1_184' title='bbox 1200 2579 1307 2632; x_wconf 87' lang='lat' dir='ltr'><strong>sub</strong></span> <span class='ocrx_word' id='word_1_185' title='bbox 1338 2579 1525 2641; x_wconf 80' lang='lat' dir='ltr'><strong>tinent,</strong></span> <span class='ocrx_word' id='word_1_186' title='bbox 1561 2578 1651 2631; x_wconf 92' lang='lat' dir='ltr'><strong>ubi</strong></span> <span class='ocrx_word' id='word_1_187' title='bbox 1677 2579 1758 2632; x_wconf 85' lang='lat' dir='ltr'><strong>vir</strong></span> <span class='ocrx_word' id='word_1_188' title='bbox 1780 2593 1890 2632; x_wconf 89' lang='lat' dir='ltr'><strong>non</strong></span> <span class='ocrx_word' id='word_1_189' title='bbox 1916 2576 2092 2632; x_wconf 85' lang='lat' dir='ltr'><strong>solum</strong></span> 
     </span>
    </p>
   </div>
   <div class='ocr_carea' id='block_1_27' title="bbox 510 2671 2096 2736">
    <p class='ocr_par' dir='ltr' id='par_1_27' title="bbox 510 2671 2096 2736">
     <span class='ocr_line' id='line_1_27' title="bbox 510 2671 2096 2736; baseline -0.003 -11"><span class='ocrx_word' id='word_1_190' title='bbox 510 2688 628 2736; x_wconf 80' lang='lat' dir='ltr'><strong>ore,</strong></span> <span class='ocrx_word' id='word_1_191' title='bbox 664 2673 757 2726; x_wconf 84' lang='lat' dir='ltr'><strong>sed</strong></span> <span class='ocrx_word' id='word_1_192' title='bbox 786 2680 839 2724; x_wconf 90' lang='lat' dir='ltr'><strong>et</strong></span> <span class='ocrx_word' id='word_1_193' title='bbox 862 2671 1047 2725; x_wconf 90' lang='lat' dir='ltr'><strong>animo</strong></span> <span class='ocrx_word' id='word_1_194' title='bbox 1083 2686 1209 2726; x_wconf 84' lang='lat' dir='ltr'><strong>vere</strong></span> <span class='ocrx_word' id='word_1_195' title='bbox 1237 2687 1460 2736; x_wconf 88' lang='lat' dir='ltr'><strong>aureus,</strong></span> <span class='ocrx_word' id='word_1_196' title='bbox 1494 2678 1671 2724; x_wconf 89' lang='lat' dir='ltr'><strong>totum</strong></span> <span class='ocrx_word' id='word_1_197' title='bbox 1700 2683 2014 2725; x_wconf 81' lang='lat' dir='ltr'><strong>sermonem</strong></span> <span class='ocrx_word' id='word_1_198' title='bbox 2041 2676 2096 2721; x_wconf 86' lang='lat' dir='ltr'><strong>et</strong></span> 
     </span>
    </p>
   </div>
   <div class='ocr_carea' id='block_1_28' title="bbox 507 2762 2095 2832">
    <p class='ocr_par' dir='ltr' id='par_1_28' title="bbox 507 2762 2095 2832">
     <span class='ocr_line' id='line_1_28' title="bbox 507 2762 2095 2832; baseline -0.004 -13"><span class='ocrx_word' id='word_1_199' title='bbox 507 2779 739 2819; x_wconf 83' lang='lat' dir='ltr'><strong>aureum</strong></span> <span class='ocrx_word' id='word_1_200' title='bbox 768 2762 899 2815; x_wconf 91' lang='lat' dir='ltr'><strong>illud</strong></span> <span class='ocrx_word' id='word_1_201' title='bbox 931 2765 1193 2832; x_wconf 86' lang='lat' dir='ltr'><strong>scriptum</strong></span> <span class='ocrx_word' id='word_1_202' title='bbox 1220 2763 1579 2826; x_wconf 85' lang='lat' dir='ltr'><strong>concludens,</strong></span> <span class='ocrx_word' id='word_1_203' title='bbox 1605 2763 1772 2817; x_wconf 85' lang='lat' dir='ltr'><strong>veluti</strong></span> <span class='ocrx_word' id='word_1_204' title='bbox 1796 2762 1982 2817; x_wconf 86' lang='lat' dir='ltr'><strong>divino</strong></span> <span class='ocrx_word' id='word_1_205' title='bbox 2013 2763 2095 2813; x_wconf 90' lang='lat' dir='ltr'><strong>lu—</strong></span> 
     </span>
    </p>
   </div>
   <div class='ocr_carea' id='block_1_29' title="bbox 510 2851 2095 2923">
    <p class='ocr_par' dir='ltr' id='par_1_29' title="bbox 510 2851 2095 2923">
     <span class='ocr_line' id='line_1_29' title="bbox 510 2851 2095 2923; baseline -0.002 -15"><span class='ocrx_word' id='word_1_206' title='bbox 510 2868 637 2908; x_wconf 84' lang='lat' dir='ltr'><strong>rore</strong></span> <span class='ocrx_word' id='word_1_207' title='bbox 664 2854 998 2916; x_wconf 88' lang='lat' dir='ltr'><strong>concitatus,</strong></span> <span class='ocrx_word' id='word_1_208' title='bbox 1043 2855 1124 2907; x_wconf 88' lang='lat' dir='ltr'><strong>bis</strong></span> <span class='ocrx_word' id='word_1_209' title='bbox 1162 2864 1311 2909; x_wconf 87' lang='lat' dir='ltr'><strong>terve</strong></span> <span class='ocrx_word' id='word_1_210' title='bbox 1341 2864 1396 2909; x_wconf 89' lang='lat' dir='ltr'><strong>et</strong></span> <span class='ocrx_word' id='word_1_211' title='bbox 1428 2851 1933 2923; x_wconf 61' lang='lat' dir='ltr'><strong>swpitisexelamat,</strong></span> <span class='ocrx_word' id='word_1_212' title='bbox 1987 2854 2095 2906; x_wconf 83' lang='lat' dir='ltr'><strong>Cn-</strong></span> 
     </span>
    </p>
   </div>
   <div class='ocr_carea' id='block_1_30' title="bbox 512 2944 2093 3013">
    <p class='ocr_par' dir='ltr' id='par_1_30' title="bbox 512 2944 2093 3013">
     <span class='ocr_line' id='line_1_30' title="bbox 512 2944 2093 3013; baseline -0.001 -14"><span class='ocrx_word' id='word_1_213' title='bbox 512 2958 698 3013; x_wconf 79' lang='lat' dir='ltr'><strong>perem</strong></span> <span class='ocrx_word' id='word_1_214' title='bbox 732 2944 915 2997; x_wconf 87' lang='lat' dir='ltr'><strong>videre</strong></span> <span class='ocrx_word' id='word_1_215' title='bbox 947 2944 1132 2997; x_wconf 83' lang='lat' dir='ltr'><strong>urbem</strong></span> <span class='ocrx_word' id='word_1_216' title='bbox 1168 2945 1343 3008; x_wconf 87' lang='lat' dir='ltr'><strong>illam,</strong></span> <span class='ocrx_word' id='word_1_217' title='bbox 1366 2944 1595 2999; x_wconf 78' lang='lat' dir='ltr'><strong>Romam</strong></span> <span class='ocrx_word' id='word_1_218' title='bbox 1617 2944 1832 2997; x_wconf 87' lang='lat' dir='ltr'><strong>scilicet</strong></span> <span class='ocrx_word' id='word_1_219' title='bbox 1863 2984 1875 3009; x_wconf 94' lang='lat'><strong>,</strong></span> <span class='ocrx_word' id='word_1_220' title='bbox 1911 2944 1963 2996; x_wconf 90' lang='lat' dir='ltr'><strong>in</strong></span> <span class='ocrx_word' id='word_1_221' title='bbox 1984 2960 2093 3012; x_wconf 90' lang='lat' dir='ltr'><strong>qua</strong></span> 
     </span>
    </p>
   </div>
   <div class='ocr_carea' id='block_1_31' title="bbox 513 3034 2095 3104">
    <p class='ocr_par' dir='ltr' id='par_1_31' title="bbox 513 3034 2095 3104">
     <span class='ocr_line' id='line_1_31' title="bbox 513 3034 2095 3104; baseline 0.001 -17"><span class='ocrx_word' id='word_1_222' title='bbox 513 3037 629 3089; x_wconf 73' lang='lat' dir='ltr'><strong>haec</strong></span> <span class='ocrx_word' id='word_1_223' title='bbox 658 3043 714 3089; x_wconf 89' lang='lat' dir='ltr'><strong>et</strong></span> <span class='ocrx_word' id='word_1_224' title='bbox 738 3035 843 3087; x_wconf 87' lang='lat' dir='ltr'><strong>alia</strong></span> <span class='ocrx_word' id='word_1_225' title='bbox 871 3034 938 3088; x_wconf 90' lang='lat' dir='ltr'><strong>de</strong></span> <span class='ocrx_word' id='word_1_226' title='bbox 970 3035 1656 3104; x_wconf 85' lang='lat' dir='ltr'><strong>apostoliseorporumque</strong></span> <span class='ocrx_word' id='word_1_227' title='bbox 1681 3050 1873 3089; x_wconf 88' lang='lat' dir='ltr'><strong>eorum</strong></span> <span class='ocrx_word' id='word_1_228' title='bbox 1910 3036 2095 3104; x_wconf 86' lang='lat' dir='ltr'><strong>sepul-</strong></span> 
     </span>
    </p>
   </div>
   <div class='ocr_carea' id='block_1_32' title="bbox 2193 565 3770 633">
    <p class='ocr_par' dir='ltr' id='par_1_32' title="bbox 2193 565 3770 633">
     <span class='ocr_line' id='line_1_32' title="bbox 2193 565 3770 633; baseline -0.003 -12"><span class='ocrx_word' id='word_1_229' title='bbox 2193 570 2315 621; x_wconf 82' lang='grc' dir='ltr'>τότε</span> <span class='ocrx_word' id='word_1_230' title='bbox 2340 570 2388 620; x_wconf 83' lang='grc' dir='ltr'>οἱ</span> <span class='ocrx_word' id='word_1_231' title='bbox 2416 567 2705 622; x_wconf 76' lang='grc' dir='ltr'><strong>ἀπόστολοι</strong></span> <span class='ocrx_word' id='word_1_232' title='bbox 2730 567 3071 631; x_wconf 83' lang='grc' dir='ltr'>καθίσονται,</span> <span class='ocrx_word' id='word_1_233' title='bbox 3110 565 3251 617; x_wconf 73' lang='grc' dir='ltr'>κατὰ</span> <span class='ocrx_word' id='word_1_234' title='bbox 3281 565 3380 633; x_wconf 77' lang='grc' dir='ltr'>τὴν</span> <span class='ocrx_word' id='word_1_235' title='bbox 3412 566 3770 633; x_wconf 72' lang='grc' dir='ltr'>ἐπαγγελίαν,</span> 
     </span>
    </p>
   </div>
   <div class='ocr_carea' id='block_1_33' title="bbox 2196 655 3776 732">
    <p class='ocr_par' dir='ltr' id='par_1_33' title="bbox 2196 655 3776 732">
     <span class='ocr_line' id='line_1_33' title="bbox 2196 655 3776 732; baseline -0.003 -17"><span class='ocrx_word' id='word_1_236' title='bbox 2196 663 2478 732; x_wconf 78' lang='grc' dir='ltr'>κρίνοντες</span> <span class='ocrx_word' id='word_1_237' title='bbox 2517 661 2615 723; x_wconf 81' lang='grc' dir='ltr'>τὰς</span> <span class='ocrx_word' id='word_1_238' title='bbox 2646 659 2856 711; x_wconf 74' lang='grc' dir='ltr'>δώδεκα</span> <span class='ocrx_word' id='word_1_239' title='bbox 2887 657 3061 725; x_wconf 78' lang='grc' dir='ltr'>φυλὰς</span> <span class='ocrx_word' id='word_1_240' title='bbox 3090 655 3182 708; x_wconf 76' lang='grc' dir='ltr'>τοῦ</span> <span class='ocrx_word' id='word_1_241' title='bbox 3226 658 3478 726; x_wconf 80' lang='grc' dir='ltr'>Ἰσραήλ·</span> <span class='ocrx_word' id='word_1_242' title='bbox 3512 659 3647 710; x_wconf 71' lang='grc' dir='ltr'>ἁλλὶ</span> <span class='ocrx_word' id='word_1_243' title='bbox 3682 662 3776 711; x_wconf 71' lang='grc' dir='ltr'><strong>καὶ</strong></span> 
     </span>
    </p>
   </div>
   <div class='ocr_carea' id='block_1_34' title="bbox 2196 744 3776 819">
    <p class='ocr_par' dir='ltr' id='par_1_34' title="bbox 2196 744 3776 819">
     <span class='ocr_line' id='line_1_34' title="bbox 2196 744 3776 819; baseline -0.002 -15"><span class='ocrx_word' id='word_1_244' title='bbox 2196 753 2290 805; x_wconf 73' lang='grc' dir='ltr'>νῦν</span> <span class='ocrx_word' id='word_1_245' title='bbox 2318 744 2464 803; x_wconf 77' lang='grc' dir='ltr'>οὗτοι</span> <span class='ocrx_word' id='word_1_246' title='bbox 2496 750 2767 819; x_wconf 74' lang='grc' dir='ltr'><strong>κάθηνται</strong></span> <span class='ocrx_word' id='word_1_247' title='bbox 2796 749 2887 801; x_wconf 76' lang='grc' dir='ltr'><strong>ἐπὶ</strong></span> <span class='ocrx_word' id='word_1_248' title='bbox 2913 748 3125 800; x_wconf 81' lang='grc' dir='ltr'><strong>πολλῶν</strong></span> <span class='ocrx_word' id='word_1_249' title='bbox 3151 747 3375 817; x_wconf 77' lang='grc' dir='ltr'>θρόνων,</span> <span class='ocrx_word' id='word_1_250' title='bbox 3402 747 3597 818; x_wconf 85' lang='grc' dir='ltr'>ῶσπερ</span> <span class='ocrx_word' id='word_1_251' title='bbox 3631 752 3776 813; x_wconf 78' lang='grc' dir='ltr'>τινὲς</span> 
     </span>
    </p>
   </div>
   <div class='ocr_carea' id='block_1_35' title="bbox 2195 841 3775 912">
    <p class='ocr_par' dir='ltr' id='par_1_35' title="bbox 2195 841 3775 912">
     <span class='ocr_line' id='line_1_35' title="bbox 2195 841 3775 912; baseline -0.003 -16"><span class='ocrx_word' id='word_1_252' title='bbox 2195 844 2468 899; x_wconf 69' lang='grc' dir='ltr'>δικασταὶ,</span> <span class='ocrx_word' id='word_1_253' title='bbox 2496 841 2776 912; x_wconf 74' lang='grc' dir='ltr'><strong>κρίνοντες</strong></span> <span class='ocrx_word' id='word_1_254' title='bbox 2804 841 2900 907; x_wconf 84' lang='grc' dir='ltr'><strong>τὴν</strong></span> <span class='ocrx_word' id='word_1_255' title='bbox 2927 841 3275 909; x_wconf 75' lang='grc' dir='ltr'>οἰκουμένην.</span> <span class='ocrx_word' id='word_1_256' title='bbox 3308 841 3422 894; x_wconf 72' lang='grc' dir='ltr'>Καὶ</span> <span class='ocrx_word' id='word_1_257' title='bbox 3449 842 3548 893; x_wconf 79' lang='grc' dir='ltr'><strong>οὐκ</strong></span> <span class='ocrx_word' id='word_1_258' title='bbox 3570 842 3661 895; x_wconf 72' lang='grc' dir='ltr'>ἐπὶ</span> <span class='ocrx_word' id='word_1_259' title='bbox 3678 846 3775 911; x_wconf 73' lang='grc' dir='ltr'>τῆς</span> 
     </span>
    </p>
   </div>
   <div class='ocr_carea' id='block_1_36' title="bbox 2198 931 3776 1005">
    <p class='ocr_par' dir='ltr' id='par_1_36' title="bbox 2198 931 3776 1005">
     <span class='ocr_line' id='line_1_36' title="bbox 2198 931 3776 1005; baseline -0.003 -17"><span class='ocrx_word' id='word_1_260' title='bbox 2198 936 2436 1005; x_wconf 86' lang='grc' dir='ltr'>ἀρχαίας</span> <span class='ocrx_word' id='word_1_261' title='bbox 2472 933 2803 1002; x_wconf 75' lang='grc' dir='ltr'>Ἐκκλησίας</span> <span class='ocrx_word' id='word_1_262' title='bbox 2842 933 3026 1002; x_wconf 87' lang='grc' dir='ltr'>μόνον,</span> <span class='ocrx_word' id='word_1_263' title='bbox 3059 931 3193 983; x_wconf 69' lang='grc' dir='ltr'>ἀλλὰ</span> <span class='ocrx_word' id='word_1_264' title='bbox 3236 931 3333 983; x_wconf 74' lang='grc' dir='ltr'><strong>καὶ</strong></span> <span class='ocrx_word' id='word_1_265' title='bbox 3361 931 3456 984; x_wconf 83' lang='grc' dir='ltr'>νῦν</span> <span class='ocrx_word' id='word_1_266' title='bbox 3488 932 3627 986; x_wconf 78' lang='grc' dir='ltr'>κατὰ</span> <span class='ocrx_word' id='word_1_267' title='bbox 3677 934 3776 1002; x_wconf 77' lang='grc' dir='ltr'><strong>τὴν</strong></span> 
     </span>
    </p>
   </div>
   <div class='ocr_carea' id='block_1_37' title="bbox 2199 1023 3772 1095">
    <p class='ocr_par' dir='ltr' id='par_1_37' title="bbox 2199 1023 3772 1095">
     <span class='ocr_line' id='line_1_37' title="bbox 2199 1023 3772 1095; baseline -0.003 -14"><span class='ocrx_word' id='word_1_268' title='bbox 2199 1029 2377 1081; x_wconf 78' lang='grc' dir='ltr'>αὐτῶν</span> <span class='ocrx_word' id='word_1_269' title='bbox 2412 1027 2596 1095; x_wconf 74' lang='grc' dir='ltr'>φωνὴν</span> <span class='ocrx_word' id='word_1_270' title='bbox 2626 1027 2759 1077; x_wconf 76' lang='grc' dir='ltr'>πᾶσι</span> <span class='ocrx_word' id='word_1_271' title='bbox 2788 1025 2982 1077; x_wconf 73' lang='grc' dir='ltr'>συνετὰ</span> <span class='ocrx_word' id='word_1_272' title='bbox 3020 1023 3371 1092; x_wconf 76' lang='grc' dir='ltr'>φθέγγονται.</span> <span class='ocrx_word' id='word_1_273' title='bbox 3406 1026 3514 1077; x_wconf 76' lang='grc' dir='ltr'>Καὶ</span> <span class='ocrx_word' id='word_1_274' title='bbox 3561 1024 3664 1090; x_wconf 77' lang='grc' dir='ltr'>ἔξω</span> <span class='ocrx_word' id='word_1_275' title='bbox 3692 1042 3772 1088; x_wconf 86' lang='grc' dir='ltr'><strong>τε,</strong></span> 
     </span>
    </p>
   </div>
   <div class='ocr_carea' id='block_1_38' title="bbox 2199 1115 3775 1186">
    <p class='ocr_par' dir='ltr' id='par_1_38' title="bbox 2199 1115 3775 1186">
     <span class='ocr_line' id='line_1_38' title="bbox 2199 1115 3775 1186; baseline -0.001 -16"><span class='ocrx_word' id='word_1_276' title='bbox 2199 1121 2270 1182; x_wconf 83' lang='grc' dir='ltr'><strong>ὡς</strong></span> <span class='ocrx_word' id='word_1_277' title='bbox 2299 1116 2477 1181; x_wconf 80' lang='grc' dir='ltr'>εἷπον,</span> <span class='ocrx_word' id='word_1_278' title='bbox 2502 1117 2819 1186; x_wconf 74' lang='grc' dir='ltr'><strong>πανταχόσε</strong></span> <span class='ocrx_word' id='word_1_279' title='bbox 2847 1117 2913 1169; x_wconf 72' lang='grc' dir='ltr'><strong>τὰ</strong></span> <span class='ocrx_word' id='word_1_280' title='bbox 2946 1116 3052 1167; x_wconf 88' lang='grc' dir='ltr'><strong>τῶν</strong></span> <span class='ocrx_word' id='word_1_281' title='bbox 3083 1115 3400 1171; x_wconf 74' lang='grc' dir='ltr'>ἀποστόλων</span> <span class='ocrx_word' id='word_1_282' title='bbox 3445 1116 3775 1185; x_wconf 74' lang='grc' dir='ltr'>ψηφίσματα</span> 
     </span>
    </p>
   </div>
   <div class='ocr_carea' id='block_1_39' title="bbox 2200 1207 3774 1280">
    <p class='ocr_par' dir='ltr' id='par_1_39' title="bbox 2200 1207 3774 1280">
     <span class='ocr_line' id='line_1_39' title="bbox 2200 1207 3774 1280; baseline -0.003 -15"><span class='ocrx_word' id='word_1_283' title='bbox 2200 1214 2291 1265; x_wconf 70' lang='grc' dir='ltr'>καὶ</span> <span class='ocrx_word' id='word_1_284' title='bbox 2342 1212 2688 1279; x_wconf 89' lang='grc' dir='ltr'>θεσπίσματα</span> <span class='ocrx_word' id='word_1_285' title='bbox 2720 1210 3001 1280; x_wconf 79' lang='grc' dir='ltr'>διαφοιτᾷ.</span> <span class='ocrx_word' id='word_1_286' title='bbox 3056 1210 3163 1261; x_wconf 77' lang='grc' dir='ltr'><strong>Καὶ</strong></span> <span class='ocrx_word' id='word_1_287' title='bbox 3214 1207 3375 1279; x_wconf 79' lang='grc' dir='ltr'>δείρο</span> <span class='ocrx_word' id='word_1_288' title='bbox 3432 1210 3774 1279; x_wconf 71' lang='grc' dir='ltr'>πανταχόθεν</span> 
     </span>
    </p>
   </div>
   <div class='ocr_carea' id='block_1_40' title="bbox 2199 1297 3773 1371">
    <p class='ocr_par' dir='ltr' id='par_1_40' title="bbox 2199 1297 3773 1371">
     <span class='ocr_line' id='line_1_40' title="bbox 2199 1297 3773 1371; baseline -0.002 -19"><span class='ocrx_word' id='word_1_289' title='bbox 2199 1300 2449 1371; x_wconf 73' lang='grc' dir='ltr'>ἔρχονται</span> <span class='ocrx_word' id='word_1_290' title='bbox 2499 1299 2712 1352; x_wconf 87' lang='grc' dir='ltr'>πολλῶν</span> <span class='ocrx_word' id='word_1_291' title='bbox 2747 1298 2992 1369; x_wconf 73' lang='grc' dir='ltr'>ἡμερῶν,</span> <span class='ocrx_word' id='word_1_292' title='bbox 3043 1298 3145 1367; x_wconf 78' lang='grc' dir='ltr'><strong>ήδη</strong></span> <span class='ocrx_word' id='word_1_293' title='bbox 3179 1297 3236 1350; x_wconf 78' lang='grc' dir='ltr'><strong>δὲ</strong></span> <span class='ocrx_word' id='word_1_294' title='bbox 3271 1300 3365 1350; x_wconf 77' lang='grc' dir='ltr'>καὶ</span> <span class='ocrx_word' id='word_1_295' title='bbox 3419 1299 3604 1367; x_wconf 82' lang='grc' dir='ltr'>μηνῶν</span> <span class='ocrx_word' id='word_1_296' title='bbox 3652 1298 3773 1349; x_wconf 58' lang='grc' dir='ltr'>ὁδον</span> 
     </span>
    </p>
   </div>
   <div class='ocr_carea' id='block_1_41' title="bbox 2200 1388 3776 1461">
    <p class='ocr_par' dir='ltr' id='par_1_41' title="bbox 2200 1388 3776 1461">
     <span class='ocr_line' id='line_1_41' title="bbox 2200 1388 3776 1461; baseline -0.001 -18"><span class='ocrx_word' id='word_1_297' title='bbox 2200 1392 2431 1461; x_wconf 72' lang='grc' dir='ltr'>μηδενὸς</span> <span class='ocrx_word' id='word_1_298' title='bbox 2463 1392 2754 1451; x_wconf 78' lang='grc' dir='ltr'>διώκοντος</span> <span class='ocrx_word' id='word_1_299' title='bbox 2812 1390 3034 1452; x_wconf 74' lang='grc' dir='ltr'>αὐτοὺς,</span> <span class='ocrx_word' id='word_1_300' title='bbox 3088 1389 3449 1458; x_wconf 77' lang='grc' dir='ltr'>κατεροῦντες</span> <span class='ocrx_word' id='word_1_301' title='bbox 3511 1388 3606 1457; x_wconf 74' lang='grc' dir='ltr'>μὲν</span> <span class='ocrx_word' id='word_1_302' title='bbox 3650 1389 3776 1441; x_wconf 70' lang='grc' dir='ltr'>ἑαυ-</span> 
     </span>
    </p>
   </div>
   <div class='ocr_carea' id='block_1_42' title="bbox 2198 1478 3778 1549">
    <p class='ocr_par' dir='ltr' id='par_1_42' title="bbox 2198 1478 3778 1549">
     <span class='ocr_line' id='line_1_42' title="bbox 2198 1478 3778 1549; baseline -0.003 -14"><span class='ocrx_word' id='word_1_303' title='bbox 2198 1482 2329 1545; x_wconf 86' lang='grc' dir='ltr'>τῶν,</span> <span class='ocrx_word' id='word_1_304' title='bbox 2364 1482 2391 1534; x_wconf 75' lang='grc' dir='ltr'>ὃ</span> <span class='ocrx_word' id='word_1_305' title='bbox 2424 1482 2647 1534; x_wconf 80' lang='grc' dir='ltr'><strong>Πλάτων</strong></span> <span class='ocrx_word' id='word_1_306' title='bbox 2680 1483 2738 1532; x_wconf 82' lang='grc' dir='ltr'>ὲν</span> <span class='ocrx_word' id='word_1_307' title='bbox 2765 1480 2969 1549; x_wconf 69' lang='grc' dir='ltr'>Γοργίᾳ</span> <span class='ocrx_word' id='word_1_308' title='bbox 2996 1482 3108 1542; x_wconf 83' lang='grc' dir='ltr'>τοῖς</span> <span class='ocrx_word' id='word_1_309' title='bbox 3145 1478 3494 1547; x_wconf 81' lang='grc' dir='ltr'><strong>βουλομένοις</strong></span> <span class='ocrx_word' id='word_1_310' title='bbox 3522 1480 3613 1532; x_wconf 77' lang='grc' dir='ltr'>καὶ</span> <span class='ocrx_word' id='word_1_311' title='bbox 3648 1479 3778 1549; x_wconf 82' lang='grc' dir='ltr'>μέλ-</span> 
     </span>
    </p>
   </div>
   <div class='ocr_carea' id='block_1_43' title="bbox 2198 1568 3777 1641">
    <p class='ocr_par' dir='ltr' id='par_1_43' title="bbox 2198 1568 3777 1641">
     <span class='ocr_line' id='line_1_43' title="bbox 2198 1568 3777 1641; baseline -0.002 -17"><span class='ocrx_word' id='word_1_312' title='bbox 2198 1573 2354 1625; x_wconf 89' lang='grc' dir='ltr'>λουσι</span> <span class='ocrx_word' id='word_1_313' title='bbox 2380 1573 2606 1635; x_wconf 74' lang='grc' dir='ltr'>δικαίοις</span> <span class='ocrx_word' id='word_1_314' title='bbox 2634 1568 2775 1625; x_wconf 79' lang='grc' dir='ltr'>εἶναι</span> <span class='ocrx_word' id='word_1_315' title='bbox 2808 1573 3083 1641; x_wconf 80' lang='grc' dir='ltr'>παραινεῖ,</span> <span class='ocrx_word' id='word_1_316' title='bbox 3115 1570 3393 1639; x_wconf 75' lang='grc' dir='ltr'>δεξόμενοι</span> <span class='ocrx_word' id='word_1_317' title='bbox 3423 1571 3523 1632; x_wconf 82' lang='grc' dir='ltr'>τὰς</span> <span class='ocrx_word' id='word_1_318' title='bbox 3550 1572 3777 1623; x_wconf 65' lang='grc' dir='ltr'>ἐκείνων</span> 
     </span>
    </p>
   </div>
   <div class='ocr_carea' id='block_1_44' title="bbox 2201 1662 3778 1732">
    <p class='ocr_par' dir='ltr' id='par_1_44' title="bbox 2201 1662 3778 1732">
     <span class='ocr_line' id='line_1_44' title="bbox 2201 1662 3778 1732; baseline -0.002 -16"><span class='ocrx_word' id='word_1_319' title='bbox 2201 1666 2530 1732; x_wconf 72' lang='grc' dir='ltr'><strong>ἀποφάσεις,</strong></span> <span class='ocrx_word' id='word_1_320' title='bbox 2577 1665 2673 1715; x_wconf 71' lang='grc' dir='ltr'><strong>καὶ</strong></span> <span class='ocrx_word' id='word_1_321' title='bbox 2723 1663 3115 1732; x_wconf 75' lang='grc' dir='ltr'>πληρώσαντες</span> <span class='ocrx_word' id='word_1_322' title='bbox 3156 1662 3255 1724; x_wconf 83' lang='grc' dir='ltr'>τὰς</span> <span class='ocrx_word' id='word_1_323' title='bbox 3307 1662 3612 1729; x_wconf 76' lang='grc' dir='ltr'>ἐπιτιμίας.</span> <span class='ocrx_word' id='word_1_324' title='bbox 3673 1662 3778 1714; x_wconf 75' lang='grc' dir='ltr'><strong>Ί⁴2ῶ</strong></span> 
     </span>
    </p>
   </div>
   <div class='ocr_carea' id='block_1_45' title="bbox 2204 1750 3778 1824">
    <p class='ocr_par' dir='ltr' id='par_1_45' title="bbox 2204 1750 3778 1824">
     <span class='ocr_line' id='line_1_45' title="bbox 2204 1750 3778 1824; baseline -0.001 -18"><span class='ocrx_word' id='word_1_325' title='bbox 2204 1755 2311 1824; x_wconf 81' lang='grc' dir='ltr'>γὰρ</span> <span class='ocrx_word' id='word_1_326' title='bbox 2337 1756 2462 1817; x_wconf 77' lang='grc' dir='ltr'>τοὺς</span> <span class='ocrx_word' id='word_1_327' title='bbox 2494 1755 2558 1806; x_wconf 79' lang='grc' dir='ltr'>ὲκ</span> <span class='ocrx_word' id='word_1_328' title='bbox 2584 1755 2904 1824; x_wconf 78' lang='grc' dir='ltr'>προσταγῆς</span> <span class='ocrx_word' id='word_1_329' title='bbox 2931 1750 3215 1823; x_wconf 63' lang='grc' dir='ltr'>πόρρωθεν</span> <span class='ocrx_word' id='word_1_330' title='bbox 3240 1753 3346 1806; x_wconf 75' lang='grc' dir='ltr'><strong>ἀπὸ</strong></span> <span class='ocrx_word' id='word_1_331' title='bbox 3374 1754 3483 1806; x_wconf 89' lang='grc' dir='ltr'><strong>τῶν</strong></span> <span class='ocrx_word' id='word_1_332' title='bbox 3507 1754 3778 1823; x_wconf 71' lang='grc' dir='ltr'>ὲσχατιῶν</span> 
     </span>
    </p>
   </div>
   <div class='ocr_carea' id='block_1_46' title="bbox 2200 1845 3777 1917">
    <p class='ocr_par' dir='ltr' id='par_1_46' title="bbox 2200 1845 3777 1917">
     <span class='ocr_line' id='line_1_46' title="bbox 2200 1845 3777 1917; baseline 0 -18"><span class='ocrx_word' id='word_1_333' title='bbox 2200 1849 2300 1915; x_wconf 82' lang='grc' dir='ltr'>τῆς</span> <span class='ocrx_word' id='word_1_334' title='bbox 2326 1848 2655 1915; x_wconf 72' lang='grc' dir='ltr'>οἰκουμένης</span> <span class='ocrx_word' id='word_1_335' title='bbox 2687 1848 2985 1917; x_wconf 81' lang='grc' dir='ltr'>τρέχοντας</span> <span class='ocrx_word' id='word_1_336' title='bbox 3016 1846 3048 1915; x_wconf 83' lang='grc' dir='ltr'>ἢ</span> <span class='ocrx_word' id='word_1_337' title='bbox 3100 1846 3428 1916; x_wconf 83' lang='grc' dir='ltr'>ἀγομένους.</span> <span class='ocrx_word' id='word_1_338' title='bbox 3473 1847 3569 1908; x_wconf 88' lang='grc' dir='ltr'><strong>Τίς</strong></span> <span class='ocrx_word' id='word_1_339' title='bbox 3602 1845 3648 1898; x_wconf 82' lang='grc' dir='ltr'><strong>δ’</strong></span> <span class='ocrx_word' id='word_1_340' title='bbox 3674 1846 3777 1899; x_wconf 75' lang='grc' dir='ltr'><strong>οὐκ</strong></span> 
     </span>
    </p>
   </div>
   <div class='ocr_carea' id='block_1_47' title="bbox 2198 1936 3778 2008">
    <p class='ocr_par' dir='ltr' id='par_1_47' title="bbox 2198 1936 3778 2008">
     <span class='ocr_line' id='line_1_47' title="bbox 2198 1936 3778 2008; baseline -0.002 -18"><span class='ocrx_word' id='word_1_341' title='bbox 2198 1937 2263 1991; x_wconf 86' lang='grc' dir='ltr'><strong>ἂν</strong></span> <span class='ocrx_word' id='word_1_342' title='bbox 2293 1938 2599 2007; x_wconf 70' lang='grc' dir='ltr'>ἐκπλαγείη</span> <span class='ocrx_word' id='word_1_343' title='bbox 2629 1937 2722 1990; x_wconf 77' lang='grc' dir='ltr'><strong>τοῦ</strong></span> <span class='ocrx_word' id='word_1_344' title='bbox 2755 1936 2957 1990; x_wconf 81' lang='grc' dir='ltr'>πάππα</span> <span class='ocrx_word' id='word_1_345' title='bbox 2988 1936 3201 1991; x_wconf 84' lang='grc' dir='ltr'>ἁκούων</span> <span class='ocrx_word' id='word_1_346' title='bbox 3232 1940 3289 1990; x_wconf 82' lang='grc' dir='ltr'>ὲν</span> <span class='ocrx_word' id='word_1_347' title='bbox 3318 1936 3484 2008; x_wconf 84' lang='grc' dir='ltr'>κοινῷ</span> <span class='ocrx_word' id='word_1_348' title='bbox 3514 1938 3778 2007; x_wconf 79' lang='grc' dir='ltr'><strong>συνεδρίῳ</strong></span> 
     </span>
    </p>
   </div>
   <div class='ocr_carea' id='block_1_48' title="bbox 2198 2028 3777 2101">
    <p class='ocr_par' dir='ltr' id='par_1_48' title="bbox 2198 2028 3777 2101">
     <span class='ocr_line' id='line_1_48' title="bbox 2198 2028 3777 2101; baseline 0.003 -20"><span class='ocrx_word' id='word_1_349' title='bbox 2198 2030 2631 2101; x_wconf 76' lang='grc' dir='ltr'>χρηματίζοντος</span> <span class='ocrx_word' id='word_1_350' title='bbox 2669 2031 2763 2082; x_wconf 72' lang='grc' dir='ltr'><strong>καὶ</strong></span> <span class='ocrx_word' id='word_1_351' title='bbox 2788 2028 3243 2099; x_wconf 73' lang='grc' dir='ltr'>χρησμῳδοῦντος</span> <span class='ocrx_word' id='word_1_352' title='bbox 3272 2047 3286 2094; x_wconf 88' lang='grc'>;</span> <span class='ocrx_word' id='word_1_353' title='bbox 3313 2030 3394 2092; x_wconf 84' lang='grc' dir='ltr'><strong>τίς</strong></span> <span class='ocrx_word' id='word_1_354' title='bbox 3424 2029 3524 2081; x_wconf 73' lang='grc' dir='ltr'><strong>οὐκ</strong></span> <span class='ocrx_word' id='word_1_355' title='bbox 3556 2030 3619 2083; x_wconf 77' lang='grc' dir='ltr'><strong>ἂν</strong></span> <span class='ocrx_word' id='word_1_356' title='bbox 3647 2029 3777 2085; x_wconf 87' lang='grc' dir='ltr'>θαυ-</span> 
     </span>
    </p>
   </div>
   <div class='ocr_carea' id='block_1_49' title="bbox 2201 2119 3775 2190">
    <p class='ocr_par' dir='ltr' id='par_1_49' title="bbox 2201 2119 3775 2190">
     <span class='ocr_line' id='line_1_49' title="bbox 2201 2119 3775 2190; baseline -0.002 -16"><span class='ocrx_word' id='word_1_357' title='bbox 2201 2122 2394 2190; x_wconf 79' lang='grc' dir='ltr'>μάσειε</span> <span class='ocrx_word' id='word_1_358' title='bbox 2444 2120 2618 2174; x_wconf 78' lang='grc' dir='ltr'>ταῦτα</span> <span class='ocrx_word' id='word_1_359' title='bbox 2677 2119 2855 2190; x_wconf 83' lang='grc' dir='ltr'>ὁρῶν;</span> <span class='ocrx_word' id='word_1_360' title='bbox 2904 2120 3067 2174; x_wconf 83' lang='grc' dir='ltr'>Ἀλλὰ</span> <span class='ocrx_word' id='word_1_361' title='bbox 3129 2123 3254 2188; x_wconf 74' lang='grc' dir='ltr'>περὶ</span> <span class='ocrx_word' id='word_1_362' title='bbox 3302 2122 3507 2174; x_wconf 88' lang='grc' dir='ltr'>τούτων</span> <span class='ocrx_word' id='word_1_363' title='bbox 3566 2121 3619 2172; x_wconf 87' lang='grc' dir='ltr'><strong>τί</strong></span> <span class='ocrx_word' id='word_1_364' title='bbox 3670 2119 3775 2190; x_wconf 80' lang='grc' dir='ltr'>χρὴ</span> 
     </span>
    </p>
   </div>
   <div class='ocr_carea' id='block_1_50' title="bbox 2201 2210 3777 2280">
    <p class='ocr_par' dir='ltr' id='par_1_50' title="bbox 2201 2210 3777 2280">
     <span class='ocr_line' id='line_1_50' title="bbox 2201 2210 3777 2280; baseline -0.002 -15"><span class='ocrx_word' id='word_1_365' title='bbox 2201 2214 2369 2265; x_wconf 84' lang='grc' dir='ltr'>πλείω</span> <span class='ocrx_word' id='word_1_366' title='bbox 2394 2213 2615 2279; x_wconf 83' lang='grc' dir='ltr'>λέγειν;</span> <span class='ocrx_word' id='word_1_367' title='bbox 2659 2214 2723 2263; x_wconf 91' lang='grc' dir='ltr'><em>Ὃ</em></span> <span class='ocrx_word' id='word_1_368' title='bbox 2752 2213 2805 2264; x_wconf 78' lang='grc' dir='ltr'>δὲ</span> <span class='ocrx_word' id='word_1_369' title='bbox 2846 2211 3057 2280; x_wconf 75' lang='grc' dir='ltr'>ελεγον,</span> <span class='ocrx_word' id='word_1_370' title='bbox 3092 2213 3215 2265; x_wconf 86' lang='grc' dir='ltr'>ὅσον</span> <span class='ocrx_word' id='word_1_371' title='bbox 3244 2211 3357 2264; x_wconf 72' lang='grc' dir='ltr'>ἐστὶ</span> <span class='ocrx_word' id='word_1_372' title='bbox 3386 2213 3454 2264; x_wconf 67' lang='grc' dir='ltr'>τὰ</span> <span class='ocrx_word' id='word_1_373' title='bbox 3495 2210 3605 2264; x_wconf 89' lang='grc' dir='ltr'><strong>τῶν</strong></span> <span class='ocrx_word' id='word_1_374' title='bbox 3642 2210 3777 2263; x_wconf 73' lang='grc' dir='ltr'>ἀποο</span> 
     </span>
    </p>
   </div>
   <div class='ocr_carea' id='block_1_51' title="bbox 2202 2303 3775 2375">
    <p class='ocr_par' dir='ltr' id='par_1_51' title="bbox 2202 2303 3775 2375">
     <span class='ocr_line' id='line_1_51' title="bbox 2202 2303 3775 2375; baseline -0.002 -19"><span class='ocrx_word' id='word_1_375' title='bbox 2202 2306 2407 2358; x_wconf 86' lang='grc' dir='ltr'>στόλων</span> <span class='ocrx_word' id='word_1_376' title='bbox 2441 2305 2668 2373; x_wconf 73' lang='grc' dir='ltr'>λείψανα</span> <span class='ocrx_word' id='word_1_377' title='bbox 2694 2308 2759 2374; x_wconf 77' lang='grc' dir='ltr'>τῇ</span> <span class='ocrx_word' id='word_1_378' title='bbox 2794 2305 2947 2357; x_wconf 85' lang='grc' dir='ltr'>πόλει</span> <span class='ocrx_word' id='word_1_379' title='bbox 2989 2308 3184 2374; x_wconf 81' lang='grc' dir='ltr'>ταύτῃ,</span> <span class='ocrx_word' id='word_1_380' title='bbox 3222 2306 3493 2375; x_wconf 82' lang='grc' dir='ltr'>πάρεστιν</span> <span class='ocrx_word' id='word_1_381' title='bbox 3526 2303 3631 2355; x_wconf 82' lang='grc' dir='ltr'>ἀπὸ</span> <span class='ocrx_word' id='word_1_382' title='bbox 3676 2305 3775 2365; x_wconf 78' lang='grc' dir='ltr'>τῆς</span> 
     </span>
    </p>
   </div>
   <div class='ocr_carea' id='block_1_52' title="bbox 2214 2395 3773 2467">
    <p class='ocr_par' dir='ltr' id='par_1_52' title="bbox 2214 2395 3773 2467">
     <span class='ocr_line' id='line_1_52' title="bbox 2214 2395 3773 2467; baseline -0.003 -17"><span class='ocrx_word' id='word_1_383' title='bbox 2214 2396 2561 2467; x_wconf 79' lang='grc' dir='ltr'>Ἐξηγήσεως</span> <span class='ocrx_word' id='word_1_384' title='bbox 2590 2395 2684 2449; x_wconf 78' lang='grc' dir='ltr'><strong>τοῦ</strong></span> <span class='ocrx_word' id='word_1_385' title='bbox 2708 2397 3097 2466; x_wconf 81' lang='grc' dir='ltr'>Χρυσοστόμου</span> <span class='ocrx_word' id='word_1_386' title='bbox 3136 2398 3191 2448; x_wconf 83' lang='grc' dir='ltr'>ὲν</span> <span class='ocrx_word' id='word_1_387' title='bbox 3218 2396 3295 2463; x_wconf 80' lang='grc' dir='ltr'><strong>τῷ</strong></span> <span class='ocrx_word' id='word_1_388' title='bbox 3329 2395 3472 2450; x_wconf 85' lang='grc' dir='ltr'>τέλει</span> <span class='ocrx_word' id='word_1_389' title='bbox 3508 2396 3605 2464; x_wconf 82' lang='grc' dir='ltr'>τῆς</span> <span class='ocrx_word' id='word_1_390' title='bbox 3643 2397 3773 2462; x_wconf 63' lang='grc' dir='ltr'>πρὸς</span> 
     </span>
    </p>
   </div>
   <div class='ocr_carea' id='block_1_53' title="bbox 2198 2486 3774 2555">
    <p class='ocr_par' dir='ltr' id='par_1_53' title="bbox 2198 2486 3774 2555">
     <span class='ocr_line' id='line_1_53' title="bbox 2198 2486 3774 2555; baseline -0.004 -13"><span class='ocrx_word' id='word_1_391' title='bbox 2198 2491 2397 2550; x_wconf 74' lang='grc' dir='ltr'>αὐτοὺς</span> <span class='ocrx_word' id='word_1_392' title='bbox 2437 2489 2660 2551; x_wconf 77' lang='grc' dir='ltr'>τούτους</span> <span class='ocrx_word' id='word_1_393' title='bbox 2700 2488 2827 2552; x_wconf 79' lang='grc' dir='ltr'>τοὺς</span> <span class='ocrx_word' id='word_1_394' title='bbox 2866 2486 3195 2555; x_wconf 76' lang='grc' dir='ltr'>Ῥωμαίους,</span> <span class='ocrx_word' id='word_1_395' title='bbox 3245 2489 3293 2539; x_wconf 86' lang='grc' dir='ltr'><strong>εί</strong></span> <span class='ocrx_word' id='word_1_396' title='bbox 3324 2486 3506 2549; x_wconf 88' lang='grc' dir='ltr'>καλῶς</span> <span class='ocrx_word' id='word_1_397' title='bbox 3557 2486 3774 2555; x_wconf 82' lang='grc' dir='ltr'>μέμνη-</span> 
     </span>
    </p>
   </div>
   <div class='ocr_carea' id='block_1_54' title="bbox 2201 2573 3773 2650">
    <p class='ocr_par' dir='ltr' id='par_1_54' title="bbox 2201 2573 3773 2650">
     <span class='ocr_line' id='line_1_54' title="bbox 2201 2573 3773 2650; baseline -0.006 -15"><span class='ocrx_word' id='word_1_398' title='bbox 2201 2598 2323 2650; x_wconf 91' lang='grc' dir='ltr'>μαι,</span> <span class='ocrx_word' id='word_1_399' title='bbox 2358 2581 2571 2633; x_wconf 86' lang='grc' dir='ltr'>Παύλου</span> <span class='ocrx_word' id='word_1_400' title='bbox 2611 2578 2935 2649; x_wconf 80' lang='grc' dir='ltr'>Ἐπιστολῆς</span> <span class='ocrx_word' id='word_1_401' title='bbox 2979 2578 3126 2638; x_wconf 75' lang='grc' dir='ltr'>ίδείν.</span> <span class='ocrx_word' id='word_1_402' title='bbox 3162 2580 3220 2631; x_wconf 85' lang='grc' dir='ltr'>ὲν</span> <span class='ocrx_word' id='word_1_403' title='bbox 3249 2573 3289 2646; x_wconf 82' lang='grc' dir='ltr'>ᾧ</span> <span class='ocrx_word' id='word_1_404' title='bbox 3318 2580 3409 2631; x_wconf 75' lang='grc' dir='ltr'>τὸν</span> <span class='ocrx_word' id='word_1_405' title='bbox 3441 2578 3560 2632; x_wconf 82' lang='grc' dir='ltr'>ὅλον</span> <span class='ocrx_word' id='word_1_406' title='bbox 3593 2576 3773 2645; x_wconf 85' lang='grc' dir='ltr'>λόγον,</span> 
     </span>
    </p>
   </div>
   <div class='ocr_carea' id='block_1_55' title="bbox 2197 2670 3774 2742">
    <p class='ocr_par' dir='ltr' id='par_1_55' title="bbox 2197 2670 3774 2742">
     <span class='ocr_line' id='line_1_55' title="bbox 2197 2670 3774 2742; baseline -0.002 -18"><span class='ocrx_word' id='word_1_407' title='bbox 2197 2676 2291 2725; x_wconf 71' lang='grc' dir='ltr'>καὶ</span> <span class='ocrx_word' id='word_1_408' title='bbox 2323 2671 2381 2723; x_wconf 79' lang='grc' dir='ltr'><strong>τὸ</strong></span> <span class='ocrx_word' id='word_1_409' title='bbox 2421 2670 2658 2742; x_wconf 75' lang='grc' dir='ltr'>χρυσοῦν</span> <span class='ocrx_word' id='word_1_410' title='bbox 2692 2670 3033 2740; x_wconf 82' lang='grc' dir='ltr'>σύγγραμμα</span> <span class='ocrx_word' id='word_1_411' title='bbox 3064 2673 3240 2722; x_wconf 79' lang='grc' dir='ltr'>ἐκεῖνο</span> <span class='ocrx_word' id='word_1_412' title='bbox 3274 2673 3302 2723; x_wconf 91' lang='grc' dir='ltr'><strong>ό</strong></span> <span class='ocrx_word' id='word_1_413' title='bbox 3337 2670 3571 2740; x_wconf 80' lang='grc' dir='ltr'>χρυσοῦς</span> <span class='ocrx_word' id='word_1_414' title='bbox 3604 2670 3774 2731; x_wconf 79' lang='grc' dir='ltr'>ὅντως</span> 
     </span>
    </p>
   </div>
   <div class='ocr_carea' id='block_1_56' title="bbox 2196 2761 3771 2831">
    <p class='ocr_par' dir='ltr' id='par_1_56' title="bbox 2196 2761 3771 2831">
     <span class='ocr_line' id='line_1_56' title="bbox 2196 2761 3771 2831; baseline -0.005 -15"><span class='ocrx_word' id='word_1_415' title='bbox 2196 2764 2257 2816; x_wconf 80' lang='grc' dir='ltr'><strong>οὐ</strong></span> <span class='ocrx_word' id='word_1_416' title='bbox 2285 2763 2345 2815; x_wconf 80' lang='grc' dir='ltr'><strong>τὸ</strong></span> <span class='ocrx_word' id='word_1_417' title='bbox 2382 2766 2555 2829; x_wconf 74' lang='grc' dir='ltr'>στόμα</span> <span class='ocrx_word' id='word_1_418' title='bbox 2591 2763 2772 2831; x_wconf 83' lang='grc' dir='ltr'>μόνον,</span> <span class='ocrx_word' id='word_1_419' title='bbox 2807 2763 2943 2814; x_wconf 74' lang='grc' dir='ltr'>ἀλλὰ</span> <span class='ocrx_word' id='word_1_420' title='bbox 2976 2762 3071 2812; x_wconf 71' lang='grc' dir='ltr'><strong>καὶ</strong></span> <span class='ocrx_word' id='word_1_421' title='bbox 3100 2762 3198 2827; x_wconf 76' lang='grc' dir='ltr'>τὴν</span> <span class='ocrx_word' id='word_1_422' title='bbox 3228 2761 3411 2831; x_wconf 73' lang='grc' dir='ltr'>ψυχὴν</span> <span class='ocrx_word' id='word_1_423' title='bbox 3441 2761 3582 2831; x_wconf 74' lang='grc' dir='ltr'>ἀνὴρ</span> <span class='ocrx_word' id='word_1_424' title='bbox 3625 2762 3771 2811; x_wconf 76' lang='grc' dir='ltr'>ἐκεῖ·</span> 
     </span>
    </p>
   </div>
   <div class='ocr_carea' id='block_1_57' title="bbox 2197 2848 3774 2919">
    <p class='ocr_par' dir='ltr' id='par_1_57' title="bbox 2197 2848 3774 2919">
     <span class='ocr_line' id='line_1_57' title="bbox 2197 2848 3774 2919; baseline -0.003 -13"><span class='ocrx_word' id='word_1_425' title='bbox 2197 2870 2285 2915; x_wconf 91' lang='grc' dir='ltr'><strong>νος</strong></span> <span class='ocrx_word' id='word_1_426' title='bbox 2324 2852 2661 2917; x_wconf 78' lang='grc' dir='ltr'>καταπαύει,</span> <span class='ocrx_word' id='word_1_427' title='bbox 2700 2853 2763 2903; x_wconf 83' lang='grc' dir='ltr'>ὲν</span> <span class='ocrx_word' id='word_1_428' title='bbox 2822 2848 2904 2913; x_wconf 82' lang='grc' dir='ltr'>οἷς</span> <span class='ocrx_word' id='word_1_429' title='bbox 2955 2850 3145 2919; x_wconf 80' lang='grc' dir='ltr'>ὥσπερ</span> <span class='ocrx_word' id='word_1_430' title='bbox 3206 2851 3498 2903; x_wconf 74' lang='grc' dir='ltr'>ἐνθουσιῶν</span> <span class='ocrx_word' id='word_1_431' title='bbox 3555 2854 3636 2912; x_wconf 74' lang='grc' dir='ltr'>δὶς</span> <span class='ocrx_word' id='word_1_432' title='bbox 3677 2855 3774 2902; x_wconf 75' lang='lat' dir='ltr'><strong>le.</strong></span> 
     </span>
    </p>
   </div>
   <div class='ocr_carea' id='block_1_58' title="bbox 2196 2939 3772 3013">
    <p class='ocr_par' dir='ltr' id='par_1_58' title="bbox 2196 2939 3772 3013">
     <span class='ocr_line' id='line_1_58' title="bbox 2196 2939 3772 3013; baseline -0.001 -19"><span class='ocrx_word' id='word_1_433' title='bbox 2196 2946 2318 3013; x_wconf 71' lang='grc' dir='ltr'>τρὶς</span> <span class='ocrx_word' id='word_1_434' title='bbox 2342 2942 2436 2995; x_wconf 78' lang='grc' dir='ltr'>καὶ</span> <span class='ocrx_word' id='word_1_435' title='bbox 2470 2941 2731 3003; x_wconf 81' lang='grc' dir='ltr'>πολλάκις</span> <span class='ocrx_word' id='word_1_436' title='bbox 2756 2941 2929 3008; x_wconf 81' lang='grc' dir='ltr'>λέγει,</span> <span class='ocrx_word' id='word_1_437' title='bbox 2949 2941 3286 3009; x_wconf 84' lang='grc' dir='ltr'>Ἐϐουλόμην</span> <span class='ocrx_word' id='word_1_438' title='bbox 3311 2939 3412 3008; x_wconf 77' lang='grc' dir='ltr'>τὴν</span> <span class='ocrx_word' id='word_1_439' title='bbox 3446 2940 3603 2991; x_wconf 83' lang='grc' dir='ltr'>πόλιν</span> <span class='ocrx_word' id='word_1_440' title='bbox 3631 2940 3772 2993; x_wconf 81' lang='grc' dir='ltr'>ὲκεί-</span> 
     </span>
    </p>
   </div>
   <div class='ocr_carea' id='block_1_59' title="bbox 2201 3024 3771 3103">
    <p class='ocr_par' dir='ltr' id='par_1_59' title="bbox 2201 3024 3771 3103">
     <span class='ocr_line' id='line_1_59' title="bbox 2201 3024 3771 3103; baseline -0.004 -17"><span class='ocrx_word' id='word_1_441' title='bbox 2201 3052 2299 3103; x_wconf 90' lang='grc' dir='ltr'><strong>νην</strong></span> <span class='ocrx_word' id='word_1_442' title='bbox 2330 3032 2483 3099; x_wconf 83' lang='grc' dir='ltr'>ίδείν,</span> <span class='ocrx_word' id='word_1_443' title='bbox 2518 3033 2617 3103; x_wconf 83' lang='grc' dir='ltr'><strong>τὴν</strong></span> <span class='ocrx_word' id='word_1_444' title='bbox 2657 3031 2879 3100; x_wconf 84' lang='grc' dir='ltr'>Ῥώμην</span> <span class='ocrx_word' id='word_1_445' title='bbox 2905 3030 3102 3098; x_wconf 85' lang='grc' dir='ltr'>λέγων,</span> <span class='ocrx_word' id='word_1_446' title='bbox 3143 3032 3201 3083; x_wconf 84' lang='grc' dir='ltr'>ὲν</span> <span class='ocrx_word' id='word_1_447' title='bbox 3292 3029 3361 3081; x_wconf 75' lang='grc' dir='ltr'>τὰ</span> <span class='ocrx_word' id='word_1_448' title='bbox 3395 3027 3488 3081; x_wconf 77' lang='grc' dir='ltr'>καὶ</span> <span class='ocrx_word' id='word_1_449' title='bbox 3522 3028 3610 3091; x_wconf 86' lang='grc' dir='ltr'><strong>τὰ,</strong></span> <span class='ocrx_word' id='word_1_450' title='bbox 3641 3030 3771 3095; x_wconf 74' lang='grc' dir='ltr'>περὶ</span> 
     </span>
    </p>
   </div>
   <div class='ocr_carea' id='block_1_60' title="bbox 512 3121 2090 3197">
    <p class='ocr_par' dir='ltr' id='par_1_60' title="bbox 512 3125 2089 3197">
     <span class='ocr_line' id='line_1_60' title="bbox 512 3125 2089 3197; baseline -0.002 -16"><span class='ocrx_word' id='word_1_451' title='bbox 512 3135 636 3181; x_wconf 79' lang='lat' dir='ltr'><strong>tura</strong></span> <span class='ocrx_word' id='word_1_452' title='bbox 665 3136 717 3179; x_wconf 92' lang='lat' dir='ltr'><strong>et</strong></span> <span class='ocrx_word' id='word_1_453' title='bbox 745 3125 1033 3194; x_wconf 79' lang='lat' dir='ltr'><strong>praesentia</strong></span> <span class='ocrx_word' id='word_1_454' title='bbox 1066 3128 1379 3180; x_wconf 81' lang='lat' dir='ltr'><strong>referuntur</strong></span> <span class='ocrx_word' id='word_1_455' title='bbox 1406 3147 1419 3182; x_wconf 91' lang='lat'><strong>:</strong></span> <span class='ocrx_word' id='word_1_456' title='bbox 1448 3142 1702 3195; x_wconf 87' lang='lat' dir='ltr'><strong>cuperem</strong></span> <span class='ocrx_word' id='word_1_457' title='bbox 1744 3129 1871 3181; x_wconf 87' lang='lat' dir='ltr'><strong>illos</strong></span> <span class='ocrx_word' id='word_1_458' title='bbox 1903 3128 2089 3197; x_wconf 80' lang='lat' dir='ltr'><strong>pedes,</strong></span> 
     </span>
    </p>
   </div>
   <div class='ocr_carea' id='block_1_61' title="bbox 2194 3121 3771 3197">
    <p class='ocr_par' dir='ltr' id='par_1_61' title="bbox 2198 3121 3771 3193">
     <span class='ocr_line' id='line_1_61' title="bbox 2198 3121 3771 3193; baseline -0.004 -14"><span class='ocrx_word' id='word_1_459' title='bbox 2198 3122 2306 3179; x_wconf 90' lang='grc' dir='ltr'><strong>τῶν</strong></span> <span class='ocrx_word' id='word_1_460' title='bbox 2340 3124 2660 3180; x_wconf 80' lang='grc' dir='ltr'>ἀποστόλων</span> <span class='ocrx_word' id='word_1_461' title='bbox 2719 3124 2943 3193; x_wconf 78' lang='grc' dir='ltr'>καὶτῆς</span> <span class='ocrx_word' id='word_1_462' title='bbox 2994 3123 3104 3175; x_wconf 87' lang='grc' dir='ltr'><strong>τῶν</strong></span> <span class='ocrx_word' id='word_1_463' title='bbox 3162 3122 3433 3193; x_wconf 85' lang='grc' dir='ltr'>σωμάτων</span> <span class='ocrx_word' id='word_1_464' title='bbox 3491 3121 3673 3174; x_wconf 80' lang='grc' dir='ltr'>αὐτῶν</span> <span class='ocrx_word' id='word_1_465' title='bbox 3712 3123 3771 3173; x_wconf 80' lang='grc' dir='ltr'>ἐν</span> 
     </span>
    </p>
   </div>
   <div class='ocr_carea' id='block_1_62' title="bbox 510 3220 2091 3288">
    <p class='ocr_par' dir='ltr' id='par_1_62' title="bbox 510 3220 2091 3288">
     <span class='ocr_line' id='line_1_62' title="bbox 510 3220 2091 3288; baseline 0.004 -19"><span class='ocrx_word' id='word_1_466' title='bbox 510 3231 773 3285; x_wconf 88' lang='lat' dir='ltr'><strong>cuperem</strong></span> <span class='ocrx_word' id='word_1_467' title='bbox 807 3231 1022 3281; x_wconf 73' lang='lat' dir='ltr'><strong>manus,</strong></span> <span class='ocrx_word' id='word_1_468' title='bbox 1067 3232 1321 3285; x_wconf 89' lang='lat' dir='ltr'><strong>cuperem</strong></span> <span class='ocrx_word' id='word_1_469' title='bbox 1374 3220 1548 3288; x_wconf 85' lang='lat' dir='ltr'><strong>capita</strong></span> <span class='ocrx_word' id='word_1_470' title='bbox 1583 3220 1792 3274; x_wconf 87' lang='lat' dir='ltr'><strong>videre.</strong></span> <span class='ocrx_word' id='word_1_471' title='bbox 1828 3220 1941 3274; x_wconf 85' lang='lat' dir='ltr'><strong>Nec</strong></span> <span class='ocrx_word' id='word_1_472' title='bbox 1972 3235 2091 3275; x_wconf 69' lang='lat' dir='ltr'><strong>ces-</strong></span> 
     </span>
    </p>
   </div>
   <div class='ocr_carea' id='block_1_63' title="bbox 513 3307 2089 3377">
    <p class='ocr_par' dir='ltr' id='par_1_63' title="bbox 513 3307 2089 3377">
     <span class='ocr_line' id='line_1_63' title="bbox 513 3307 2089 3377; baseline 0.001 -16"><span class='ocrx_word' id='word_1_473' title='bbox 513 3316 621 3372; x_wconf 83' lang='lat' dir='ltr'><strong>sat,</strong></span> <span class='ocrx_word' id='word_1_474' title='bbox 660 3307 835 3360; x_wconf 88' lang='lat' dir='ltr'><strong>instar</strong></span> <span class='ocrx_word' id='word_1_475' title='bbox 878 3321 1070 3361; x_wconf 89' lang='lat' dir='ltr'><strong>eorum</strong></span> <span class='ocrx_word' id='word_1_476' title='bbox 1126 3310 1217 3376; x_wconf 93' lang='lat' dir='ltr'><strong>qui</strong></span> <span class='ocrx_word' id='word_1_477' title='bbox 1264 3309 1552 3377; x_wconf 89' lang='lat' dir='ltr'><strong>impotenti</strong></span> <span class='ocrx_word' id='word_1_478' title='bbox 1592 3325 1780 3364; x_wconf 83' lang='lat' dir='ltr'><strong>amore</strong></span> <span class='ocrx_word' id='word_1_479' title='bbox 1819 3310 2089 3375; x_wconf 85' lang='lat' dir='ltr'><strong>laborant,</strong></span> 
     </span>
    </p>
   </div>
   <div class='ocr_carea' id='block_1_64' title="bbox 510 3399 2088 3469">
    <p class='ocr_par' dir='ltr' id='par_1_64' title="bbox 510 3399 2088 3469">
     <span class='ocr_line' id='line_1_64' title="bbox 510 3399 2088 3469; baseline 0.001 -14"><span class='ocrx_word' id='word_1_480' title='bbox 510 3400 729 3469; x_wconf 75' lang='lat' dir='ltr'><strong>singula</strong></span> <span class='ocrx_word' id='word_1_481' title='bbox 785 3399 1025 3453; x_wconf 88' lang='lat' dir='ltr'><strong>membra</strong></span> <span class='ocrx_word' id='word_1_482' title='bbox 1076 3416 1363 3456; x_wconf 76' lang='lat' dir='ltr'><strong>recensere</strong></span> <span class='ocrx_word' id='word_1_483' title='bbox 1391 3440 1406 3467; x_wconf 90' lang='lat'><strong>,</strong></span> <span class='ocrx_word' id='word_1_484' title='bbox 1456 3410 1511 3456; x_wconf 86' lang='lat' dir='ltr'><strong>et</strong></span> <span class='ocrx_word' id='word_1_485' title='bbox 1558 3402 1864 3457; x_wconf 73' lang='lat' dir='ltr'><strong>sexcenties</strong></span> <span class='ocrx_word' id='word_1_486' title='bbox 1898 3404 2088 3457; x_wconf 84' lang='lat' dir='ltr'><strong>eadem</strong></span> 
     </span>
    </p>
   </div>
   <div class='ocr_carea' id='block_1_65' title="bbox 509 3495 717 3548">
    <p class='ocr_par' dir='ltr' id='par_1_65' title="bbox 509 3495 717 3548">
     <span class='ocr_line' id='line_1_65' title="bbox 509 3495 717 3548; baseline -0.014 0"><span class='ocrx_word' id='word_1_487' title='bbox 509 3495 717 3548; x_wconf 81' lang='lat' dir='ltr'><strong>dicere.</strong></span> 
     </span>
    </p>
   </div>
   <div class='ocr_carea' id='block_1_66' title="bbox 591 3666 2092 3739">
    <p class='ocr_par' dir='ltr' id='par_1_66' title="bbox 591 3666 2092 3739">
     <span class='ocr_line' id='line_1_66' title="bbox 591 3666 2092 3739; baseline -0.002 -15"><span class='ocrx_word' id='word_1_488' title='bbox 591 3669 698 3724; x_wconf 84' lang='lat' dir='ltr'><strong>Sed</strong></span> <span class='ocrx_word' id='word_1_489' title='bbox 733 3670 847 3724; x_wconf 62' lang='lat' dir='ltr'><strong>haec</strong></span> <span class='ocrx_word' id='word_1_490' title='bbox 866 3668 1089 3739; x_wconf 89' lang='lat' dir='ltr'><strong>quidem</strong></span> <span class='ocrx_word' id='word_1_491' title='bbox 1124 3684 1269 3721; x_wconf 82' lang='lat' dir='ltr'><strong>nunc</strong></span> <span class='ocrx_word' id='word_1_492' title='bbox 1300 3668 1469 3721; x_wconf 86' lang='lat' dir='ltr'><strong>missa</strong></span> <span class='ocrx_word' id='word_1_493' title='bbox 1520 3666 1791 3722; x_wconf 80' lang='lat' dir='ltr'><strong>faciamus</strong></span> <span class='ocrx_word' id='word_1_494' title='bbox 1843 3685 1857 3734; x_wconf 89' lang='lat'><strong>;</strong></span> <span class='ocrx_word' id='word_1_495' title='bbox 1914 3684 2092 3737; x_wconf 87' lang='lat' dir='ltr'><strong>neque</strong></span> 
     </span>
    </p>
   </div>
   <div class='ocr_carea' id='block_1_67' title="bbox 508 3758 2086 3827">
    <p class='ocr_par' dir='ltr' id='par_1_67' title="bbox 508 3758 2086 3827">
     <span class='ocr_line' id='line_1_67' title="bbox 508 3758 2086 3827; baseline -0.004 -7"><span class='ocrx_word' id='word_1_496' title='bbox 508 3766 660 3820; x_wconf 85' lang='lat' dir='ltr'><strong>enim</strong></span> <span class='ocrx_word' id='word_1_497' title='bbox 694 3764 1002 3817; x_wconf 87' lang='lat' dir='ltr'><strong>litterarum</strong></span> <span class='ocrx_word' id='word_1_498' title='bbox 1032 3761 1229 3813; x_wconf 87' lang='lat' dir='ltr'><strong>modus</strong></span> <span class='ocrx_word' id='word_1_499' title='bbox 1275 3769 1386 3812; x_wconf 90' lang='lat' dir='ltr'><strong>tam</strong></span> <span class='ocrx_word' id='word_1_500' title='bbox 1444 3758 1715 3827; x_wconf 80' lang='lat' dir='ltr'><strong>prolixum</strong></span> <span class='ocrx_word' id='word_1_501' title='bbox 1776 3774 2086 3813; x_wconf 75' lang='lat' dir='ltr'><strong>sermonem</strong></span> 
     </span>
    </p>
   </div>
   <div class='ocr_carea' id='block_1_68' title="bbox 509 3850 2091 3920">
    <p class='ocr_par' dir='ltr' id='par_1_68' title="bbox 509 3850 2091 3920">
     <span class='ocr_line' id='line_1_68' title="bbox 509 3850 2091 3920; baseline -0.004 -11"><span class='ocrx_word' id='word_1_502' title='bbox 509 3853 790 3910; x_wconf 82' lang='lat' dir='ltr'><strong>admittit:</strong></span> <span class='ocrx_word' id='word_1_503' title='bbox 828 3860 887 3907; x_wconf 87' lang='lat' dir='ltr'><strong>et</strong></span> <span class='ocrx_word' id='word_1_504' title='bbox 915 3851 1320 3920; x_wconf 72' lang='lat' dir='ltr'><strong>qualiacunque</strong></span> <span class='ocrx_word' id='word_1_505' title='bbox 1357 3850 1573 3903; x_wconf 79' lang='lat' dir='ltr'><strong>laudent</strong></span> <span class='ocrx_word' id='word_1_506' title='bbox 1601 3851 1923 3913; x_wconf 86' lang='lat' dir='ltr'><strong>dixerimus.</strong></span> <span class='ocrx_word' id='word_1_507' title='bbox 1957 3851 2091 3903; x_wconf 86' lang='lat' dir='ltr'><strong>nihil</strong></span> 
     </span>
    </p>
   </div>
   <div class='ocr_carea' id='block_1_69' title="bbox 510 3941 2087 4016">
    <p class='ocr_par' dir='ltr' id='par_1_69' title="bbox 510 3941 2087 4016">
     <span class='ocr_line' id='line_1_69' title="bbox 510 3941 2087 4016; baseline -0.003 -14"><span class='ocrx_word' id='word_1_508' title='bbox 510 3949 578 4003; x_wconf 89' lang='lat' dir='ltr'><strong>de</strong></span> <span class='ocrx_word' id='word_1_509' title='bbox 610 3948 678 4000; x_wconf 88' lang='lat' dir='ltr'><strong>iis</strong></span> <span class='ocrx_word' id='word_1_510' title='bbox 705 3960 804 4016; x_wconf 91' lang='lat' dir='ltr'><strong>pro</strong></span> <span class='ocrx_word' id='word_1_511' title='bbox 841 3943 1107 4013; x_wconf 77' lang='lat' dir='ltr'><strong>dignitate</strong></span> <span class='ocrx_word' id='word_1_512' title='bbox 1137 3943 1346 3995; x_wconf 77' lang='lat' dir='ltr'><strong>dixisse</strong></span> <span class='ocrx_word' id='word_1_513' title='bbox 1394 3941 1702 3996; x_wconf 81' lang='lat' dir='ltr'><strong>videbimur</strong></span> <span class='ocrx_word' id='word_1_514' title='bbox 1737 3958 1751 3994; x_wconf 89' lang='lat'><strong>:</strong></span> <span class='ocrx_word' id='word_1_515' title='bbox 1788 3950 1903 3996; x_wconf 89' lang='lat' dir='ltr'><strong>tum</strong></span> <span class='ocrx_word' id='word_1_516' title='bbox 1955 3958 2087 3997; x_wconf 83' lang='lat' dir='ltr'><strong>vero</strong></span> 
     </span>
    </p>
   </div>
   <div class='ocr_carea' id='block_1_70' title="bbox 506 4033 2087 4109">
    <p class='ocr_par' dir='ltr' id='par_1_70' title="bbox 506 4033 2087 4109">
     <span class='ocr_line' id='line_1_70' title="bbox 506 4033 2087 4109; baseline -0.002 -17"><span class='ocrx_word' id='word_1_517' title='bbox 506 4053 686 4109; x_wconf 79' lang='lat' dir='ltr'><strong>pauca</strong></span> <span class='ocrx_word' id='word_1_518' title='bbox 736 4037 1003 4089; x_wconf 75' lang='lat' dir='ltr'><strong>duntaxat</strong></span> <span class='ocrx_word' id='word_1_519' title='bbox 1048 4033 1317 4102; x_wconf 87' lang='lat' dir='ltr'><strong>principio</strong></span> <span class='ocrx_word' id='word_1_520' title='bbox 1361 4033 1613 4087; x_wconf 91' lang='lat' dir='ltr'><strong>dicturus</strong></span> <span class='ocrx_word' id='word_1_521' title='bbox 1647 4049 1797 4088; x_wconf 85' lang='lat' dir='ltr'><strong>eram</strong></span> <span class='ocrx_word' id='word_1_522' title='bbox 1827 4052 1840 4089; x_wconf 87' lang='lat'><strong>:</strong></span> <span class='ocrx_word' id='word_1_523' title='bbox 1868 4036 2087 4089; x_wconf 83' lang='lat' dir='ltr'><strong>sednon</strong></span> 
     </span>
    </p>
   </div>
   <div class='ocr_carea' id='block_1_71' title="bbox 511 4126 2088 4194">
    <p class='ocr_par' dir='ltr' id='par_1_71' title="bbox 511 4126 2088 4194">
     <span class='ocr_line' id='line_1_71' title="bbox 511 4126 2088 4194; baseline 0.001 -12"><span class='ocrx_word' id='word_1_524' title='bbox 511 4128 799 4183; x_wconf 83' lang='lat' dir='ltr'><strong>observavi</strong></span> <span class='ocrx_word' id='word_1_525' title='bbox 840 4144 923 4180; x_wconf 87' lang='lat' dir='ltr'><strong>me</strong></span> <span class='ocrx_word' id='word_1_526' title='bbox 971 4126 1185 4194; x_wconf 78' lang='lat' dir='ltr'><strong>longius</strong></span> <span class='ocrx_word' id='word_1_527' title='bbox 1216 4126 1436 4178; x_wconf 86' lang='lat' dir='ltr'><strong>modum</strong></span> <span class='ocrx_word' id='word_1_528' title='bbox 1465 4127 1795 4181; x_wconf 72' lang='lat' dir='ltr'><strong>excessisse.</strong></span> <span class='ocrx_word' id='word_1_529' title='bbox 1833 4126 1957 4182; x_wconf 69' lang='lat' dir='ltr'><strong>Haec</strong></span> <span class='ocrx_word' id='word_1_530' title='bbox 1988 4145 2088 4183; x_wconf 89' lang='lat' dir='ltr'><strong>au-</strong></span> 
     </span>
    </p>
   </div>
   <div class='ocr_carea' id='block_1_72' title="bbox 502 4213 2087 4285">
    <p class='ocr_par' dir='ltr' id='par_1_72' title="bbox 502 4213 2087 4285">
     <span class='ocr_line' id='line_1_72' title="bbox 502 4213 2087 4285; baseline -0.001 -12"><span class='ocrx_word' id='word_1_531' title='bbox 502 4231 618 4283; x_wconf 85' lang='lat' dir='ltr'><strong>tem</strong></span> <span class='ocrx_word' id='word_1_532' title='bbox 654 4218 797 4270; x_wconf 85' lang='lat' dir='ltr'><strong>velut</strong></span> <span class='ocrx_word' id='word_1_533' title='bbox 828 4216 1181 4285; x_wconf 83' lang='lat' dir='ltr'><strong>appendicem</strong></span> <span class='ocrx_word' id='word_1_534' title='bbox 1238 4213 1548 4268; x_wconf 87' lang='lat' dir='ltr'><strong>litterarum</strong></span> <span class='ocrx_word' id='word_1_535' title='bbox 1604 4231 1853 4269; x_wconf 85' lang='lat' dir='ltr'><strong>mearum</strong></span> <span class='ocrx_word' id='word_1_536' title='bbox 1917 4218 2087 4271; x_wconf 87' lang='lat' dir='ltr'><strong>animi</strong></span> 
     </span>
    </p>
   </div>
   <div class='ocr_carea' id='block_1_73' title="bbox 506 4305 2083 4377">
    <p class='ocr_par' dir='ltr' id='par_1_73' title="bbox 506 4305 2083 4377">
     <span class='ocr_line' id='line_1_73' title="bbox 506 4305 2083 4377; baseline -0.001 -13"><span class='ocrx_word' id='word_1_537' title='bbox 506 4308 819 4364; x_wconf 87' lang='lat' dir='ltr'><strong>oblectandi</strong></span> <span class='ocrx_word' id='word_1_538' title='bbox 845 4306 1016 4377; x_wconf 80' lang='lat' dir='ltr'><strong>gratia</strong></span> <span class='ocrx_word' id='word_1_539' title='bbox 1050 4306 1297 4361; x_wconf 83' lang='lat' dir='ltr'><strong>scribere</strong></span> <span class='ocrx_word' id='word_1_540' title='bbox 1341 4305 1534 4358; x_wconf 88' lang='lat' dir='ltr'><strong>volui:</strong></span> <span class='ocrx_word' id='word_1_541' title='bbox 1594 4308 1899 4373; x_wconf 63' lang='lat' dir='ltr'><strong>praesertim</strong></span> <span class='ocrx_word' id='word_1_542' title='bbox 1956 4323 2083 4363; x_wconf 90' lang='lat' dir='ltr'><strong>cum</strong></span> 
     </span>
    </p>
   </div>
   <div class='ocr_carea' id='block_1_74' title="bbox 511 4395 2082 4475">
    <p class='ocr_par' dir='ltr' id='par_1_74' title="bbox 511 4395 2082 4475">
     <span class='ocr_line' id='line_1_74' title="bbox 511 4395 2082 4475; baseline -0.002 -18"><span class='ocrx_word' id='word_1_543' title='bbox 511 4404 565 4457; x_wconf 92' lang='lat' dir='ltr'><strong>in</strong></span> <span class='ocrx_word' id='word_1_544' title='bbox 596 4403 702 4456; x_wconf 86' lang='lat' dir='ltr'><strong>tuis</strong></span> <span class='ocrx_word' id='word_1_545' title='bbox 731 4404 797 4453; x_wconf 86' lang='lat' dir='ltr'><strong>ad</strong></span> <span class='ocrx_word' id='word_1_546' title='bbox 833 4414 916 4453; x_wconf 89' lang='lat' dir='ltr'><strong>me</strong></span> <span class='ocrx_word' id='word_1_547' title='bbox 943 4398 1137 4451; x_wconf 88' lang='lat' dir='ltr'><strong>litteris</strong></span> <span class='ocrx_word' id='word_1_548' title='bbox 1170 4396 1221 4449; x_wconf 91' lang='lat' dir='ltr'><strong>id</strong></span> <span class='ocrx_word' id='word_1_549' title='bbox 1251 4410 1471 4475; x_wconf 80' lang='lat' dir='ltr'><strong>quoque</strong></span> <span class='ocrx_word' id='word_1_550' title='bbox 1521 4395 1662 4450; x_wconf 89' lang='lat' dir='ltr'><strong>inter</strong></span> <span class='ocrx_word' id='word_1_551' title='bbox 1696 4397 1801 4451; x_wconf 87' lang='lat' dir='ltr'><strong>alia</strong></span> <span class='ocrx_word' id='word_1_552' title='bbox 1844 4400 2082 4467; x_wconf 89' lang='lat' dir='ltr'><strong>positum</strong></span> 
     </span>
    </p>
   </div>
   <div class='ocr_carea' id='block_1_75' title="bbox 2193 3215 3768 3289">
    <p class='ocr_par' dir='ltr' id='par_1_75' title="bbox 2193 3215 3768 3289">
     <span class='ocr_line' id='line_1_75' title="bbox 2193 3215 3768 3289; baseline -0.004 -17"><span class='ocrx_word' id='word_1_553' title='bbox 2193 3220 2331 3289; x_wconf 76' lang='grc' dir='ltr'>αὐτῇ</span> <span class='ocrx_word' id='word_1_554' title='bbox 2378 3220 2555 3288; x_wconf 78' lang='grc' dir='ltr'>ταφῆς</span> <span class='ocrx_word' id='word_1_555' title='bbox 2607 3218 2698 3270; x_wconf 74' lang='grc' dir='ltr'><strong>καὶ</strong></span> <span class='ocrx_word' id='word_1_556' title='bbox 2767 3218 3077 3289; x_wconf 83' lang='grc' dir='ltr'>παρουσίας</span> <span class='ocrx_word' id='word_1_557' title='bbox 3139 3217 3386 3286; x_wconf 82' lang='grc' dir='ltr'>φάσκων.</span> <span class='ocrx_word' id='word_1_558' title='bbox 3438 3215 3768 3284; x_wconf 73' lang='grc' dir='ltr'>Ἐϐουλόμην</span> 
     </span>
    </p>
   </div>
   <div class='ocr_carea' id='block_1_76' title="bbox 2192 3306 3770 3377">
    <p class='ocr_par' dir='ltr' id='par_1_76' title="bbox 2192 3306 3770 3377">
     <span class='ocr_line' id='line_1_76' title="bbox 2192 3306 3770 3377; baseline -0.003 -16"><span class='ocrx_word' id='word_1_559' title='bbox 2192 3311 2319 3372; x_wconf 79' lang='grc' dir='ltr'>τοὺς</span> <span class='ocrx_word' id='word_1_560' title='bbox 2352 3309 2515 3371; x_wconf 84' lang='grc' dir='ltr'>πόδας</span> <span class='ocrx_word' id='word_1_561' title='bbox 2552 3308 2817 3373; x_wconf 81' lang='grc' dir='ltr'>ἐκείνους,</span> <span class='ocrx_word' id='word_1_562' title='bbox 2854 3307 3161 3377; x_wconf 81' lang='grc' dir='ltr'>ἐϐουλόμην</span> <span class='ocrx_word' id='word_1_563' title='bbox 3188 3306 3285 3369; x_wconf 83' lang='grc' dir='ltr'>τὰς</span> <span class='ocrx_word' id='word_1_564' title='bbox 3309 3308 3518 3377; x_wconf 83' lang='grc' dir='ltr'>χεῖρας,</span> <span class='ocrx_word' id='word_1_565' title='bbox 3552 3306 3770 3357; x_wconf 79' lang='grc' dir='ltr'>ἐϐουλό-</span> 
     </span>
    </p>
   </div>
   <div class='ocr_carea' id='block_1_77' title="bbox 2196 3397 3767 3471">
    <p class='ocr_par' dir='ltr' id='par_1_77' title="bbox 2196 3397 3767 3471">
     <span class='ocr_line' id='line_1_77' title="bbox 2196 3397 3767 3471; baseline -0.003 -17"><span class='ocrx_word' id='word_1_566' title='bbox 2196 3419 2304 3471; x_wconf 88' lang='grc' dir='ltr'><strong>μην</strong></span> <span class='ocrx_word' id='word_1_567' title='bbox 2339 3401 2556 3463; x_wconf 82' lang='grc' dir='ltr'>ὲκείνας</span> <span class='ocrx_word' id='word_1_568' title='bbox 2606 3401 2702 3462; x_wconf 69' lang='grc' dir='ltr'><strong>τὰς</strong></span> <span class='ocrx_word' id='word_1_569' title='bbox 2760 3400 3007 3468; x_wconf 72' lang='grc' dir='ltr'>κεφαλὰς</span> <span class='ocrx_word' id='word_1_570' title='bbox 3060 3399 3210 3452; x_wconf 76' lang='grc' dir='ltr'>ἰδεῖν.</span> <span class='ocrx_word' id='word_1_571' title='bbox 3243 3400 3352 3453; x_wconf 82' lang='grc' dir='ltr'><strong>Καὶ</strong></span> <span class='ocrx_word' id='word_1_572' title='bbox 3399 3398 3458 3451; x_wconf 78' lang='grc' dir='ltr'>οὐ</span> <span class='ocrx_word' id='word_1_573' title='bbox 3511 3397 3767 3461; x_wconf 75' lang='grc' dir='ltr'><strong>παύεται⁹</strong></span> 
     </span>
    </p>
   </div>
   <div class='ocr_carea' id='block_1_78' title="bbox 2193 3486 3767 3564">
    <p class='ocr_par' dir='ltr' id='par_1_78' title="bbox 2193 3486 3767 3564">
     <span class='ocr_line' id='line_1_78' title="bbox 2193 3486 3767 3564; baseline -0.003 -18"><span class='ocrx_word' id='word_1_574' title='bbox 2193 3493 2381 3564; x_wconf 86' lang='grc' dir='ltr'>ῶσπερ</span> <span class='ocrx_word' id='word_1_575' title='bbox 2415 3495 2462 3547; x_wconf 88' lang='grc' dir='ltr'>οἱ</span> <span class='ocrx_word' id='word_1_576' title='bbox 2492 3486 2991 3562; x_wconf 60' lang='grc' dir='ltr'>δυσέρωτες,διιατὰ</span> <span class='ocrx_word' id='word_1_577' title='bbox 3047 3491 3188 3562; x_wconf 87' lang='grc' dir='ltr'>μέλη</span> <span class='ocrx_word' id='word_1_578' title='bbox 3219 3490 3453 3557; x_wconf 80' lang='grc' dir='ltr'>διεξιὼν,</span> <span class='ocrx_word' id='word_1_579' title='bbox 3506 3492 3605 3544; x_wconf 72' lang='grc' dir='ltr'><strong>καὶ</strong></span> <span class='ocrx_word' id='word_1_580' title='bbox 3662 3507 3767 3560; x_wconf 89' lang='grc' dir='ltr'>μυ-</span> 
     </span>
    </p>
   </div>
   <div class='ocr_carea' id='block_1_79' title="bbox 2196 3584 2815 3655">
    <p class='ocr_par' dir='ltr' id='par_1_79' title="bbox 2196 3584 2815 3655">
     <span class='ocr_line' id='line_1_79' title="bbox 2196 3584 2815 3655; baseline -0.006 -17"><span class='ocrx_word' id='word_1_581' title='bbox 2196 3587 2376 3655; x_wconf 84' lang='grc' dir='ltr'>ριάκις</span> <span class='ocrx_word' id='word_1_582' title='bbox 2403 3585 2581 3637; x_wconf 79' lang='grc' dir='ltr'>ταυτα</span> <span class='ocrx_word' id='word_1_583' title='bbox 2609 3584 2815 3651; x_wconf 78' lang='grc' dir='ltr'>λέγων.</span> 
     </span>
    </p>
   </div>
   <div class='ocr_carea' id='block_1_80' title="bbox 2275 3674 3769 3747">
    <p class='ocr_par' dir='ltr' id='par_1_80' title="bbox 2275 3674 3769 3747">
     <span class='ocr_line' id='line_1_80' title="bbox 2275 3674 3769 3747; baseline -0.001 -16"><span class='ocrx_word' id='word_1_584' title='bbox 2275 3679 2437 3731; x_wconf 77' lang='grc' dir='ltr'>Ἀλλὰ</span> <span class='ocrx_word' id='word_1_585' title='bbox 2472 3678 2645 3730; x_wconf 74' lang='grc' dir='ltr'>ταῦτα</span> <span class='ocrx_word' id='word_1_586' title='bbox 2682 3677 2780 3745; x_wconf 76' lang='grc' dir='ltr'><strong>μὲν</strong></span> <span class='ocrx_word' id='word_1_587' title='bbox 2812 3678 2992 3746; x_wconf 75' lang='grc' dir='ltr'>ἐῶμεν</span> <span class='ocrx_word' id='word_1_588' title='bbox 3031 3677 3132 3747; x_wconf 75' lang='grc' dir='ltr'><strong>ἤδη</strong></span> <span class='ocrx_word' id='word_1_589' title='bbox 3156 3692 3170 3707; x_wconf 73' lang='grc' dir='ltr'><strong>ο</strong></span> <span class='ocrx_word' id='word_1_590' title='bbox 3200 3674 3324 3729; x_wconf 73' lang='grc' dir='ltr'>οὗτε</span> <span class='ocrx_word' id='word_1_591' title='bbox 3354 3680 3463 3747; x_wconf 76' lang='grc' dir='ltr'>γὰρ</span> <span class='ocrx_word' id='word_1_592' title='bbox 3497 3680 3618 3732; x_wconf 81' lang='grc' dir='ltr'>κατ’</span> <span class='ocrx_word' id='word_1_593' title='bbox 3650 3679 3769 3732; x_wconf 72' lang='grc' dir='ltr'>ἐπι-</span> 
     </span>
    </p>
   </div>
   <div class='ocr_carea' id='block_1_81' title="bbox 2195 3769 3767 3838">
    <p class='ocr_par' dir='ltr' id='par_1_81' title="bbox 2195 3769 3767 3838">
     <span class='ocr_line' id='line_1_81' title="bbox 2195 3769 3767 3838; baseline 0.001 -17"><span class='ocrx_word' id='word_1_594' title='bbox 2195 3769 2390 3837; x_wconf 65' lang='grc' dir='ltr'>στολὴν</span> <span class='ocrx_word' id='word_1_595' title='bbox 2417 3769 2657 3821; x_wconf 76' lang='grc' dir='ltr'>τοσαῦτα</span> <span class='ocrx_word' id='word_1_596' title='bbox 2689 3770 2891 3838; x_wconf 84' lang='grc' dir='ltr'>λέγειν,</span> <span class='ocrx_word' id='word_1_597' title='bbox 2924 3772 3021 3823; x_wconf 79' lang='grc' dir='ltr'><strong>καὶ</strong></span> <span class='ocrx_word' id='word_1_598' title='bbox 3068 3770 3168 3821; x_wconf 84' lang='grc' dir='ltr'>ὅσα</span> <span class='ocrx_word' id='word_1_599' title='bbox 3198 3770 3263 3823; x_wconf 80' lang='grc' dir='ltr'>ἂν</span> <span class='ocrx_word' id='word_1_600' title='bbox 3318 3772 3592 3838; x_wconf 70' lang='grc' dir='ltr'>εἴποιμεν,</span> <span class='ocrx_word' id='word_1_601' title='bbox 3618 3772 3767 3825; x_wconf 77' lang='grc' dir='ltr'>οὐδὲν</span> 
     </span>
    </p>
   </div>
   <div class='ocr_carea' id='block_1_82' title="bbox 2194 3863 3768 3935">
    <p class='ocr_par' dir='ltr' id='par_1_82' title="bbox 2194 3863 3768 3935">
     <span class='ocr_line' id='line_1_82' title="bbox 2194 3863 3768 3935; baseline 0 -19"><span class='ocrx_word' id='word_1_602' title='bbox 2194 3867 2259 3916; x_wconf 80' lang='grc' dir='ltr'>ἂν</span> <span class='ocrx_word' id='word_1_603' title='bbox 2285 3865 2413 3933; x_wconf 80' lang='grc' dir='ltr'>περὶ</span> <span class='ocrx_word' id='word_1_604' title='bbox 2448 3864 2651 3916; x_wconf 81' lang='grc' dir='ltr'>τούτων</span> <span class='ocrx_word' id='word_1_605' title='bbox 2675 3865 2870 3933; x_wconf 78' lang='grc' dir='ltr'>εἴημεν</span> <span class='ocrx_word' id='word_1_606' title='bbox 2901 3864 3034 3932; x_wconf 77' lang='grc' dir='ltr'>πρὸς</span> <span class='ocrx_word' id='word_1_607' title='bbox 3068 3863 3225 3928; x_wconf 80' lang='grc' dir='ltr'>ἀξίαν</span> <span class='ocrx_word' id='word_1_608' title='bbox 3259 3866 3564 3935; x_wconf 68' lang='grc' dir='ltr'>εἰρηκότεςο</span> <span class='ocrx_word' id='word_1_609' title='bbox 3592 3866 3768 3929; x_wconf 81' lang='grc' dir='ltr'>ἄλλως</span> 
     </span>
    </p>
   </div>
   <div class='ocr_carea' id='block_1_83' title="bbox 2191 3942 3766 4028">
    <p class='ocr_par' dir='ltr' id='par_1_83' title="bbox 2191 3942 3766 4028">
     <span class='ocr_line' id='line_1_83' title="bbox 2191 3942 3766 4028; baseline 0 -19"><span class='ocrx_word' id='word_1_610' title='bbox 2191 3975 2249 4009; x_wconf 86' lang='grc' dir='ltr'><strong>τε</strong></span> <span class='ocrx_word' id='word_1_611' title='bbox 2286 3956 2540 4026; x_wconf 70' lang='grc' dir='ltr'>ἠρξάμην</span> <span class='ocrx_word' id='word_1_612' title='bbox 2580 3958 2682 4024; x_wconf 86' lang='grc' dir='ltr'><strong>μὲν</strong></span> <span class='ocrx_word' id='word_1_613' title='bbox 2709 3959 2783 4019; x_wconf 83' lang='grc' dir='ltr'>ὡς</span> <span class='ocrx_word' id='word_1_614' title='bbox 2806 3956 2968 4025; x_wconf 80' lang='grc' dir='ltr'>ὀλίγα</span> <span class='ocrx_word' id='word_1_615' title='bbox 3005 3958 3167 4026; x_wconf 78' lang='grc' dir='ltr'>ἐρῶν,</span> <span class='ocrx_word' id='word_1_616' title='bbox 3207 3958 3398 4010; x_wconf 72' lang='grc' dir='ltr'>ἔλαθον</span> <span class='ocrx_word' id='word_1_617' title='bbox 3444 3942 3500 4010; x_wconf 66' lang='grc' dir='ltr'><strong>δὲ</strong></span> <span class='ocrx_word' id='word_1_618' title='bbox 3532 3959 3766 4028; x_wconf 71' lang='grc' dir='ltr'>ἐμαυτὸν</span> 
     </span>
    </p>
   </div>
   <div class='ocr_carea' id='block_1_84' title="bbox 2194 4043 3767 4120">
    <p class='ocr_par' dir='ltr' id='par_1_84' title="bbox 2194 4043 3767 4120">
     <span class='ocr_line' id='line_1_84' title="bbox 2194 4043 3767 4120; baseline 0.001 -19"><span class='ocrx_word' id='word_1_619' title='bbox 2194 4049 2399 4120; x_wconf 68' lang='grc' dir='ltr'>σφόδρα</span> <span class='ocrx_word' id='word_1_620' title='bbox 2427 4048 2595 4109; x_wconf 70' lang='grc' dir='ltr'>ἐκϐὰς</span> <span class='ocrx_word' id='word_1_621' title='bbox 2617 4047 2709 4099; x_wconf 76' lang='grc' dir='ltr'>τοῦ</span> <span class='ocrx_word' id='word_1_622' title='bbox 2740 4049 2961 4118; x_wconf 80' lang='grc' dir='ltr'>μέτρου.</span> <span class='ocrx_word' id='word_1_623' title='bbox 2989 4043 3093 4103; x_wconf 78' lang='grc' dir='ltr'><strong>Οἷα</strong></span> <span class='ocrx_word' id='word_1_624' title='bbox 3113 4049 3167 4103; x_wconf 80' lang='grc' dir='ltr'><strong>δὲ</strong></span> <span class='ocrx_word' id='word_1_625' title='bbox 3191 4048 3461 4118; x_wconf 70' lang='grc' dir='ltr'>ἑπιθήκην</span> <span class='ocrx_word' id='word_1_626' title='bbox 3484 4051 3595 4102; x_wconf 89' lang='grc' dir='ltr'><strong>τῶν</strong></span> <span class='ocrx_word' id='word_1_627' title='bbox 3618 4050 3767 4119; x_wconf 80' lang='grc' dir='ltr'>ἐμῶν</span> 
     </span>
    </p>
   </div>
   <div class='ocr_carea' id='block_1_85' title="bbox 2190 4139 3767 4210">
    <p class='ocr_par' dir='ltr' id='par_1_85' title="bbox 2190 4139 3767 4210">
     <span class='ocr_line' id='line_1_85' title="bbox 2190 4139 3767 4210; baseline 0.001 -19"><span class='ocrx_word' id='word_1_628' title='bbox 2190 4140 2535 4209; x_wconf 75' lang='grc' dir='ltr'>γραμμάτων</span> <span class='ocrx_word' id='word_1_629' title='bbox 2574 4140 2730 4192; x_wconf 85' lang='grc' dir='ltr'>τοῦτο</span> <span class='ocrx_word' id='word_1_630' title='bbox 2767 4140 3105 4210; x_wconf 76' lang='grc' dir='ltr'>ποιούμενος,</span> <span class='ocrx_word' id='word_1_631' title='bbox 3142 4139 3411 4208; x_wconf 78' lang='grc' dir='ltr'>θυμηδίας</span> <span class='ocrx_word' id='word_1_632' title='bbox 3457 4142 3603 4204; x_wconf 71' lang='grc' dir='ltr'>τινος</span> <span class='ocrx_word' id='word_1_633' title='bbox 3667 4144 3767 4210; x_wconf 73' lang='grc' dir='ltr'><strong>χᾶ-</strong></span> 
     </span>
    </p>
   </div>
   <div class='ocr_carea' id='block_1_86' title="bbox 2195 4230 3767 4301">
    <p class='ocr_par' dir='ltr' id='par_1_86' title="bbox 2195 4230 3767 4301">
     <span class='ocr_line' id='line_1_86' title="bbox 2195 4230 3767 4301; baseline 0.009 -20"><span class='ocrx_word' id='word_1_634' title='bbox 2195 4248 2302 4299; x_wconf 89' lang='grc' dir='ltr'>ριν,</span> <span class='ocrx_word' id='word_1_635' title='bbox 2330 4230 2501 4281; x_wconf 76' lang='grc' dir='ltr'>ταῦτα</span> <span class='ocrx_word' id='word_1_636' title='bbox 2541 4230 2846 4299; x_wconf 75' lang='grc' dir='ltr'>ἐϐουλήθην</span> <span class='ocrx_word' id='word_1_637' title='bbox 2895 4232 3135 4301; x_wconf 69' lang='grc' dir='ltr'>γράψαι·</span> <span class='ocrx_word' id='word_1_638' title='bbox 3178 4231 3400 4299; x_wconf 80' lang='grc' dir='ltr'>μάλισθ’</span> <span class='ocrx_word' id='word_1_639' title='bbox 3434 4233 3517 4285; x_wconf 77' lang='grc' dir='ltr'><strong>ὅτι</strong></span> <span class='ocrx_word' id='word_1_640' title='bbox 3561 4234 3618 4283; x_wconf 78' lang='grc' dir='ltr'>ἐν</span> <span class='ocrx_word' id='word_1_641' title='bbox 3651 4237 3767 4294; x_wconf 71' lang='grc' dir='ltr'>τοῖς</span> 
     </span>
    </p>
   </div>
   <div class='ocr_carea' id='block_1_87' title="bbox 2193 4321 3766 4392">
    <p class='ocr_par' dir='ltr' id='par_1_87' title="bbox 2193 4321 3766 4392">
     <span class='ocr_line' id='line_1_87' title="bbox 2193 4321 3766 4392; baseline 0.003 -21"><span class='ocrx_word' id='word_1_642' title='bbox 2193 4323 2304 4381; x_wconf 87' lang='grc' dir='ltr'>σοῖς</span> <span class='ocrx_word' id='word_1_643' title='bbox 2340 4321 2477 4389; x_wconf 83' lang='grc' dir='ltr'>πρὸς</span> <span class='ocrx_word' id='word_1_644' title='bbox 2508 4322 2606 4389; x_wconf 77' lang='grc' dir='ltr'><strong>ἐμὲ</strong></span> <span class='ocrx_word' id='word_1_645' title='bbox 2644 4323 2938 4392; x_wconf 81' lang='grc' dir='ltr'>γράμμασι</span> <span class='ocrx_word' id='word_1_646' title='bbox 2974 4323 3111 4389; x_wconf 63' lang='grc' dir='ltr'>πρὸς</span> <span class='ocrx_word' id='word_1_647' title='bbox 3140 4327 3252 4387; x_wconf 79' lang='grc' dir='ltr'>τοῖς</span> <span class='ocrx_word' id='word_1_648' title='bbox 3281 4324 3463 4388; x_wconf 78' lang='grc' dir='ltr'>ἄλλοις</span> <span class='ocrx_word' id='word_1_649' title='bbox 3495 4326 3587 4377; x_wconf 73' lang='grc' dir='ltr'><strong>καὶ</strong></span> <span class='ocrx_word' id='word_1_650' title='bbox 3608 4324 3766 4377; x_wconf 77' lang='grc' dir='ltr'>τοῦτο</span> 
     </span>
    </p>
   </div>
   <div class='ocr_carea' id='block_1_88' title="bbox 2189 4404 3763 4481">
    <p class='ocr_par' dir='ltr' id='par_1_88' title="bbox 2189 4404 3763 4481">
     <span class='ocr_line' id='line_1_88' title="bbox 2189 4404 3763 4481; baseline 0.004 -19"><span class='ocrx_word' id='word_1_651' title='bbox 2189 4404 2345 4477; x_wconf 72' lang='grc' dir='ltr'>εὖρον</span> <span class='ocrx_word' id='word_1_652' title='bbox 2389 4413 2731 4481; x_wconf 68' lang='grc' dir='ltr'>ἐγκείμενον,</span> <span class='ocrx_word' id='word_1_653' title='bbox 2762 4413 2837 4475; x_wconf 86' lang='grc' dir='ltr'>ὡς</span> <span class='ocrx_word' id='word_1_654' title='bbox 2884 4412 3043 4481; x_wconf 82' lang='grc' dir='ltr'>ὀλίγα</span> <span class='ocrx_word' id='word_1_655' title='bbox 3076 4415 3401 4468; x_wconf 74' lang='grc' dir='ltr'>ἐπιστέλλω.</span> <span class='ocrx_word' id='word_1_656' title='bbox 3453 4416 3679 4469; x_wconf 82' lang='grc' dir='ltr'>Σπεύδω</span> <span class='ocrx_word' id='word_1_657' title='bbox 3710 4417 3763 4468; x_wconf 72' lang='grc' dir='ltr'>δὲ</span> 
     </span>
    </p>
   </div>
   <div class='ocr_carea' id='block_1_89' title="bbox 511 4470 2090 4577">
    <p class='ocr_par' dir='ltr' id='par_1_89' title="bbox 511 4470 2081 4561">
     <span class='ocr_line' id='line_1_89' title="bbox 511 4470 2081 4561; baseline -0.002 -14"><span class='ocrx_word' id='word_1_658' title='bbox 511 4492 831 4561; x_wconf 85' lang='lat' dir='ltr'><strong>repererim,</strong></span> <span class='ocrx_word' id='word_1_659' title='bbox 864 4490 1009 4558; x_wconf 86' lang='lat' dir='ltr'><strong>quod</strong></span> <span class='ocrx_word' id='word_1_660' title='bbox 1038 4504 1231 4557; x_wconf 78' lang='lat' dir='ltr'><strong>parum</strong></span> <span class='ocrx_word' id='word_1_661' title='bbox 1262 4470 1529 4541; x_wconf 75' lang='lat' dir='ltr'><strong>scribam.</strong></span> <span class='ocrx_word' id='word_1_662' title='bbox 1558 4485 1735 4544; x_wconf 82' lang='lat' dir='ltr'><strong>Hasce</strong></span> <span class='ocrx_word' id='word_1_663' title='bbox 1764 4498 1951 4543; x_wconf 86' lang='lat' dir='ltr'><strong>autem</strong></span> <span class='ocrx_word' id='word_1_664' title='bbox 1984 4492 2081 4544; x_wconf 88' lang='lat' dir='ltr'><strong>lit-</strong></span> 
     </span>
    </p>
   </div>
   <div class='ocr_carea' id='block_1_90' title="bbox 2194 4470 3768 4577">
    <p class='ocr_par' dir='ltr' id='par_1_90' title="bbox 2194 4504 3768 4577">
     <span class='ocr_line' id='line_1_90' title="bbox 2194 4504 3768 4577; baseline 0.002 -20"><span class='ocrx_word' id='word_1_665' title='bbox 2194 4504 2360 4559; x_wconf 77' lang='grc' dir='ltr'>ταῦτα</span> <span class='ocrx_word' id='word_1_666' title='bbox 2398 4507 2604 4569; x_wconf 71' lang='grc' dir='ltr'>δοῦναι,</span> <span class='ocrx_word' id='word_1_667' title='bbox 2657 4508 2731 4575; x_wconf 76' lang='grc' dir='ltr'><strong>μὴ</strong></span> <span class='ocrx_word' id='word_1_668' title='bbox 2766 4507 2872 4577; x_wconf 79' lang='grc' dir='ltr'><strong>πρὸ</strong></span> <span class='ocrx_word' id='word_1_669' title='bbox 2909 4508 3003 4574; x_wconf 82' lang='grc' dir='ltr'>τῆς</span> <span class='ocrx_word' id='word_1_670' title='bbox 3037 4510 3115 4571; x_wconf 87' lang='grc' dir='ltr'>εἰς</span> <span class='ocrx_word' id='word_1_671' title='bbox 3156 4509 3406 4561; x_wconf 82' lang='grc' dir='ltr'>Βενετίαν</span> <span class='ocrx_word' id='word_1_672' title='bbox 3435 4509 3614 4562; x_wconf 83' lang='grc' dir='ltr'>αὐτῶν</span> <span class='ocrx_word' id='word_1_673' title='bbox 3644 4512 3768 4575; x_wconf 74' lang='grc' dir='ltr'><strong>ἀφί-</strong></span> 
     </span>
    </p>
   </div>
   <div class='ocr_carea' id='block_1_91' title="bbox 510 4577 2086 4650">
    <p class='ocr_par' dir='ltr' id='par_1_91' title="bbox 510 4577 2086 4650">
     <span class='ocr_line' id='line_1_91' title="bbox 510 4577 2086 4650; baseline -0.001 -14"><span class='ocrx_word' id='word_1_674' title='bbox 510 4592 658 4637; x_wconf 84' lang='lat' dir='ltr'><strong>teras</strong></span> <span class='ocrx_word' id='word_1_675' title='bbox 689 4582 821 4636; x_wconf 85' lang='lat' dir='ltr'><strong>dare</strong></span> <span class='ocrx_word' id='word_1_676' title='bbox 848 4579 1083 4641; x_wconf 82' lang='lat' dir='ltr'><strong>festino,</strong></span> <span class='ocrx_word' id='word_1_677' title='bbox 1137 4595 1206 4631; x_wconf 85' lang='lat' dir='ltr'><strong>ne</strong></span> <span class='ocrx_word' id='word_1_678' title='bbox 1253 4586 1544 4648; x_wconf 77' lang='lat' dir='ltr'><strong>antequam</strong></span> <span class='ocrx_word' id='word_1_679' title='bbox 1587 4577 1842 4635; x_wconf 78' lang='lat' dir='ltr'><strong>Venetias</strong></span> <span class='ocrx_word' id='word_1_680' title='bbox 1899 4598 2086 4650; x_wconf 81' lang='lat' dir='ltr'><strong>perve-</strong></span> 
     </span>
    </p>
   </div>
   <div class='ocr_carea' id='block_1_92' title="bbox 500 4671 2082 4747">
    <p class='ocr_par' dir='ltr' id='par_1_92' title="bbox 500 4671 2082 4747">
     <span class='ocr_line' id='line_1_92' title="bbox 500 4671 2082 4747; baseline -0.001 -18"><span class='ocrx_word' id='word_1_681' title='bbox 500 4677 690 4747; x_wconf 16' lang='lat' dir='ltr'><strong>Aniant,</strong></span> <span class='ocrx_word' id='word_1_682' title='bbox 717 4675 840 4743; x_wconf 86' lang='lat' dir='ltr'><strong>ejus</strong></span> <span class='ocrx_word' id='word_1_683' title='bbox 872 4673 1115 4727; x_wconf 86' lang='lat' dir='ltr'><strong>civitatis</strong></span> <span class='ocrx_word' id='word_1_684' title='bbox 1140 4672 1525 4741; x_wconf 86' lang='lat' dir='ltr'><strong>lriremcsjam</strong></span> <span class='ocrx_word' id='word_1_685' title='bbox 1557 4671 1933 4728; x_wconf 87' lang='lat' dir='ltr'><strong>discesserint.</strong></span> <span class='ocrx_word' id='word_1_686' title='bbox 1979 4675 2082 4729; x_wconf 84' lang='lat' dir='ltr'><strong>Sed</strong></span> 
     </span>
    </p>
   </div>
   <div class='ocr_carea' id='block_1_93' title="bbox 511 4762 2084 4841">
    <p class='ocr_par' dir='ltr' id='par_1_93' title="bbox 511 4762 2084 4841">
     <span class='ocr_line' id='line_1_93' title="bbox 511 4762 2084 4841; baseline 0.001 -23"><span class='ocrx_word' id='word_1_687' title='bbox 511 4764 756 4831; x_wconf 80' lang='lat' dir='ltr'><strong>profecto</strong></span> <span class='ocrx_word' id='word_1_688' title='bbox 785 4766 835 4818; x_wconf 89' lang='lat' dir='ltr'><strong>in</strong></span> <span class='ocrx_word' id='word_1_689' title='bbox 857 4762 1165 4831; x_wconf 86' lang='lat' dir='ltr'><strong>hujusmodi</strong></span> <span class='ocrx_word' id='word_1_690' title='bbox 1200 4779 1257 4816; x_wconf 89' lang='lat' dir='ltr'><strong>re</strong></span> <span class='ocrx_word' id='word_1_691' title='bbox 1285 4764 1335 4816; x_wconf 88' lang='lat' dir='ltr'><strong>id</strong></span> <span class='ocrx_word' id='word_1_692' title='bbox 1372 4764 1531 4832; x_wconf 78' lang='lat' dir='ltr'><strong>longe</strong></span> <span class='ocrx_word' id='word_1_693' title='bbox 1571 4763 1951 4841; x_wconf 15' lang='lat' dir='ltr'><strong>di‘ﬂieillimum</strong></span> <span class='ocrx_word' id='word_1_694' title='bbox 1980 4775 2084 4825; x_wconf 81' lang='lat' dir='ltr'><strong>est.</strong></span> 
     </span>
    </p>
   </div>
   <div class='ocr_carea' id='block_1_94' title="bbox 510 4856 2087 4925">
    <p class='ocr_par' dir='ltr' id='par_1_94' title="bbox 510 4856 2087 4925">
     <span class='ocr_line' id='line_1_94' title="bbox 510 4856 2087 4925; baseline 0.003 -18"><span class='ocrx_word' id='word_1_695' title='bbox 510 4866 660 4911; x_wconf 83' lang='lat' dir='ltr'><strong>recte</strong></span> <span class='ocrx_word' id='word_1_696' title='bbox 686 4857 946 4925; x_wconf 83' lang='lat' dir='ltr'><strong>incipere,</strong></span> <span class='ocrx_word' id='word_1_697' title='bbox 974 4866 1026 4910; x_wconf 90' lang='lat' dir='ltr'><strong>et</strong></span> <span class='ocrx_word' id='word_1_698' title='bbox 1053 4861 1189 4909; x_wconf 89' lang='lat' dir='ltr'><strong>bene</strong></span> <span class='ocrx_word' id='word_1_699' title='bbox 1220 4856 1377 4908; x_wconf 83' lang='lat' dir='ltr'><strong>[inire</strong></span> <span class='ocrx_word' id='word_1_700' title='bbox 1408 4872 1422 4920; x_wconf 90' lang='lat'><strong>;</strong></span> <span class='ocrx_word' id='word_1_701' title='bbox 1450 4871 1574 4908; x_wconf 89' lang='lat' dir='ltr'><strong>nam</strong></span> <span class='ocrx_word' id='word_1_702' title='bbox 1607 4866 1713 4909; x_wconf 70' lang='lat' dir='ltr'><strong>tota</strong></span> <span class='ocrx_word' id='word_1_703' title='bbox 1766 4872 1854 4912; x_wconf 90' lang='lat' dir='ltr'><strong>res</strong></span> <span class='ocrx_word' id='word_1_704' title='bbox 1904 4868 2087 4914; x_wconf 82' lang='lat' dir='ltr'><strong>extre-</strong></span> 
     </span>
    </p>
   </div>
   <div class='ocr_carea' id='block_1_95' title="bbox 511 4945 2082 5017">
    <p class='ocr_par' dir='ltr' id='par_1_95' title="bbox 511 4945 2082 5017">
     <span class='ocr_line' id='line_1_95' title="bbox 511 4945 2082 5017; baseline 0.004 -18"><span class='ocrx_word' id='word_1_705' title='bbox 511 4947 798 5001; x_wconf 84' lang='lat' dir='ltr'><strong>mitatibus</strong></span> <span class='ocrx_word' id='word_1_706' title='bbox 819 4948 1095 5011; x_wconf 86' lang='lat' dir='ltr'><strong>delinitur,</strong></span> <span class='ocrx_word' id='word_1_707' title='bbox 1114 4956 1166 5000; x_wconf 89' lang='lat' dir='ltr'><strong>et</strong></span> <span class='ocrx_word' id='word_1_708' title='bbox 1185 4946 1411 5000; x_wconf 82' lang='lat' dir='ltr'><strong>fortnam</strong></span> <span class='ocrx_word' id='word_1_709' title='bbox 1434 4945 1562 5000; x_wconf 86' lang='lat' dir='ltr'><strong>inde</strong></span> <span class='ocrx_word' id='word_1_710' title='bbox 1587 4948 1813 5017; x_wconf 84' lang='lat' dir='ltr'><strong>accipit.</strong></span> <span class='ocrx_word' id='word_1_711' title='bbox 1835 4948 1899 5003; x_wconf 88' lang='lat' dir='ltr'><strong>Et</strong></span> <span class='ocrx_word' id='word_1_712' title='bbox 1931 4953 2082 5005; x_wconf 76' lang='lat' dir='ltr'><strong>multi</strong></span> 
     </span>
    </p>
   </div>
   <div class='ocr_carea' id='block_1_96' title="bbox 512 5038 2083 5109">
    <p class='ocr_par' dir='ltr' id='par_1_96' title="bbox 512 5038 2083 5109">
     <span class='ocr_line' id='line_1_96' title="bbox 512 5038 2083 5109; baseline 0.005 -18"><span class='ocrx_word' id='word_1_713' title='bbox 512 5038 841 5093; x_wconf 84' lang='lat' dir='ltr'><strong>utnesciunt</strong></span> <span class='ocrx_word' id='word_1_714' title='bbox 869 5040 1012 5092; x_wconf 88' lang='lat' dir='ltr'><strong>unde</strong></span> <span class='ocrx_word' id='word_1_715' title='bbox 1040 5039 1441 5107; x_wconf 85' lang='lat' dir='ltr'><strong>incipiendum,</strong></span> <span class='ocrx_word' id='word_1_716' title='bbox 1471 5042 1541 5093; x_wconf 88' lang='lat' dir='ltr'><strong>ita</strong></span> <span class='ocrx_word' id='word_1_717' title='bbox 1577 5055 1753 5109; x_wconf 89' lang='lat' dir='ltr'><strong>neque</strong></span> <span class='ocrx_word' id='word_1_718' title='bbox 1814 5043 1905 5095; x_wconf 89' lang='lat' dir='ltr'><strong>ubi</strong></span> <span class='ocrx_word' id='word_1_719' title='bbox 1956 5047 2083 5100; x_wconf 82' lang='lat' dir='ltr'><strong>linis</strong></span> 
     </span>
    </p>
   </div>
   <div class='ocr_carea' id='block_1_97' title="bbox 509 5132 2086 5205">
    <p class='ocr_par' dir='ltr' id='par_1_97' title="bbox 509 5132 2086 5205">
     <span class='ocr_line' id='line_1_97' title="bbox 509 5132 2086 5205; baseline 0.004 -21"><span class='ocrx_word' id='word_1_720' title='bbox 509 5132 873 5199; x_wconf 84' lang='lat' dir='ltr'><strong>imponendus</strong></span> <span class='ocrx_word' id='word_1_721' title='bbox 898 5132 986 5191; x_wconf 87' lang='lat' dir='ltr'><strong>sit,</strong></span> <span class='ocrx_word' id='word_1_722' title='bbox 1020 5147 1183 5199; x_wconf 85' lang='lat' dir='ltr'><strong>quos,</strong></span> <span class='ocrx_word' id='word_1_723' title='bbox 1213 5142 1499 5201; x_wconf 88' lang='lat' dir='ltr'><strong>postquam</strong></span> <span class='ocrx_word' id='word_1_724' title='bbox 1527 5135 1819 5202; x_wconf 81' lang='lat' dir='ltr'><strong>ccepcrint,</strong></span> <span class='ocrx_word' id='word_1_725' title='bbox 1869 5153 2086 5205; x_wconf 82' lang='lat' dir='ltr'><strong>semper</strong></span> 
     </span>
    </p>
   </div>
   <div class='ocr_carea' id='block_1_98' title="bbox 510 5218 2085 5295">
    <p class='ocr_par' dir='ltr' id='par_1_98' title="bbox 510 5218 2085 5295">
     <span class='ocr_line' id='line_1_98' title="bbox 510 5218 2085 5295; baseline 0.009 -26"><span class='ocrx_word' id='word_1_726' title='bbox 510 5218 655 5285; x_wconf 85' lang='lat' dir='ltr'><strong>loqui</strong></span> <span class='ocrx_word' id='word_1_727' title='bbox 682 5233 966 5272; x_wconf 88' lang='lat' dir='ltr'><strong>necessum</strong></span> <span class='ocrx_word' id='word_1_728' title='bbox 993 5228 1097 5272; x_wconf 89' lang='lat' dir='ltr'><strong>est.</strong></span> <span class='ocrx_word' id='word_1_729' title='bbox 1124 5219 1430 5286; x_wconf 73' lang='lat' dir='ltr'><strong>Ego-autem</strong></span> <span class='ocrx_word' id='word_1_730' title='bbox 1451 5230 1601 5275; x_wconf 88' lang='lat' dir='ltr'><strong>tanto</strong></span> <span class='ocrx_word' id='word_1_731' title='bbox 1621 5226 1883 5292; x_wconf 79' lang='lat' dir='ltr'><strong>temporis</strong></span> <span class='ocrx_word' id='word_1_732' title='bbox 1906 5229 2085 5295; x_wconf 87' lang='lat' dir='ltr'><strong>spatio</strong></span> 
     </span>
    </p>
   </div>
   <div class='ocr_carea' id='block_1_99' title="bbox 508 5308 2084 5385">
    <p class='ocr_par' dir='ltr' id='par_1_99' title="bbox 508 5308 2084 5385">
     <span class='ocr_line' id='line_1_99' title="bbox 508 5308 2084 5385; baseline 0.006 -24"><span class='ocrx_word' id='word_1_733' title='bbox 508 5310 612 5362; x_wconf 85' lang='lat' dir='ltr'><strong>isto</strong></span> <span class='ocrx_word' id='word_1_734' title='bbox 641 5308 800 5362; x_wconf 81' lang='lat' dir='ltr'><strong>modo</strong></span> <span class='ocrx_word' id='word_1_735' title='bbox 832 5309 973 5377; x_wconf 85' lang='lat' dir='ltr'><strong>apud</strong></span> <span class='ocrx_word' id='word_1_736' title='bbox 1005 5309 1387 5364; x_wconf 79' lang='lat' dir='ltr'><strong>celsitudinem</strong></span> <span class='ocrx_word' id='word_1_737' title='bbox 1421 5321 1567 5366; x_wconf 85' lang='lat' dir='ltr'><strong>luant</strong></span> <span class='ocrx_word' id='word_1_738' title='bbox 1600 5313 1751 5380; x_wconf 90' lang='lat' dir='ltr'><strong>silui,</strong></span> <span class='ocrx_word' id='word_1_739' title='bbox 1789 5324 1847 5368; x_wconf 92' lang='lat' dir='ltr'><strong>ut</strong></span> <span class='ocrx_word' id='word_1_740' title='bbox 1904 5333 2084 5385; x_wconf 68' lang='lat' dir='ltr'><strong>ccepia</strong></span> 
     </span>
    </p>
   </div>
   <div class='ocr_carea' id='block_1_100' title="bbox 511 5398 2085 5465">
    <p class='ocr_par' dir='ltr' id='par_1_100' title="bbox 511 5398 2085 5465">
     <span class='ocr_line' id='line_1_100' title="bbox 511 5398 2085 5465; baseline 0.01 -17"><span class='ocrx_word' id='word_1_741' title='bbox 511 5400 597 5453; x_wconf 66' lang='lat' dir='ltr'><strong>vix</strong></span> <span class='ocrx_word' id='word_1_742' title='bbox 659 5398 878 5454; x_wconf 81' lang='lat' dir='ltr'><strong>tandem</strong></span> <span class='ocrx_word' id='word_1_743' title='bbox 935 5398 1131 5452; x_wconf 87' lang='lat' dir='ltr'><strong>iterum</strong></span> <span class='ocrx_word' id='word_1_744' title='bbox 1197 5400 1449 5456; x_wconf 85' lang='lat' dir='ltr'><strong>oratione</strong></span> <span class='ocrx_word' id='word_1_745' title='bbox 1516 5406 1626 5457; x_wconf 88' lang='lat' dir='ltr'><strong>cito</strong></span> <span class='ocrx_word' id='word_1_746' title='bbox 1685 5406 1934 5463; x_wconf 79' lang='lat' dir='ltr'><strong>desinere</strong></span> <span class='ocrx_word' id='word_1_747' title='bbox 1992 5429 2085 5465; x_wconf 85' lang='lat' dir='ltr'><strong>ne—</strong></span> 
     </span>
    </p>
   </div>
   <div class='ocr_carea' id='block_1_101' title="bbox 506 5491 2085 5561">
    <p class='ocr_par' dir='ltr' id='par_1_101' title="bbox 506 5491 2085 5561">
     <span class='ocr_line' id='line_1_101' title="bbox 506 5491 2085 5561; baseline 0.007 -15"><span class='ocrx_word' id='word_1_748' title='bbox 506 5508 723 5561; x_wconf 84' lang='lat' dir='ltr'><strong>queam.</strong></span> <span class='ocrx_word' id='word_1_749' title='bbox 766 5491 869 5547; x_wconf 90' lang='lat' dir='ltr'><strong>Sed</strong></span> <span class='ocrx_word' id='word_1_750' title='bbox 918 5503 977 5545; x_wconf 91' lang='lat' dir='ltr'><strong>ut</strong></span> <span class='ocrx_word' id='word_1_751' title='bbox 1028 5493 1079 5545; x_wconf 90' lang='lat' dir='ltr'><strong>in</strong></span> <span class='ocrx_word' id='word_1_752' title='bbox 1135 5494 1425 5560; x_wconf 68' lang='lat' dir='ltr'><strong>praeteritis</strong></span> <span class='ocrx_word' id='word_1_753' title='bbox 1459 5497 1789 5552; x_wconf 75' lang='lat' dir='ltr'><strong>intermissa:</strong></span> <span class='ocrx_word' id='word_1_754' title='bbox 1822 5502 2085 5558; x_wconf 85' lang='lat' dir='ltr'><strong>orationis</strong></span> 
     </span>
    </p>
   </div>
   <div class='ocr_carea' id='block_1_102' title="bbox 504 5583 2083 5661">
    <p class='ocr_par' dir='ltr' id='par_1_102' title="bbox 504 5583 2083 5661">
     <span class='ocr_line' id='line_1_102' title="bbox 504 5583 2083 5661; baseline 0.008 -24"><span class='ocrx_word' id='word_1_755' title='bbox 504 5584 745 5650; x_wconf 83' lang='lat' dir='ltr'><strong>silentio,</strong></span> <span class='ocrx_word' id='word_1_756' title='bbox 781 5583 857 5637; x_wconf 85' lang='lat' dir='ltr'><strong>ita</strong></span> <span class='ocrx_word' id='word_1_757' title='bbox 910 5598 1056 5637; x_wconf 85' lang='lat' dir='ltr'><strong>nunc</strong></span> <span class='ocrx_word' id='word_1_758' title='bbox 1107 5584 1423 5653; x_wconf 86' lang='lat' dir='ltr'><strong>loquacitati</strong></span> <span class='ocrx_word' id='word_1_759' title='bbox 1482 5603 1615 5643; x_wconf 77' lang='lat' dir='ltr'><strong>mea:</strong></span> <span class='ocrx_word' id='word_1_760' title='bbox 1663 5591 1937 5661; x_wconf 72' lang='lat' dir='ltr'><strong>ignosces.</strong></span> <span class='ocrx_word' id='word_1_761' title='bbox 1979 5595 2083 5649; x_wconf 90' lang='lat' dir='ltr'><strong>Sed</strong></span> 
     </span>
    </p>
   </div>
   <div class='ocr_carea' id='block_1_103' title="bbox 501 5675 2088 5748">
    <p class='ocr_par' dir='ltr' id='par_1_103' title="bbox 501 5675 2088 5748">
     <span class='ocr_line' id='line_1_103' title="bbox 501 5675 2088 5748; baseline 0.012 -26"><span class='ocrx_word' id='word_1_762' title='bbox 501 5690 625 5725; x_wconf 85' lang='lat' dir='ltr'><strong>eum</strong></span> <span class='ocrx_word' id='word_1_763' title='bbox 657 5675 967 5742; x_wconf 87' lang='lat' dir='ltr'><strong>hujusmodi</strong></span> <span class='ocrx_word' id='word_1_764' title='bbox 1004 5677 1165 5729; x_wconf 87' lang='lat' dir='ltr'><strong>rebus</strong></span> <span class='ocrx_word' id='word_1_765' title='bbox 1191 5677 1333 5745; x_wconf 90' lang='lat' dir='ltr'><strong>apud</strong></span> <span class='ocrx_word' id='word_1_766' title='bbox 1365 5687 1416 5731; x_wconf 91' lang='lat' dir='ltr'><strong>te</strong></span> <span class='ocrx_word' id='word_1_767' title='bbox 1445 5680 1703 5748; x_wconf 84' lang='lat' dir='ltr'><strong>expositis</strong></span> <span class='ocrx_word' id='word_1_768' title='bbox 1735 5683 1858 5738; x_wconf 88' lang='lat' dir='ltr'><strong>linis</strong></span> <span class='ocrx_word' id='word_1_769' title='bbox 1902 5702 2088 5741; x_wconf 80' lang='lat' dir='ltr'><strong>neces-</strong></span> 
     </span>
    </p>
   </div>
   <div class='ocr_carea' id='block_1_104' title="bbox 502 5764 2078 5842">
    <p class='ocr_par' dir='ltr' id='par_1_104' title="bbox 502 5764 2078 5842">
     <span class='ocr_line' id='line_1_104' title="bbox 502 5764 2078 5842; baseline 0.008 -21"><span class='ocrx_word' id='word_1_770' title='bbox 502 5764 648 5821; x_wconf 72' lang='lat' dir='ltr'><strong>sario</strong></span> <span class='ocrx_word' id='word_1_771' title='bbox 674 5768 953 5824; x_wconf 78' lang='lat' dir='ltr'><strong>faciendus</strong></span> <span class='ocrx_word' id='word_1_772' title='bbox 1012 5769 1105 5838; x_wconf 92' lang='lat' dir='ltr'><strong>sit,</strong></span> <span class='ocrx_word' id='word_1_773' title='bbox 1140 5769 1268 5825; x_wconf 80' lang='lat' dir='ltr'><strong>nolo</strong></span> <span class='ocrx_word' id='word_1_774' title='bbox 1323 5780 1501 5825; x_wconf 82' lang='lat' dir='ltr'><strong>tamen</strong></span> <span class='ocrx_word' id='word_1_775' title='bbox 1560 5783 1844 5842; x_wconf 83' lang='lat' dir='ltr'><strong>propterea</strong></span> <span class='ocrx_word' id='word_1_776' title='bbox 1878 5788 2078 5834; x_wconf 74' lang='lat' dir='ltr'><strong>nostra:</strong></span> 
     </span>
    </p>
   </div>
   <div class='ocr_carea' id='block_1_105' title="bbox 2188 4600 3765 4668">
    <p class='ocr_par' dir='ltr' id='par_1_105' title="bbox 2188 4600 3765 4668">
     <span class='ocr_line' id='line_1_105' title="bbox 2188 4600 3765 4668; baseline 0.003 -19"><span class='ocrx_word' id='word_1_777' title='bbox 2188 4600 2323 4666; x_wconf 82' lang='grc' dir='ltr'>ξεως</span> <span class='ocrx_word' id='word_1_778' title='bbox 2354 4600 2409 4651; x_wconf 70' lang='lat' dir='ltr'><strong>ai</strong></span> <span class='ocrx_word' id='word_1_779' title='bbox 2433 4601 2677 4667; x_wconf 71' lang='grc' dir='ltr'>τριήρεις</span> <span class='ocrx_word' id='word_1_780' title='bbox 2706 4603 2805 4668; x_wconf 79' lang='grc' dir='ltr'>τῆς</span> <span class='ocrx_word' id='word_1_781' title='bbox 2833 4601 3041 4663; x_wconf 78' lang='grc' dir='ltr'>πόλεως</span> <span class='ocrx_word' id='word_1_782' title='bbox 3079 4600 3292 4667; x_wconf 72' lang='grc' dir='ltr'>ἐκείνης</span> <span class='ocrx_word' id='word_1_783' title='bbox 3325 4601 3603 4668; x_wconf 70' lang='grc' dir='ltr'>φθάσωσιν</span> <span class='ocrx_word' id='word_1_784' title='bbox 3638 4604 3765 4655; x_wconf 84' lang='grc' dir='ltr'>ἁνα-</span> 
     </span>
    </p>
   </div>
   <div class='ocr_carea' id='block_1_106' title="bbox 2188 4690 3763 4761">
    <p class='ocr_par' dir='ltr' id='par_1_106' title="bbox 2188 4690 3763 4761">
     <span class='ocr_line' id='line_1_106' title="bbox 2188 4690 3763 4761; baseline 0.002 -19"><span class='ocrx_word' id='word_1_785' title='bbox 2188 4693 2423 4760; x_wconf 78' lang='grc' dir='ltr'>χθείσαι.</span> <span class='ocrx_word' id='word_1_786' title='bbox 2464 4690 2607 4741; x_wconf 79' lang='grc' dir='ltr'>Ἀλλ’</span> <span class='ocrx_word' id='word_1_787' title='bbox 2634 4690 2801 4752; x_wconf 78' lang='grc' dir='ltr'>ὅντως</span> <span class='ocrx_word' id='word_1_788' title='bbox 2832 4693 2889 4742; x_wconf 81' lang='grc' dir='ltr'><strong>ἐν</strong></span> <span class='ocrx_word' id='word_1_789' title='bbox 2921 4692 3083 4744; x_wconf 72' lang='grc' dir='ltr'>παντὶ</span> <span class='ocrx_word' id='word_1_790' title='bbox 3115 4692 3402 4761; x_wconf 83' lang='grc' dir='ltr'>πράγματι</span> <span class='ocrx_word' id='word_1_791' title='bbox 3443 4694 3618 4746; x_wconf 74' lang='grc' dir='ltr'>ἐκεῖνό</span> <span class='ocrx_word' id='word_1_792' title='bbox 3648 4697 3763 4745; x_wconf 75' lang='grc' dir='ltr'>ἐστι</span> 
     </span>
    </p>
   </div>
   <div class='ocr_carea' id='block_1_107' title="bbox 2191 4782 3761 4851">
    <p class='ocr_par' dir='ltr' id='par_1_107' title="bbox 2191 4782 3761 4851">
     <span class='ocr_line' id='line_1_107' title="bbox 2191 4782 3761 4851; baseline 0.002 -16"><span class='ocrx_word' id='word_1_793' title='bbox 2191 4783 2389 4850; x_wconf 76' lang='grc' dir='ltr'>μᾶλλον</span> <span class='ocrx_word' id='word_1_794' title='bbox 2425 4782 2705 4840; x_wconf 75' lang='grc' dir='ltr'>δύσκολον,</span> <span class='ocrx_word' id='word_1_795' title='bbox 2734 4784 2950 4843; x_wconf 68' lang='grc' dir='ltr'>οἶκείως</span> <span class='ocrx_word' id='word_1_796' title='bbox 2985 4800 3043 4834; x_wconf 82' lang='grc' dir='ltr'><strong>τε</strong></span> <span class='ocrx_word' id='word_1_797' title='bbox 3072 4782 3364 4851; x_wconf 75' lang='grc' dir='ltr'>ἄρξασθαι,</span> <span class='ocrx_word' id='word_1_798' title='bbox 3394 4786 3486 4836; x_wconf 76' lang='grc' dir='ltr'>καὶ</span> <span class='ocrx_word' id='word_1_799' title='bbox 3526 4784 3761 4846; x_wconf 77' lang='grc' dir='ltr'>δεόντως</span> 
     </span>
    </p>
   </div>
   <div class='ocr_carea' id='block_1_108' title="bbox 2188 4871 3763 4945">
    <p class='ocr_par' dir='ltr' id='par_1_108' title="bbox 2188 4871 3763 4945">
     <span class='ocr_line' id='line_1_108' title="bbox 2188 4871 3763 4945; baseline 0.001 -21"><span class='ocrx_word' id='word_1_800' title='bbox 2188 4871 2534 4939; x_wconf 76' lang='grc' dir='ltr'>τελευτῆσαι.</span> <span class='ocrx_word' id='word_1_801' title='bbox 2569 4873 2679 4925; x_wconf 75' lang='grc' dir='ltr'><strong>Καὶ</strong></span> <span class='ocrx_word' id='word_1_802' title='bbox 2710 4873 2770 4924; x_wconf 81' lang='grc' dir='ltr'><strong>τὸ</strong></span> <span class='ocrx_word' id='word_1_803' title='bbox 2807 4873 2925 4924; x_wconf 82' lang='grc' dir='ltr'>ὅλον</span> <span class='ocrx_word' id='word_1_804' title='bbox 2959 4873 3014 4925; x_wconf 78' lang='grc' dir='ltr'><strong>δὲ</strong></span> <span class='ocrx_word' id='word_1_805' title='bbox 3048 4874 3233 4937; x_wconf 80' lang='grc' dir='ltr'>ἁπλῶς</span> <span class='ocrx_word' id='word_1_806' title='bbox 3272 4876 3383 4936; x_wconf 82' lang='grc' dir='ltr'>τοῖς</span> <span class='ocrx_word' id='word_1_807' title='bbox 3431 4874 3619 4945; x_wconf 78' lang='grc' dir='ltr'>ἄκροις</span> <span class='ocrx_word' id='word_1_808' title='bbox 3649 4878 3763 4945; x_wconf 74' lang='grc' dir='ltr'>ὁρί-</span> 
     </span>
    </p>
   </div>
   <div class='ocr_carea' id='block_1_109' title="bbox 2188 4961 3760 5033">
    <p class='ocr_par' dir='ltr' id='par_1_109' title="bbox 2188 4961 3760 5033">
     <span class='ocr_line' id='line_1_109' title="bbox 2188 4961 3760 5033; baseline 0.001 -21"><span class='ocrx_word' id='word_1_809' title='bbox 2188 4961 2338 5025; x_wconf 79' lang='grc' dir='ltr'>ζεται</span> <span class='ocrx_word' id='word_1_810' title='bbox 2365 4964 2456 5013; x_wconf 80' lang='grc' dir='ltr'>καὶ</span> <span class='ocrx_word' id='word_1_811' title='bbox 2498 4964 2715 5031; x_wconf 56' lang='grc' dir='ltr'>μορρην</span> <span class='ocrx_word' id='word_1_812' title='bbox 2749 4964 3034 5033; x_wconf 78' lang='grc' dir='ltr'>λαμϐάνει.</span> <span class='ocrx_word' id='word_1_813' title='bbox 3071 4966 3179 5018; x_wconf 76' lang='grc' dir='ltr'>Καὶ</span> <span class='ocrx_word' id='word_1_814' title='bbox 3204 4966 3388 5018; x_wconf 76' lang='grc' dir='ltr'>πολλοὶ</span> <span class='ocrx_word' id='word_1_815' title='bbox 3423 4964 3613 5033; x_wconf 71' lang='grc' dir='ltr'>ὥςπερ</span> <span class='ocrx_word' id='word_1_816' title='bbox 3638 4966 3760 5019; x_wconf 59' lang='grc' dir='ltr'>ὅθεν</span> 
     </span>
    </p>
   </div>
   <div class='ocr_carea' id='block_1_110' title="bbox 2186 5054 3761 5124">
    <p class='ocr_par' dir='ltr' id='par_1_110' title="bbox 2186 5054 3761 5124">
     <span class='ocr_line' id='line_1_110' title="bbox 2186 5054 3761 5124; baseline 0.002 -18"><span class='ocrx_word' id='word_1_817' title='bbox 2186 5055 2265 5106; x_wconf 83' lang='grc' dir='ltr'>δεῖ</span> <span class='ocrx_word' id='word_1_818' title='bbox 2295 5054 2567 5124; x_wconf 76' lang='grc' dir='ltr'>ἄρξασθαι</span> <span class='ocrx_word' id='word_1_819' title='bbox 2617 5056 2717 5107; x_wconf 74' lang='grc' dir='ltr'>οὐκ</span> <span class='ocrx_word' id='word_1_820' title='bbox 2752 5057 2955 5122; x_wconf 73' lang='grc' dir='ltr'>ἴσασιν,</span> <span class='ocrx_word' id='word_1_821' title='bbox 2991 5058 3163 5121; x_wconf 71' lang='grc' dir='ltr'>οὕτως</span> <span class='ocrx_word' id='word_1_822' title='bbox 3188 5059 3298 5110; x_wconf 82' lang='grc' dir='ltr'>οὐδ’</span> <span class='ocrx_word' id='word_1_823' title='bbox 3330 5060 3465 5111; x_wconf 73' lang='grc' dir='ltr'>ὅπου</span> <span class='ocrx_word' id='word_1_824' title='bbox 3500 5060 3583 5111; x_wconf 82' lang='grc' dir='ltr'><strong>δεῖ</strong></span> <span class='ocrx_word' id='word_1_825' title='bbox 3610 5060 3761 5120; x_wconf 82' lang='grc' dir='ltr'>τέλος</span> 
     </span>
    </p>
   </div>
   <div class='ocr_carea' id='block_1_111' title="bbox 2185 5146 3761 5219">
    <p class='ocr_par' dir='ltr' id='par_1_111' title="bbox 2185 5146 3761 5219">
     <span class='ocr_line' id='line_1_111' title="bbox 2185 5146 3761 5219; baseline 0.003 -22"><span class='ocrx_word' id='word_1_826' title='bbox 2185 5146 2472 5199; x_wconf 77' lang='grc' dir='ltr'>ἐπιθεῖναι.</span> <span class='ocrx_word' id='word_1_827' title='bbox 2521 5148 2761 5217; x_wconf 67' lang='grc' dir='ltr'>Ἀνάγκη</span> <span class='ocrx_word' id='word_1_828' title='bbox 2806 5148 2870 5217; x_wconf 80' lang='grc' dir='ltr'><strong>δὴ</strong></span> <span class='ocrx_word' id='word_1_829' title='bbox 2911 5149 3133 5211; x_wconf 82' lang='grc' dir='ltr'>τούτους</span> <span class='ocrx_word' id='word_1_830' title='bbox 3163 5149 3502 5219; x_wconf 77' lang='grc' dir='ltr'>ἀρξαμένους</span> <span class='ocrx_word' id='word_1_831' title='bbox 3544 5150 3631 5202; x_wconf 75' lang='grc' dir='ltr'><strong>ἀεὶ</strong></span> <span class='ocrx_word' id='word_1_832' title='bbox 3671 5150 3761 5202; x_wconf 81' lang='grc' dir='ltr'>λα·</span> 
     </span>
    </p>
   </div>
   <div class='ocr_carea' id='block_1_112' title="bbox 2187 5236 3761 5310">
    <p class='ocr_par' dir='ltr' id='par_1_112' title="bbox 2187 5236 3761 5310">
     <span class='ocr_line' id='line_1_112' title="bbox 2187 5236 3761 5310; baseline 0.002 -23"><span class='ocrx_word' id='word_1_833' title='bbox 2187 5237 2318 5289; x_wconf 86' lang='grc' dir='ltr'><strong>λεῖν.</strong></span> <span class='ocrx_word' id='word_1_834' title='bbox 2365 5236 2506 5305; x_wconf 84' lang='grc' dir='ltr'>Ἐγὼ</span> <span class='ocrx_word' id='word_1_835' title='bbox 2529 5239 2583 5290; x_wconf 79' lang='grc' dir='ltr'><strong>δὲ</strong></span> <span class='ocrx_word' id='word_1_836' title='bbox 2610 5240 2699 5290; x_wconf 74' lang='grc' dir='ltr'><strong>καὶ</strong></span> <span class='ocrx_word' id='word_1_837' title='bbox 2724 5238 2974 5291; x_wconf 77' lang='grc' dir='ltr'>τοσοῦτον</span> <span class='ocrx_word' id='word_1_838' title='bbox 3007 5242 3199 5309; x_wconf 64' lang='grc' dir='ltr'>χρόνον</span> <span class='ocrx_word' id='word_1_839' title='bbox 3231 5241 3324 5292; x_wconf 83' lang='grc' dir='ltr'><strong>τὸν</strong></span> <span class='ocrx_word' id='word_1_840' title='bbox 3346 5243 3548 5310; x_wconf 75' lang='grc' dir='ltr'>τρόπον</span> <span class='ocrx_word' id='word_1_841' title='bbox 3576 5240 3761 5292; x_wconf 71' lang='grc' dir='ltr'>τοῦτον</span> 
     </span>
    </p>
   </div>
   <div class='ocr_carea' id='block_1_113' title="bbox 2188 5328 3762 5399">
    <p class='ocr_par' dir='ltr' id='par_1_113' title="bbox 2188 5328 3762 5399">
     <span class='ocr_line' id='line_1_113' title="bbox 2188 5328 3762 5399; baseline 0.003 -20"><span class='ocrx_word' id='word_1_842' title='bbox 2188 5329 2322 5397; x_wconf 79' lang='grc' dir='ltr'>πρὸς</span> <span class='ocrx_word' id='word_1_843' title='bbox 2356 5329 2417 5381; x_wconf 69' lang='grc' dir='ltr'>τὸ</span> <span class='ocrx_word' id='word_1_844' title='bbox 2447 5330 2537 5381; x_wconf 79' lang='grc' dir='ltr'><strong>σὸν</strong></span> <span class='ocrx_word' id='word_1_845' title='bbox 2573 5328 2704 5397; x_wconf 76' lang='grc' dir='ltr'>ὓψος</span> <span class='ocrx_word' id='word_1_846' title='bbox 2739 5330 3049 5397; x_wconf 74' lang='grc' dir='ltr'>ἐσιώπησα,</span> <span class='ocrx_word' id='word_1_847' title='bbox 3076 5331 3217 5383; x_wconf 77' lang='grc' dir='ltr'>ὥστε</span> <span class='ocrx_word' id='word_1_848' title='bbox 3256 5332 3409 5399; x_wconf 67' lang='grc' dir='ltr'>μόλις</span> <span class='ocrx_word' id='word_1_849' title='bbox 3446 5334 3575 5385; x_wconf 71' lang='grc' dir='ltr'>ποτὲ</span> <span class='ocrx_word' id='word_1_850' title='bbox 3603 5331 3762 5393; x_wconf 75' lang='grc' dir='ltr'>αὖθις</span> 
     </span>
    </p>
   </div>
   <div class='ocr_carea' id='block_1_114' title="bbox 2187 5422 3762 5495">
    <p class='ocr_par' dir='ltr' id='par_1_114' title="bbox 2187 5422 3762 5495">
     <span class='ocr_line' id='line_1_114' title="bbox 2187 5422 3762 5495; baseline 0.001 -22"><span class='ocrx_word' id='word_1_851' title='bbox 2187 5422 2490 5488; x_wconf 71' lang='grc' dir='ltr'>ἀρξάμενος</span> <span class='ocrx_word' id='word_1_852' title='bbox 2522 5424 2584 5474; x_wconf 78' lang='grc' dir='ltr'><strong>ού</strong></span> <span class='ocrx_word' id='word_1_853' title='bbox 2618 5422 2854 5491; x_wconf 81' lang='grc' dir='ltr'>δύναμαι</span> <span class='ocrx_word' id='word_1_854' title='bbox 2892 5425 3103 5493; x_wconf 77' lang='grc' dir='ltr'>ταχέως</span> <span class='ocrx_word' id='word_1_855' title='bbox 3152 5423 3346 5487; x_wconf 49' lang='grc' dir='ltr'><strong>λῆξαιι</strong></span> <span class='ocrx_word' id='word_1_856' title='bbox 3373 5423 3673 5495; x_wconf 76' lang='grc' dir='ltr'>Συγγνὼσῃ</span> <span class='ocrx_word' id='word_1_857' title='bbox 3703 5423 3762 5474; x_wconf 75' lang='grc' dir='ltr'>δέ</span> 
     </span>
    </p>
   </div>
   <div class='ocr_carea' id='block_1_115' title="bbox 2189 5511 3759 5585">
    <p class='ocr_par' dir='ltr' id='par_1_115' title="bbox 2189 5511 3759 5585">
     <span class='ocr_line' id='line_1_115' title="bbox 2189 5511 3759 5585; baseline -0.001 -22"><span class='ocrx_word' id='word_1_858' title='bbox 2189 5529 2288 5579; x_wconf 79' lang='grc' dir='ltr'><strong>μου</strong></span> <span class='ocrx_word' id='word_1_859' title='bbox 2315 5511 2586 5581; x_wconf 57' lang='grc' dir='ltr'>ὥσπερέν</span> <span class='ocrx_word' id='word_1_860' title='bbox 2612 5516 2720 5575; x_wconf 81' lang='grc' dir='ltr'>τοῖς</span> <span class='ocrx_word' id='word_1_861' title='bbox 2750 5513 2987 5579; x_wconf 70' lang='grc' dir='ltr'>φθάσασι</span> <span class='ocrx_word' id='word_1_862' title='bbox 3023 5517 3086 5585; x_wconf 74' lang='grc' dir='ltr'>τῇ</span> <span class='ocrx_word' id='word_1_863' title='bbox 3124 5515 3265 5566; x_wconf 80' lang='grc' dir='ltr'>κατὰ</span> <span class='ocrx_word' id='word_1_864' title='bbox 3293 5514 3387 5565; x_wconf 70' lang='grc' dir='ltr'>τὸν</span> <span class='ocrx_word' id='word_1_865' title='bbox 3422 5514 3621 5581; x_wconf 82' lang='grc' dir='ltr'>τρόπον</span> <span class='ocrx_word' id='word_1_866' title='bbox 3641 5513 3759 5563; x_wconf 60' lang='lat' dir='ltr'><strong>to}-</strong></span> 
     </span>
    </p>
   </div>
   <div class='ocr_carea' id='block_1_116' title="bbox 2185 5603 3758 5675">
    <p class='ocr_par' dir='ltr' id='par_1_116' title="bbox 2185 5603 3758 5675">
     <span class='ocr_line' id='line_1_116' title="bbox 2185 5603 3758 5675; baseline 0.002 -23"><span class='ocrx_word' id='word_1_867' title='bbox 2185 5618 2275 5653; x_wconf 86' lang='grc' dir='ltr'><strong>τον</strong></span> <span class='ocrx_word' id='word_1_868' title='bbox 2307 5604 2475 5671; x_wconf 23' lang='grc' dir='ltr'>μέχρι,</span> <span class='ocrx_word' id='word_1_869' title='bbox 2496 5603 2637 5665; x_wconf 63' lang='grc' dir='ltr'>τινὸς</span> <span class='ocrx_word' id='word_1_870' title='bbox 2668 5604 2760 5655; x_wconf 78' lang='grc' dir='ltr'>τοῦ</span> <span class='ocrx_word' id='word_1_871' title='bbox 2787 5604 2970 5672; x_wconf 84' lang='grc' dir='ltr'>λέγειν</span> <span class='ocrx_word' id='word_1_872' title='bbox 3009 5610 3212 5675; x_wconf 78' lang='grc' dir='ltr'>σιωπῇ,</span> <span class='ocrx_word' id='word_1_873' title='bbox 3244 5606 3387 5658; x_wconf 76' lang='grc' dir='ltr'>οὕτω</span> <span class='ocrx_word' id='word_1_874' title='bbox 3434 5604 3529 5657; x_wconf 82' lang='grc' dir='ltr'>νῦν</span> <span class='ocrx_word' id='word_1_875' title='bbox 3564 5607 3629 5672; x_wconf 81' lang='grc' dir='ltr'><strong>τῇ</strong></span> <span class='ocrx_word' id='word_1_876' title='bbox 3660 5619 3758 5655; x_wconf 77' lang='grc' dir='ltr'>πο-</span> 
     </span>
    </p>
   </div>
   <div class='ocr_carea' id='block_1_117' title="bbox 2185 5690 3758 5766">
    <p class='ocr_par' dir='ltr' id='par_1_117' title="bbox 2185 5690 3758 5766">
     <span class='ocr_line' id='line_1_117' title="bbox 2185 5690 3758 5766; baseline 0.002 -25"><span class='ocrx_word' id='word_1_877' title='bbox 2185 5690 2648 5762; x_wconf 73' lang='grc' dir='ltr'>λυλογίᾳ.”Λλλως</span> <span class='ocrx_word' id='word_1_878' title='bbox 2678 5712 2734 5745; x_wconf 89' lang='grc' dir='ltr'><strong>τε</strong></span> <span class='ocrx_word' id='word_1_879' title='bbox 2762 5696 2856 5747; x_wconf 75' lang='grc' dir='ltr'>καὶ</span> <span class='ocrx_word' id='word_1_880' title='bbox 2884 5697 3009 5766; x_wconf 69' lang='grc' dir='ltr'>περὶ</span> <span class='ocrx_word' id='word_1_881' title='bbox 3038 5698 3296 5749; x_wconf 79' lang='grc' dir='ltr'>τοιούτων</span> <span class='ocrx_word' id='word_1_882' title='bbox 3324 5697 3454 5766; x_wconf 73' lang='grc' dir='ltr'>πρὸς</span> <span class='ocrx_word' id='word_1_883' title='bbox 3484 5695 3542 5746; x_wconf 82' lang='grc' dir='ltr'><strong>σὲ</strong></span> <span class='ocrx_word' id='word_1_884' title='bbox 3572 5694 3758 5761; x_wconf 76' lang='grc' dir='ltr'>λέγον-</span> 
     </span>
    </p>
   </div>
   <div class='ocr_carea' id='block_1_118' title="bbox 2186 5786 3757 5858">
    <p class='ocr_par' dir='ltr' id='par_1_118' title="bbox 2186 5786 3757 5858">
     <span class='ocr_line' id='line_1_118' title="bbox 2186 5786 3757 5858; baseline 0.004 -23"><span class='ocrx_word' id='word_1_885' title='bbox 2186 5801 2276 5845; x_wconf 70' lang='grc' dir='ltr'><strong>τος</strong></span> <span class='ocrx_word' id='word_1_886' title='bbox 2306 5786 2516 5855; x_wconf 65' lang='grc' dir='ltr'>ἀνάγκη</span> <span class='ocrx_word' id='word_1_887' title='bbox 2548 5801 2606 5851; x_wconf 80' lang='grc' dir='ltr'><strong>γε</strong></span> <span class='ocrx_word' id='word_1_888' title='bbox 2664 5789 2770 5855; x_wconf 76' lang='grc' dir='ltr'>μὴν</span> <span class='ocrx_word' id='word_1_889' title='bbox 2801 5788 2950 5851; x_wconf 79' lang='grc' dir='ltr'>τέλος</span> <span class='ocrx_word' id='word_1_890' title='bbox 2984 5788 3272 5842; x_wconf 76' lang='grc' dir='ltr'>ἐπιθεῖναι.</span> <span class='ocrx_word' id='word_1_891' title='bbox 3304 5789 3376 5841; x_wconf 64' lang='lat' dir='ltr'><strong>UO</strong></span> <span class='ocrx_word' id='word_1_892' title='bbox 3405 5787 3668 5858; x_wconf 69' lang='grc' dir='ltr'>βούλομαι</span> <span class='ocrx_word' id='word_1_893' title='bbox 3698 5787 3757 5842; x_wconf 65' lang='grc' dir='ltr'><strong>δὲ</strong></span> 
     </span>
    </p>
   </div>
  </div>
