4144 6282
486 322 559 386 39
1633 307 2032 370 MANUEIJS
2090 302 2619 367 CHRYSOLORJ
3670 300 3746 358 ιο

489 451 588 491 nec
626 433 752 489 huic
784 430 1008 487 alterius
1036 426 1308 485 coloniam
1345 425 1622 496 ﬁliamque
1651 440 1792 487 esse,
1823 439 1924 479 nec
1956 438 2057 475 un-

2176 426 2383 493 μητέρα
2410 417 2574 487 εἶναι,
2610 418 2744 488 μήτε
2781 414 2998 484 ἐκείνην
3034 410 3200 480 ἄλλης
3234 409 3493 464 ἀποικίαν
3524 409 3621 462 καὶ
3643 408 3743 463 θυι

485 541 674 595 quam,
733 523 876 578 sicut
925 521 1087 575 modo
1120 520 1257 584 dixi,
1305 528 1457 571 tanta
1512 517 1566 569 in
1603 524 1775 568 matre
1826 523 1880 566 et
1926 513 2057 575 lilia,

485 628 687 689 quanta
710 615 762 669 iu
802 615 969 679 hisce,
994 613 1296 668 similitudo
1335 609 1515 664 fuerit.
1544 608 1620 662 Ita
1655 619 1709 661 ut
1740 605 1904 676 hujus
1933 607 2061 675 pul-

485 710 754 773 chritudo,
794 708 967 761 instar
997 706 1136 774 ignis
1167 712 1262 757 aut
1297 701 1438 756 radii
1472 699 1691 754 aliunde
1722 696 1959 760 accensi,
1991 696 2060 748 ab

451 801 574 867 .illa
609 798 881 865 acceperit
916 804 1293 864 augmentum.
1333 790 1464 845 Nam
1520 793 1566 844 si
1609 789 1742 842 nihil
1773 787 1919 840 aliud
1958 802 2058 841 no-

484 892 570 947 bis
594 890 885 944 dicendum
912 893 1247 956 suppeteret,
1275 884 1414 937 situs
1444 883 1534 935 ille
1556 896 1744 934 versus
1775 889 2060 942 utram-ine

483 982 879 1041 continentem,
910 978 1182 1046 Europam
1215 976 1341 1029 dico
1369 982 1423 1027 et
1447 972 1628 1027 Asiam
1654 1012 1669 1037 ,
1703 980 1757 1026 et
1791 972 2059 1026 connexio

484 1070 945 1145 septemtrionalis
979 1078 1032 1123 et
1080 1066 1454 1122 meridionalis
1498 1066 1683 1126 maris,
1728 1067 1801 1116 ita
1845 1072 1903 1116 ut
1936 1064 2060 1116 hinc

484 1164 902 1225 continentium,
930 1160 1126 1215 isthinc
1147 1173 1448 1226 aequorum,
1472 1157 1552 1209 vel
1576 1157 1753 1225 potius
1783 1165 2059 1208 utrorum-

485 1275 591 1327 que
617 1255 881 1311 bcneiicio
907 1254 1092 1307 urbem
1121 1260 1393 1305 terrarum
1414 1262 1712 1317 gentesque
1744 1246 1908 1309 illius,
1936 1256 2059 1298 tan-

485 1365 648 1419 quam
698 1344 979 1401 communi
1011 1343 1248 1412 quodam
1291 1339 1509 1394 vinculo
1572 1338 1892 1407 coniungat,
1941 1350 2062 1388 rur-

486 1451 721 1505 sumque
750 1450 778 1487 a
809 1449 868 1488 se
896 1432 1131 1486 invicem
1163 1428 1410 1486 secludat
1446 1428 1563 1499 ipsa
1597 1426 1742 1480 velut
1774 1426 1841 1480 ad
1876 1435 2062 1495 portas

485 1529 846 1595 sita.quibus,
869 1539 1071 1594 quaeso,
1094 1522 1145 1576 id
1174 1537 1283 1575 non
1312 1521 1444 1574 utile
1461 1520 1636 1573 solum
1667 1526 1720 1573 et
1746 1518 2059 1587 pulchrum,

486 1619 581 1672 sed
610 1619 770 1670 etiam
798 1615 1009 1684 regium
1041 1626 1149 1666 non
1184 1608 1511 1664 videretur?
1547 1607 1681 1661 Nam
1716 1617 1905 1676 portus
1941 1622 2063 1659 meo

483 1710 691 1778 judicio
726 1705 938 1760 caeteris
975 1703 1142 1757 totius
1186 1701 1338 1754 orbis
1369 1699 1740 1769 magnitudine
1775 1697 2061 1751 etrseunri—

2163 517 2374 587 γατέρα
2394 533 2410 548 ο
2440 516 2577 586 μήτε
2600 513 2706 583 μὴν
2738 513 2795 564 ἒν
2823 509 2994 581 μητρὶ
3023 508 3119 561 καὶ
3148 505 3401 575 θυγατρὶ,
3426 504 3563 572 ὅπερ
3583 503 3741 571 ἔφην,

2163 612 2295 679 ὅσην
2327 610 2384 661 ὲν
2435 605 2663 668 ταύταις
2716 604 2847 656 ποτε
2900 601 3197 669 ὁμοιότητα
3236 596 3529 665 γενέσθαιο
3583 594 3646 647 τό
3676 610 3744 662 γε

2167 704 2276 772 μὴν
2325 700 2533 767 ταύτης
2586 697 2803 759 κάλλος,
2833 694 3021 762 ὥσπερ
3056 692 3201 754 τινὸς
3237 688 3413 759 πυρὸς
3454 687 3488 759 ἢ
3522 689 3746 748 ἀκτῖνος

2164 791 2379 862 ἔξαψιν,
2414 790 2510 840 ἀπ’
2545 787 2760 855 ἐκείνης
2793 785 3034 840 ἐπίδοσιν
3066 783 3373 852 εἰληφέναι.
3408 780 3471 837 Εἰ
3505 780 3613 849 γὰρ
3644 796 3747 848 μη-

2164 882 2251 934 δὲν
2310 880 2499 947 ἕτερον
2546 879 2729 946 λέγειν
2759 876 2980 946 ἔχομεν,
3012 874 3127 926 ἀλλ’
3162 875 3193 943 ἡ
3257 873 3393 939 πρὸς
3427 869 3745 940 ἀμφοτέρας

2164 975 2263 1037 τὰς
2314 973 2600 1043 ἠπείρους,
2636 972 2735 1041 τήν
2784 988 2841 1024 τε
2895 969 3165 1038 Εὐρώπην
3215 967 3356 1036 λέγω
3403 965 3497 1019 καὶ
3535 964 3744 1027 Ἀσίαν,

2166 1067 2336 1130 θέσις,
2370 1064 2484 1119 ἀλλ’
2519 1068 2551 1125 ἠ
2586 1065 2855 1134 συνάφεια
2881 1064 2977 1135 τῆς
3017 1080 3076 1115 τε
3111 1059 3366 1131 ἁρκτῴας
3402 1061 3498 1111 καὶ
3533 1074 3747 1128 μεσημ-

2165 1160 2354 1231 ϐρινῆς
2411 1158 2715 1227 θαλάσσης,
2747 1156 2888 1209 ὥστε
2947 1157 3012 1225 τῇ
3066 1155 3164 1224 μὲν
3197 1154 3283 1206 διὰ
3330 1151 3441 1204 τῶν
3470 1151 3744 1221 ἠπείρων,

2164 1258 2234 1324 τῇ
2277 1254 2332 1308 δὲ
2366 1254 2451 1308 διὸ.
2476 1254 2585 1306 τῶν
2617 1244 2928 1311 Θαλασσιῖῗν,
2972 1250 3176 1319 μᾶλλον
3208 1248 3264 1302 δὲ
3295 1247 3363 1300 δι’
3391 1246 3744 1316 ἀμφοτέρων,

2167 1347 2358 1418 ὥσπερ
2390 1347 2447 1399 ὲν
2472 1345 2638 1417 κοινῷ
2666 1362 2771 1397 τινι
2797 1342 3082 1412 συνδέσμῳ
3108 1342 3403 1395 συνάπτειν
3429 1340 3522 1391 καὶ
3544 1336 3747 1392 κλείειν

2166 1434 2323 1503 αὖθις
2357 1440 2451 1492 ἀπ’
2500 1438 2762 1507 ἀλλήλων,
2819 1435 3008 1504 ὥσπερ
3042 1436 3133 1487 ἐπὶ
3180 1433 3383 1487 πυλῶν⁹
3414 1432 3747 1500 ἱσταμένην,

2166 1531 2266 1603 τὴν
2312 1529 2665 1601 οἰκουμένην,
2698 1530 2792 1582 καὶ
2821 1528 2891 1581 τὰ
2924 1529 3013 1582 ἐπὶ
3044 1527 3249 1594 ταύτης
3299 1525 3451 1594 ἔθνη,
3478 1524 3620 1578 τίσιν
3649 1524 3751 1577 οὐκ

2164 1624 2230 1675 ἂν
2253 1623 2423 1685 δόξειε
2459 1622 2619 1691 μόνον
2644 1623 2920 1692 χρήσιμον
2952 1620 3045 1672 καὶ
3077 1618 3306 1688 ὡραῖον,
3337 1615 3473 1669 ἀλλὰ
3522 1616 3617 1668 καὶ
3652 1613 3750 1684 βα-

2171 1714 2377 1767 σιλικὸν
2408 1709 2585 1779 εἷναι;
2616 1714 2687 1766 ’⁷0
2722 1731 2785 1780 γε
2837 1712 2943 1782 μὴν
2968 1710 3158 1781 λιμὴν,
3191 1708 3380 1772 νικῶν,
3413 1696 3589 1774 οἶμαι,
3625 1705 3751 1767 τοὺς

489 1808 598 1853 tate
629 1795 982 1859 antecellens,
1014 1791 1261 1846 omnium
1294 1789 1472 1844 ubivis
1509 1790 1751 1842 locorum
1780 1794 2066 1841 contexta-

2176 1803 2493 1874 ἁπανταχοῦ
2550 1774 2771 1873 μεγέθει
2822 1774 2913 1854 ,ἑαὶ
2978 1774 3275 1871 ἀσφαλείᾳ,
3330 1799 3511 1857 πάσας
3557 1797 3623 1849 ἂν
3652 1795 3755 1857 τὰς

486 1906 608 1946 rum
648 1889 954 1943 triremium
986 1886 1317 1954 naviumque
1361 1896 1563 1952 capax:
1600 1892 1713 1937 tum
1749 1880 1894 1949 quod
1928 1888 2064 1942 tota,

488 1986 547 2039 ut"
572 1984 645 2037 ita
675 1983 875 2046 dicam,
921 1979 1070 2035 mari-
1095 1986 1150 2033 et
1175 1976 1479 2032 continenti
1508 1974 1868 2030 circumcirca
1899 1972 2069 2042 cingi-

487 2087 600 2142 tur,
639 2076 711 2129 ita
739 2083 799 2128 ut
843 2073 1033 2128 eadem
1070 2079 1126 2125 et
1146 2069 1436 2125 continens
1480 2066 1742 2136 undique,
1795 2076 1847 2118 et
1891 2064 2067 2117 insula

487 2168 618 2222 item
657 2155 935 2219 terrestris
961 2161 1125 2217 simul
1156 2170 1323 2229 atque
1364 2157 1637 2213 maritima
1668 2158 1761 2209 sit.
1804 2153 2066 2206 Mmuinm

484 2271 710 2330 quoque
736 2269 936 2310 corona
968 2265 1160 2306 revera
1179 2259 1234 2304 et
1263 2249 1526 2313 ambitus,
1546 2249 1639 2316 qui
1664 2241 1848 2300 nc'scio
1869 2262 1936 2298 an
1960 2244 2068 2297 ulla

485 2350 542 2405 in
578 2364 635 2403 re
655 2344 969 2417 Babyloniis
995 2345 1192 2399 cedere
1215 2343 1389 2412 possit
1414 2357 1428 2392 :
1460 2339 1766 2393 ettnrrium
1796 2337 1850 2390 in
1876 2337 2067 2389 iisdem

488 2440 819 2510 frequentia,
849 2436 1169 2507 magnitudo
1203 2445 1257 2490 et
1283 2432 1517 2488 altitudo
1547 2448 1562 2497 ;
1591 2430 1663 2484 ita
1700 2438 1760 2482 ut
1810 2420 2073 2499 quaelibet

491 2548 681 2589 earum
716 2533 759 2587 si
800 2533 882 2584 vel
915 2530 1028 2584 sola
1057 2535 1229 2591 esset,
1282 2541 1393 2596 prae
1450 2525 1645 2595 quavis
1694 2521 1800 2576 alia
1862 2522 2070 2588 integra

487 2637 760 2685 structura
778 2623 1192 2678 admirationem
1208 2617 1608 2690 spectatoribus
1630 2616 1872 2670 incutere
1886 2622 2068 2683 queat:

487 2736 613 2775 cum
644 2718 723 2772 vel
749 2717 864 2772 sola
894 2718 1159 2787 graduum
1199 2712 1403 2783 quibus
1453 2709 1905 2766 conscenduntur
1957 2721 2071 2760 ma-

487 2810 739 2881 gnitudo,
772 2808 1060 2863 crassities
1089 2818 1138 2861 et
1178 2815 1459 2861 uructura
1509 2803 1870 2858 admiratione
1907 2799 2072 2870 digna

488 2904 563 2959 sit
593 2921 607 2958 :
651 2913 764 2955 tum
806 2914 932 2954 vero
977 2897 1266 2962 manium,
1296 2909 1469 2967 porta:
1500 2896 1851 2965 turriumque
1880 2895 1935 2947 in
1966 2893 2074 2945 illis

489 2993 849 3049 eminentium
879 2989 1175 3059 splendor:
1199 2997 1253 3040 et
1280 3000 1378 3056 pro
1411 2985 1685 3040 moenibus
1711 2982 2072 3045 antemurale,

490 3084 638 3155 quod
666 3082 842 3137 solum
876 3080 1033 3135 alteri
1084 3077 1295 3134 civitati
1327 3092 1425 3148 pro
1477 3092 1674 3131 securo
1728 3074 2071 3129 munimento

484 3175 790 3232 sulliceret:
819 3183 932 3228 tum
958 3172 1140 3227 adhuc
1163 3171 1433 3226 fossarum
1460 3171 1666 3241 egestio
1690 3180 1745 3223 et
1767 3177 2066 3226 structura.

490 3280 791 3337 carumque
814 3266 1047 3321 latitudo
1064 3274 1117 3319 et
1139 3265 1508 3336 profunditas,
1528 3271 1582 3318 et
1604 3278 1762 3333 aquae
1790 3264 1841 3315 in
1873 3262 2066 3314 iis‘lem

492 3359 647 3428 c0pia
676 3377 689 3413 ε
726 3368 784 3413 ut
817 3375 924 3427 qua
958 3368 1169 3412 tantum
1216 3364 1370 3427 parte
1400 3371 1463 3410 ea
1491 3355 1701 3421 deerat,
1740 3354 1903 3409 isthic
1932 3368 2069 3421 quo-

492 3468 600 3518 que
628 3450 773 3504 illius
811 3449 1075 3504 beneﬁcio
1107 3449 1237 3504 urbs
1266 3448 1540 3501 maritima
1572 3449 1855 3501 videatur:
1882 3462 2073 3517 quem-

497 3544 790 3598 admodum
846 3543 964 3596 vice
1016 3556 1194 3606 versa,
1250 3556 1359 3610 qua
1415 3550 1568 3611 parte
1623 3541 1899 3594 maritima
1965 3550 2069 3600 est.

495 3646 718 3704 propter
750 3633 968 3701 insulas,
993 3633 1203 3688 vicinas
1234 3632 1538 3687 continenti
1577 3632 1856 3686 adhaerere
1887 3631 2073 3685 ridea-

496 3738 625 3780 tur:
656 3725 883 3795 utquod
917 3725 986 3779 de
1033 3724 1449 3779 Atheniensium
1481 3722 1706 3778 civitate
1735 3724 1957 3793 quidam
1991 3722 2071 3776 oi-

497 3816 595 3880 xit,
621 3832 741 3871 cam
779 3827 833 3870 et
863 3815 1313 3886 prmternarigari
1355 3826 1407 3870 et
1434 3816 1891 3885 circutnnavigari
1920 3816 2074 3884 pedi-

496 3908 709 3978 busque
755 3910 978 3965 circuiri
1027 3923 1205 3979 posse,
1230 3909 1344 3963 haec
1389 3909 1553 3963 etiam
1603 3911 1821 3978 gemino
1864 3908 2074 3962 ambitu

499 4004 834 4066 circueatur,
889 4003 1191 4071 eademque
1256 4001 1614 4057 nihilominus
1652 4014 1873 4072 propter
1920 4016 2074 4071 aqua:

499 4095 712 4164 cupiam
740 4094 1011 4146 maritima
1041 4094 1112 4147 sit
1138 4114 1151 4148 :
1185 4094 1318 4159 haec,
1336 4094 1584 4163 inquam,
1603 4095 1786 4148 omnia
1800 4094 1929 4164 quid
1954 4096 2076 4148 reli-

500 4200 670 4255 quum
698 4184 904 4239 faciunt
920 4201 1029 4255 quo
1047 4186 1295 4255 superari
1316 4200 1346 4239 a
1374 4200 1651 4254 quoquam
1674 4185 1884 4254 possint
1904 4186 2073 4254 iquin

500 4278 681 4350 potius
701 4293 812 4348 quo
834 4279 1026 4333 saltem
1055 4280 1241 4333 accedi
1272 4279 1341 4332 de
1366 4279 1618 4349 proximo
1636 4278 1846 4345 pessint
1867 4290 1922 4331 et
1939 4290 2077 4330 exte-

498 4371 696 4443 qnari?
717 4369 984 4426 Interiora
1015 4381 1195 4425 autem
1226 4371 1377 4425 urbis
1397 4371 1672 4424 mmuibus
1699 4380 1753 4423 et
1775 4368 2076 4437 exemplari

2170 1895 2492 1967 ἁπανταχοῦ
2528 1895 2752 1949 ⁸πώποτε
2775 1895 3076 1964 γενομένας
3110 1896 3362 1965 τριήρεις
3392 1892 3488 1945 καὶ
3517 1891 3749 1953 ὁλκάδας

2170 1984 2283 2052 οἷός
2319 2006 2377 2041 τε
2406 1985 2483 2042 ὢν
2535 1985 2792 2050 δέξασθαι
2817 2000 2834 2015 ⁸
2866 1984 2926 2038 τὸ
2967 1984 3023 2037 δὲ
3051 1984 3235 2053 κύκλῳ
3266 1980 3389 2036 καθ’
3418 1981 3548 2050 ὅλην
3572 1983 3646 2042 ὡς
3676 1982 3756 2032 ei-

2172 2083 2296 2134 πεῖν
2332 2080 2535 2143 ἑαυτὴν
2579 2077 2859 2132 θάλασσάν
2888 2092 2949 2128 τε
2987 2076 3080 2129 καὶ
3126 2075 3353 2144 ἤπειρον
3405 2070 3755 2139 πανταχόθεν

2172 2172 2339 2242 ἔχειν,
2373 2169 2514 2221 ὥστε
2545 2168 2643 2238 τὴν
2688 2167 2861 2234 αὐτὴν
2892 2167 3077 2235 πάντη
3113 2182 3172 2219 τε
3206 2166 3436 2236 ἡπειρον
3472 2164 3565 2215 καὶ
3591 2161 3755 2231 νῆσον

2171 2259 2335 2327 εἶναι,
2365 2260 2658 2331 πρόσγειόν
2690 2275 2748 2310 τε
2773 2257 2869 2329 τὴν
2901 2256 3074 2327 αὐτὴν
3114 2257 3229 2326 ἅμα
3257 2255 3352 2309 καὶ
3383 2257 3653 2321 πελαγίαν
3674 2254 3756 2306 ⁶“ό

2170 2355 2229 2408 δὲ
2260 2354 2366 2406 τῶν
2391 2350 2591 2422 τειχῶν
2624 2350 2890 2418 στέφανος
2912 2348 3129 2419 ἀληθῶς
3152 2349 3245 2401 καὶ
3276 2346 3478 2407 κύκλος
3512 2346 3612 2399 ούκ
3638 2340 3754 2398 οῖδα

2174 2451 2232 2500 ὲν
2258 2447 2361 2499 τίνι
2386 2443 2704 2512 δυναμένων
2742 2440 3029 2495 λείπεσθαι
3060 2440 3169 2493 τῶν
3198 2438 3595 2493 Βαϐυλωνίων
3630 2441 3660 2507 ἡ
3697 2437 3755 2489 δὲ

2171 2539 2285 2595 τῶν
2319 2538 2376 2591 ἐν
2407 2537 2593 2599 αὐτοῖς
2628 2535 2859 2605 πύργων
2886 2535 3165 2601 πυκνότης
3190 2534 3285 2586 καὶ
3309 2532 3367 2584 τὸ
3400 2530 3630 2601 μέγεθος
3660 2529 3757 2585 καὶ

2174 2632 2334 2704 ὕψος,
2389 2630 2532 2684 ὥστε
2589 2629 2846 2692 ἕκαστον,
2891 2628 2940 2679 εἰ
2968 2626 3063 2680 καὶ
3111 2625 3274 2696 μόνος
3301 2620 3369 2696 ἦν
3397 2623 3597 2694 δήπου,
3631 2621 3756 2675 καθ’

2174 2724 2368 2779 ἑαυτὸν
2415 2723 2533 2775 ἀντ’
2573 2720 2742 2783 ἄλλης
2791 2720 2939 2781 τινὸς
2995 2719 3125 2784 ὅλης
3159 2717 3451 2787 οἰκοδομῆς
3492 2713 3757 2769 δύναέθαι

2175 2819 2364 2886 θαῦμα
2392 2814 2662 2883 παρέχειν
2697 2814 2813 2874 τοῖς
2853 2810 3171 2877 Θεωμένοις.
3202 2802 3304 2861 Ὧν
3335 2808 3397 2878 δὴ
3449 2808 3543 2860 καὶ
3578 2806 3757 2875 μόνων

2175 2911 2284 2964 τῶν
2315 2905 2752 2976 ἀναγονσῶνείς
2788 2904 2931 2957 αὐτὰ
2954 2902 3247 2970 κλιμάκων
3272 2900 3422 2964 ἄξιον
3452 2894 3593 2951 εἶναι
3626 2897 3760 2949 Θαυ-

2179 3003 2351 3073 μάσαι
2372 3001 2433 3051 τὸ
2460 2996 2711 3068 μέγεθος,
2735 2996 2827 3048 καὶ
2855 2995 2947 3047 τὸν
2965 2993 3130 3061 ὄγκον
3159 2992 3251 3046 καὶ
3271 2990 3565 3060 οἰκοδομήν
3582 3004 3597 3021 ·
3620 2988 3676 3039 αἱ
3701 2987 3758 3039 δὲ

2176 3096 2285 3149 τῶν
2300 3094 2496 3163 τειχῶν
2509 3090 2670 3144 πύλαι
2689 3088 2782 3145 καὶ
2807 3089 2839 3159 ή
2857 3088 2966 3142 τῶν
2983 3089 3042 3140 ὲν
3062 3087 3244 3145 αὐτοῖς
3268 3086 3494 3154 πύργων
3509 3080 3761 3151 λαμπρό-

2181 3204 2298 3259 an,"
2320 3188 2379 3240 τὸ
2402 3186 2458 3239 at
2485 3186 2594 3257 πρδ
2609 3184 2703 3238 τοῦ
2738 3184 2955 3255 τείχους
2995 3184 3167 3251 τεῖχος
3185 3181 3398 3249 ἕτερον,
3428 3177 3591 3245 ἑτέρᾳ
3609 3174 3762 3226 πόλει

2180 3282 2342 3352 μόνον
2376 3279 2440 3332 ἂν
2472 3279 2595 3330 ἀντὶ
2618 3277 2893 3347 ἐρύματος
2913 3270 3188 3341 ἀσφαλοῦς
3222 3271 3463 3338 ἀρκέσαν
3481 3282 3495 3296 ·
3515 3269 3547 3336 ἡ
3568 3266 3623 3319 δὲ
3651 3265 3760 3319 τῶν

2180 3373 2271 3425 ἐπὶ
2291 3368 2500 3432 τούτοις
2522 3367 2744 3437 τάφρων
2764 3366 3009 3436 διωρυχὴ
3034 3363 3128 3417 καὶ
3145 3360 3520 3429 οἰκοδομὴδιαὶ⁷
3549 3357 3610 3412 τὸ
3639 3355 3762 3410 τού-

2177 3480 2286 3515 των
2318 3460 2471 3532 εὖρός
2506 3477 2564 3512 τε
2598 3460 2692 3513 καὶ
2723 3456 2878 3528 ὕψος,
2914 3457 2971 3509 τὸ
3005 3456 3060 3509 δὲ
3104 3453 3310 3522 πλῆθος
3337 3451 3447 3505 τῶν
3474 3453 3533 3503 ἐν
3567 3448 3761 3510 αὐταῖς

2179 3554 2422 3608 ὑδάτων·
2466 3551 2608 3604 ὥστε
2655 3544 2700 3618 ᾧ
2731 3551 2887 3619 μέρει
2942 3549 3108 3617 μόνον
3144 3545 3415 3609 ἐλείπετο,
3449 3542 3545 3596 καὶ
3587 3540 3760 3611 ταύτῃ

2178 3645 2359 3698 δοκεῖν
2388 3642 2660 3708 πελαγίαν
2683 3640 2785 3710 τὴν
2821 3640 2977 3692 πόλιν
3011 3636 3153 3691 εἶναι
3176 3637 3265 3691 διὰ
3311 3637 3538 3699 τούτων,
3570 3633 3761 3701 ὥσπερ

2179 3734 2248 3789 αὖ
2286 3738 2343 3788 ὲν
2374 3729 2603 3809 ᾧγμέρει
2637 3732 2874 3801 πελαγία
2905 3733 3184 3797 φαίνεται,
3213 3730 3503 3801 πρόσγειον
3530 3728 3619 3782 διὰ
3650 3727 3761 3779 τῶν

2182 3833 2382 3901 νήσων·
2399 3829 2528 3883 ὥσθ’
2549 3830 2686 3900 ὅπερ
2704 3823 2825 3882 εἶπέ
2844 3845 2924 3890 τις
2944 3844 3012 3881 πε
3021 3828 3074 3896 pi.
3090 3826 3191 3895 τῆς
3209 3825 3512 3896 Ἀθηναίων
3527 3822 3758 3886 πόλεως,

2181 3925 2276 3977 καὶ
2301 3922 2610 3994 παραπλεῖν
2625 3920 2792 3990 αὐτὴν
2809 3920 3074 3974 δύνασθαι
3103 3923 3195 3972 καὶ
3222 3916 3528 3986 περιπλεῖν,
3556 3915 3647 3969 καὶ
3666 3932 3762 3966 πε·-

2182 4010 2385 4077 ζεύειν,
2407 4011 2612 4082 ταύτην
2638 4011 2693 4062 δὲ
2723 4008 2845 4079 δίχα
2869 4008 3143 4074 πεζεύειν,
3167 4009 3263 4059 καὶ
3287 4003 3446 4068 αὖθις
3469 4004 3761 4071 πελαγίους

2182 4101 2321 4158 εἶναι
2339 4105 2429 4158 διὰ
2446 4104 2673 4173 ταύτης,
2699 4103 2804 4155 τίνι
2829 4102 3054 4155 δύναται
3082 4100 3410 4153 καταλιπεῖν
3434 4098 3567 4161 ὅλως
3594 4096 3764 4165 ὑπερ-

2184 4196 2384 4264 ϐολήνς
2442 4194 2644 4261 μᾶλλον
2675 4192 2734 4244 δὲ
2773 4191 2885 4243 τίνι
2929 4189 3284 4258 συγχωρῆσαι
3329 4187 3554 4240 δύναται
3593 4186 3762 4253 ἐγγὺς

2186 4284 2359 4356 αὐτῆς
2382 4283 2606 4353 ὲλθείνῆ
2631 4282 2991 4350 ὲξισωθῆναις
3026 4281 3109 4333 Τά
3125 4298 3188 4349 γε
3210 4279 3315 4350 μὴν
3343 4279 3489 4332 ἔνδον
3504 4274 3569 4349 ἦν
3594 4278 3764 4337 δντως

2187 4376 2313 4441 ἄξια
2336 4376 2445 4429 τῶν
2478 4376 2675 4444 τειχῶν
2701 4375 2796 4427 καὶ
2822 4373 2917 4427 τοῦ
2961 4372 3412 4442 παραδείγματος
3447 4374 3585 4441 πρὸς
3611 4370 3638 4422 δ
3664 4369 3764 4439 τὴν

499 4462 567 4515 ad
600 4461 744 4531 quod
778 4462 1029 4530 principo
1054 4468 1393 4516 exstructam
1430 4459 1599 4514 fuisse
1626 4460 1759 4525 dixi,
1793 4467 2070 4513 etrmetro-

2190 4468 2385 4538 ἀρχὴν,
2415 4467 2490 4531 ὡς
2519 4461 2697 4525 εἷπον.
2722 4466 2913 4533 γέγονε
2948 4465 3043 4518 καὶ
3091 4463 3191 4534 τῆς
3228 4464 3637 4534 μητροπόλεως,
3671 4463 3765 4513 καὶ

503 4556 613 4623 poli
655 4554 929 4622 matrique
965 4563 1076 4606 tum
1132 4552 1477 4606 conditorum
1509 4552 1696 4623 gloria:
1730 4561 1784 4606 et
1824 4551 2081 4621 potentia:

503 4648 731 4700 omnino
774 4647 1202 4716 restiondebant.

576 4737 705 4793 Duae
730 4739 875 4793 enim
921 4738 1320 4806 potentissimae
1364 4737 1919 4806 prudentissinmque
1949 4753 2081 4805 gen-

505 4840 610 4889 tes.
639 4846 868 4899 quarum
900 4831 1069 4885 altera
1098 4840 1225 4884 tunc
1254 4831 1517 4900 temporis
1545 4832 1835 4900 imperium
1866 4831 2083 4884 obtine-

506 4923 619 4988 bat,
662 4924 831 4977 altera
858 4925 1025 4994 paulo
1069 4934 1195 4978 ante
1236 4910 1577 4990 iobtinuerat,
1603 4924 1754 4977 omni
1781 4922 1982 4977 artium
2024 4931 2080 4976 et

506 5009 825 5064 ambitionis
878 5011 1309 5080 deliciarumque
1338 5026 1537 5080 genere
1565 5010 1919 5074 excellentes,
1969 5008 2079 5065 Ro-

508 5102 677 5164 mani,
720 5101 966 5169 inquam,
1005 5109 1058 5154 et
1094 5099 1268 5155 Graeci
1326 5101 1638 5170 conjunctis
1695 5101 1895 5156 studiis
1941 5100 2083 5155 hanc

507 5191 873 5263 perfecerunt,
911 5202 1075 5262 atque
1095 5207 1158 5246 ea
1200 5193 1255 5247 in
1285 5208 1344 5248 re
1376 5204 1431 5248 et
1465 5194 1798 5263 reliquarum
1836 5196 2079 5262 gentium

506 5290 753 5343 omnium
781 5298 836 5342 et
857 5303 1082 5343 suorum
1113 5304 1279 5358 opera
1304 5304 1368 5344 ac
1389 5289 1698 5343 ministerio
1727 5290 1948 5341 fuerunt
1974 5287 2081 5341 usi.

506 5378 573 5434 Et
599 5380 865 5451 principio
890 5379 1107 5450 quidem
1129 5380 1304 5434 locum
1332 5382 1450 5435 urbi
1479 5380 1775 5436 condenda:
1798 5380 2084 5450 elegerunt

506 5472 727 5541 dignum
765 5486 897 5526 sane
940 5481 994 5526 et
1026 5472 1160 5525 urbe
1194 5488 1359 5542 quant
1397 5474 1587 5528 animo
1630 5473 2001 5527 moliebantur
2028 5484 2085 5526 et

507 5566 762 5635 imperio,
800 5576 858 5619 ut
897 5567 949 5620 in
1000 5581 1066 5621 ea
1100 5565 1409 5635 residentes
1454 5575 1627 5621 t0tum
1671 5577 1944 5620 terrarum
1989 5580 2086 5619 or—

506 5660 629 5711 bem
688 5659 977 5714 commode
1030 5673 1220 5730 regere
1276 5671 1520 5731 possent.
1567 5661 1861 5731 Elegerunt
1917 5660 2083 5728 igitur

506 5748 650 5803 hanc
683 5765 791 5805 non
824 5750 1000 5807 solum
1031 5751 1099 5807 ad
1140 5752 1294 5809 orbis
1328 5752 1568 5808 universi
1598 5752 2079 5824 gubernationem,

2191 4559 2422 4629 μητρὸς,
2456 4560 2550 4611 καὶ
2584 4558 2682 4623 τῆς
2732 4557 2913 4622 ἀξίας,
2955 4557 3046 4609 καὶ
3084 4556 3371 4626 δυνάμεως
3406 4555 3515 4608 τῶν
3550 4558 3767 4607 οἰκισα-

2193 4655 2391 4724 μένων.

2263 4746 2367 4799 Δύο
2394 4743 2503 4813 γὰρ
2536 4742 2602 4796 τὰ
2636 4741 2987 4795 δυνατώτατα
3036 4739 3135 4797 καὶ
3173 4737 3569 4808 φρονιμώτατα
3611 4735 3767 4806 ἔθνη,

2189 4840 2249 4892 τὸ
2280 4838 2377 4907 μὲν
2401 4834 2523 4887 τότε
2554 4835 2743 4903 ἄρχον,
2769 4834 2830 4886 τὸ
2877 4833 2933 4886 δὲ
2983 4832 3145 4893 εὐθὺς
3177 4830 3350 4900 ἄρξαν
3383 4829 3490 4898 πρὸ
3527 4829 3764 4893 ἐκείνου,

2190 4931 2284 4985 καὶ
2330 4927 2480 4996 πάσῃ
2526 4927 2713 4996 τέχνῃ,
2747 4924 2841 4978 καὶ
2901 4924 3209 4993 φιλοτιμίᾳ,
3238 4925 3333 4977 κα)⁵
3365 4922 3631 4991 ἁϐρότητι
3674 4937 3766 4971 κο-

2192 5023 2402 5091 μῶντα,
2454 5016 2721 5087 Ῥωμαῖοί
2780 5035 2842 5070 τε
2897 5019 2991 5070 καὶ
3043 5017 3347 5086 Ἕλληνες,
3412 5013 3764 5077 συνελθόντα,

2191 5112 2395 5182 ταύτην
2420 5100 2789 5179 πεποιήκασι,
2823 5110 2917 5161 καὶ
2947 5109 3081 5161 πᾶσι
3112 5108 3168 5160 δὲ
3197 5108 3314 5169 τοῖς
3344 5105 3527 5167 ἄλλοις
3560 5105 3763 5166 ἔθνεα,

2190 5206 2431 5267 καὶτοῖς
2459 5202 2685 5256 ἒκείνων
2718 5203 2797 5262 εἰς
2835 5202 3004 5270 αὐτὴν
3028 5202 3331 5271 ἐχρήσαντο
3363 5197 3507 5267 πρὸς
3555 5198 3765 5265 ὑπηρε-

2194 5298 2339 5351 σίαν.
2376 5295 2485 5348 Καὶ
2513 5295 2731 5366 πρῶτον
2769 5295 2867 5363 μὲν
2904 5293 3219 5358 ἐξελέξαντο
3266 5294 3431 5344 τόπον
3462 5288 3657 5357 ἔδαφος
3694 5291 3762 5357 τῇ

2157 5389 2373 5451 -πὸλει,
2406 5387 2558 5452 ἄξιον
2606 5385 2705 5455 τῆς
2764 5383 3064 5454 μελλούσης
3119 5385 3348 5448 πόῦεως,
3391 5384 3457 5453 ἣν
3502 5380 3765 5435 ἐϐάλοντο

2194 5479 2336 5532 κατὰ
2370 5477 2520 5540 νοῦν,
2573 5476 2667 5528 καὶ
2713 5477 2810 5544 τῆς
2854 5476 3178 5544 ἡγεμονίας,
3223 5476 3371 5534 ὅπως
3420 5472 3514 5524 ἐπὶ
3559 5472 3764 5536 ταύτης

2195 5568 2498 5638 καθήμενοι
2549 5567 2747 5636 ἔχωσιν
2776 5566 2993 5633 εὐφυῶς
3030 5566 3300 5634 κυϐερνᾷν
3350 5565 3530 5617 πᾶσαν
3557 5559 3653 5631 τὴν
3687 5559 3762 5611 oi-

2194 5663 2470 5731 κουμένην
2495 5676 2508 5691 ·
2543 5660 2859 5727 ἐξελέγοντο
2883 5659 2938 5711 δὲ
2968 5659 3079 5727 ἄρα
3107 5658 3312 5723 ταύτην
3342 5655 3401 5706 οὐ
3434 5654 3593 5721 μόνον
3631 5654 3766 5722 πρὸς

2192 5753 2525 5823 κυϐέρνησιν
2552 5750 2652 5820 τῆς
2679 5751 3009 5820 οἰκουμένης
3041 5748 3242 5817 πάτης,
3275 5744 3405 5798 ἀλλὰ
3437 5742 3531 5798 καὶ
3565 5744 3627 5795 ἐκ
3664 5739 3765 5794 πά-

4116 2566 4121 2585 ι

4116 2116 4139 2729 ῃ

4116 2720 4129 2763 ι
