4144 6282
496 323 569 386 43
1668 323 2068 385 MANUELIS
2098 325 2114 384 ί

2214 325 2621 388 RYSOUJRrE
2820 364 2822 367 τ
3687 315 3757 382 Η

497 447 550 492 et
599 435 1074 489 fundamentorum
1102 449 1165 489 ac
1194 449 1471 489 murorum
1525 435 1963 490 substructiones
1989 451 2084 489 us-

2214 441 2294 492 τῶν
2351 441 2616 511 θεμελίων
2672 439 2904 492 καὶτῶν
2960 439 3161 509 τειχῶν
3209 437 3317 491 άπό
3352 439 3448 506 τῆς
3484 437 3760 506 θαλάττης
3851 449 3853 452 ·

500 545 608 597 que
640 529 706 583 ad
733 543 882 583 mare
941 536 1240 596 porrectas,
1276 539 1332 584 et
1385 537 1718 598 opportunas
1769 543 1835 582 ex
1891 528 2083 597 quavis

503 630 656 690 parte
715 620 951 674 navibus
999 621 1326 688 recipiendis
1385 623 1682 675 stationes:
1729 619 1860 689 quin
1920 621 2084 672 etiam

503 723 683 766 turres
714 713 767 767 in
801 713 981 766 medio
1011 715 1175 768 maris
1207 723 1261 768 et
1318 713 1592 783 profundo
1644 712 1850 781 pelago,
1911 719 1965 765 et
2029 712 2085 764 in

502 805 621 873 ipso
661 806 1117 874 reciprocantium
1159 806 1422 860 lluctnum
1465 805 1740 859 vortieoso
1767 813 1924 868 aestu,
1953 814 2003 856 et
2033 803 2085 855 in

432 959 437 964 δ
517 899 762 952 turribus
791 899 942 952 hisce
992 898 1179 953 dulces
1215 914 1404 968 aquas.
1435 894 1638 952 Praeter
1681 897 1794 951 haec
1828 895 2089 951 Sublimes

506 999 562 1043 et
593 991 826 1054 pensiles
861 1005 956 1055 per
1001 1005 1281 1043 murorum
1319 1005 1480 1042 arcus
1561 1003 1824 1057 aquaram
1870 987 2089 1052 ducttts,

510 1097 648 1150 quos
691 1081 881 1136 lluvios
916 1083 1096 1136 aérios
1137 1082 1410 1151 appellare
1461 1079 1660 1150 possis,
1714 1096 1778 1134 ex
1824 1080 1959 1133 locis
2009 1093 2094 1131 re-

511 1171 838 1226 motioribus
868 1175 932 1225 ad
968 1173 1174 1240 aliquot
1206 1172 1416 1224 dierum
1453 1177 1580 1233 iter,
1637 1179 1691 1221 ut
1734 1170 1909 1233 aittnt,
1970 1183 2091 1235 ρετι-

511 1264 742 1317 ductos:
770 1273 879 1317 tum
913 1262 1158 1332 perfessa
1194 1262 1527 1316 obstantium
1583 1262 1849 1314 montium
1909 1260 2091 1314 dorsa.

511 1356 715 1410 Omitto
754 1355 915 1408 etiam
951 1353 1288 1422 receptamtla
1316 1362 1369 1406 et
1417 1354 1680 1406 cisternas
1701 1352 1902 1421 quibus
1941 1364 2097 1420 aquae

513 1447 632 1500 ista:
706 1445 941 1514 primum
975 1444 1356 1511 excipiuntur:
1409 1459 1530 1512 quae
1575 1445 1640 1497 ad
1692 1459 1846 1512 aqua:
1902 1442 2097 1498 ductus

516 1536 684 1591 maris
715 1536 797 1590 vel
838 1536 1011 1604 stagni
1069 1535 1240 1588 ins'ar
1272 1535 1520 1589 obtinent
1548 1551 1562 1588 :
1594 1551 1829 1604 quarum
1861 1533 1983 1587 alire
2017 1542 2095 1588 te-

517 1627 621 1682 ctis
655 1627 930 1696 adoperta:
961 1627 1138 1681 visum
1200 1627 1390 1691 latent,
1453 1628 1570 1682 alia:
1611 1627 1665 1680 in
1726 1627 2013 1697 propatulo
2047 1636 2101 1680 et

521 1725 719 1788 apertas
748 1718 964 1785 scaphis
999 1716 1248 1786 navigari
1283 1728 1536 1786 possunt.
1586 1718 1898 1788 Earumque
1962 1733 2096 1772 non-

525 1787 686 1860 nullae
715 1807 824 1874 jam
853 1809 998 1860 intus
1037 1808 1137 1861 sub
1203 1817 1449 1860 convexo
1523 1787 1818 1874 fornicum,
1865 1809 1985 1861 alia:
2011 1824 2101 1862 su-
2135 1787 2173 1840 Β

525 1900 707 1965 perius
742 1899 793 1950 in
830 1901 987 1952 tectis
1021 1898 1291 1951 maximas
1323 1897 1548 1952 arbores
1582 1898 1852 1960 nutriunt,
1888 1898 2103 1952 etvici-

527 1988 612 2040 nis
631 2003 882 2054 agrorum
913 1989 992 2042 vel
1032 1987 1314 2042 hortorum
1352 1989 1522 2042 vicem
1572 1996 1849 2056 prmstant.
1895 1988 2105 2044 Omitto

528 2075 586 2132 in
636 2079 887 2132 cisternis
938 2079 1041 2133 illis
1089 2079 1464 2132 columnarum
1515 2089 1570 2133 et
1610 2079 1881 2134 fornicum
1922 2081 2105 2134 multi-

535 2173 777 2224 tudinem
803 2189 815 2221 :
844 2181 956 2224 tum
987 2171 1123 2225 alios
1144 2171 1528 2226 subterraneos
1558 2181 1608 2225 et
1629 2171 1858 2228 cﬂ‘ossos
1888 2173 2108 2227 canales

527 2263 618 2329 qui
653 2269 817 2314 totam
852 2261 1040 2313 urbem
1069 2260 1296 2313 tabulati
1331 2262 1502 2313 instar
1539 2261 1803 2329 pensilem
1829 2269 1882 2315 et
1916 2261 2108 2314 subtus

527 2367 823 2405 concavam
857 2350 1132 2405 elliciunt:
1173 2351 1302 2403 item
1355 2351 1570 2403 cloacas
1601 2361 1655 2403 et
1683 2359 1893 2405 meatus
1949 2351 2108 2420 pubi-

530 2442 669 2498 cos':
700 2459 820 2512 quae
841 2445 1023 2497 omnia
1058 2443 1219 2496 etiam
1247 2443 1302 2496 iu
1339 2444 1440 2496 hac
1494 2445 1628 2496 urbe
1663 2444 1822 2510 longe
1875 2443 2108 2513 plurima

529 2546 766 2590 exstant.
805 2535 944 2601 Quid
983 2552 1110 2588 vero
1149 2535 1214 2588 de
1250 2536 1461 2590 balneis
1490 2537 1702 2590 diram:
1737 2552 1966 2604 quorum
2032 2538 2111 2592 vel

530 2642 818 2681 numerum
859 2627 903 2681 si
949 2627 1201 2689 referam,
1255 2626 1412 2679 tidem
1479 2640 1586 2679 non
1652 2627 1945 2681 invenero?
1996 2635 2110 2680 tum

529 2736 795 2790 aquarum
823 2720 1057 2788 comam.
1091 2734 1211 2788 qua:
1256 2734 1318 2771 ex
1359 2716 1604 2772 fontibus
1637 2734 1732 2787 per
1763 2721 1906 2773 aedes
1928 2730 1980 2773 et
2016 2735 2114 2787 pu-

528 2813 670 2867 lilzce
703 2827 796 2882 per
842 2813 1030 2866 urbem
1083 2811 1402 2864 derivatur?
1451 2811 1596 2876 Quid
1653 2811 1722 2864 de
1756 2812 2113 2865 surburbiis?

518 2911 670 2974 quae,
708 2905 751 2956 si
783 2902 1210 2969 magnitudinem
1239 2915 1472 2970 spectes,
1530 2903 1736 2970 aliquot
1785 2902 1994 2957 dierum
2029 2903 2115 2955 iti-

531 3010 661 3050 nere
683 3005 834 3048 extra
862 2993 1046 3048 urbem
1071 2993 1503 3061 protenduntur:
1526 2994 1581 3058 ,si
1615 2994 2075 3062 pulchritudinem
2094 3029 2111 3056 ,

533 3087 972 3141 eon'nuoditatem
1000 3092 1055 3138 et
1077 3095 1396 3153 apparatum
1429 3126 1444 3150 ,
1474 3103 1596 3139 cum
1621 3086 1864 3141 aniiliciis
1887 3087 2110 3142 urbanis

531 3179 726 3246 quovis
749 3191 946 3246 genere
965 3185 1196 3230 certant.
1223 3175 1352 3230 Nam
1386 3178 1510 3230 imle
1528 3178 1600 3231 ab
1627 3178 1834 3247 Abydo,
1856 3188 1909 3232 et
1935 3179 2116 3252 Sesto,

532 3277 584 3321 et
621 3267 967 3337 Hellesponto
1015 3281 1188 3335 usque
1219 3268 1285 3319 ad
1342 3269 1639 3337 Bosporum
1693 3268 2014 3331 Thracium,
2063 3280 2116 3323 et

537 3361 707 3422 Fana,
729 3358 1044 3427 insulasque
1068 3359 1338 3428 Cyaneas,
1371 3361 1483 3414 sive
1510 3361 1578 3413 ab
1593 3361 1754 3424 Λεία»,
1784 3361 1896 3414 sive
1919 3361 1986 3414 ab
2009 3361 2086 3414 Eu
2104 3391 2118 3400 ι

539 3468 685 3522 ropaz
710 3453 879 3504 latere
909 3451 1260 3520 Propontidis
1306 3450 1593 3513 amlntum,
1642 3451 1868 3520 ejusque
1911 3451 2118 3506 insulas

535 3544 678 3598 circa
711 3544 900 3600 urbem
929 3544 1080 3605 sitas,
1117 3551 1227 3597 tum
1253 3546 1414 3598 etiam
1445 3559 1617 3599 cornu
1647 3554 1858 3614 portus,
1885 3545 2116 3613 etquid-

537 3635 667 3703 quid
704 3635 827 3688 inde
855 3634 920 3687 ad
957 3632 1192 3687 Pharum
1251 3650 1421 3703 usque
1469 3634 1830 3704 protenditur,
1864 3635 1988 3703 quis
2015 3634 2121 3688 cir-

538 3725 788 3791 cuiverit,
812 3727 1074 3780 continua
1099 3726 1222 3779 huic
1245 3727 1362 3780 urbi
1389 3726 1647 3781 suburbia
1672 3737 1826 3780 erant
1852 3724 2113 3791 .Quorum

539 3820 740 3883 templa
771 3827 824 3872 et
856 3817 1081 3873 aedilicia
1110 3820 1168 3889 lsi
1203 3820 1324 3888 quis
1361 3835 1685 3874 enumerare
1711 3821 1890 3888 vellet,
1919 3819 1996 3873 illi
2031 3819 2117 3871 hi-

539 3907 730 3971 storia,
769 3917 821 3961 et
846 3923 910 3962 ea
942 3908 1158 3978 quidem
1182 3924 1290 3962 non
1325 3925 1486 3978 parva
1520 3911 1744 3964 texeuda
1778 3919 1944 3965 esset.
1975 3911 2118 3974 Quin

541 3999 657 4068 ipsa
690 4001 805 4053 haec
835 4000 1093 4053 suburbia
1156 4015 1263 4054 non
1295 4002 1490 4071 exigua
1523 4001 1604 4057 sui
1659 4011 1812 4071 parte
1870 4015 1965 4070 per
1995 4017 2114 4053 mu-

535 4100 666 4145 rttm
701 4090 944 4157 longum,
971 4100 1029 4144 ut
1051 4101 1266 4157 vocant,
1301 4093 1370 4147 ab
1401 4092 1643 4146 inferiori
1702 4091 1837 4146 mari
1869 4092 1936 4145 ad
1970 4107 2121 4146 mare

524 4182 811 4250 'superius
842 4181 1185 4253 Pontumque
1213 4181 1486 4236 Euxinum
1517 4192 1851 4250 porrectum,
1875 4181 1929 4234 in
1960 4197 2122 4235 unam

546 4273 860 4326 continuam
894 4273 1082 4327 urbem
1110 4274 1460 4327 coalescunt:
1491 4287 1611 4342 qua:
1634 4273 1900 4341 integram
1937 4280 2123 4339 posset

550 4364 887 4418 constituere
916 4365 1290 4433 provinciam:
1326 4365 1527 4433 quippe
1577 4378 1698 4432 qua:
1749 4361 2123 4431 magnitudine

526 4459 642 4508 sua
673 4465 888 4511 tantum
929 4457 983 4508 in
1017 4469 1074 4508 se
1102 4455 1500 4522 eoutplcctitur,
1528 4464 1790 4522 quantum
1821 4452 1873 4504 in
1904 4451 2124 4519 reliquis
2156 4443 2203 4502 D

547 4529 802 4602 omnibus
834 4545 997 4600 simul
1034 4546 1269 4613 reperire
1328 4546 1510 4598 forsan
1571 4545 1712 4596 haud
1770 4543 1928 4596 facile
1961 4550 2126 4596 esset.

527 4637 667 4706 ‘lpse
698 4647 881 4691 autem
922 4651 1110 4689 murus
1142 4638 1357 4702 longus,
1401 4650 1506 4688 non
1543 4635 1718 4688 solum
1768 4633 1986 4700 longus,
2033 4630 2129 4685 sed

549 4731 711 4784 etiam
730 4731 912 4800 largus
929 4730 1177 4797 altusque
1197 4741 1384 4780 murus
1397 4727 1518 4795 jure
1538 4734 1720 4794 posset
1734 4723 2127 4795 cognominari:

549 4836 670 4875 cum
693 4824 817 4876 talis
837 4820 1230 4884 actantussit,
1279 4819 1399 4871 utsi
1449 4818 1759 4888 promiscue
1800 4831 1863 4870 ex
1904 4813 2132 4883 quibus-

549 4925 767 4980 cunque
830 4911 1095 4980 lapidibus
1123 4910 1519 4979 ﬂuminumque
1576 4908 1782 4978 glarea,
1822 4917 1876 4963 et
1909 4907 2131 4964 minutis

552 5007 723 5075 petris
781 5014 1133 5060 constructus
1220 5012 1387 5063 esset.
1478 5003 1666 5071 utique
1716 5004 2128 5056 admirationem

553 5103 884 5149 mereretur.
927 5091 1033 5146 Sed
1071 5092 1159 5146 ille
1183 5091 1489 5160 huiusmodi
1519 5107 1775 5146 saxorum
1837 5093 1976 5146 mole
2003 5108 2136 5147 con-

524 5197 530 5204 '
557 5195 688 5251 stat,
720 5195 776 5238 et
796 5185 887 5238 tali
919 5193 1034 5238 arte
1061 5192 1144 5238 est
1182 5192 1512 5250 exstructus,
1543 5192 1602 5238 ut
1631 5183 1675 5237 si
1715 5183 1795 5235 vel
1822 5183 1886 5236 ad
1930 5198 2131 5252 paucas

551 5293 747 5348 orgyas
776 5278 1181 5336 extendet-stur,
1233 5282 1513 5343 stuporem
1560 5275 1932 5345 spectantibus
1987 5275 2131 5328 haud

523 5373 830 5426 ‘nntnerito
861 5371 1114 5427 allen-ret:
1146 5371 1346 5442 quippe
1405 5387 1527 5425 cum
1591 5385 1749 5424 mons
1801 5371 1983 5423 verius
2040 5370 2129 5431 sit,

551 5481 717 5536 quam
755 5480 968 5520 murus.
1021 5467 1170 5519 Adeo
1198 5465 1418 5534 quidem
1457 5473 1515 5518 ut
1554 5463 1597 5518 si
1647 5459 1793 5516 funis
1846 5460 2132 5530 velprojeo

551 5575 583 5614 c
607 5574 653 5613 te
685 5559 856 5614 trabis
887 5559 1059 5613 instar
1087 5559 1312 5627 pensilis
1338 5565 1484 5611 esset
1507 5555 1922 5608 convenientem
1957 5553 2133 5622 longi-

521 5651 729 5704 .tudini
759 5651 1062 5706 crassitiem
1096 5651 1402 5703 obtineret:
1435 5662 1556 5717 qua:
1588 5646 1808 5716 quidem
1871 5645 1925 5700 in
1988 5645 2132 5717 istis,

554 5760 622 5798 ne
672 5743 1107 5815 disrumpantur,
1156 5740 1472 5812 requiritur.
1527 5738 1665 5794 Cum
1720 5749 1899 5794 tamen
1943 5751 2134 5792 murus

2187 532 2389 598 λίθους,
2423 533 2516 586 καὶ
2560 533 2687 594 τοὺς
2729 529 3162 599 ὑποδεχομένους
3215 529 3277 580 ὲκ
3325 527 3523 590 παντὸς
3559 527 3762 595 μέρους

2188 622 2532 683 νεωσοίκους,
2568 621 2663 674 καὶ
2701 621 2827 681 τοὺς
2867 617 2922 670 ἐν
2967 617 3115 687 μέσῳ
3162 619 3261 686 τῆς
3320 616 3612 684 θαλάττης,
3668 616 3764 668 καὶ

2189 715 2284 769 τοῦ
2317 715 2608 782 πελάγους.
2643 714 2737 766 καὶ
2772 712 2868 764 τοῦ
2919 709 3106 782 βυθοῦ,
3136 711 3228 762 ἐπὶ
3280 709 3378 777 τῆς
3405 707 3556 777 δίνης
3591 707 3765 775 αὐτῆς

2190 811 2285 864 καὶ
2313 807 2411 876 τῆς
2449 807 2775 878 παλιρροίας
2824 805 3092 874 πύργους,
3130 803 3223 855 καὶ
3247 802 3314 853 τά
3343 804 3397 853 ὲν
3427 801 3610 861 αὐτοῖς
3638 799 3766 864 γλυ-

2191 905 2294 956 κέα
2349 902 2513 956 ὕδατα
2540 941 2556 966 ,
2592 901 2724 970 πρδς
2760 900 2814 952 δὲ
2845 897 3052 958 τούτοις
3083 893 3334 962 ἀγωγοὺς
3369 893 3597 956 ὑδάτων,
3630 890 3767 941 ὑπο-

2193 995 2377 1062 γείους
2415 995 2508 1046 καὶ
2555 992 2902 1062 κρεμαστοὺς
2953 984 3018 1042 αὖ
3050 989 3138 1042 διὰ
3163 987 3381 1055 τειχῶν,
3423 985 3644 1054 ἀερίους
3671 999 3768 1036 πο·

2194 1085 2402 1152 ταμοὺς
2434 1081 2685 1149 λέγεσθαι
2727 1080 3085 1148 δυναμένους,
3141 1076 3423 1148 πόρρωθέν
3480 1073 3644 1126 ποθεν
3703 1074 3767 1124 ἐκ

2199 1177 2546 1247 μακροτάτου
2607 1174 2978 1242 διαστήματος
3009 1169 3235 1240 ἡμερῶν
3285 1168 3426 1227 ὁδὸν,
3460 1166 3535 1228 ὥς
3581 1180 3767 1233 φασιν,

2196 1267 2628 1338 ἀφικνουμένους
2648 1282 2665 1298 ο
2709 1264 2802 1316 καὶ
2829 1264 2925 1325 τὰς
2948 1262 3058 1314 τῶν
3097 1260 3300 1331 μεταξὺ
3347 1255 3768 1327 παρεμπιπτόν-

2197 1378 2304 1414 των
2324 1359 2465 1427 ὀρῶν
2490 1357 2784 1428 διωρυγάς,
2819 1356 2914 1408 καὶ
2940 1353 3038 1412 τὰς
3073 1351 3477 1422 ὑποδεχομένοις
3505 1349 3772 1416 πρότερον

2197 1455 2424 1516 τούτους
2451 1453 2772 1520 δεξαμενάς,
2811 1445 3097 1501 θαλασσῶν
3125 1446 3156 1514 ἦ
3189 1442 3397 1512 λιμνῶν
3430 1440 3593 1507 λόγον
3637 1437 3771 1506 πρὸς

2203 1549 2445 1610 ἐκείνους
2477 1547 2595 1599 τότε
2626 1561 2687 1610 γε
2732 1541 2980 1612 ἐχούσας,
3025 1540 3123 1599 τὰς
3159 1537 3255 1608 μὲν
3290 1535 3656 1602 καταστέγους
3679 1531 3773 1582 καὶ

2203 1644 2448 1712 ἀφανεῖς,
2481 1641 2576 1702 τὰς
2602 1640 2658 1691 δὲ
2695 1634 3158 1704 ἀναπεπταμένας
3181 1631 3274 1683 καὶ
3306 1624 3546 1696 φανεράς
3579 1621 3773 1712 ὁλκάσι

2204 1731 2506 1800 δυναμένας
2557 1726 2840 1780 πλεῖσθαιο
2876 1721 2951 1778 ὧν
2983 1724 3124 1776 ἔνιαι
3163 1719 3257 1774 νῦν
3313 1719 3370 1771 αἱ
3423 1717 3519 1785 μὲν
3553 1712 3644 1766 ἐπὶ
3678 1707 3773 1763 τοῦ

2205 1826 2401 1888 κύτους
2447 1823 2614 1884 ἔνδον,
2653 1822 2708 1873 αἱ
2747 1817 2803 1871 δὲ
2843 1818 2955 1872 ἄνω
3000 1816 3113 1868 ἐπὶ.
3142 1813 3250 1867 τῶν
3296 1810 3504 1878 στεγῶν
3541 1804 3775 1876 μέγιστα

2204 1919 2396 1986 δένδρα
2457 1916 2721 1988 τρέφουσι
2775 1912 2870 1964 καὶ
2925 1911 3036 1970 τοῖς
3091 1906 3304 1976 ἔχουσιν
3344 1899 3605 1972 ἀρκοῦσιν
3658 1893 3774 1988 ἀντ’

2207 2010 2392 2080 ἀγρῶν
2419 2009 2513 2062 καὶ
2557 2008 2749 2076 κήπων
2785 2001 2925 2056 εἶναι
2952 2016 2965 2033 ·
2997 2000 3092 2055 καὶ
3117 1999 3174 2052 τὸ
3205 1994 3406 2064 πλῆθος
3455 1991 3565 2043 τῶν
3595 1988 3653 2040 ἐν
3683 1987 3779 2038 αὑ-

2206 2077 2324 2166 τάι,
2353 2101 2544 2154 κιόνων
2589 2099 2685 2152 καὶ
2712 2095 2917 2165 ἀψίδων
2937 2110 2950 2126 ’
2983 2091 3146 2152 ἄλλας
3178 2088 3234 2140 δὲ
3270 2081 3336 2140 αὖ
3370 2080 3655 2150 ὑπογείους
3687 2077 3780 2128 καὶ

2208 2192 2441 2264 ὀρυντὰς
2485 2191 2666 2242 πᾶσαν
2701 2187 2798 2256 τὴν
2831 2185 2987 2238 πόλιν
3023 2179 3274 2249 ὑπερῷον
3322 2176 3416 2229 καὶ
3442 2170 3778 2264 κρεμαστὴν.

2211 2284 2306 2336 καὶ
2339 2282 2406 2334 τὰ
2433 2283 2584 2333 κάτω
2613 2279 2858 2332 διάκενον
2895 2271 3152 2332 ποιούσας
3175 2285 3188 2298 °
3221 2269 3314 2321 καὶ
3339 2266 3465 2325 τοὺς
3487 2259 3782 2329 δημοσίους

2211 2376 2537 2442 ὑπονόμους,
2579 2374 2615 2426 ἃ.
2665 2370 2759 2423 καὶ
2817 2367 2972 2436 παρὰ
3017 2364 3142 2431 τῇδε
3186 2361 3434 2413 πλεῖστα.
3463 2357 3526 2408 Τί
3563 2355 3620 2406 δὲ
3653 2351 3783 2418 περὶ

2211 2463 2450 2531 λουτρῶν
2482 2461 2547 2515 ἂν
2576 2460 2810 2527 λέγοιμι.
2839 2450 2912 2508 ὢν
2941 2454 2999 2507 τὸ
3035 2449 3418 2522 ἱστορούμενον
3446 2449 3502 2497 ἐν
3528 2445 3664 2512 αὐτῇ
3692 2457 3783 2508 γε-

2212 2555 2400 2610 νέσθαι
2425 2552 2628 2622 πλῆθος
2656 2551 2966 2603 ἀπιστεῖται
2993 2561 3007 2610 ;
3043 2544 3137 2596 καλ⁸
3161 2541 3268 2594 τῶν
3291 2539 3396 2593 ἀπὺ
3427 2535 3645 2607 κρηνῶν
3663 2532 3786 2585 ὑδά-

2211 2664 2343 2712 των,
2372 2645 2407 2698 ἃ.
2429 2621 2550 2696 κατ’
2581 2641 2760 2693 οἰκίαν
2785 2656 2843 2690 τε
2866 2639 2958 2689 καὶ
2981 2635 3071 2688 διὰ
3104 2634 3201 2701 τῆς
3235 2630 3440 2690 πόλεως
3476 2627 3650 2694 ἐχεῖτο
3674 2640 3687 2688 ;
3718 2621 3784 2675 Τί

2214 2742 2269 2795 δὲ
2319 2737 2445 2806 περὶ
2483 2735 2593 2787 τῶν
2637 2729 2996 2802 προαστείων,
3051 2726 3128 2795 τῷ
3161 2724 3259 2794 μὲν
3290 2720 3510 2792 μεγέθει
3559 2715 3786 2788 ἡμερῶν

2214 2833 2332 2885 ὀδδν
2361 2829 2458 2882 οὑκ
2481 2827 2678 2895 ὀλίγων
2704 2820 3098 2884 διατεινόντων,
3149 2817 3226 2887 τῷ
3253 2817 3309 2869 δὲ
3344 2812 3551 2874 κάλλει,
3590 2813 3680 2862 καὶ
3712 2811 3778 2875 τῇ

2216 2920 2397 2992 χρείᾳ,
2428 2919 2522 2973 κοιλ⁵
2551 2919 2616 2987 τῇ
2644 2915 2956 2982 κατασκευῇ
2987 2912 3097 2971 τοῖς
3129 2911 3220 2961 ἐπὶ
3250 2907 3346 2973 τῆς
3391 2901 3598 2963 πόλεως
3631 2899 3781 2992 κατὰ

2349 2990 2487 3072 εἶδος
2514 3007 2906 3078 ἁμιλλωμένων
2933 3022 2947 3070 ;
2975 3002 3104 3054 ’Λπό
3131 3000 3239 3069 γὰρ
3275 2995 3526 3054 Ἀϐύδου,
3557 2991 3651 3044 καὶ
3681 2990 3789 3058 Ση-

2139 3105 2364 3176 οστοῦ,
2393 3103 2487 3156 καὶ
2535 3099 2932 3176 Ἑλλησπόντου
2992 3096 3152 3162 μέχρι
3201 3087 3436 3161 Θρᾳκίου
3485 3081 3785 3176 Βνισπόρου,

2218 3199 2311 3250 καὶ
2342 3194 2549 3266 Ἱερῶν,
2587 3193 2678 3245 καὶ
2704 3174 2980 3251 Κυανέων,
3019 3187 3128 3241 εἶτε
3176 3183 3284 3236 ἀπὸ
3311 3181 3408 3248 τῆς
3439 3177 3644 3238 Ἄσίας,
3681 3174 3790 3225 εἴτε

2218 3290 2324 3342 ἀπδ
2371 3287 2468 3355 τῆς
2503 3281 2772 3352 Εὐρώπης
2799 3279 2984 3346 κύκλῳ
3013 3277 3112 3346 τὴν
3156 3272 3514 3344 Προποντίδα,
3563 3274 3658 3320 καὶ
3693 3267 3790 3327 τὰς

2218 3382 2275 3432 ὲν
2311 3381 2446 3447 αὐτῇ
2475 3375 2742 3434 κυκλάδας
2776 3374 2841 3440 τῇ
2871 3369 3022 3421 πόλει
3046 3367 3264 3434 νήσους,
3297 3363 3386 3414 καί
3411 3362 3468 3412 τδ
3501 3359 3666 3428 κέρας
3694 3357 3790 3410 τού

2217 3469 2456 3538 λιμένος,
2491 3468 2586 3519 καὶ
2637 3465 2759 3517 ὅσον
2804 3460 3012 3516 ἄνωθεν
3070 3457 3228 3526 μέχρι
3266 3453 3442 3521 φάρου
3490 3449 3788 3518 περιιοῦσι,

2221 3558 2421 3626 συνεχῆ
2458 3559 2754 3625 προάστεια
2783 3549 2851 3622 ἦν
2873 3554 2937 3620 τῇ
2970 3549 3154 3601 πόλει·
3179 3539 3252 3599 ὧν
3289 3546 3444 3607 εἴτις
3473 3544 3601 3606 τοὺς
3630 3544 3794 3604 ναοὺς

2218 3649 2434 3711 καὶτὰς
2464 3646 2747 3715 οἰκοδομὰς
2782 3642 3024 3712 βούλοιτο
3053 3639 3395 3704 καταλέγειν,
3431 3637 3670 3704 ἱστορίαν
3704 3635 3793 3698 ἀν,

2220 3745 2314 3794 καὶ
2345 3738 2550 3805 ταύτην
2585 3738 2645 3790 οὑ
2701 3735 2963 3804 σμικρὰν,
3017 3731 3380 3798 ἀναγκάζοιτο
3417 3729 3755 3796 συγγράφειν
3777 3740 3789 3755 ·

2222 3831 2315 3884 καὶ
2345 3829 2482 3884 αὐτὰ.
2514 3829 2570 3880 δὲ
2611 3828 2677 3879 τὰ
2698 3827 3020 3897 προάστεια,
3052 3825 3152 3876 οὐκ
3195 3821 3360 3889 ὀλίγῳ
3395 3820 3552 3889 μέρει
3579 3819 3666 3872 διὰ
3698 3816 3792 3869 τοῦ

2225 3920 2436 3996 μακροῦ
2471 3919 2766 3988 λεγομένου
2813 3919 3025 3986 τείχους
3069 3914 3176 3967 ἀπὸ
3207 3911 3304 3981 τῆς
3335 3909 3484 3962 κάτω
3519 3907 3792 3974 θαλάττης

2220 4020 2301 4080 είς
2318 4017 2417 4087 τὴν
2449 4014 2561 4068 ἀνω
2583 4012 2675 4064 καὶ
2700 4010 2788 4063 τὸν
2823 4007 3072 4072 Εὔξεινον
3101 4005 3378 4074 διήκοντος
3402 4000 3552 4061 πόλις
3588 3998 3794 4064 ἐγίνετο

2223 4107 2466 4177 ὑπαρχία
2494 4104 2764 4172 δυναμένη
2795 4099 2958 4164 εἷναι,
2999 4099 3074 4167 τῷ
3124 4095 3341 4164 μεγέθει
3376 4091 3613 4144 τοσαῦτα
3641 4105 3795 4177 περι-

2223 4175 2505 4256 κλείουσα,
2535 4195 2634 4244 ὅσα
2671 4192 2726 4241 ὲν
2755 4188 2890 4258 ὁμοῦ
2925 4187 3130 4246 πάσαις
3165 4187 3284 4244 ταῖς
3319 4182 3510 4244 ἄλλαις
3543 4180 3702 4250 ἔργον
3727 4175 3795 4247 ἦν

2225 4290 2356 4348 ἴσως
2403 4285 2601 4351 εὑρεῖν.
2639 4281 2781 4334 Αὑτδ
2825 4279 2880 4330 δὲ
2908 4277 2970 4329 τὸ
3006 4275 3215 4346 μακρὸν
3263 4275 3438 4342 τεῖχος
3491 4273 3549 4324 οὐ
3584 4272 3796 4340 μακρὴν

2232 4379 2411 4448 μόνον,
2457 4374 2594 4428 ἀλλά
2637 4373 2729 4425 καὶ
2757 4363 2933 4422 θελοιτὺ
2970 4369 3140 4437 τεῖχος
3185 4364 3405 4426 δικαίως
3455 4364 3547 4416 καὶ
3597 4357 3796 4431 ὑψηλὸν

2232 4464 2350 4517 κατ’
2381 4460 2702 4528 ἐπωνυμίαν
2755 4457 2988 4525 ἠδύνατο
3032 4454 3351 4507 καλεῖσθαι·
3403 4451 3654 4505 τοσοῦτον
3696 4451 3797 4519 μὲν

2231 4555 2478 4618 ὃν,ῶστε
2507 4553 2554 4604 εί
2602 4550 2842 4611 καὶτοῖς
2889 4546 3111 4618 τυχοῦσι
3165 4545 3356 4608 λίθοις,
3405 4545 3497 4596 καὶ
3545 4544 3662 4605 ταῖς
3689 4541 3798 4593 ἀπὸ

2232 4648 2340 4700 τῶν
2390 4643 2650 4713 ποταμῶν
2704 4640 2799 4693 καὶ
2853 4640 3170 4710 χειμάρρων
3210 4636 3421 4705 βώλοις,
3457 4635 3552 4686 καὶ
3590 4649 3801 4700 χερμαο

2232 4739 2362 4802 δίοις
2401 4737 2589 4797 ἁπλῶς
2661 4733 2960 4796 συνέκειτο,
3013 4732 3160 4798 ἄξιον
3189 4728 3248 4782 ὃν
3279 4729 3553 4795 θαυμάσαι
3575 4742 3588 4756 ’
3623 4722 3801 4776 τοιού-

2233 4846 2358 4892 τους
2394 4827 2471 4890 δὲ,
2502 4829 2550 4879 εί
2576 4827 2630 4880 δὲ
2665 4825 2861 4894 βούλει,
2903 4821 3256 4891 τηλικούτους
3283 4821 3412 4880 τοὺς
3444 4816 3625 4878 λίθους
3657 4815 3796 4884 ἕχον,

2209 4920 2330 4982 ,καὶ
2356 4919 2614 4988 τοιαύτην
2641 4916 2738 4986 τὴν
2772 4914 3165 4984 δομησαμένην
3209 4913 3424 4980 τέχνην,
3459 4908 3597 4960 ὥστε
3625 4907 3673 4958 εί
3707 4905 3801 4958 καὶ

2234 5014 2427 5080 ὀλίγων
2457 5009 2692 5080 ὀργυιῶν
2719 5004 2808 5078 ἢν,
2835 5006 3058 5067 δικαίως
3097 5005 3163 5056 ἂν
3195 5001 3498 5072 παρασχεῖν
3539 4998 3800 5066 ἔκπληξιν

2235 5105 2345 5165 τοῖς
2391 5100 2698 5170 θεωμένους
2749 5098 2874 5166 ὅρος
2907 5094 2965 5146 ὃν
3013 5091 3278 5163 μᾶλλονῆ
3323 5090 3528 5155 τεῖχος·
3565 5086 3707 5138 ὥστε
3752 5087 3802 5136 εί

2238 5188 2548 5258 κρεμαστὸν
2582 5181 2650 5256 ἦν
2681 5183 2869 5253 ῶσπερ
2898 5199 2950 5234 τι
2982 5178 3210 5249 σχοινίον
3240 5178 3273 5248 ἢ
3301 5176 3454 5237 δοκὸς
3483 5174 3803 5243 διατεταμέ-

2237 5295 2346 5338 νον,
2384 5277 2644 5342 ἀνάλογον
2693 5273 2770 5342 τῷ
2821 5271 2987 5341 μήκει
3034 5269 3093 5320 τὸ
3135 5269 3305 5336 πάχος
3334 5262 3494 5325 εἶναι,
3528 5264 3716 5333 ῶσπερ
3743 5265 3801 5313 ὲν

2238 5363 2460 5425 ἐκείνοις
2495 5363 2736 5430 ζητεῖται
2766 5361 2900 5430 πρὸς
2929 5358 2989 5410 τὸ
3022 5359 3095 5427 μὴ
3138 5355 3502 5428 διαρραγῆναι
3524 5370 3540 5385 ·
3565 5353 3698 5406 αὑτό
3739 5366 3800 5403 τε

2239 5455 2331 5508 καὶ
2363 5454 2422 5506 τὸ
2454 5453 2551 5523 τῆς
2576 5453 2802 5515 πόλεως,
2833 5453 2864 5520 ἢ
2893 5450 3091 5520 μᾶλλον
3122 5449 3190 5500 τά
3218 5450 3312 5518 τῆς
3347 5446 3576 5507 πόλεως,
3612 5443 3799 5510 ῶσπερ

2239 5545 2476 5615 εἴρηται,
2529 5546 2620 5597 ἐπὶ
2657 5545 2923 5613 τοσαύτης
2968 5545 3060 5597 καὶ
3090 5541 3229 5594 οὓτω
3269 5541 3651 5606 δυνατωτάτης
3683 5535 3800 5588 τότε

2240 5638 2436 5707 ἀρχῆς.
2481 5636 2954 5706 μεγαλοπρεπείας
3001 5633 3200 5703 μᾶλλον
3229 5633 3410 5701 χάριν,
3450 5628 3637 5696 ὥσπερ
3675 5625 3803 5681 ἄλλο

2241 5745 2294 5781 τι
2327 5727 2434 5780 τῶν
2492 5727 2633 5780 κατὰ
2676 5728 2774 5795 τὴν
2830 5723 2981 5778 πόλιν
3038 5710 3386 5791 θαυμαστῶν,
3437 5720 3702 5788 γενόμενα
3766 5717 3800 5788 ἢ
