4144 6282
412 323 480 384 i5
1488 320 1855 381 EPISTOLA
1890 319 1990 379 AD
2023 316 2386 380 JOANNEM
2428 316 2581 377 IMP.
2690 406 2693 409 δ
2834 282 2839 287 ’
3611 311 3682 375 46

406 441 613 513 χρείας.
679 440 829 509 Ὀσῳ
893 439 1001 508 γὰρ
1057 453 1225 510 ηττον
1282 438 1545 508 μεγέθους
1601 437 1799 508 τειχῶν
1864 439 1985 491 τότε

2096 437 2181 490 ille
2209 446 2263 491 et
2285 435 2490 504 reliqua
2518 432 2669 489 urbis
2697 432 3060 498 munimenta,
3108 447 3228 503 qua:
3251 432 3386 497 dixi,
3415 433 3575 486 validi
3618 449 3684 488 ac

408 538 596 597 ἐδεῖτο,
639 533 876 602 τοσούτῳ
904 534 1074 586 πλείω
1098 572 1113 597 ,
1155 533 1236 587 ἔτι
1269 533 1325 585 δὲ
1378 534 1548 602 μείζω
1582 537 1756 589 ταῦτα
1793 550 1982 599 περιεσ

407 626 624 685 ϐάλετο,
660 624 880 691 οἰομένη
921 624 1077 675 πόλιν
1110 639 1169 675 τε
1219 622 1453 693 πρώτως
1488 623 1596 675 ἀπὸ
1630 623 1741 675 τῶν
1776 624 1984 692 πειχῶν

408 716 717 783 φαίνεσθαι,
752 716 845 767 καὶ
902 714 1207 782 καλεῖσθαι,
1257 716 1353 767 καὶ
1387 715 1523 782 πρὸς
1554 716 1644 767 τὸν
1678 717 1896 768 ἅπαντα
1929 716 1984 768 δὲ

407 805 623 874 χρόνον,
650 806 709 857 οὐ
744 806 880 873 πρὸς
904 805 1003 874 τὴν
1034 806 1320 873 παροῦσαν
1354 805 1766 874 μόνονοήλικίαν
1805 804 1982 857 ταῦτα

407 897 692 964 γίνεσθαι·
740 894 825 961 ἐφ’
872 888 932 946 οῦ
972 894 1143 947 πολλὰ
1192 894 1310 946 κατ’
1346 892 1665 962 ἀνθρώπους
1719 894 1981 946 δύνασθαι

410 985 719 1054 συμϐῆναιο
763 985 857 1036 καὶ
911 983 1018 1035 τῶν
1067 985 1344 1051 μεγίστων
1391 980 1491 1045 μὲν
1540 977 1680 1034 εἶναι
1710 982 1798 1031 τὸν
1830 982 1982 1048 παρὰ

408 1077 520 1128 τῶν
551 1075 761 1129 πολλῶν
797 1075 1013 1143 φθόνον,
1047 1075 1309 1143 μεγίστας
1339 1074 1395 1127 δὲ
1440 1071 1577 1128 εἴναι
1613 1074 1708 1127 καὶ
1736 1074 1834 1137 τὰς
1881 1090 1981 1143 με·

408 1167 642 1229 ταϐολάς
666 1183 679 1195 ·
711 1166 855 1219 ὥστε
888 1166 949 1219 οὐ
981 1167 1140 1235 μόνον
1167 1168 1264 1234 τῆς
1292 1166 1573 1235 δυνάμεως
1608 1165 1715 1218 τῶν
1743 1182 1981 1233 πεποιη-

408 1258 607 1318 κότων,
660 1258 794 1309 ἀλλὰ
829 1257 925 1309 καὶ
969 1259 1069 1327 τῆς
1117 1259 1199 1320 είς
1257 1258 1319 1310 τὸ
1355 1257 1548 1324 μέλλον
1578 1256 1836 1326 προνοίας
1886 1259 1981 1309 καὶ

411 1349 724 1416 φρονήσεως
788 1348 968 1402 αὐτῶν
1032 1348 1195 1418 μέχρι
1243 1348 1438 1401 πολλοῦ
1502 1348 1750 1417 σύμόυλα
1794 1348 1988 1417 διαμέ-

411 1455 467 1489 νε
479 1454 549 1492 ιν.

2095 528 2459 597 potentissimi
2492 524 2706 594 imperii
2738 536 3004 594 tempore,
3061 533 3326 579 utcaatera
3355 524 3680 580 admiranda

2093 634 2254 687 opera
2288 619 2435 673 illius
2490 618 2663 682 urbis,
2716 618 2897 686 potius
2929 618 2993 670 ad
3038 616 3680 686 magniﬁcentiamquant

2093 727 2248 765 usum
2278 720 2552 765 exstructa
2600 711 2823 765 fuerint.
2857 709 3073 775 Quanto
3107 711 3254 763 enim
3285 710 3467 764 minus
3496 724 3687 763 muro-

2093 819 2213 856 rum
2249 803 2622 872 magnitudine
2657 813 2783 855 tunc
2818 802 3114 870 indigebat,
3160 816 3225 856 eo
3258 812 3311 856 et
3342 804 3592 871 pluribus
3626 812 3683 857 et

2091 894 2394 964 majoribus
2428 895 2605 948 cincta
2635 892 2757 947 fuit.
2801 894 3011 962 Quippe
3030 909 3152 947 cum
3188 894 3471 948 crederent
3493 895 3682 948 urbem

2103 989 2341 1053 primum
2361 1003 2426 1040 ex
2449 989 2617 1039 muris
2648 1001 2930 1055 apparere,
2966 1002 3272 1056 nomenque
3296 988 3419 1041 inde
3435 988 3685 1057 accipere

2084 1086 2139 1129 et
2162 1082 2325 1130 hosce
2346 1092 2452 1130 non
2503 1081 2752 1145 prmsenti
2801 1086 3005 1130 tantum
3042 1078 3210 1142 a-tati,
3260 1079 3353 1131 sed
3406 1079 3471 1133 ad
3524 1094 3687 1134 omne

2086 1166 2333 1220 futurum
2391 1176 2604 1235 tempus
2651 1169 2895 1221 exstrui:
2944 1170 3099 1238 cujus
3158 1184 3449 1239 progressu
3511 1172 3681 1229 multa

2087 1248 2402 1311 hominibus
2426 1258 2643 1312 evenire
2670 1258 2911 1325 possint;
2938 1259 3208 1327 inquibus
3229 1260 3519 1314 multorum
3547 1263 3687 1313 iuvi-

2097 1348 2183 1402 dia
2234 1350 2320 1402 vel
2348 1348 2679 1416 praecipuum
2713 1350 2891 1402 locum
2923 1350 3152 1413 obtinet,
3182 1359 3292 1403 tum
3316 1352 3479 1405 etiam
3505 1356 3677 1406 maxi-

2096 1454 2215 1494 mas
2261 1454 2444 1492 rerum
2479 1440 2807 1493 mutationes
2846 1441 3187 1508 contingere,
3224 1441 3295 1494 ita
3329 1452 3389 1495 ut
3430 1443 3542 1497 haec
3574 1460 3681 1499 non

412 1529 588 1584 solum
634 1529 890 1601 potentiae
911 1530 1281 1597 conditorum,
1308 1532 1400 1588 sed
1426 1532 1589 1586 etiam
1617 1531 1975 1602 providentiae
1998 1531 2063 1585 de
2094 1531 2290 1585 futuris
2314 1542 2367 1584 et
2391 1531 2693 1599 prudentiae
2712 1541 3033 1602 argumenta
3058 1549 3222 1603 quam
3251 1536 3554 1591 diutissime
3596 1553 3691 1592 su-

412 1634 721 1689 peressent.

496 1716 637 1769 Ἀλλ’
670 1715 791 1769 οὐδὲ
835 1717 1115 1785 μνήματα,
1148 1716 1181 1787 ἢ
1216 1715 1445 1784 τάφους,
1497 1716 1529 1785 ἢ
1583 1716 1865 1786 στήλας,ἧ
1902 1718 1997 1770 dv-

2175 1710 2330 1778 Quod
2364 1710 2410 1765 si
2444 1719 2819 1776 monumenta,
2861 1713 3133 1779 sepulcra,
3174 1713 3460 1767 columnas
3484 1722 3538 1767 et
3573 1723 3687 1767 sta-

413 1810 690 1879 δριάντας,
726 1811 820 1862 ἐπὶ
843 1810 941 1877 τῆς
972 1811 1250 1880 ήμετὲρας
1284 1810 1493 1872 πόλεως
1515 1808 1733 1878 ὄνταςῆ
1764 1810 1988 1877 γενομέ-

2096 1814 2217 1858 tuas
2267 1813 2467 1858 nostra:
2508 1803 2662 1858 urbis
2713 1819 3147 1858 commemorare
3196 1804 3411 1869 vellem,
3436 1821 3557 1873 qua:
3601 1806 3682 1858 vel

420 1917 553 1963 νους
577 1900 897 1970 βουλόμενος
930 1900 996 1953 ἂν
1034 1901 1208 1953 εἰπεῖν
1239 1901 1481 1969 ἠπόρουν
1516 1899 1667 1961 ἴσως·
1702 1899 1814 1951 ἀλλ’
1841 1899 1995 1952 ἐλάτ-

416 2007 495 2050 τω
520 1990 617 2058 μὲν
646 1972 775 2053 ἴσως
801 1990 1027 2059 ἔμελλον
1052 1988 1161 2041 τῶν
1195 1988 1346 2058 παρὰ
1389 1988 1603 2051 τούτοις
1633 1989 1837 2056 λέγειν,
1862 1989 1995 2041 καλ·

413 2082 513 2135 λίω
538 2083 596 2134 δὲ
625 2081 739 2135 ἔνια
766 2083 867 2135 καὶ
887 2079 1330 2151 περιφανέστερα
1379 2079 1558 2147 πολλῷ
1602 2080 1711 2134 τῶν
1751 2081 1898 2149 τῇδε.
1928 2079 1992 2131 Τί

412 2174 521 2241 γὰρ
540 2175 568 2225 ό
589 2171 684 2225 τοῦ
711 2172 930 2225 κτίστου
957 2171 1058 2242 μὲν
1080 2171 1177 2224 καὶ
1203 2168 1488 2240 πολιούχου
1511 2169 1778 2239 βασιλέως
1800 2172 1989 2236 τάφος,

413 2264 510 2316 καὶ
535 2265 583 2316 οἱ
611 2264 717 2316 τῶν
752 2263 928 2317 ἄλλων
950 2263 1060 2315 τῶν
1086 2262 1218 2333 περὶ
1271 2262 1339 2315 αὐ
1352 2262 1434 2314 τὸν
1463 2263 1555 2316 ἐπὶ
1583 2261 1678 2313 τοῦ
1710 2260 1991 2329 βασιλικοῦ

411 2356 785 2424 πολυανδρίου,
820 2355 848 2406 δ
890 2356 1052 2423 μόνον
1094 2355 1280 2423 θαῦμα
1314 2351 1382 2424 ἦν
1436 2354 1586 2417 ἰδεῖν,
1646 2352 1831 2405 πολλοὶ
1891 2353 1990 2421 μὲν

412 2447 597 2516 κύκλῳ
615 2447 916 2515 σωζόμενοι
934 2446 1062 2515 περὶ
1078 2447 1171 2498 τὸν
1194 2446 1320 2500 ναὸν
1340 2446 1448 2497 τῶν
1480 2446 1839 2519 ’ᾼποστόλων,
1865 2446 1991 2498 πολ-

411 2537 495 2592 λοὶ
516 2538 572 2590 δὲ
607 2538 708 2607 ἤδη
732 2538 826 2591 καὶ
848 2537 1209 2601 ἀπολωλότες,
1228 2536 1324 2589 καὶ
1359 2537 1509 2589 ἄλλοι
1545 2537 1602 2588 δὲ
1631 2537 1867 2606 ἀλλαχοῦ
1890 2537 1991 2606 τῆς

413 2630 621 2692 πόλεως
653 2631 744 2681 ἐπὶ
773 2631 879 2681 τῶν
930 2628 1220 2696 προνάωνς
1280 2628 1345 2680 Τί
1375 2629 1431 2680 δὲ
1483 2631 1514 2699 ή
1567 2628 1662 2681 τοῦ
1698 2631 1989 2698 νομοθέτου

416 2723 679 2791 βασιλέως
711 2721 919 2791 στήλης
955 2721 1065 2773 Καὶ
1093 2721 1226 2789 περὶ
1252 2719 1444 2772 τοῦτον
1473 2720 1530 2773 δὲ
1567 2717 1635 2773 αὖ
1664 2720 1825 2773 ἄλλαι
1858 2724 1954 2790 στῆ
1975 2749 1988 2762 -

412 2816 504 2868 λαι
530 2816 839 2883 γεγόνασιν,
873 2815 923 2867 εί
956 2814 1262 2883 μέμνημαι,
1295 2813 1429 2882 πρὸς
1476 2812 1746 2874 ἀνατολάς
1798 2813 1990 2865 πολλαὶ

412 2911 609 2963 κιόνων
642 2911 894 2976 ἐξαισίων
927 2909 1248 2979 ἀνεχόντων.
1280 2907 1407 2964 Ὀτι
1453 2908 1509 2962 δὲ
1542 2908 1635 2961 καὶ
1659 2909 1809 2963 ἄλλοι
1840 2909 1989 2960 πλεῖ-

416 3019 531 3054 στοι
560 3003 652 3053 ἐπὶ
682 3001 781 3066 τῆς
812 3001 1019 3062 πόλεως
1038 3000 1273 3053 τοιοῦτοι
1317 3001 1636 3071 ἀνδριάντες
1680 2997 1844 3072 ἦσαν,
1876 3000 1984 3052 δείς

412 3111 605 3147 κνυται
636 3095 742 3146 ἀπὸ
765 3094 874 3145 τῶν
901 3092 1243 3160 φαινομένων
1272 3092 1483 3160 βάσεων
1525 3092 1724 3155 αὐτῶν,
1753 3094 1848 3145 καὶ
1877 3093 1986 3145 τῶν
2018 3124 2057 3179 c

413 3187 471 3237 ὲν
503 3184 689 3246 αὐτοῖς
728 3184 1171 3253 ἐπιγραμμάτων
1198 3200 1212 3215 ·
1255 3177 1328 3237 ὧν
1364 3183 1522 3237 ἄλλαι
1580 3186 1678 3251 μὲν
1726 3184 1985 3253 ἀλλαχοῦ,

412 3277 666 3330 πλεῖσται
718 3276 774 3329 δὲ
824 3271 964 3347 ἦσαν
1003 3279 1061 3329 ὲν
1123 3275 1501 3345 Ἱπποδρόμῳ·
1530 3276 1627 3329 καὶ
1682 3276 1848 3339 ἄλλας
1890 3276 1988 3328 καὶ

417 3369 675 3430 πλείστας
707 3365 847 3421 εἶδον
877 3367 1040 3430 αὐτὸς
1094 3369 1380 3438 πρότερον,
1429 3367 1495 3430 ἃς
1519 3367 1615 3420 νῦν
1664 3363 1785 3421 οἴδα
1822 3368 1988 3436 ἀφαι-

418 3460 687 3527 ρεθείσας.
722 3460 842 3512 Εἰσὶ
870 3459 926 3512 δὲ
969 3459 1016 3511 οἳ
1043 3459 1264 3524 λέγουσι
1294 3460 1387 3511 καὶ
1418 3460 1511 3511 τὸν
1556 3460 1652 3511 ἐπὶ
1676 3458 1770 3510 τοῦ
1803 3457 1984 3527 Ξηροῦ

411 3552 575 3619 λόφου
612 3552 785 3615 κίονα,
842 3552 937 3604 καὶ
991 3552 1082 3603 τὸν
1130 3550 1357 3620 ἀντικρὺ
1392 3551 1586 3605 τούτου
1639 3550 1777 3619 πρὸς
1831 3551 1984 3619 ἥλιον

416 3644 704 3712 ἀνίσχοντα
728 3643 823 3695 ἐπὶ
849 3642 941 3695 τοῦ
969 3644 1157 3713 ἑτέρου
1196 3643 1382 3712 λόφου,
1420 3642 1529 3696 ἀπὸ
1556 3644 1760 3711 ταύρου
1793 3643 1989 3711 κεκλη-

419 3735 601 3800 μένον,
629 3734 815 3802 βάσεις
837 3735 1197 3803 σφυρηλάτων
1236 3735 1493 3805 ἀργυρῶν
1530 3735 1865 3805 ἀνδριάντων
1892 3742 1986 3800 γεὲ

416 3824 701 3892 γενῆσθαι,
726 3825 815 3875 τὸν
853 3826 949 3893 μὲν
963 3826 1055 3878 τοῦ
1082 3826 1349 3895 μείζονος,
1372 3827 1462 3879 τὸν
1488 3827 1543 3880 δὲ
1564 3826 1658 3879 τοῦ
1684 3826 1989 3889 ἐλάττονος,

414 3913 556 3969 οὕτω
584 3915 693 3983 γὰρ
720 3915 984 3982 λέγονται,
1010 3920 1121 3968 τοῖν
1139 3918 1440 3972 Θεοδοσίοιν
1460 3933 1474 3948 °
1503 3918 1598 3981 οὓς
1633 3920 1796 3971 πόσον
1820 3919 1989 3988 ἐχρῆν

414 4008 668 4076 γενέσθαι
706 4008 998 4077 μεγάλους,
1030 4010 1122 4061 καὶ
1156 4011 1396 4079 τιμίους,
1432 4012 1524 4062 καὶ
1552 4010 1775 4073 καλοὺς,
1800 4011 1989 4076 φαίνε-

412 4120 503 4155 ται
537 4102 645 4155 ἀπὸ
675 4102 767 4155 τοῦ
808 4101 1058 4163 κάλλους,
1099 4101 1192 4153 καὶ
1222 4099 1315 4154 τοῦ
1346 4100 1536 4169 ὕψους,
1566 4102 1658 4153 καὶ
1702 4099 1803 4169 τῆς
1847 4100 1989 4168 λαμ-

414 4192 705 4263 πρότητος,
743 4192 837 4245 καὶ
866 4193 963 4261 τῆς
995 4190 1346 4253 πολυτελείας
1378 4190 1487 4242 τῶν
1522 4191 1824 4261 κρηπίδων.
1850 4192 1891 4243 Τ
1896 4189 1994 4245 αῦ-

306 4321 313 4329 .
410 4286 479 4335 τα
508 4284 563 4336 δὲ
619 4282 951 4351 ἐνθυμηθεὶς
1003 4280 1283 4350 ἐμνήσθην
1336 4281 1543 4348 μεταξὺ
1611 4282 1705 4332 καὶ
1755 4280 1854 4349 τῆς
1899 4284 1993 4334 ἐπὶ

412 4379 511 4445 τῆς
540 4375 711 4443 αὐτῆς
740 4373 860 4427 ὀδοῦ
890 4390 950 4425 τε
995 4373 1090 4425 καὶ
1117 4371 1382 4441 γραμμῆς
1447 4373 1581 4440 πρὸς
1623 4372 1837 4440 δυσμὰς
1896 4390 1989 4441 γε-

2098 1910 2242 1949 nunc
2276 1906 2524 1959 exstant,
2551 1896 2635 1949 vel
2667 1895 2797 1949 olim
2834 1895 3008 1961 fuere,
3039 1897 3295 1952 fortassis
3322 1912 3421 1951 nec
3450 1898 3537 1951 hic
3568 1912 3687 1950 πηοί

2100 1989 2267 2042 teries
2325 1987 2458 2042 mihi
2510 1986 2803 2051 deﬁceret;
2841 1989 2933 2042 sed
2988 1988 3237 2057 quamvis
3275 2004 3501 2043 numero
3544 1988 3684 2043 forte

2099 2080 2381 2148 pauciora,
2418 2094 2582 2149 quam
2606 2079 2694 2132 hic
2720 2080 2852 2142 sint,
2873 2087 3110 2133 attamen
3141 2081 3398 2134 nonnulla
3430 2082 3495 2135 iis
3524 2082 3685 2149 longe

2098 2170 2408 2238 pulchriora
2476 2179 2529 2223 et
2605 2169 2978 2237 splendidiora
3046 2184 3493 2223 commemorem.
3549 2168 3681 2222 Nam

2101 2262 2232 2329 quid
2275 2262 2509 2316 Caesaris
2540 2261 2688 2315 illius
2737 2262 3075 2329 sepulcrum,
3134 2275 3295 2328 quem
3341 2260 3682 2316 conditorem

2095 2368 2161 2407 ac
2191 2354 2476 2407 tutelarem
2511 2368 2573 2406 ea
2603 2353 2735 2406 urbs
2753 2353 3004 2419 agnoscit
3029 2353 3051 2405 ?
3077 2353 3205 2422 quid
3241 2354 3414 2407 vicina
3450 2355 3687 2423 reliquo-

2097 2462 2215 2498 rum
2238 2457 2587 2501 monumenta
2611 2460 2677 2497 eo
2711 2446 2832 2499 loco
2856 2445 2945 2498 ubi
2969 2445 3361 2514 imperatorum
3388 2448 3686 2515 sepulturae

2098 2539 2349 2591 visuntur
2378 2536 2401 2588 ?
2427 2552 2514 2591 res
2528 2537 2611 2590 vel
2638 2538 2756 2590 solo
2782 2538 2901 2590 visu
2936 2537 3286 2591 admiranda:
3307 2552 3540 2606 quorum
3573 2555 3683 2592 non

2096 2644 2265 2698 pauca
2286 2629 2464 2683 adhuc
2483 2639 2775 2697 supersunt
2795 2629 2936 2683 circa
2956 2633 3123 2682 aedem
3150 2629 3251 2683 SS.
3270 2631 3681 2699 Apostolorum;

2095 2723 2264 2777 multa
2289 2737 2507 2791 quoque
2552 2721 2663 2791 jam
2695 2722 3041 2786 interierunt;
3074 2722 3178 2775 alia
3207 2721 3369 2776 etiam
3395 2724 3593 2792 passim
3624 2724 3681 2778 in

2096 2816 2424 2884 templorum
2459 2815 2744 2868 vestibulis
2776 2822 3012 2868 exstant.
3063 2814 3203 2879 Quid
3240 2830 3371 2869 vero
3406 2825 3583 2870 statua
3616 2817 3684 2870 il-

2095 2906 2199 2962 lius
2226 2906 2576 2976 imperatoris
2606 2906 2701 2973 qui
2726 2906 2904 2975 legum
2929 2916 3124 2960 auctor
3150 2905 3253 2961 fuit
3278 2908 3483 2977 iquam
3518 2910 3685 2964 vicis-

2092 3000 2195 3055 sim
2219 3000 2404 3053 multae
2424 3000 2544 3053 aliae
2563 3007 2758 3053 statuae
2782 2999 2851 3051 ab
2869 3009 3016 3061 ortu,
3037 2998 3079 3052 si
3114 3009 3259 3054 recte
3280 3002 3529 3063 memini,
3562 3018 3681 3056 ma-

2094 3094 2258 3146 ximis
2283 3093 2555 3146 columnis
2588 3092 2860 3159 impositze
2911 3092 3152 3161 undique
3201 3093 3511 3162 cingebant.
3571 3094 3681 3150 Sed

2098 3195 2152 3240 et
2172 3186 2312 3238 alias
2328 3185 2492 3254 hujus
2512 3186 2727 3254 generis
2755 3192 2967 3238 statuas
2984 3185 3418 3253 quamplurimas
3458 3201 3556 3256 per
3583 3203 3678 3240 nr-

2098 3278 2221 3332 bem
2250 3278 2532 3332 exstitisse
2564 3277 2732 3330 bases
2759 3277 3004 3344 ipsarum
3036 3285 3089 3329 et
3125 3277 3527 3345 inscriptiones,
3557 3294 3680 3347 quae

2099 3368 2279 3423 adhuc
2311 3369 2585 3432 visuntur,
2614 3370 2912 3421 ostendunt
2934 3383 2947 3421 :
2973 3382 3204 3437 quarum
3230 3368 3351 3422 aliw
3372 3370 3494 3423 aliis
3525 3370 3579 3422 in
3604 3371 3681 3424 lo-

2098 3459 2199 3523 cis,
2232 3459 2324 3513 sed
2352 3454 2600 3526 plurimae
2632 3458 2685 3510 in
2713 3455 3086 3525 Hippodromo
3117 3457 3428 3512 exstabant.
3456 3458 3596 3521 Quin
3624 3468 3680 3513 et

2100 3549 2218 3616 ipse
2255 3549 2386 3602 olim
2414 3549 2613 3603 multas
2641 3547 2777 3602 alias
2811 3546 2942 3612 vidi,
2966 3562 3104 3615 quas
3134 3564 3277 3602 nunc
3309 3551 3517 3604 ablatas
3539 3552 3676 3607 scio.

2098 3638 2209 3694 Nec
2242 3638 2442 3695 desunt
2475 3641 2567 3709 qui
2599 3639 2908 3694 columnam
2953 3653 3074 3708 qua:
3114 3640 3166 3692 in
3194 3642 3332 3695 colle
3362 3642 3679 3712 Xerolopho

2097 3739 2298 3794 exstat,
2358 3741 2419 3785 ut
2447 3744 2502 3785 et
2535 3732 2787 3793 alteram,
2820 3745 2941 3801 qua:
2971 3732 3332 3787 exadversum
3366 3735 3432 3786 ad
3502 3738 3673 3790 solent

2096 3822 2386 3886 orientem,
2418 3822 2472 3875 in
2503 3823 2642 3877 colle
2670 3824 2762 3891 qui
2792 3838 2820 3875 a
2845 3822 3027 3876 Tauro
3052 3839 3252 3878 nomen
3278 3825 3457 3890 liabet,
3480 3828 3677 3884 ductas

2102 3928 2164 3967 ex
2212 3923 2438 3982 argento
2483 3925 2692 3968 statuas
2728 3914 3056 3968 sustinuisse
3093 3915 3406 3970 aiﬁrmant:
3440 3934 3673 3987 quarum

2101 4003 2323 4072 quidem
2344 4004 2513 4057 altera
2534 3992 2780 4071 majoris,
2800 4004 2972 4058 altera
2992 4006 3222 4060 minoris
3241 4008 3532 4063 Theodosii
3555 4012 3675 4066 fue-

2104 4096 2194 4160 rit,
2216 4095 2367 4149 liisce
2386 4094 2527 4147 enim
2548 4093 2860 4149 nominibus
2878 4095 3036 4167 vulgo
3053 4095 3677 4167 distinguuntur.Qnan-

2103 4196 2185 4241 tas
2229 4194 2428 4247 autem,
2462 4201 2627 4255 quam
2660 4186 2949 4254 pretiosas,
2980 4197 3035 4243 et
3087 4205 3248 4257 quam
3284 4192 3551 4262 pulchras;
3579 4208 3673 4248 cas

2103 4281 2283 4335 fuisse
2303 4287 2576 4349 Oporteat,
2599 4279 2649 4332 id
2669 4294 2797 4333 vero
2817 4295 2882 4333 ex
2910 4281 3117 4334 basium
3151 4283 3573 4349 pulchritudine,
3596 4290 3677 4340 al-

2104 4372 2355 4437 titudine,
2383 4371 2673 4440 splendore
2694 4380 2747 4423 et
2768 4370 3168 4439 magniﬁcentia
3190 4384 3435 4440 apparet.
3463 4372 3666 4431 Verum

413 4468 642 4536 νομένης
697 4466 828 4518 ποτὲ
885 4464 1058 4532 πύλης
1108 4464 1208 4533 τῆς
1266 4463 1492 4527 πόλεως,
1528 4463 1773 4533 πύργους
1835 4464 1988 4527 ὅλους

2100 4465 2230 4516 mibi
2260 4465 2373 4518 haec
2395 4478 2519 4517 cttm
2548 4463 2731 4516 animo
2760 4464 3056 4515 revolventi
3105 4464 3320 4518 interim
3353 4466 3407 4519 in
3467 4484 3673 4523 memo-

413 4559 445 4629 ἦ
478 4559 711 4629 φρούρια
737 4559 992 4621 εἰσιόντα,
1026 4557 1184 4625 εῐπερ
1213 4552 1322 4609 οἷόν
1351 4575 1409 4610 τε
1441 4554 1509 4627 ἦν
1550 4554 1840 4623 κινεῖσθαι,
1893 4561 1988 4612 καὶ

414 4653 648 4714 ὁλκάδας
676 4653 858 4713 αὐτοῖς
906 4650 1093 4717 λέφεσι
1151 4648 1243 4701 καὶ
1299 4650 1463 4713 ἱστοῖς
1492 4651 1801 4720 δυναμένης
1834 4653 1988 4716 δέξα-

419 4745 563 4805 σθαι,
601 4746 697 4794 καὶ
733 4744 829 4808 τῆς
856 4742 997 4809 ὑπὲρ
1027 4742 1193 4810 αὐτῆς
1221 4742 1545 4811 λαμπούσης
1571 4746 1733 4804 στοᾶς
1769 4746 1987 4814 πόρρω-

417 4839 509 4887 Οεν
540 4838 634 4888 καὶ
663 4833 753 4887 τοῦ
809 4834 1072 4902 μεγέθους
1107 4834 1214 4885 τῶν
1243 4837 1300 4886 ὲν
1333 4837 1468 4904 αὐτῇ
1530 4836 1877 4905 μαρμάρωνο
1907 4836 1986 4886 ἔτι

413 4930 469 4982 δὲ
496 4925 583 4978 τοῦ
617 4925 721 4994 πρὸ
757 4925 926 4991 αὐτῆς
968 4924 1166 4987 κίονος,
1199 4924 1256 4986 ὃς
1286 4925 1383 4977 καὶ
1413 4925 1573 4987 αὐτὸς
1604 4926 1809 4994 στήλην
1839 4928 1988 4977 ἀνεῖ-

414 5035 499 5087 χε.
528 5018 638 5069 Καὶ
662 5018 689 5068 ό
723 5016 814 5065 ἐπὶ
852 5014 941 5065 τοῦ
970 5015 1158 5082 ἐτέρου
1188 5015 1245 5067 δὲ
1274 5016 1458 5081 λόφου,
1490 5014 1583 5068 τοῦ
1615 5016 1754 5084 ὑπὲρ
1789 5019 1884 5085 τῆς
1912 5017 1988 5067 oi.-

415 5108 540 5170 κίας
566 5108 633 5175 ἣν
668 5108 761 5158 νῦν
802 5108 991 5167 οἰκεῖς,
1044 5107 1178 5157 κίων
1210 5105 1354 5158 οὕτω
1395 5106 1755 5176 καλούμενος,
1791 5110 1885 5159 καὶ
1937 5106 1987 5158 οἱ

414 5199 511 5251 ἐπὶ
539 5199 636 5250 τοῦ
666 5199 1017 5267 στρατηγίου,
1055 5198 1148 5249 καὶ⁵
1175 5199 1202 5248 ό
1225 5199 1317 5250 ἐπὶ
1339 5197 1404 5249 τὰ
1426 5199 1574 5261 δεξιὰ
1610 5199 1703 5251 τοῦ
1731 5198 1859 5251 ναοῦ
1880 5199 1987 5250 τῶν

428 5289 790 5351 Ἀποστόλων,
818 5289 910 5340 καὶ
939 5288 1121 5339 πολλοὶ
1154 5288 1355 5356 ἕτεροι,
1391 5288 1579 5355 βάσεις
1605 5290 1770 5355 ἀξίων
1796 5291 1987 5352 αὑταῖς

414 5382 749 5452 ἀνδριάντων
776 5376 937 5451 ἦσαν.
972 5381 1037 5431 Τί
1066 5381 1173 5449 γὰρ
1214 5382 1279 5433 ἂν
1307 5380 1523 5450 λέγοιμι
1554 5384 1681 5450 περὶ
1709 5381 1803 5435 τοῦ
1849 5385 1987 5451 πρὸς

414 5476 489 5527 Eu)
527 5475 617 5527 ἐπὶ
647 5473 747 5541 τῆς
783 5471 954 5539 αὐτῆς
998 5471 1260 5534 πλατείας
1309 5471 1465 5534 αὖθις
1523 5474 1602 5535 είς
1643 5473 1777 5542 ὕψος
1820 5478 1986 5544 μήκι-

360 5596 365 5597 ν
417 5583 544 5618 στον
578 5566 821 5634 αἴροντος
873 5563 962 5614 τὸν
1008 5566 1239 5631 σταυρδν
1298 5565 1585 5634 πορφύρου
1638 5567 1835 5627 κίονος,
1893 5567 1987 5619 ἐπὶ

415 5660 512 5724 τῆς
543 5656 712 5725 αὐλῆς
735 5657 843 5708 τῶν
870 5653 961 5707 τοῦ
991 5655 1228 5723 μεγάλου
1261 5656 1669 5709 Κωνσταντίνου
1701 5656 1986 5726 βασιλείων

416 5745 586 5803 αὐτοῦ
608 5746 917 5817 πηξαμένου
947 5745 1041 5798 καὶ
1069 5746 1372 5816 ἱδρυμένου,
1396 5748 1602 5811 πάντας
1623 5750 1721 5819 μὲν
1746 5751 1991 5817 ἀνδριάνοη

2098 4554 2234 4608 riam
2266 4554 2413 4607 venit
2440 4566 2593 4622 porta
2614 4555 2790 4616 urbis,
2822 4568 2943 4621 qua:
2975 4555 3027 4606 in
3055 4555 3241 4609 eadem
3273 4556 3377 4619 via,
3409 4568 3461 4611 et
3494 4560 3544 4612 in
3570 4576 3631 4613 ea
3655 4590 3671 4604 -

2096 4642 2219 4698 dem
2252 4644 2395 4697 linea
2415 4659 2607 4698 versus
2632 4659 2884 4699 occasum
2912 4647 3186 4713 quondam
3211 4650 3458 4703 exstabat
3484 4670 3499 4714 ;
3529 4655 3667 4707 adeo

2097 4736 2300 4805 ampla,
2321 4746 2380 4789 ut
2402 4736 2585 4790 turres
2611 4737 2853 4805 integras
2875 4747 3143 4803 etrastra,
3165 4740 3208 4791 si
3229 4745 3429 4795 moveri
3462 4748 3669 4813 potuiso

2098 4835 2220 4881 sent
2248 4842 2348 4880 suo
2381 4827 2522 4890 loco,
2551 4842 2828 4895 navesque
2857 4830 3139 4883 onerarias
3171 4846 3292 4884 cum
3312 4840 3668 4891 armamentis

2098 4928 2151 4972 et
2179 4919 2336 4973 malis
2361 4918 2602 4987 recipere
2634 4929 2854 4985 posset:
2887 4929 2999 4973 tum
3040 4924 3201 4975 etiam
3238 4926 3474 4991 porticus
3501 4946 3667 4996 supra

2097 5026 2215 5063 eam
2238 5011 2396 5077 longe
2416 5013 2629 5076 lateque
2649 5011 3019 5078 resplendens.
3038 5022 3091 5066 et
3110 5028 3441 5069 marmorum
3466 5019 3517 5071 in
3545 5020 3666 5087 ipsa

2098 5102 2309 5169 porticu
2362 5102 2720 5171 magnitudo:
2761 5112 2902 5155 utet
2950 5104 3200 5157 columna
3254 5116 3379 5159 ante
3433 5119 3665 5173 portam,

2095 5210 2217 5264 quae
2250 5203 2305 5248 et
2358 5194 2473 5263 ipsa
2507 5203 2746 5246 statuam
2804 5195 2934 5247 olim
2976 5198 3237 5250 sustinuit
3270 5236 3283 5250 .
3313 5199 3452 5263 Quin
3500 5204 3666 5253 etiam

2095 5287 2201 5353 pila
2223 5286 2275 5339 in
2306 5286 2476 5340 altero
2497 5285 2654 5351 colle,
2684 5286 2775 5355 qui
2819 5286 3024 5341 aedibus
3057 5289 3185 5351 tuis,
3212 5290 3266 5341 in
3303 5289 3503 5357 quibus
3521 5306 3669 5344 nunc

2099 5381 2332 5442 habitas,
2388 5379 2637 5433 imminet
2672 5395 2686 5432 :
2717 5387 2776 5431 ιιι
2817 5389 2871 5432 et
2910 5381 2993 5431 ila:
3030 5395 3151 5447 qua:
3176 5380 3231 5433 in
3268 5382 3524 5447 strategio
3567 5396 3669 5437 ex-

2096 5479 2281 5533 stant;
2313 5479 2426 5522 tuut
2461 5485 2580 5539 qute
2608 5472 2674 5523 ad
2697 5472 2973 5524 dexteram
3005 5472 3105 5525 SS.
3130 5473 3516 5541 Apostolorum
3541 5475 3669 5526 visi-

2098 5573 2209 5629 tur,
2253 5563 2555 5628 multaeque
2596 5562 2715 5615 aliae
2745 5564 2922 5630 digna:
2955 5548 3400 5615 convenientibus
3464 5566 3664 5617 statuis

2098 5658 2253 5711 bases
2286 5655 2459 5708 fuere.
2489 5653 2591 5707 Sed
2624 5654 2754 5720 quid
2788 5670 2888 5721 ego
2914 5654 2980 5706 de
3010 5652 3383 5719 porpliyretica
3413 5654 3663 5711 columna

2095 5758 2544 5813 commemorem,
2576 5758 2695 5811 qua:
2730 5757 2917 5797 versus
2944 5743 3203 5794 orientem
3242 5744 3296 5795 in
3342 5749 3530 5799 eadem
3577 5764 3662 5800 rc-
