4144 6282
473 340 539 399 ιγ
1322 287 1329 296 ’
1613 330 2011 392 MANUELIS
2048 331 2571 394 cnnvsomme

3655 340 3726 411 ιε

470 453 628 521 gione
663 460 854 513 exstat,
894 450 1190 503 ct’rrucem
1215 446 1573 502 editissimam
1609 444 1838 499 sustinet
1873 462 1886 496 :
1918 460 2032 513 qua!

2146 464 2267 513 τας,
2300 450 2480 511 πάσας
2508 450 2563 501 δὲ
2592 449 2788 520 στήλας
2835 450 3092 516 νικῶντος
3119 471 3132 516 ;
3187 456 3308 508 ἐπεὶ
3340 456 3433 510 καὶ
3461 459 3572 512 τῶν
3600 462 3723 529 γλυο

472 542 526 594 in
555 556 680 594 arca
715 541 893 609 palatii
927 539 1267 593 Constantini
1294 537 1467 606 Magni
1504 544 1682 591 cret-ta
1703 544 1758 589 et
1794 536 2039 593 dedicata

472 633 593 699 fuit,
625 643 675 685 et
710 645 931 685 crateras
987 640 1196 685 statuas
1240 644 1450 690 omnes,
1484 642 1784 695 omnesque
1833 626 2043 679 colum-

474 740 573 777 nas
604 722 867 791 supcrat?
898 740 1017 776 nam
1052 733 1103 775 ct
1138 723 1309 775 crclati
1339 722 1517 787 operis
1545 736 1792 787 magnam
1822 718 2035 787 copiam

471 818 754 880 habemus,
794 816 951 883 quale
981 816 1032 867 iu
1062 813 1334 868 columnis
1371 813 1477 867 illis
1512 808 1865 865 circumcirca
1922 807 2054 861 ctli-.

468 911 627 979 giatis
654 910 868 970 visitur,
922 924 1042 977 qua:
1078 907 1489 961 accuratissime
1517 906 1703 959 edictae
1762 910 1908 965 sunt,
1965 900 2033 955 ad

468 1002 826 1054 imitationem
849 1014 1036 1052 earum
1067 1039 1081 1063 ,
1102 1014 1221 1067 qua:
1237 999 1323 1050 hic
1340 1007 1572 1051 exstant.
1617 996 1718 1048 Sed
1743 993 1874 1045 illud
1895 1005 2035 1057 Opus

468 1100 729 1159 siiperatit
754 1099 947 1142 statuae
985 1088 1123 1150 istae,
1154 1102 1274 1155 qua:
1327 1102 1389 1139 ex
1418 1086 1595 1154 lapide
1651 1079 2033 1151 porphyretico

470 1183 627 1235 factm
664 1181 809 1235 sellis
837 1180 900 1233 ad
935 1180 1151 1231 trivium
1197 1177 1456 1235 insident.
1495 1185 1547 1229 ct
1587 1177 1883 1230 secundum
1934 1170 2037 1223 ali-

467 1289 605 1343 quos
634 1270 981 1339 agoranomia
1020 1280 1073 1321 et
1104 1268 1443 1336 principatus
1475 1279 1880 1335 nuncupantur:
1918 1277 2031 1321 tum

466 1368 630 1419 etiam
661 1365 831 1416 altera
868 1364 918 1414 in
952 1364 1139 1413 eadem
1176 1361 1283 1423 via,
1322 1359 1481 1427 paulo
1504 1376 1666 1426 supra
1700 1356 1861 1427 caput
1887 1359 2033 1412 rivu-

466 1454 663 1523 li,qui
701 1454 889 1507 urbem
942 1450 1254 1518 perlabitur,
1310 1466 1373 1502 cx
1428 1452 1658 1505 candido
1714 1451 1892 1519 lapide
1948 1450 2032 1504 vel

464 1559 772 1608 marmore,
809 1558 928 1611 qua:
958 1541 1140 1593 cubito
1174 1540 1333 1593 inniti
1374 1540 1456 1592 vid
1474 1552 1602 1593 stur.
1672 1538 1810 1593 Sunt
1840 1550 1894 1592 et
1927 1540 2032 1592 alia

465 1640 629 1706 hujus
656 1641 866 1707 generis
900 1637 1088 1693 multa.
1120 1648 1239 1703 qua?
1261 1636 1374 1699 ipse
1392 1631 1605 1699 quidem
1642 1647 1749 1684 non
1783 1630 1912 1689 vidi.
1937 1630 2029 1682 scil

466 1730 519 1784 in
557 1730 691 1784 locis
713 1730 1035 1798 quibusdam
1057 1726 1260 1779 abditis
1277 1734 1491 1776 exstare
1514 1721 1719 1773 audivi.
1776 1719 1909 1772 Nam
1936 1736 2031 1773 cas

2148 560 2219 593 πτ
2233 543 2296 594 ὒν
2324 544 2529 595 τούτων
2559 542 2758 610 ἔργων,
2793 542 2990 612 ἔχομεν
3018 545 3073 597 δὲ
3124 546 3319 613 πολλὰ,
3355 543 3467 603 οἷον
3494 554 3591 605 ἐπὶ
3618 556 3724 608 τῶν

2149 632 2501 700 περιγλύφων
2536 633 2762 685 ἐκείνων
2799 635 3015 695 κιόνων.
3068 638 3312 704 ἀκριϐῶς
3369 642 3449 703 είς
3489 643 3723 713 μίμησιν

2145 724 2252 774 τῶν
2280 724 2407 792 τῇδε
2462 725 2881 792 πεποιημένων·
2916 729 3065 793 ὅμως
3115 729 3171 780 δὲ
3228 730 3725 803 ὑπερὸαλλομένων

2147 817 2241 868 καὶ
2272 816 2377 867 τῶν
2415 816 2501 868 διὰ
2556 820 2723 885 μέσου
2762 819 2967 871 τούτων
2998 822 3100 887 τῆς
3150 825 3541 893 πορςυρίτιδος
3574 826 3723 881 λίθου

2145 912 2527 978 πεποιημένων
2549 909 2903 978 ἀνδριάντων,
2928 912 2982 962 ἐν
3012 912 3222 980 θρόνοις
3266 916 3358 967 ἐπὶ
3386 918 3599 984 τριόδου
3624 935 3721 971 κα·-

2144 1001 2429 1066 θημένων,
2456 997 2535 1063 οἷς
2578 1002 2748 1071 ὄνομά
2806 1022 2854 1055 τι
2911 1005 3055 1056 κατὰ
3094 1006 3314 1067 τούτους
3350 1010 3723 1079 ἀγορανομίας

2142 1098 2236 1148 καὶ
2269 1096 2435 1163 ἀρχῆς
2477 1098 2864 1162 ἐπιφημίζεται
2887 1111 2900 1126 ⁸
2942 1101 3039 1149 καὶ
3067 1098 3227 1151 ἄλλου
3257 1100 3309 1151 δὲ
3339 1102 3431 1152 ἐπὶ
3484 1106 3581 1172 τῆς
3622 1106 3722 1155 αὐ-

2142 1191 2239 1255 τῆς
2262 1188 2383 1240 ὀδοῦ
2415 1188 2610 1255 μικρὸν
2656 1190 2720 1240 ἐκ
2755 1189 2948 1240 λευκοῦ
2975 1190 3125 1242 λίθου
3157 1191 3187 1258 ἦ
3234 1194 3549 1262 μαρμάρου,
3576 1196 3717 1263 ὑπὲρ

2142 1280 2385 1347 κεφαλῆς
2416 1280 2505 1332 τοῦ
2544 1280 2630 1332 διὰ
2674 1282 2771 1348 τῆς
2805 1283 3017 1342 πόλεως
3049 1286 3381 1354 χειμάρρου,
3433 1288 3720 1351 δοκοῦντος

2143 1367 2220 1426 είς
2252 1367 2477 1431 ἀγκῶνα
2514 1368 2853 1422 ἀνακεῖσθαι.
2886 1371 2995 1422 Καὶ
3023 1370 3156 1423 ἄλλα
3187 1373 3244 1425 δὲ
3276 1376 3446 1427 πολλὰ
3469 1376 3717 1443 τοιαῦτα,

2139 1458 2175 1511 ἃ.
2208 1458 2281 1528 μὴ
2309 1459 2502 1528 ἔτυχον
2535 1460 2697 1522 αὐτὸς
2742 1461 2891 1528 ίδὼν,
2928 1464 3141 1532 ἀκήκοα
3166 1465 3221 1517 δὲ
3255 1468 3312 1519 ἐν
3345 1468 3531 1530 τόποις
3573 1471 3718 1521 τισὶν

2140 1553 2483 1621 ἀποκρύφοις
2526 1548 2688 1606 εἶναι.
2737 1553 2840 1605 Ἐὡ
2870 1555 2977 1623 γὰρ
3016 1558 3142 1617 τοὺς
3197 1558 3305 1623 πρὸ
3358 1560 3455 1626 τῆς
3505 1560 3716 1628 χρυσῆς

2143 1645 2336 1713 πύλης.
2368 1646 2467 1695 Ἦν
2497 1647 2585 1695 καὶ
2618 1646 2785 1712 αὐτὴν
2815 1646 2909 1697 καὶ
2934 1650 3057 1709 τοὺς
3081 1650 3137 1698 ὲν
3162 1650 3297 1721 αὐτῇ
3333 1654 3713 1719 μαρμαρίνους

2143 1736 2388 1803 πύργους
2445 1737 2526 1797 τίς
2566 1737 2628 1788 ἂν
2678 1737 2840 1800 ἀξίως
2901 1738 3117 1790 δύναιτο
3178 1742 3476 1808 θαυμάσαι,
3514 1742 3712 1804 ἄθλους

463 1840 585 1891 qua:
612 1836 738 1878 sunt
768 1832 891 1875 ante
916 1831 1126 1889 portam
1154 1832 1376 1871 auream
1412 1816 1625 1868 omitto.
1658 1813 1761 1867 Sed
1780 1824 1832 1867 et
1866 1813 2032 1880 ipsam

2153 1829 2483 1896 Ἡρακλέους
2506 1829 2735 1898 ἀρίστης
2768 1830 2860 1880 καὶ
2885 1830 3346 1900 θαυμασιωτάτης
3367 1832 3584 1902 τέχνης,
3614 1834 3710 1886 καὶ

463 1919 606 1970 hanc
641 1929 866 1981 portam,
895 1925 949 1965 et
976 1925 1308 1965 marmoreas
1340 1909 1485 1961 illius
1520 1917 1726 1970 turres;
1763 1914 1875 1957 tum
1904 1903 2039 1957 Her-

466 2008 603 2060 culis
630 2006 864 2066 labores.
905 2015 955 2057 et
991 2002 1295 2055 Promethei
1328 2007 1684 2060 tormentum,
1716 2004 1881 2065 atque
1928 1996 2034 2048 alia

464 2099 627 2166 hujus
651 2100 863 2163 generis
887 2109 1097 2148 summa
1128 2103 1180 2146 et
1200 2091 1505 2145 admirabili
1539 2100 1656 2142 arte
1692 2090 1741 2141 in
1763 2101 2036 2141 marmore

463 2203 720 2257 expressa
772 2187 895 2256 quis
948 2185 1109 2252 digne
1160 2183 1419 2235 admirari
1453 2178 1697 2249 poterit?
1740 2177 1847 2231 Sed
1885 2176 2031 2245 quod

464 2283 656 2335 civitas
688 2279 778 2332 illa
836 2294 945 2331 non
981 2277 1144 2330 etiam
1198 2276 1348 2343 plura
1387 2274 1613 2326 istorum
1652 2285 1876 2339 operum
1940 2269 2036 2321 ha-

465 2375 606 2438 heat,
641 2371 759 2436 ejus
794 2371 905 2422 haec
937 2379 1015 2423 est
1059 2382 1244 2430 causa,
1276 2365 1415 2435 quod
1448 2374 1558 2417 tum
1591 2362 1809 2415 condita
1846 2359 2032 2422 fuerit,

464 2479 587 2519 cum
638 2464 799 2516 etiam
856 2461 943 2513 hic
1014 2468 1231 2529 propter
1281 2457 1595 2525 religionem
1650 2454 1755 2507 ista
1792 2453 2031 2520 neglecta

460 2555 705 2624 jacerent
724 2593 737 2606 .
766 2552 943 2606 Credo
971 2554 1115 2619 quod
1146 2550 1398 2603 homines
1426 2557 1729 2601 statuarum
1760 2556 1816 2600 ct
1847 2545 2031 2613 signo-

464 2660 586 2699 rum
618 2642 1034 2699 similitudinem
1070 2651 1490 2701 aversarentur;
1532 2640 1755 2707 quinam
1778 2651 1911 2705 ergo
1935 2637 2031 2687 ist-
2058 2634 2061 2637 λ

464 2738 555 2793 hic
579 2752 642 2791 ea
696 2746 809 2791 tum
835 2734 1029 2789 facturi
1057 2745 1256 2797 essent,
1291 2748 1412 2801 quae
1447 2734 1531 2786 hic
1563 2746 1685 2783 cum
1711 2731 1823 2799 jam
1854 2738 2031 2782 exsta-

462 2840 586 2884 rent
603 2829 841 2898 neglecta
861 2825 1146 2896 iacebant?
1165 2825 1429 2879 Fecerunt
1445 2833 1624 2876 tamen
1644 2832 1695 2875 et
1711 2824 2033 2875 invenerunt

462 2923 602 2976 alia:
642 2920 876 2981 tabulas,
929 2918 1171 2985 inquam,
1224 2917 1510 2985 imagines,
1544 2915 1784 2983 picturas
1839 2922 1891 2966 ct
1926 2922 2032 2967 tes-

464 3014 717 3068 sellatum
751 3013 864 3065 sive
894 3012 1167 3063 musivum
1188 3025 1347 3078 opus,
1374 3020 1544 3060 artem
1567 3023 1751 3061 revera
1780 3005 2031 3076 pulcher-

464 3108 660 3157 rimam
692 3112 745 3155 ct
777 3102 1011 3155 maxime
1040 3100 1362 3153 durabilem.
1396 3098 1462 3151 Et
1504 3099 1590 3151 htc
1623 3098 1836 3167 quidem
1868 3113 2028 3166 opera

464 3196 553 3251 illa
586 3192 864 3248 tessellata
896 3190 1189 3244 admodum
1212 3205 1335 3242 rara
1353 3198 1515 3242 sunt:
1541 3205 1661 3257 qum
1678 3189 1916 3258 profecto
1945 3204 2034 3244 so-

404 3298 419 3311 '
464 3285 571 3337 lius
591 3282 833 3345 Graeciae,
865 3289 958 3333 aut
993 3280 1173 3347 potius
1225 3278 1373 3333 illius
1415 3280 1565 3332 urbis
1617 3287 1744 3333 sunt
1773 3281 1988 3348 propria
2020 3302 2035 3336 :

463 3395 588 3433 nam
645 3379 688 3434 si
740 3380 822 3431 vcl
853 3379 942 3433 hic
987 3378 1067 3432 vel
1117 3377 1240 3432 aliis
1272 3377 1327 3429 in
1362 3378 1494 3432 locis
1525 3379 1630 3432 tale
1660 3378 1788 3447 quid
1817 3379 2032 3446 visitur,

436 3483 515 3524 et
545 3471 823 3526 materiam
846 3481 898 3525 et
928 3481 1097 3525 artem
1123 3470 1248 3523 inde
1272 3470 1487 3524 habuit.
1507 3469 1662 3534 Quod
1688 3470 1855 3524 etiam
1892 3473 1945 3525 in
1972 3487 2033 3526 re

463 3565 726 3620 statuaria
772 3558 1065 3633 conﬁgisse
1098 3562 1389 3629 existimo;

2142 1921 2475 1988 Προμηθέως
2508 1922 2761 1989 βάσανον,
2801 1923 2890 1975 καὶ
2916 1923 3139 1975 τοιαῦτα
3166 1924 3329 1991 ἕτερα
3354 1925 3461 1977 ὰπδ
3493 1927 3719 1995 μαρμάά

2143 2031 2277 2083 ρου;
2330 2015 2435 2066 ’1ὀῦ
2467 2015 2523 2066 δὲ
2579 2015 2653 2083 μὴ
2685 2017 2775 2066 καὶ
2813 2016 2982 2068 πλείω
3024 2016 3231 2068 τούτων
3281 2017 3426 2086 ἔχειν
3460 2020 3631 2071 αἴτιον
3653 2019 3719 2072 τὸ

2136 2107 2234 2175 τὴν
2266 2109 2415 2159 πόλιν
2455 2108 2669 2172 ἐκείνην
2716 2110 2833 2159 τότε
2867 2109 3223 2175 γεγενῆσθαι,
3262 2110 3353 2162 ὅτε
3395 2113 3567 2164 ταῦτα
3619 2114 3715 2164 καὶ

2137 2197 2369 2250 ἐνταῦθα
2409 2198 2496 2249 διὰ
2546 2199 2645 2266 τὴν
2687 2198 2987 2265 θρησκείαν
3041 2200 3316 2266 ἠμελεῖτο,
3373 2203 3713 2267 φευγόντων,

2136 2286 2313 2357 οἶμαι,
2344 2288 2452 2341 τῶν
2481 2287 2788 2358 ἀνθρώπων
2818 2289 2918 2358 τὴν
2956 2289 3064 2340 τῶν
3107 2290 3315 2353 ξοάνων
3345 2293 3441 2344 καὶ
3474 2293 3713 2346 είδώλων

2135 2381 2452 2450 ὁμοιότητα.
2481 2381 2602 2442 Πῶς
2630 2381 2811 2432 τοίνυν
2845 2382 3042 2432 ἐκεῖνοι
3082 2384 3256 2445 ποιεῖν
3292 2382 3538 2449 ἔμελλον,
3572 2384 3717 2437 ἃένδ

2135 2473 2308 2527 ταῦθα
2353 2474 2454 2543 ἤδη
2486 2473 2749 2542 πρότερον
2795 2472 2925 2524 ὄντα
2952 2472 3284 2544 καθῃρεῖτο;
3311 2475 3605 2545 Ἐποίησαν
3652 2477 3709 2530 δὲ

2134 2565 2228 2616 καὶ
2251 2564 2470 2632 ἐξεῦρον
2492 2563 2626 2616 ἄλλα
2646 2579 2659 2593 ·
2698 2563 2766 2615 τὰ
2794 2563 2882 2615 διὰ
2908 2562 3018 2615 τῶν
3048 2565 3313 2626 πινάκων,
3339 2567 3431 2618 καὶ
3459 2566 3707 2630 είκόνων,

2134 2653 2228 2704 καὶ
2250 2652 2513 2720 γραφῶν,
2557 2650 2651 2702 καὶ
2690 2650 2757 2702 τὰ
2784 2651 2871 2702 διὰ
2904 2650 3153 2719 ψηφίδων
3200 2653 3365 2719 λέγω,
3399 2652 3593 2718 τέχνης
3623 2652 3710 2703 ὖνά

2133 2763 2240 2809 τως
2278 2746 2670 2814 λαμπροτάτης
2708 2745 2802 2797 καὶ
2853 2747 3238 2815 μονιμωτάτης
3261 2764 3275 2777 ·
3301 2746 3336 2800 ἃ
3362 2747 3457 2800 καὶ
3485 2747 3573 2799 διὰ
3602 2748 3709 2799 τῶν

2132 2837 2382 2907 ψηφίδων
2413 2837 2585 2906 δήπου
2622 2839 2825 2891 σπάνια
2862 2839 3097 2891 ἐνταῦθα
3130 2842 3221 2891 καὶ
3254 2838 3471 2905 ἀληθῶς
3530 2839 3702 2908 μόνης

2132 2926 2235 2994 τῆς
2274 2926 2545 2991 Ἑλλάδος,
2573 2927 2604 2995 ἢ
2632 2926 2733 2995 τῆς
2760 2928 2967 2989 πόλεως
3002 2929 3236 2995 ἐκείνης.
3277 2928 3427 2978 Ἐπεὶ
3455 2927 3548 2978 καὶ
3578 2929 3633 2979 εί
3654 2943 3709 2980 τι

2134 3017 2373 3071 τοιοῦτον
2398 3019 2634 3072 ἐνταῦθα
2674 3020 2704 3088 ἢ
2744 3004 2983 3090 ἀλλαχοῦ
3036 3022 3334 3080 δείκνυται,
3366 3018 3575 3071 ἐκεῖθεν
3607 3019 3711 3090 τὴν

2064 3142 2108 3199 c
2140 3112 2269 3181 ὓλην
2296 3110 2419 3179 ἔσχε
2466 3114 2559 3165 καὶ
2612 3113 2713 3182 τὴν
2763 3114 2981 3183 τέχνην.
3022 3114 3087 3165 Ὅ
3130 3112 3338 3175 νομίζω
3367 3113 3460 3165 καὶ
3487 3112 3581 3164 ἐπὶ
3612 3110 3713 3179 τῆς

2149 3208 2654 3277 ἁνδριαντοποιικῆς
2700 3208 2973 3277 συμϐῆναι
2997 3223 3012 3238 ⁶
3047 3204 3317 3275 ἄρξασθαι
3365 3204 3466 3274 μὲν
3498 3205 3592 3257 καὶ
3624 3203 3714 3255 ἐλ-

2148 3299 2258 3349 θεῖν
2284 3297 2384 3366 τὴν
2417 3297 2592 3366 ἀρχὴν
2614 3298 2842 3362 ἐκεῖθεν,
2875 3297 3150 3350 ἐπιδοῦναι
3177 3296 3234 3348 δὲ
3271 3294 3591 3364 θαυμασίως
3613 3290 3715 3348 καὶ

2142 3389 2393 3442 ἐνταῦθα.
2418 3389 2574 3451 Ἴσως
2603 3388 2659 3441 δὲ
2691 3388 2850 3441 τοῦτο
2881 3388 2950 3442 ἂν
2978 3388 3123 3442 εἴποι
3147 3403 3230 3449 τις
3259 3386 3352 3439 καὶ
3378 3386 3469 3438 ἐπὶ
3499 3383 3715 3438 πολλῶν

2143 3477 2341 3530 ἄλλων.

1470 3562 1719 3617 videlicet
1771 3580 1889 3618 eam
1954 3567 2221 3635 principio
2281 3570 2730 3640 isthiccmpisse
2784 3582 2840 3626 et
2888 3575 2994 3627 huc
3056 3572 3403 3641 pervenisse:
3470 3578 3714 3626 attamen

461 3672 513 3715 et
568 3662 656 3715 hic
713 3660 1033 3714 admirabile
1083 3660 1361 3727 accepisse
1403 3659 1829 3713 incrementum:
1864 3659 2012 3728 quod
2054 3660 2304 3719 fortassis
2352 3668 2513 3718 etiam
2546 3667 2612 3722 de
2647 3666 2834 3721 multis
2865 3666 2987 3722 aliis
3014 3666 3134 3735 quis
3161 3665 3437 3721 aﬂ‘irmare
3497 3676 3709 3738 posset.

537 3757 640 3812 Sed
677 3766 733 3810 ut
764 3765 951 3811 caetera
985 3771 1104 3825 qua:
1154 3755 1271 3809 sine
1295 3755 1492 3811 fabulis
1530 3766 1582 3811 et
1618 3759 2031 3827 exaggeratione

460 3852 528 3905 de
560 3850 662 3904 ista
694 3849 827 3902 urbe
855 3847 1267 3901 commemorari
1313 3859 1547 3915 possent,
1580 3850 1862 3915 omittam;
1893 3861 2029 3905 tem-

460 3944 607 4010 plum
642 3941 789 4001 illud,
838 3939 925 3992 cui
957 3939 1175 4006 Sophia:
1208 3952 1401 3991 nomen
1433 3954 1463 3992 a
1517 3940 1700 3993 divina
1752 3940 2028 4011 Sapientia

459 4037 707 4089 conditor
739 4032 996 4100 imposuit
1054 4032 1425 4100 (nequaquam
1470 4034 1614 4086 enim
1654 4035 1903 4090 humanae
1938 4053 2026 4091 sa-

456 4125 676 4194 pientiae
725 4138 862 4192 Opus
909 4132 991 4176 est
1014 4121 1058 4192 ),
1100 4123 1186 4175 ubi
1255 4125 1375 4192 quis
1429 4126 1824 4194 contemplatus
1849 4128 2057 4190 fuerit,

459 4230 701 4284 quaenam
722 4215 825 4267 alia
846 4222 964 4281 post
1002 4213 1114 4266 haec
1136 4228 1335 4267 commt
1354 4230 1588 4276 morare,
1618 4216 1701 4269 vel
1732 4218 1918 4271 mirari
1942 4233 2033 4285 po.

463 4308 607 4369 terit,
629 4308 708 4360 vel
733 4321 962 4375 quorum
988 4306 1244 4374 deinceps
1265 4307 1460 4374 poterit
1479 4309 1790 4363 meminisse
1809 4308 2033 4379 ?Neque

457 4398 601 4451 enim
642 4406 763 4466 post
800 4397 1050 4449 homines
1076 4404 1228 4449 natos
1251 4396 1425 4449 simile
1451 4397 1578 4465 quid
1598 4396 1784 4464 fuisse,
1806 4399 1890 4452 vel
1935 4415 2035 4452 un—

2162 3752 2175 3761 ’
2220 3763 2379 3816 Ἀλλὰ
2407 3765 2576 3818 ταῦτα
2609 3765 2729 3834 μὲν,
2754 3766 2893 3835 ὅπερ
2922 3762 3096 3828 εἷπον,
3133 3764 3208 3816 ἐῶ
3231 3778 3245 3794 ⁸
3288 3763 3361 3815 ἐῶ
3386 3762 3443 3816 δὲ
3466 3766 3561 3817 καὶ
3584 3764 3713 3817 τᾶλα

2134 3855 2221 3920 λα,
2251 3857 2350 3909 ὅσα
2397 3873 2478 3917 τις
2513 3856 2767 3925 ἀμύθητα
2812 3858 2904 3908 καὶ
2966 3854 3358 3924 ἀνυπέρῆλητα
3406 3855 3586 3922 λέγειν
3617 3857 3713 3909 δύ-

2135 3967 2284 4002 ναιτο
2318 3951 2446 4018 περὶ
2503 3948 2750 4015 ἐκείνης·
2813 3947 2953 4001 ἀλλὰ
3002 3948 3127 4009 vah;
3168 3948 3395 4013 ἐκεῖνος,
3435 3942 3479 4014 ᾧ
3519 3947 3704 4012 καλῶς

2137 4042 2307 4095 ποιῶν
2335 4044 2536 4103 ἐκεῖνος
2576 4040 2817 4110 τοῦνομα
2842 4042 2938 4109 τῆς
2969 4039 3064 4093 τοῦ
3097 4040 3234 4092 Θεοῦ
3268 4039 3469 4106 Σοφίας
3497 4041 3713 4108 ἐπαφὴ-ι

2142 4149 2265 4201 μισε
2292 4133 2428 4201 (ἔστι
2458 4133 2566 4199 γὰρ
2594 4134 2761 4193 ὅντως
2786 4132 2885 4184 οὐκ
2906 4132 3255 4200 ἀνθρωπίνης
3288 4132 3478 4199 σοφίας
3500 4133 3709 4201 ἔργον),

2139 4224 2260 4275 τίνα
2296 4223 2470 4275 ἰδόντα
2501 4224 2652 4275 ἐάσει
2674 4223 2838 4291 ἔτερα
2864 4224 2957 4274 τοῦ
2975 4222 3162 4275 λοιποῦ
3192 4222 3390 4289 λέγειν,
3430 4223 3462 4293 ἢ
3496 4223 3710 4291 θαυμά-

2142 4314 2340 4383 ζειν,ἢ
2384 4314 2586 4378 ἑτέρων
2635 4315 2731 4366 τοῦ
2783 4313 2968 4365 λοιποῦ
3004 4314 3352 4383 μεμνῆσθαι;
3395 4310 3562 4382 Οἶμαι
3600 4316 3711 4383 γὰρ

2144 4406 2281 4473 μήτε
2314 4404 2590 4472 γενέσθαι,
2615 4408 2753 4476 μήτε
2788 4404 2892 4475 μὴν
2924 4407 3247 4474 γενήσεσθαί
3282 4423 3409 4459 ποτε
3443 4408 3630 4474 ὅμοιόν
3654 4426 3705 4460 τι

460 4501 619 4553 quam
676 4484 915 4536 futurum
964 4483 1235 4534 existimo.
1287 4480 1440 4535 Unde
1490 4492 1543 4537 et
1588 4484 1704 4553 ipse
1747 4495 2029 4555 postquam

2141 4498 2259 4550 κατ’
2315 4498 2667 4565 ἀνθρώπους·
2722 4497 2841 4549 ὅθεν
2880 4498 2944 4566 δὴ
3003 4497 3156 4564 κάγὼ
3191 4499 3382 4550 τούτου
3420 4500 3703 4567 μνησθεὶς,

461 4577 581 4643 ejus
636 4575 875 4639 memini,
932 4590 1145 4627 omnem
1175 4575 1369 4628 deinde
1409 4577 1711 4630 orationem
1756 4577 1824 4632 de
1880 4578 2029 4632 hisce

461 4669 626 4721 rebus
664 4666 927 4719 omittam.
968 4664 1148 4733 Neque
1175 4666 1318 4719 enim
1346 4667 1637 4736 quidquam
1703 4683 1800 4736 pro
1852 4670 1926 4722 rei
1952 4669 2031 4721 di-

458 4758 660 4827 gnitate
685 4758 749 4811 de
777 4758 864 4810 illo
895 4756 996 4810 dici
1031 4766 1240 4825 potest;
1266 4766 1317 4810 et
1367 4768 1651 4826 postquam
1675 4748 1792 4825 eius
1838 4760 2028 4813 metui-

458 4852 623 4913 ueris,
652 4849 783 4902 nihil
811 4851 1040 4916 amplius
1066 4849 1173 4901 ulla
1202 4849 1268 4902 de
1300 4863 1357 4901 re
1379 4850 1558 4901 dicere
1588 4850 1730 4902 licet.
1771 4849 1900 4902 Nam
1938 4850 2027 4903 ubi

459 4941 559 4993 hoc
583 4941 767 4993 animo
790 4950 965 4993 tecum
994 4941 1329 5005 consideras,
1361 4940 1428 4993 ibi
1464 4940 1597 4993 nihil
1627 4940 1770 4993 aliud
1804 4942 2027 5010 cogitari

458 5041 649 5099 potest.
683 5031 788 5084 Sed
824 5032 889 5085 de
913 5031 1027 5091 illo,
1059 5040 1116 5084 ut
1143 5031 1272 5092 dixi,
1302 5046 1397 5099 pro
1436 5032 1698 5098 dignitate
1726 5033 2023 5101 quidquam

453 5124 556 5177 dici
583 5124 795 5191 nequit;
826 5132 878 5175 et
901 5121 943 5176 si
969 5122 1092 5189 quis
1121 5124 1299 5174 dicere
1329 5134 1605 5189 tncrperet.
1635 5124 1753 5190 plus
1769 5128 2027 5192 temporis

454 5213 530 5266 illi
555 5229 715 5282 quam
740 5214 946 5267 caeteris
971 5212 1227 5265 omnibus
1253 5212 1563 5280 impendere
1586 5223 1892 5281 cogeretur,
1928 5231 2026 5271 nec

454 5315 634 5359 tamen
653 5290 945 5372 quidquam
980 5311 1036 5354 ut
1069 5317 1164 5369 par
1190 5312 1273 5373 est
1292 5305 1511 5357 diceret.
1534 5305 1636 5357 Sed
1656 5314 1708 5358 et
1731 5306 1832 5359 hoc
1857 5306 2027 5360 liben-

454 5408 533 5450 ter
551 5395 868 5456 concedam,
896 5392 1207 5461 neutiquam
1233 5404 1407 5447 tamen
1427 5411 1601 5465 neque
1625 5396 1675 5447 in
1698 5397 1800 5451 ﬁne
1822 5400 2025 5452 oratio-

450 5491 558 5551 nis,
580 5501 753 5553 neque
774 5485 967 5543 obiter,
983 5499 1079 5537 nec
1094 5484 1207 5537 sine
1224 5494 1375 5537 certo
1405 5487 1633 5540 consilio
1654 5499 1716 5555 ‘ut
1744 5492 2025 5559 superiora

450 5582 735 5637 dicendum
784 5587 921 5632 erat.
946 5577 1142 5631 Verum
1171 5577 1216 5632 si
1242 5594 1340 5631 nec
1368 5580 1546 5632 Statim
1576 5594 1607 5634 a
1636 5582 1923 5652 principio,
1973 5593 2027 5637 et

448 5684 597 5727 certo
614 5669 862 5732 consilio,
879 5683 1052 5737 neque
1070 5668 1221 5721 alteri
1246 5668 1473 5721 consilio
1494 5670 1680 5723 intenti
1710 5674 1872 5726 ullam
1894 5683 2027 5727 tem-

450 5766 522 5837 pli
570 5763 717 5818 iliius
740 5770 944 5831 partem
968 5760 1143 5817 verbis
1168 5760 1471 5816 describere
1494 5777 1799 5831 possumus,
1833 5767 2020 5835 utique

2132 4590 2275 4641 ἐάσω
2315 4588 2502 4641 λοιπὸν
2527 4590 2702 4641 πάντα
2725 4589 2814 4641 τὸν
2841 4592 2967 4657 περὶ
2996 4591 3201 4640 τούτων
3225 4590 3409 4655 λόγον.
3437 4588 3577 4641 Οὔτε
3598 4590 3708 4657 γὰρ

2131 4680 2259 4749 περὶ
2289 4679 2453 4731 αὑτοῦ
2488 4678 2629 4730 ἐστιν
2683 4680 2830 4743 ἄξιόν
2884 4697 2936 4730 τι
2990 4675 3080 4730 τοῦ
3124 4681 3449 4749 πράγματος
3503 4683 3701 4744 είπεῖν,

2130 4771 2251 4823 οὔτε
2281 4771 2469 4823 τούτου
2503 4772 2808 4839 μνησθέντα
2832 4771 3040 4834 ἔξεστιν
3074 4772 3210 4833 Bito;
3236 4773 3422 4823 λοιπὸν
3455 4775 3584 4839 περὶ
3608 4774 3701 4824 οῦ-

2128 4862 2371 4915 τινοσοῦν
2401 4863 2602 4928 λέγειν.
2635 4862 2803 4913 Τοῦτό
2842 4879 2899 4912 τε
2934 4863 3039 4931 γὰρ
3075 4864 3215 4911 κατὰ
3248 4862 3371 4913 νοῦν
3405 4862 3702 4931 βαὶόμενον

2129 4958 2227 5008 οὐκ
2260 4955 2406 5008 ἔστιν
2452 4956 2639 5023 ἕτερον
2686 4954 3051 5022 διανοηθῆναι.
3114 4956 3221 5006 Καὶ
3255 4955 3380 5021 περὶ
3419 4954 3581 5005 αὑτοῦ
3619 4955 3698 5019 δὲ,

2126 5044 2202 5105 ὡς
2234 5042 2410 5107 εἷπον,
2449 5046 2583 5111 πρὸς
2610 5045 2765 5105 ἀξίαν
2794 5061 2848 5094 τι
2883 5045 3059 5110 λέγειν
3090 5044 3340 5094 ὁπωσοῦν
3379 5046 3659 5111 ἀμήχανον
3682 5060 3696 5075 ⁸

2130 5138 2225 5188 καὶ
2256 5136 2559 5205 ἀρξάμενον
2578 5136 2634 5187 δὲ
2668 5137 2849 5203 δεήσει
2875 5136 3095 5187 πλείονα
3124 5138 3249 5204 περὶ
3293 5137 3479 5187 τοὲτου
3507 5136 3698 5203 χρόνον

2130 5228 2161 5295 ἢ
2194 5228 2325 5295 περὶ
2353 5226 2460 5278 τῶν
2492 5227 2799 5279 ὑπολοίπων
2848 5227 3065 5277 πάντων
3094 5226 3387 5281 ἀναλῶσαι,
3426 5226 3517 5275 καὶ
3547 5224 3698 5285 τέλος

2132 5316 2297 5384 μηδὲν
2328 5318 2473 5384 ὅμως
2501 5316 2651 5378 ἄξιον
2694 5318 2886 5368 εἰπεῖν.
2922 5315 3065 5381 Ἐγὼ
3117 5314 3171 5365 δὲ
3205 5317 3299 5367 καὶ
3337 5316 3571 5381 σπεύδω,
3622 5316 3697 5376 ὡς

2128 5401 2298 5470 εἷπον,
2330 5406 2499 5459 ταῦτα
2526 5408 2724 5459 δοῦναι.
2762 5408 2969 5459 Οὐκοῦν
3006 5408 3108 5459 ἔδει
3141 5410 3273 5476 τρὶς
3303 5408 3378 5477 τῷ
3412 5411 3556 5460 τέλει
3598 5409 3693 5459 τοῦ

2126 5498 2308 5563 λόγου,
2339 5498 2461 5549 οὐδὲ
2490 5500 2549 5549 ἐν
2570 5498 2851 5566 παρέργῳ,
2884 5499 2976 5550 καὶ
3005 5499 3103 5549 οὐκ
3146 5498 3273 5550 ἄνευ
3307 5503 3557 5567 προ-κοῖα,
3592 5502 3700 5554 ὦσ-

2128 5605 2236 5657 περ
2268 5591 2491 5640 ἐπὶτῶν
2522 5593 2957 5661 προειρημένων,
2992 5592 3107 5645 ἀλλ’
3133 5594 3180 5643 εί
3219 5596 3302 5643 κού⁸
3333 5594 3388 5655 ἐξ
3411 5594 3585 5661 ἀρχῆς
3606 5594 3700 5649 εὑ·-

2128 5679 2225 5741 θὺς
2258 5682 2352 5735 καὶ
2381 5684 2518 5748 μετὰ
2550 5685 2823 5750 προνοίας,
2856 5686 2946 5735 καὶ
2979 5686 3142 5753 μηδὲν
3163 5685 3287 5737 ἄλλο
3316 5688 3698 5754 προστησάμε-

2126 5791 2204 5827 νοι
2232 5772 2581 5844 ἡδυνήθημὲν
2611 5776 2787 5830 τιτῶν
2817 5778 2879 5828 ἐκ
2906 5778 3099 5845 ἐκείνῳ
3129 5776 3523 5843 ἐπιδείξασθαι,
3553 5778 3695 5847 εἵλου
