4144 6282
394 395 473 458 49
1486 387 1860 449 EPISTOLA
1901 386 1998 444 AD
2021 382 2374 444 IOANNEM
2414 385 2567 444 IMP.
3574 380 3638 441 50

394 521 495 575 μιν
519 504 585 556 ἂν
608 502 813 572 σφόδρα
839 499 1148 569 ἀγαπῆσαι.
1200 498 1358 561 Τίνος
1411 498 1520 566 γὰρ
1547 498 1706 564 λόγου
1738 494 1873 564 ὕψος
1909 495 1943 564 ἢ

2064 503 2154 545 hoc
2203 492 2398 562 ipsum
2435 507 2597 559 quam
2650 492 3034 546 cbarissimnm
3100 489 3256 543 nobis
3298 502 3418 542 esse
3454 487 3635 559 debet.

394 594 625 664 μέγεθος
655 595 969 657 ὲξισώσεται
1018 591 1096 660 τῷ
1142 593 1353 644 ἐκείνου
1387 588 1512 658 ὕψει
1565 592 1658 642 καὶ
1689 587 1948 658 μεγέθει;

391 689 544 738 ποῖον
575 686 634 738 δὲ
686 685 879 747 κάλλος
911 683 989 753 τῷ
1017 683 1238 746 κάλλει;
1273 684 1426 734 ποῖον
1453 683 1509 734 δὲ
1548 681 1708 748 λόγου
1736 680 1953 747 ἀξίωμα

390 775 470 844 τῷ
495 775 764 841 ἀξιώματι
817 775 1064 838 ἐκείνου;
1117 774 1246 827 ποία
1291 774 1349 826 δὲ
1377 773 1635 840 ἁπλότης,
1685 773 1747 824 ἵν’
1777 771 1952 831 οὕτως

392 867 553 925 εἴπω,
581 869 648 936 τῇ
697 866 1003 934 ἀπλὸτητι;
1056 867 1139 927 τίς
1181 865 1236 918 δὲ
1290 865 1531 933 δεινότης
1569 863 1828 933 ῥημάτων
1861 866 1954 916 καὶ

391 955 634 1008 ποικιλία
671 957 1044 1024 παρισώσεται
1076 960 1138 1026 τῇ
1177 957 1384 1009 ἐκείνου
1416 957 1694 1026 ποικιλίας
1730 960 1813 1018 τίς
1854 957 1952 1024 μὲν

389 1045 587 1112 λέξεων
613 1047 868 1116 ἀκρίῆεια
899 1051 964 1118 τῇ
995 1048 1102 1099 τῶν
1142 1047 1284 1099 ὑλῶν
1327 1049 1416 1101 διὰ
1451 1048 1669 1101 πάντων
1700 1047 1955 1118 ἀκριϐείᾳ

389 1141 485 1190 καὶ
523 1137 765 1207 ὑπεροχῇ
794 1154 808 1200 ;
838 1137 920 1197 τίς
967 1137 1025 1189 δὲ
1061 1138 1299 1206 συνθήκη
1329 1143 1395 1208 τῇ
1441 1140 1669 1192 ἐκείνων
1715 1139 1954 1212 ἁρμονίᾳ

389 1228 484 1280 καὶ
520 1228 793 1298 συνθήκῃ;
841 1222 901 1280 οὗ
936 1229 1030 1282 καὶ
1065 1229 1124 1282 ἓν
1155 1248 1205 1282 τι
1235 1231 1400 1300 μέρος
1445 1231 1476 1301 ἢ
1512 1233 1698 1300 μόριον
1723 1230 1868 1297 λέγω
1895 1235 1954 1283 τὸ

387 1320 756 1388 σμικρότατον
810 1319 1194 1384 ἀπολαῦόντες,
1251 1324 1351 1375 οὐκ
1392 1322 1613 1391 ἔχοιμεν
1661 1321 1727 1376 ἂν
1775 1325 1954 1376 εἰπεῖν

381 1411 573 1474 ἀξίως.
608 1411 749 1466 Οῠτε
785 1415 892 1483 γάρ
934 1415 1030 1477 τὰς
1083 1416 1260 1479 πύλας
1313 1417 1472 1486 μόνον
1509 1417 1605 1469 καὶ
1633 1417 1731 1479 τὰς
1776 1419 1953 1483 ὁδοὺς,

383 1501 508 1555 οὕτε
533 1503 817 1572 τοῦδαφος,
851 1507 912 1558 οὐ
936 1508 1004 1560 τὰ
1029 1508 1278 1576 πρόθυρα
1297 1509 1393 1560 καὶ
1409 1508 1474 1560 τὰ
1506 1509 1611 1578 πρὸ
1634 1510 1740 1560 τῶν
1771 1509 1955 1564 πυλῶν

387 1594 583 1664 κάλλη,
613 1597 673 1647 οὐ
701 1597 828 1659 τοὺς
863 1598 1070 1664 κίονας,
1100 1599 1161 1651 οὗ
1190 1599 1287 1661 τὰς
1307 1599 1566 1667 ψηφῖδας,
1611 1601 1672 1653 οὐ
1717 1601 1816 1659 τὰς
1847 1602 1954 1655 τῶν

385 1688 581 1755 τοίχων
632 1688 1046 1758 μαρμαρὼσεις,
1087 1690 1146 1742 οὐ
1179 1692 1277 1758 τὴν
1308 1691 1482 1755 ὕελον,
1529 1692 1590 1744 οὐ
1616 1692 1708 1745 τὸν
1730 1692 1788 1744 ὲν
1811 1694 1950 1764 αὐτῇ

383 1779 610 1847 χαλκὸν,
659 1781 720 1832 οὐ
750 1781 841 1832 τον
894 1781 1170 1850 μόλυϐδον,
1205 1783 1264 1836 οὗ
1311 1783 1406 1836 τὸν
1457 1784 1696 1854 σίδηρον,
1755 1786 1816 1838 οὐ
1855 1786 1952 1855 τὴν

2055 581 2353 652 Cujusnam
2387 582 2528 636 enim
2569 583 2834 636 orationis
2886 582 3198 636 sublimitas
3232 592 3326 634 aut
3359 579 3638 649 magnitu-

2054 676 2123 730 do
2163 675 2308 729 iilius
2354 674 2692 729 altitudinem
2739 674 3274 743 magnitudinemque
3299 671 3642 741 aquuabit?

2055 780 2175 833 quae
2209 764 2474 817 orationis
2496 763 2762 831 elegantia
2799 764 2943 816 illius
2980 762 3442 831 pulchritudinem
3468 761 3492 813 Τ
3519 777 3642 829 qu-e

2055 855 2312 921 majestas
2380 853 2524 908 illius
2577 853 2958 920 majestatem?
3013 867 3136 920 quae
3193 851 3533 920 simplicitas,
3585 859 3643 902 ut

2056 951 2128 1004 ila
2168 945 2368 1010 dicam,
2397 946 2540 1000 illius
2571 944 3022 1012 simplicitatem?
3057 959 3179 1012 que
3216 944 3296 996 vis
3321 954 3374 996 et
3410 943 3646 996 varietas

2055 1040 2345 1094 verborum
2414 1040 2539 1093 ilius
2597 1040 2912 1092 varietatem
2973 1036 3329 1102 adaequabit?
3376 1049 3494 1104 qua:
3561 1034 3646 1086 dio

2055 1134 2293 1187 ctionuzu
2313 1147 2440 1186 cura
2466 1141 2520 1186 et
2551 1133 2794 1185 delectus
2822 1131 2964 1184 illius
2990 1141 3298 1183 accuratam
3330 1143 3426 1196 per
3455 1128 3642 1180 omnia

2057 1223 2439 1292 perfectionem
2471 1232 2524 1275 et
2549 1224 2921 1277 excellentiam
2948 1223 2971 1276 ἲ
3015 1237 3134 1291 quae
3167 1221 3434 1274 orationis
3488 1229 3638 1272 stru—

2018 1309 2210 1370 ‘ctura
2244 1315 2388 1369 illius
2439 1315 2843 1384 proportionem
2883 1323 2942 1378 _et
2973 1312 3350 1367 structuram?
3390 1311 3548 1378 cujus
3597 1316 3641 1368 si

2057 1409 2137 1462 vel
2179 1422 2340 1460 unam
2383 1415 2586 1474 partem
2620 1412 2712 1458 aut
2765 1404 3047 1458 minimam
3088 1405 3268 1472 potius
3323 1403 3646 1471 particulam

2057 1514 2338 1565 sumanus,
2382 1512 2722 1568 nequaquam
2780 1496 2940 1566 digne
2989 1497 3293 1551 describere
3329 1509 3645 1564 possumus'

2055 1589 2239 1660 Neque
2260 1590 2402 1644 enim
2456 1589 2538 1642 vel
2569 1589 2712 1642 solas
2753 1595 3014 1653 portaset
3072 1586 3276 1649 aditus,
3339 1601 3446 1639 non
3500 1587 3650 1653 pavi-

2057 1691 2324 1746 mentum,
2357 1695 2460 1734 non
2494 1679 2786 1742 vestibula,
2840 1687 2895 1732 et
2963 1689 3241 1748 partarum
3291 1691 3641 1741 ornamenta,

2055 1787 2160 1826 non
2193 1771 2496 1832 columnas,
2547 1784 2652 1823 non
2689 1769 3040 1823 vermiculata
3079 1769 3418 1822 tessellarum
3454 1787 3646 1836 opera,

391 1833 714 1939 σάπφειρον,
748 1871 806 1923 οὐ
833 1833 924 1924 τὸν
952 1833 1170 1941 χρυσὸν,
1216 1875 1277 1927 οὐ
1331 1874 1429 1944 τὴν
1472 1833 1624 1929 est;
1667 1833 1824 1940 αὖθις
1856 1833 1956 1945 την

2064 1877 2166 1916 non
2195 1875 2528 1915 marmoreas
2585 1859 2847 1930 parietum
2913 1858 3358 1923 incrustationes,
3425 1876 3530 1913 non
3568 1861 3647 1912 vi-

393 1963 451 2012 ὲν
470 1962 585 2022 ταῖς
611 1959 863 2028 ψηφῖσιν,
899 1963 998 2014 οὐκ
1023 1963 1150 2016 ἄλλο
1177 1963 1358 2017 ὁτιοῦν
1411 1966 1573 2036 μέρος
1597 1966 1839 2032 ἀκριϐῶς
1870 1967 1960 2020 δυ-

387 2051 622 2117 ναίμεθα
651 2054 965 2117 καταλέξαι.
996 2056 1059 2107 Τί
1089 2055 1268 2108 τοίνυν
1289 2058 1352 2110 ἄν
1383 2075 1466 2120 τις
1497 2059 1622 2125 περὶ
1655 2059 1764 2112 τῶν
1798 2060 1961 2113 λίθων

387 2142 484 2193 καὶ
507 2140 601 2194 τοῦ
625 2143 748 2196 ὅλου
787 2145 1086 2213 σχήματος,
1119 2145 1334 2215 καὶτῆς
1363 2145 1493 2214 ὅλης
1532 2147 1822 2217 οἰκοδομῆς
1865 2149 1961 2202 καὶ

389 2230 483 2284 τοῦ
515 2232 773 2297 πλάτους.
795 2236 890 2289 καὶ
923 2235 1016 2287 τοῦ
1045 2235 1234 2305 ὕψους,
1277 2237 1494 2306 καὶτῆς
1519 2237 1725 2308 ὀροφῆς
1767 2239 1914 2306 λέγοι
1941 2254 1958 2305 ;

389 2325 460 2393 ἦν
492 2325 553 2377 οὐ
589 2325 749 2393 μόνον
776 2327 850 2390 ὡς
878 2327 992 2395 ἔχει
1023 2326 1228 2396 λέγειν.
1261 2329 1378 2382 ἀλλ’
1405 2329 1526 2383 οὐδὲ
1570 2331 1704 2400 ὁρᾷν
1726 2330 1962 2400 δυνάμε-

389 2414 494 2468 01°
535 2417 734 2485 μᾶλλον
765 2417 822 2470 δὲ
844 2418 1102 2486 ὁρῶντες,
1145 2420 1294 2482 ὅπως
1322 2421 1555 2490 ἕστηκεν
1596 2422 1959 2491 ἀπιστοῦμεν.

392 2503 610 2568 Ὥσπερ
635 2506 746 2572 γὰρ
775 2506 873 2576 τὴν
893 2506 1124 2577 οὐρανοῦ
1158 2511 1394 2577 σφαῖραν
1426 2509 1780 2579 θαυμάζομεν
1807 2512 1963 2579 στρέ-

391 2593 592 2660 φισθαι
619 2595 703 2662 ἐφ’
731 2597 949 2666 ἑαυτῆς,
979 2596 1153 2660 οὕτως
1203 2598 1406 2668 ταύτην
1434 2601 1534 2671 τὴν
1560 2602 1840 2672 ἀμίμητον
1871 2605 1964 2656 καὶ

397 2683 656 2753 οὐρανίαν
683 2685 848 2755 aeta:
883 2688 977 2740 καὶ
1014 2687 1242 2758 ὀροφὴν,
1271 2690 1420 2753 ὅπως
1440 2691 1538 2760 τὴν
1569 2691 1743 2762 ἀρχὴν
1773 2693 1965 2761 γέγονε

395 2777 494 2829 καὶ
513 2774 742 2844 ἕστηκεν
781 2777 1113 2847 ἀποροῦμεν.
1147 2780 1342 2833 Καίτοι
1387 2781 1635 2834 πλεῖστον
1665 2783 1760 2835 τοῦ
1799 2782 1966 2853 μεγὲ-

397 2868 523 2929 θους
559 2868 660 2935 τῆς
697 2868 872 2934 ὅψεως
912 2870 1124 2942 ἀνάγκη
1174 2870 1236 2924 τὸ
1271 2871 1406 2941 ὕψος
1439 2874 1711 2944 ἀφαιρεῖν,
1765 2875 1966 2943 μᾶλλον

390 2958 452 3012 δὲ
484 2961 576 3012 καὶ
631 2960 797 3014 αὑτοῦ
852 2961 944 3014 τοῦ
1005 2961 1223 3032 ὕψουςο
1258 2963 1409 3034 ὅμως
1449 2967 1731 3034 ἀμήχανον
1777 2966 1835 3019 τὸ
1867 2968 1964 3036 τῆς

397 3053 700 3123 ὑπερϐολῆς
731 3056 1018 3124 φαίνεται·
1053 3056 1193 3110 ὥστε
1246 3057 1320 3127 μὴ
1375 3059 1534 3126 μόνον
1575 3059 1666 3112 τὸν
1712 3060 1964 3112 τοσοῦτον

2061 1961 2229 2018 trum,
2263 1967 2369 2006 non
2418 1967 2492 2006 aes
2524 1951 2577 2004 in
2637 1952 2703 2005 iis
2731 1960 3136 2020 consumptum,
3175 1966 3283 2005 non
3339 1951 3648 2020 plumbum.

2061 2061 2168 2100 non
2201 2043 2428 2109 ferrum,
2463 2058 2570 2097 non
2633 2044 2972 2112 sapphirum,
3032 2059 3139 2096 non
3196 2059 3414 2107 aurum,
3476 2060 3652 2114 neque

2061 2137 2259 2191 vitrum
2290 2136 2343 2190 in
2369 2136 2710 2191 tessellarum
2739 2123 3142 2197 commissuris.
3173 2135 3377 2190 nullam
3411 2135 3652 2202 denique

2057 2230 2222 2284 aliam
2271 2237 2478 2298 partem
2531 2237 2784 2284 accurate
2839 2227 3153 2283 describere
3201 2230 3522 2298 poterimus.
3549 2228 3654 2282 Ec-

2029 2317 2190 2394 'quid
2225 2323 2391 2392 igitur
2443 2322 2509 2377 de
2543 2321 2834 2392 lapidibus.
2861 2321 2996 2388 quid
3056 2321 3124 2376 de
3191 2328 3302 2375 tota
3363 2320 3536 2390 ﬁgura
3597 2337 3652 2382 rt

2063 2423 2332 2472 structura
2360 2415 2635 2479 universa,
2670 2414 2802 2484 quid
2835 2414 2902 2469 de
2940 2414 3224 2467 latitudine
3250 2425 3305 2469 et
3335 2415 3652 2470 altitudines

2061 2503 2192 2574 quid
2229 2503 2296 2558 de
2327 2504 2452 2558 tecti
2486 2485 2700 2572 iastigio
2733 2503 2934 2572 aliquis
2964 2505 3108 2557 dicat
3136 2503 3161 2557 7
3196 2503 3370 2572 Cujus
3402 2515 3648 2560 structu.

2067 2611 2181 2650 ram
2211 2611 2316 2649 non
2354 2596 2528 2650 solum
2557 2595 2821 2654 oratione.
2869 2598 2962 2651 sed
2999 2612 3098 2650 nec
3136 2596 3252 2651 visu
3297 2600 3516 2667 assequi
3555 2615 3650 2652 va-

2066 2691 2278 2744 lemus:
2324 2688 2453 2757 quin
2515 2687 2888 2757 pot-iusoculis
2946 2698 3268 2744 contuentes
3337 2691 3490 2745 nobis
3523 2693 3654 2759 ipsis

2067 2781 2392 2850 persuadere
2423 2794 2856 2849 non-possumus
2903 2781 3178 2849 quomo-Jo
3205 2781 3486 2837 subsistat.
3518 2782 3651 2836 Nam

2067 2881 2124 2926 ut
2157 2872 2278 2926 caali
2331 2873 2515 2924 orbem
2561 2873 2612 2924 in
2641 2885 2700 2926 se
2755 2872 2874 2940 ipso
2932 2874 3172 2927 con-verti
3227 2875 3510 2936 miramur,
3576 2875 3653 2929 ita

2065 2963 2226 3016 etiam
2256 2978 2360 3033 qua
2393 2961 2608 3016 ratione
2647 2963 2794 3017 absis
2818 2963 2906 3016 illa
2963 2973 3016 3018 ct
3048 2965 3386 3034 contignatio
3417 2965 3653 3019 inimita-

2067 3052 2192 3108 bilis
2217 3061 2270 3106 et
2299 3051 2536 3108 caelestis
2595 3053 2863 3122 principio
2913 3053 3055 3112 facta
3087 3053 3270 3117 fuerit,
3301 3065 3354 3109 et
3377 3057 3654 3124 quomodo

394 3146 600 3212 ὄγκον,
653 3149 745 3201 καὶ
789 3153 889 3218 τὴν
938 3150 1196 3220 τοιαύτην
1235 3151 1580 3221 κατασκευὴν
1638 3152 1959 3221 θαυμάζειν,

2067 3144 2398 3209 substiterit,
2442 3143 2776 3198 dubitamus.
2831 3144 2892 3199 Et
2938 3147 3188 3213 quamvis
3245 3161 3526 3200 necessum
3581 3148 3653 3202 sit
3721 3163 3732 3175 '

396 3237 531 3291 ἀλλά
565 3241 660 3292 καὶ
691 3239 817 3311 τοὺς
868 3239 1126 3294 τοσοῦτον
1185 3240 1347 3309 ἔργον
1404 3242 1498 3294 ἀπ’
1537 3243 1748 3305 οὐδενὸς
1776 3245 1963 3311 ὁμοίου

393 3328 842 3398 παραδείγματος
896 3333 978 3394 είς
1009 3330 1135 3385 νοῦν
1165 3330 1553 3401 βαλλομένους,
1613 3333 1702 3385 καὶ
1750 3331 1964 3403 διανοη-

395 3419 606 3484 θέντας,
660 3422 753 3474 καὶ
788 3421 1117 3488 νομίσαντας
1163 3422 1386 3476 δυνατὸν
1433 3417 1574 3476 εἶναι
1622 3423 1836 3492 ἀληθῶς
1882 3425 1962 3488 είς

397 3510 555 3578 ἔργον
586 3512 886 3582 προελθεῖν,
919 3515 1014 3566 καὶ
1039 3513 1531 3585 διαπραξαμένους.
1569 3517 1632 3569 ’Ὀ
1670 3517 1817 3586 φημὶ
1865 3517 1965 3586 μὲν

398 3603 528 3670 περὶ
559 3603 653 3654 τοῦ
681 3604 802 3656 ὅλου
847 3604 1029 3666 ἁπλῶς
1049 3603 1244 3674 ἔργου,
1297 3606 1532 3676 μάλιστα
1557 3607 1614 3659 δὲ
1645 3609 1788 3676 φημὶ
1835 3608 1966 3676 περὶ

398 3692 500 3761 τῆς
525 3693 752 3763 ὀροφῆη,
794 3692 860 3765 ἧν
886 3697 1100 3766 ἀνάγκη
1131 3697 1222 3749 τὸν
1258 3698 1618 3768 ἀρχιτέκτονα
1642 3703 1853 3754 ἐκεῖνον
1878 3702 1967 3752 εὑ-

401 3782 496 3844 θὺς
535 3784 642 3835 ἀπὸ
666 3785 770 3837 τῶν
795 3786 1080 3854 θεμελίων,
1137 3788 1338 3856 μᾶλλον
1365 3789 1422 3842 δὲ
1457 3790 1550 3842 καὶ
1584 3791 1691 3858 πρὸ
1734 3791 1831 3860 τῆς
1857 3790 1966 3843 τῶν

398 3872 666 3936 θεμελίων
692 3875 870 3928 αὐτῶν
915 3878 1242 3941 καταϐολῆς,
1277 3877 1350 3939 ὡς
1387 3878 1482 3932 νῦν
1524 3879 1659 3947 ἔχει,
1687 3880 1968 3950 διανοηθῆσ-

395 3980 510 4027 ναι,
539 3965 631 4016 καὶ
653 3963 928 4035 θαρρῆσαι
963 3968 1222 4036 συστῆναι
1251 3968 1548 4022 δύνασθαι·
1583 3968 1610 4020 ὃ
1642 3969 1734 4021 νῦν
1756 3968 1969 4038 ὁρώμε-

397 4069 489 4108 νον
516 4054 841 4109 ἀπιστεῖται.
879 4055 1090 4126 Σφόδρα
1121 4058 1331 4112 ἐκεῖνον
1379 4059 1528 4120 είκὸς
1553 4061 1620 4128 τῇ
1654 4059 1841 4131 τέχνῃ,
1874 4062 1969 4114 καὶ

398 4145 520 4206 ταῖς
549 4144 864 4212 ἀναλογίαις
891 4149 1010 4208 ταῖς
1040 4149 1164 4199 κατ’
1193 4147 1365 4218 αὐτὴν
1395 4149 1686 4202 πιστεῦσαι
1707 4165 1720 4180 ο
1757 4152 1962 4220 σφόδρα

392 4233 454 4288 δὲ
481 4231 619 4288 εἶναι
646 4238 1074 4307 γεωμετρικὸνῆ
1109 4239 1411 4309 μηχανικόν
1441 4257 1456 4271 ⁸
1491 4241 1667 4295 καίτοι
1701 4242 1752 4295 τί
1783 4244 1960 4311 uno;

398 4329 573 4379 ἐκεῖνο
593 4328 698 4396 γὰρ
727 4329 786 4380 τὸ
812 4328 973 4399 ἔργον
1000 4331 1061 4383 οὑ
1114 4321 1211 4399 τὴν
1236 4329 1447 4383 ἐκείνου
1479 4331 1665 4400 μόνον,
1715 4337 1809 4387 καὶ
1858 4334 1967 4386 τῶν

397 4416 575 4469 ἄλλων
601 4417 1015 4487 δομησαμένων,
1048 4419 1184 4473 ἀλλά
1233 4420 1326 4472 καὶ
1352 4422 1454 4488 τὴν
1488 4421 1580 4474 τοῦ
1622 4421 1965 4493 ἀνθρωπίνου

2067 3236 2381 3293 utaltitudo
2431 3227 2892 3306 quamplurimum
2965 3236 3033 3290 de
3070 3225 3442 3304 magnitudine
3495 3251 3656 3304 aspe'

2063 3341 2208 3396 ctus,
2233 3330 2315 3382 vel
2351 3331 2530 3398 potius
2561 3329 2626 3382 de
2661 3329 2774 3396 ipsa
2813 3327 3104 3383 altitudine
3152 3330 3474 3395 subtrahat;
3507 3341 3653 3384 attao

2067 3436 2186 3474 men
2233 3430 2494 3488 quantum
2536 3419 2779 3473 cernitur
2821 3420 3153 3474 immensum
3189 3428 3243 3474 et
3281 3431 3491 3474 vastum
3521 3426 3653 3491 quid

2065 3520 2322 3581 apparet;
2372 3512 2442 3564 ita
2468 3521 2524 3563 ut
2582 3526 2686 3563 non
2749 3511 2922 3564 solum
2975 3511 3411 3566 tantamﬁnolem
3447 3514 3648 3568 talem-

2067 3619 2172 3674 que
2208 3613 2542 3658 structuram
2569 3602 2766 3673 aliquis
2827 3603 3076 3665 ntirctur,
3119 3603 3212 3659 sed
3244 3615 3297 3658 et
3360 3605 3502 3668 illos,
3557 3606 3652 3674 qui

2067 3697 2216 3751 nullo
2274 3697 2439 3751 simili
2502 3696 2748 3765 exetnplo
2799 3697 3081 3764 proposito
3131 3706 3336 3750 tantum
3365 3712 3502 3766 opus
3537 3700 3657 3752 ani-

2069 3803 2158 3841 mo
2196 3794 2594 3854 conceperunt,
2643 3795 2697 3839 et
2746 3788 2944 3840 mentis
2984 3795 3308 3854 conceptum
3359 3787 3536 3854 reipsa
3601 3789 3654 3841 in

2068 3891 2204 3944 Opus
2256 3876 2484 3943 produci
2525 3890 2684 3939 posse
2746 3878 3157 3938 existimarunt,
3199 3885 3253 3929 et
3284 3875 3653 3944 perfecerunt.

2073 3969 2138 4022 Et
2175 3969 2276 4020 hoc
2303 3966 2832 4036 quidem'absolute
2883 3969 2950 4020 de
3010 3977 3123 4021 toto
3179 3983 3345 4038 opere
3394 3968 3656 4040 intelligo,

2070 4062 2164 4113 sed
2198 4057 2467 4127 praecipue
2513 4057 2580 4112 de
2611 4058 2764 4114 tholo
2801 4076 2816 4113 :
2863 4075 3024 4128 quem
3062 4062 3372 4116 necessario
3418 4063 3658 4116 archite-

2069 4160 2188 4204 ctus
2217 4149 2304 4203 ille
2328 4149 2510 4204 statim
2568 4153 2636 4204 ab
2687 4152 2820 4220 ipsis
2875 4151 3266 4216 fundamentis,
3331 4155 3416 4208 vel
3478 4156 3658 4223 potius
3707 4147 3714 4152 ’

2069 4245 2230 4296 etiam
2259 4250 2384 4296 ante
2411 4241 2552 4308 jacta
2587 4240 2936 4298 fundamenta
2987 4245 3146 4297 talem
3173 4245 3351 4312 qualis
3380 4262 3527 4300 nunc
3550 4259 3656 4311 est,

2070 4335 2252 4387 animo
2309 4335 2575 4402 concepit,
2633 4335 2916 4390 etcxstrui
2990 4349 3148 4402 posse
3203 4337 3446 4392 conlidit.
3503 4337 3658 4404 Quod

2072 4441 2214 4479 nunc
2245 4425 2370 4478 dum
2414 4425 2590 4479 oculis
2637 4427 2879 4481 cernitur
2914 4427 3069 4480 [idem
3126 4428 3358 4482 excedit.
3407 4429 3662 4483 Etruro-

399 4507 609 4576 γένους,
646 4510 739 4561 καὶ¹
767 4509 866 4579 τὴν
893 4510 987 4563 τοῦ
1019 4510 1158 4572 ζώου
1189 4511 1382 4564 τούτου
1437 4511 1626 4575 ἁπλῶς
1675 4514 1961 4583 ἀγχίνοιαν

2069 4517 2249 4572 simile
2279 4527 2362 4572 est
2407 4517 2681 4570 hominem
2744 4518 2894 4571 illum
2963 4517 3064 4573 arti
3095 4527 3150 4572 et
3203 4521 3656 4590 preportionibus

400 4598 496 4650 καὶ
528 4597 931 4666 μεγαλουργίαν
960 4599 1090 4662 τοὺς
1116 4599 1356 4665 ὁρῶντας
1387 4597 1609 4652 δύναται
1637 4603 1812 4652 ποιεῖν
1837 4600 1967 4654 θαυ-

403 4689 633 4758 μάζειν*
663 4689 744 4742 ὅτι
787 4688 1040 4742 τοσοῦτον
1073 4689 1222 4759 αὑτῷ
1268 4690 1449 4759 φύσει,
1482 4691 1620 4759 ὅπερ
1645 4692 1744 4743 οὐκ
1775 4691 1840 4745 ἄν
1885 4709 1970 4754 τις

405 4781 669 4848 πρότερον
697 4777 872 4848 ᾠήθη,
898 4780 1157 4841 ἐπινοίας,
1187 4782 1280 4832 καὶ
1319 4781 1693 4850 μεγαλονοίας,
1723 4781 1756 4851 ἢ
1784 4781 1966 4847 ἀξίας,

404 4869 500 4921 καὶ
529 4869 810 4937 δυνάμεως
843 4869 1139 4937 περίεστιν.
1174 4865 1344 4938 Οἶμαι
1388 4872 1495 4940 γὰρ
1523 4873 1676 4926 οὐδὲν
1712 4873 1820 4925 τῶν
1853 4891 1970 4942 χει-

408 4962 694 5030 ροκμήτων
716 4959 920 5013 τούτων
948 4961 1127 5027 ἔργων
1157 4963 1290 5030 παρ’
1315 4961 1621 5030 ἀνθρώποις
1650 4963 1834 5032 ὅμοιον
1859 4964 1968 5017 οὐδ’

405 5051 571 5118 ἐγγὺς
613 5051 883 5119 γενέσθαι.
923 5051 1098 5104 Πολλά
1127 5052 1183 5104 δὲ
1227 5055 1448 5123 καὶτῆς
1490 5055 1705 5121 φύσεως
1744 5058 1836 5110 καὶ
1870 5057 1969 5125 τῆς

403 5139 748 5210 διανοητικῆς
787 5141 977 5208 σοφίας
1024 5143 1082 5192 ὲν
1136 5141 1284 5211 αὐτῷ
1335 5143 1616 5196 δείκνυται
1660 5143 1964 5214 θαυμάσια.

404 5230 578 5283 Τοῦτο
604 5230 785 5283 τοίνυν
810 5233 870 5283 τὸ
892 5230 1141 5284 τοσοῦτον
1173 5231 1266 5283 καὶ
1295 5231 1536 5284 τοιοῦτον
1569 5232 1730 5303 ἔργον
1755 5233 1966 5304 βέλτιον

403 5323 582 5390 σιωπῇ
624 5321 958 5390 θαυμάζειν
1003 5323 1124 5373 ἐπεὶ
1179 5324 1274 5376 καὶ
1310 5323 1417 5375 ἀπὸ
1447 5323 1546 5390 τῆς
1587 5323 1824 5395 δψεωςῆ
1867 5329 1968 5394 τῆς

404 5414 624 5482 μνήμης
655 5413 822 5480 μόνης
847 5414 1033 5475 ἀνόους
1077 5415 1167 5466 καὶ
1194 5411 1440 5482 ἀφώνους
1474 5414 1598 5477 τοὺς
1620 5415 1966 5485 ἐνθυμουμέ-

400 5519 526 5562 νους
557 5502 647 5555 καὶ
689 5503 929 5572 ὁρῶντας
964 5506 1134 5556 ποιεῖν
1164 5504 1391 5556 δύναται
1417 5520 1430 5535 ο
1471 5503 1965 5571 ὣσπεράδλεπτεῖν

401 5594 690 5662 συμϐαίνει
717 5597 844 5658 τοὺς
884 5597 1019 5665 πρὶς
1065 5598 1156 5648 τὸν
1183 5596 1334 5664 ἥλιον
1375 5595 1409 5666 ἦ
1437 5597 1572 5664 πρός
1609 5615 1662 5649 τι
1692 5599 1798 5651 τῶν
1824 5599 1967 5667 λαμ-

403 5684 556 5749 πρῶν
607 5685 870 5756 ὁρῶντας.
906 5686 1016 5739 Καὶ
1062 5690 1190 5757 περὶ
1225 5688 1331 5739 τῶν
1382 5688 1567 5757 ἐκείνῃ
1617 5689 1674 5740 δὲ
1708 5691 1772 5758 τῇ
1813 5691 1965 5741 πόλει

399 5772 664 5843 λειψάνων
698 5777 869 5847 ἁγίων
917 5781 1007 5832 καὶ
1041 5778 1420 5850 ἀγιασμάτων,
1455 5779 1490 5834 ἂ
1518 5780 1747 5833 πλεῖστα
1774 5780 1875 5851 μὲν
1906 5780 1965 5844 ἐξ

2080 4607 2392 4662 artiﬁciosis
2418 4609 2706 4662 admodum
2743 4609 2909 4665 fuisse
2970 4610 3260 4672 conﬁsum,
3325 4623 3438 4665 tum
3491 4615 3654 4667 etiam

2077 4700 2407 4769 geometrica
2463 4707 2517 4752 et
2580 4701 2895 4755 mechanica
2945 4703 3177 4756 scientia
3232 4703 3402 4758 fuisse
3459 4705 3661 4759 instru-

2076 4789 2408 4843 ctissimum.
2446 4788 2508 4842 Et
2529 4790 2656 4858 quid
2687 4790 3102 4845 multis?unum
3138 4793 3239 4847 hoc
3274 4807 3410 4862 opus
3439 4796 3656 4860 suilicit,

2079 4878 2220 4931 unde
2246 4893 2350 4930 non
2387 4879 2532 4932 illius
2562 4879 2736 4934 solum
2769 4888 2822 4933 et
2858 4882 3186 4949 reliquorum
3207 4885 3654 4951 architectorum,

2075 4969 2170 5022 sed
2206 4973 2368 5022 totius
2396 4970 2615 5022 humani
2671 4973 2882 5040 generis
2909 4981 2963 5026 rt-
3009 4973 3273 5044 ingeniosi
3328 4976 3490 5047 hujus
3539 4979 3656 5030 ani-

2078 5062 2276 5114 mantis
2327 5063 2603 5116 solertiam
2690 5072 2741 5116 et
2808 5066 3264 5135 magnificentia-tn
3324 5069 3654 5123 admireris:

2075 5153 2163 5206 cui
2200 5163 2406 5208 tantum
2461 5155 2656 5221 ingenii
2689 5166 2740 5206 ct
2793 5167 2896 5208 tam
2938 5170 3114 5212 vastas
3147 5160 3525 5228 cegitationes,
3579 5175 3658 5229 vel

2075 5245 2235 5298 etiam
2272 5255 2480 5299 tantum
2517 5245 2793 5315 dignitatis
2830 5257 2881 5301 et
2917 5252 3188 5315 potentite,
3240 5259 3504 5318 quantum
3572 5252 3657 5301 vix

2074 5338 2363 5406 quisquam
2419 5348 2542 5392 ante
2595 5340 2935 5400 credidisset,
2981 5353 3185 5396 natura:
3241 5342 3503 5396 beneficio
3526 5357 3656 5409 sup-

2071 5427 2224 5495 petit.
2254 5424 2327 5481 lta
2357 5429 2499 5482 enim
2528 5429 2798 5495 existimo,
2834 5431 3036 5484 nullum
3067 5432 3315 5485 humana:
3374 5432 3656 5504 industriae

2074 5532 2210 5586 opus
2244 5519 2311 5571 ad
2342 5519 2442 5572 ltoc
2478 5519 2649 5587 ipsum
2679 5523 2956 5582 accedere,
2992 5522 3162 5575 multo
3193 5524 3369 5572 minus
3394 5536 3608 5588 aequare
3635 5537 3651 5572 ι

2073 5608 2128 5662 in
2168 5624 2276 5676 quo
2303 5610 2463 5662 etiam
2508 5610 2672 5663 multa
2717 5620 2822 5664 tam
2856 5619 3062 5664 natura}
3120 5624 3282 5675 quam
3339 5610 3537 5679 ingenii
3589 5625 3654 5664 ac

2073 5696 2348 5763 sapientia:
2406 5699 2662 5751 miracada
2720 5707 3003 5765 apparent.
3068 5700 3296 5749 Praestat
3351 5698 3658 5766 igiturnos

2075 5796 2279 5860 tantum
2315 5800 2375 5838 ac
2424 5789 2526 5839 tale
2583 5802 2716 5857 opus
2764 5786 2981 5840 silentio
3042 5786 3336 5843 admirari:
3389 5806 3508 5845 cum
3571 5787 3655 5847 vc!
