4144 6282
461 408 523 461 51
1641 414 2039 475 MANUELIS
2078 416 2174 474 CH
2186 414 2609 475 RYSOLOR/E
3657 414 3725 477 52

461 519 583 586 ipsc
620 528 844 585 aspectu
870 518 947 571 vel
1000 518 1164 573 etiam
1215 520 1331 575 sola
1390 522 1770 577 recerdalione
1823 534 2056 577 mentem

2171 526 2333 595 αρχῆς
2364 526 2574 593 γέγονε,
2605 528 2803 599 σπουδῇ
2836 529 3171 598 πανταχόθεν
3204 529 3307 581 τῶν
3332 528 3469 581 κατὰ
3511 530 3743 597 καιροὺς

461 624 758 678 vocemque
795 611 923 677 illis,
954 613 1043 679 qui
1086 612 1165 665 vel
1216 614 1423 678 animo,
1465 618 1545 667 vel
1603 616 1779 669 oculis
1810 625 2057 669 contem-

465 702 707 769 piantur,
740 702 980 757 adimere
1012 704 1184 773 possit
1214 707 1710 774 :quemadmodum
1745 707 1779 760 ii
1803 708 2060 762 cmenlire

460 794 658 859 solent,
700 794 790 863 qui
819 794 989 849 solem
1026 797 1108 850 vel
1143 798 1304 851 aliam
1345 814 1457 851 rem
1483 798 1717 853 lucidam
1753 800 2056 853 intuemur.

460 885 597 948 Ouin
630 889 792 944 etiam
835 889 903 943 de
936 889 1180 958 reliquiis
1238 900 1576 954 sanctorum,
1614 902 1667 945 et
1690 893 1851 947 rebus
1884 893 2056 947 sacris

2164 616 2431 685 ἀοιδίμων
2473 618 2738 687 βασιλέων
2787 620 2955 673 ταῦτα
2999 620 3438 688 συλλεξαμένων,
3475 618 3745 671 πλείστων

2165 707 2222 760 δέ
2249 704 2405 771 αὖθις
2448 711 2677 774 ἐκεῖθεν,
2723 710 2913 781 ὥσπερ
2946 714 3054 765 ἀπὸ
3102 714 3290 781 κοινῆς
3338 711 3523 781 πηγῆς
3572 727 3745 775 τινος,

2167 805 2477 871 πανταχόσε
2508 806 2884 869 διαδοθέντων,
2933 808 3103 859 πολλὰ
3142 807 3220 859 ἐτι
3252 808 3347 859 καὶ
3378 805 3471 859 νῦν
3505 804 3747 875 μεμένη-

2168 912 2285 958 κεν,
2319 896 2495 958 οὐδεὶς
2525 897 2683 962 ὅλως,
2712 895 2888 968 οτμαι,
2917 900 3122 967 ἀγνοεῖ.

459 984 605 1040 illius
635 984 806 1046 urbis,
841 1000 962 1053 qua:
992 984 1208 1053 quidem
1243 985 1491 1054 plurima:
1519 1002 1548 1039 a
1583 986 1849 1055 principio
1887 986 2124 1049 fuerunt,
2160 1002 2226 1041 eo
2259 990 2401 1055 quod
2437 1005 2651 1044 summo
2708 1007 2924 1061 semper
2973 1007 3099 1046 cum
3132 992 3315 1047 studio
3368 991 3436 1044 ab
3469 991 3745 1060 augustis-

460 1078 616 1130 simis
675 1078 1097 1146 imperatoribus
1152 1080 1521 1150 undequaque
1561 1080 1965 1149 Colligerentur,
2001 1081 2091 1134 sed
2129 1082 2380 1149 plurimis
2449 1084 2572 1137 inde
2629 1095 2885 1154 tanquam
2916 1100 2945 1139 a
2991 1084 3268 1139 communi
3318 1082 3554 1151 quodam
3600 1080 3747 1133 fonte

462 1168 528 1223 ad
567 1170 668 1223 alia
696 1171 810 1223 loca
839 1171 1176 1227 transmissis
1202 1172 1556 1227 nihilominus
1581 1174 1746 1227 etiam
1787 1190 1928 1227 nunc
1989 1175 2171 1229 multa:
2200 1186 2517 1243 supersunt,
2577 1177 2849 1231 neminem
2900 1179 3124 1232 omnino
3180 1178 3431 1245 ignorare
3464 1174 3743 1230 existimo.

533 1262 800 1317 Caeterum
858 1280 1001 1318 nunc
1030 1264 1157 1317 illud
1200 1266 1265 1318 de
1292 1274 1521 1333 utraque
1574 1268 1709 1319 urbe
1765 1268 1965 1327 dicam,
2017 1280 2062 1319 sn

461 1355 585 1423 quis
614 1357 962 1423 antiquorum
1014 1356 1227 1409 illorum
1261 1372 1422 1423 opera
1485 1366 1708 1426 speetrt,
1746 1369 1851 1411 tam
1881 1359 1930 1409 in
1960 1356 2064 1411 hac

461 1460 626 1511 quam
661 1446 712 1498 in
750 1460 934 1500 nostra
983 1449 1135 1511 urbe,
1175 1448 1323 1501 illum
1381 1454 1433 1501 e’t
1472 1450 1801 1517 voluptatem
1832 1458 1884 1501 ct
1916 1448 2063 1501 utili-

465 1546 633 1593 tatem
668 1539 790 1593 inde
832 1549 1237 1608 percepturum.
1280 1540 1372 1594 Est
1409 1542 1551 1595 enim
1579 1543 1723 1610 quod
1753 1539 2061 1594 mortalium

462 1646 629 1699 Opera
662 1632 971 1695 admireris,
997 1643 1081 1687 est
1117 1634 1362 1687 vicissim
1410 1649 1507 1686 cur
1532 1644 1851 1687 contemnas
1883 1644 1936 1686 et
1966 1646 2064 1701 pro

466 1724 634 1776 nihilo
661 1724 860 1777 habeas
891 1742 904 1778 :
939 1741 1061 1778 nam
1104 1726 1147 1778 si
1180 1725 1303 1793 quis
1326 1741 1388 1779 ea
1451 1736 1728 1793 spectans,
1765 1725 1917 1778 urbis
1952 1724 2060 1777 ιιυ-

468 1830 570 1867 ma:
616 1815 900 1882 imperium
932 1827 983 1869 et
1052 1817 1375 1885 potentiam,
1420 1826 1530 1870 tum
1572 1818 1734 1870 etiam
1781 1816 2060 1869 hominum

2242 1268 2386 1321 Ἀλλ’
2422 1271 2601 1321 ἐκεῖνο
2627 1268 2812 1322 λοιπὸν
2846 1269 2914 1321 ἂν
2947 1270 3160 1336 εἴποιμι
3210 1270 3339 1338 περὶ
3392 1269 3743 1337 ἀμφοτέρωνι

2172 1361 2253 1413 ὅτι
2278 1360 2432 1429 παρὰ
2454 1360 2553 1428 τῆς
2587 1360 2799 1422 πόλεως
2833 1361 3061 1430 ταύτης,
3091 1359 3282 1429 ὥσπερ
3328 1359 3423 1412 καὶ
3460 1359 3610 1424 παρὰ
3643 1354 3746 1421 τῆς

2174 1454 2470 1522 ἡμετέρας,
2497 1452 2616 1505 ἐστι
2653 1454 2753 1521 μὲν
2784 1453 2978 1522 τέρψιν
3036 1450 3348 1505 σκοποῦντα
3382 1450 3450 1502 τὰ
3499 1448 3608 1501 τῶν
3636 1464 3745 1498 πα-

2172 1545 2343 1599 λαιῶν
2384 1544 2634 1611 ἐκείνων,
2662 1545 2780 1598 ἔστι
2810 1545 2867 1597 δὲ
2924 1546 3021 1597 καὶ
3046 1544 3317 1611 ὠφέλειαν
3385 1538 3743 1609 κομίσασθαι.

2176 1639 2284 1691 Καὶ
2319 1638 2435 1691 ἐστι
2490 1638 2587 1708 μὲν
2621 1639 2900 1707 Θαυμάσαι
2950 1638 3019 1691 τὰ
3062 1636 3170 1690 τῶν
3224 1633 3529 1705 ἀνθρώπων
3585 1631 3745 1700 ἔργα,

2171 1729 2362 1783 ἔστιδὲ
2387 1727 2452 1783 αὖ
2484 1732 2577 1784 καὶ
2611 1730 3037 1799 καταφρονῆσαι
3076 1729 3307 1793 τούτων,
3361 1728 3457 1781 καὶ
3486 1725 3746 1795 τδμηδὲν

2173 1821 2312 1873 αὐτὰ
2344 1821 2691 1888 λογίσασθαι.
2753 1822 2815 1873 El
2845 1820 2954 1889 γάρ
2988 1837 3072 1881 τις
3113 1818 3286 1871 ταῦτα
3313 1816 3457 1886 ὁρῶν
3506 1813 3747 1881 ἐνθυμη-

468 1908 686 1962 illorum
718 1910 1062 1978 dignitatem,
1103 1925 1267 1977 opera
1294 1925 1357 1963 ac
1386 1911 1568 1964 studia
1616 1910 1960 1972 consideret,
1999 1922 2061 1962 ac

2171 1912 2286 1983 θείη
2313 1910 2411 1982 τὴν
2457 1913 2760 1982 ἡγεμονίαν
2782 1912 2883 1980 τῆς
2934 1909 3177 1978 Ῥώμης,
3217 1907 3310 1960 καὶ
3352 1906 3451 1974 τὴν
3487 1903 3743 1970 δύναμιν,

466 2000 663 2052 deinde
692 1999 888 2065 videat,
910 2015 1069 2067 quem
1091 2001 1247 2053 linem
1268 1999 1370 2053 ista
1394 2000 1576 2054 omnia
1604 2001 1817 2053 tandem
1853 1999 2058 2052 habue-

468 2091 579 2144 rint
606 2108 619 2144 :
652 2089 723 2143 ita
753 2100 808 2142 ut
842 2106 948 2143 non
973 2093 1149 2143 solum
1184 2091 1307 2160 ipsi,
1333 2108 1519 2145 verum
1551 2092 1713 2146 etiam
1740 2091 1982 2160 potentia
2009 2100 2065 2144 et

466 2182 779 2251 imperium,
796 2193 959 2252 atque
979 2186 1105 2251 ipsa!
1126 2186 1375 2239 civitates
1394 2186 1778 2254 pt'OpemOdtlm
1796 2184 2071 2238 emorian-

470 2286 562 2329 tur
615 2279 787 2344 (natn,
828 2278 994 2330 utilie
1036 2280 1129 2338 ait,
1166 2278 1326 2330 etiam
1381 2278 1629 2331 civitates
1680 2277 2067 2343 moriuntur);

470 2362 584 2438 quo
650 2370 864 2424 tandem
928 2371 1044 2424 loco
1076 2370 1165 2425 ille
1209 2386 1295 2425 res
1352 2371 1622 2424 humanas
1696 2354 2093 2438 reputaverity'

470 2462 745 2529 quomodo
816 2460 905 2515 ille
972 2462 1049 2515 vel
1126 2461 1384 2516 secundis
1453 2462 1764 2527 extolletur,
1823 2460 1904 2515 vel
1974 2461 2071 2514 de-

470 2550 739 2620 primetur
794 2551 1078 2606 adversis?
1139 2562 1234 2606 aut
1287 2567 1386 2620 qna
1441 2568 1500 2607 re
1567 2567 1894 2622 magnopere
1954 2552 2071 2622 glo—

470 2643 744 2697 riabitur?
824 2647 905 2698 vel
968 2646 1093 2712 quid
1165 2646 1383 2699 tandem
1443 2660 1507 2699 ex
1584 2647 1746 2700 rebus
1813 2646 2070 2700 humanis

469 2738 653 2805 magni
674 2736 836 2791 faciet
856 2736 878 2790 ?
896 2737 1104 2805 Saepius
1120 2753 1220 2807 ego
1249 2737 1377 2792 dum
1399 2736 1754 2806 triumphales
1776 2736 1939 2790 hasce
1958 2735 2072 2788 vias

471 2838 708 2890 transeo,
741 2844 896 2897 reges
926 2844 988 2883 ae
1041 2830 1309 2898 principes
1349 2840 1688 2897 caeterosque
1726 2844 1788 2882 ex
1815 2827 2067 2881 Armenia

471 2930 567 2974 aut
599 2919 839 2984 Perside,
873 2921 956 2973 vel
982 2938 1044 2974 ex
1078 2922 1197 2974 aliis
1226 2923 1605 2976 remotissimis
1637 2922 1949 2992 regionibus
1981 2936 2072 2975 ca-

474 3018 657 3086 ptivos
714 3016 892 3069 istbac
957 3017 1227 3071 dedumos
1287 3017 1472 3069 animo
1538 3019 1816 3069 recordor.
1880 3015 2069 3085 COgito

472 3109 639 3163 etiam
671 3108 793 3163 belli
834 3109 1002 3163 duces
1052 3109 1115 3162 de
1183 3109 1315 3177 ipsis
1376 3109 1796 3177 triumphantes,
1850 3116 1904 3161 et
1942 3107 2068 3176 quis

473 3202 691 3255 animus
726 3201 793 3254 iis
848 3200 1027 3265 fuerit,
1079 3217 1241 3268 quam
1306 3202 1632 3270 voluptatem
1683 3202 2070 3269 p.-rcepcrinl:

2174 2004 2269 2055 καὶ
2324 2004 2424 2074 τὴν
2451 2004 2609 2068 ἀξίαν
2660 2004 2768 2057 τῶν
2815 2002 3027 2071 ἀνδρῶν
3067 2001 3317 2064 ἐκείνων,
3358 1997 3452 2049 καὶ
3492 1996 3557 2049 τὰ
3587 1995 3746 2064 ἔργα,

2167 2097 2264 2151 καὶ
2318 2097 2415 2160 τὰς
2459 2096 2716 2159 σπονδάς·
2750 2090 2873 2147 εἶτα
2925 2092 3073 2162 δρῴη
3128 2091 3303 2145 ταῦτα
3355 2092 3534 2143 πάντα
3592 2089 3672 2148 εἰς
3711 2085 3747 2138 ἂ

2169 2189 2631 2256 τετελευτήκασιν
2654 2231 2667 2253 ,
2702 2187 2841 2240 ὥστε
2874 2187 2937 2240 ού
2991 2188 3154 2254 μόνον
3202 2184 3421 2246 αὐτοὺς,
3478 2180 3616 2235 ἀλλὰ
3652 2179 3747 2231 καὶ

2172 2282 2270 2352 τὴν
2296 2280 2639 2345 δυναστείαν,
2669 2282 2763 2331 καὶ
2793 2279 3115 2348 ἡγεμονίαν,
3148 2277 3263 2328 καὶκ
3291 2277 3388 2337 τὰς
3438 2273 3620 2334 πόλεις
3652 2269 3751 2322 αὖ·

2169 2376 2269 2437 τὰς
2306 2374 2492 2442 σχεδὸν
2520 2373 2813 2426 ἀποθανεῖν
2856 2372 3184 2441 (θνήσκουσι
3219 2370 3349 2439 γὰρ,
3372 2367 3446 2430 ὥς
3475 2384 3577 2418 που
3600 2366 3749 2429 λέγει

2170 2484 2275 2531 τις,
2331 2467 2424 2518 καὶ
2474 2465 2702 2532 πόλεις)·
2736 2464 2787 2517 τί
2840 2465 3025 2517 λοιπὸν
3065 2463 3130 2515 ἂν
3193 2461 3474 2529 λογίσαιτο
3513 2459 3580 2511 τὰ
3639 2458 3749 2510 τῶν

2180 2558 2525 2628 ἀνθρώπωνς
2564 2558 2678 2619 πῶς
2715 2557 2758 2609 δ’
2786 2556 2851 2609 ἂν
2880 2555 3127 2625 εὐτυχῶν
3159 2553 3454 2622 ἐπαρθείη,
3489 2551 3521 2621 ἢ
3548 2552 3745 2603 δυστυ-

2172 2654 2281 2722 χῶν
2311 2650 2680 2721 ταπεινωθείη
2706 2669 2718 2715 ;
2751 2652 2840 2703 ἐπὶ
2888 2651 2995 2702 τίνι
3019 2647 3063 2700 δ’
3094 2648 3163 2701 ἂν
3196 2647 3339 2715 μέγα
3368 2645 3703 2713 φρονήσαιτο
3728 2659 3742 2705 ;

2169 2743 2223 2795 τί
2250 2742 2383 2795 δ’ἆν
2422 2741 2533 2793 τῶν
2574 2740 2938 2809 ἀνθρωπίνων
2966 2737 3102 2799 ὅλως
3153 2737 3283 2805 περὶ
3336 2734 3533 2787 πολλοῦ
3584 2733 3747 2801 *τιιοιή⁶

2172 2852 2327 2889 σαιτο
2353 2852 2367 2900 ;
2399 2833 2668 2893 Πολλάκις
2698 2831 2826 2895 τοὺς
2856 2830 3223 2900 θριαμϐικοὺς
3262 2829 3493 2897 δρόμους
3523 2826 3747 2885 τούτους

2170 2925 2363 2988 ἐπιὼν,
2415 2924 2734 2991 διανοοῦμαι
2794 2923 2894 2992 μὲν
2926 2922 3054 2984 τοὺς
3093 2921 3179 2973 διὰ
3238 2918 3443 2972 τούτων
3472 2917 3749 2987 ἠγμένους

2171 3016 2502 3087 ἅρχονταςῆ
2564 3015 2856 3076 δυνάστας,
2893 3013 3142 3074 καὶτοὺς
3198 3012 3394 3073 ἄλλους
3463 3006 3748 3079 αἰχμαλώ-

2171 3126 2322 3171 τους,
2356 3107 2621 3169 πολλάκις
2653 3106 2762 3159 ἀπὸ
2807 3105 3113 3175 Ἀρμενίων
3142 3104 3174 3174 ἢ
3220 3102 3467 3172 Περσῶν,
3503 3104 3537 3170 ἡ
3585 3117 3747 3153 τινων

2173 3201 2349 3253 ἄλλων
2388 3200 2599 3268 σφόδρα
2670 3199 3100 3267 ἀφεστηκότων·
3150 3195 3468 3263 διανοοῦμαι
3512 3195 3567 3246 δὲ
3617 3194 3749 3252 τοὺς

473 3306 697 3352 econtra
748 3312 854 3363 quo
883 3296 1066 3348 animo
1125 3294 1325 3348 fnerint
1382 3296 1490 3349 isti.
1547 3295 1737 3363 Cocito
1799 3305 2065 3349 astantem

2174 3293 2614 3365 θριαμϐεύοντας
2640 3293 2731 3342 ἐπὶ
2775 3289 2989 3352 τούτοις
3046 3288 3413 3358 στρατηγοὺς,
3471 3288 3568 3340 καὶ⁵
3623 3285 3750 3337 τίνα

474 3399 528 3443 et
567 3387 955 3444 circumfusam
982 3386 1127 3441 illius
1190 3387 1342 3442 urbis
1410 3388 1832 3449 multitudinem,
1880 3397 1933 3440 ct
1977 3386 2071 3439 de-

476 3496 639 3552 super
671 3496 738 3535 ex
804 3480 1012 3534 atdibus
1074 3481 1435 3549 spectantium
1496 3482 1757 3534 turbam:
1830 3477 1893 3531 ad
1955 3479 2069 3531 haec

476 3584 775 3628 concentus
812 3564 1325 3637 insfrumentorutn,
1386 3572 1685 3636 fremitum,
1723 3570 2071 3625 acclamatio-

478 3676 575 3718 nes
606 3671 659 3718 et
688 3662 935 3732 plausus,
973 3671 1028 3715 et
1077 3661 1271 3714 horum
1333 3662 1551 3730 quidem
1617 3661 1685 3714 de
1748 3659 1977 3712 victoria
2016 3658 2068 3710 in

478 3765 589 3808 tam
622 3753 934 3823 longinquis
981 3752 1293 3820 regionibus
1345 3761 1498 3820 parta
1550 3753 1904 3820 voluptatem,
1940 3766 2069 3803 con-

478 3858 561 3901 tra
592 3861 721 3899 vero
752 3846 967 3898 illorum
1002 3855 1166 3912 atque
1190 3847 1494 3898 amicorum
1518 3845 1571 3898 in
1603 3844 1779 3912 patria
1810 3844 1877 3897 de
1910 3842 2069 3897 clade

478 3956 543 3995 ac
588 3939 681 3993 tali
741 3937 1054 4007 spectaculo
1090 3936 1358 4003 dolorem,
1392 3947 1443 3991 et
1497 3938 1790 4002 diversam,
1840 3946 1899 3992 ut
1957 3946 2067 3990 tum

477 4032 804 4088 credebatur
873 4031 1156 4098 utriusque
1213 4030 1383 4098 partis
1438 4031 1845 4083 conditionem:
1906 4040 2070 4094 atque

480 4136 542 4180 ut
572 4126 624 4179 bi
658 4125 950 4178 miserrimi
1018 4137 1072 4179 et
1129 4124 1414 4187 infelices,
1472 4124 1549 4177 illi
1602 4122 1785 4177 felices
1807 4132 1861 4175 et
1927 4117 2069 4171 beati

480 4230 590 4272 tam
638 4219 762 4274 aliis
826 4236 988 4289 quam
1045 4218 1408 4283 sibimetipsis
1470 4216 1814 4269 videbantur.
1866 4204 2073 4265 Verum’

480 4328 629 4367 nunc
672 4314 854 4367 omnia
905 4314 1005 4367 ista
1045 4313 1236 4381 pariat
1276 4310 1457 4365 omnia
1488 4310 1541 4361 in
1600 4308 1877 4374 pulverem
1910 4304 2070 4356 reda-

480 4418 567 4461 cta
594 4428 606 4461 :
637 4423 812 4475 neque
842 4407 1018 4476 magis
1049 4405 1287 4473 Pompeii
1316 4413 1370 4457 et
1404 4401 1617 4455 Luculli
1660 4415 1824 4468 quam
1859 4397 2071 4451 Mithri-

479 4500 627 4554 datis
658 4509 754 4553 aut
787 4498 1039 4567 Tigranis
1088 4498 1362 4552 fortunam
1408 4493 1646 4548 noveris.
1700 4492 1842 4558 Quin
1905 4493 2067 4545 etiam

2176 3390 2274 3457 μὲν
2304 3386 2533 3454 καρδίαν
2578 3382 2724 3453 εἶχον
2767 3378 2914 3437 οὗτοι
2968 3381 3059 3433 καὶ
3100 3381 3315 3452 ἡδονὴν,
3370 3384 3490 3434 τίνα
3535 3380 3592 3432 δὲ
3642 3378 3748 3448 dm-

2172 3483 2275 3550 κῆν
2321 3483 2542 3533 ἐκεῖνοι.
2588 3481 2969 3551 Ἐνθυμοῦμαι
2994 3482 3050 3534 δὲ
3105 3480 3164 3532 τὸ
3194 3474 3496 3548 περιεστὼς
3527 3475 3620 3526 καὶ
3648 3488 3749 3524 πε-

2178 3574 2542 3644 ρικεχυμένον
2578 3574 2793 3636 τούτοις
2829 3574 2929 3642 τῆς
2961 3574 3171 3636 πόλεως
3202 3570 3428 3638 πλῆθος,
3481 3567 3575 3619 καὶ
3621 3565 3749 3624 τοὺς

2175 3667 2486 3735 θεωμένους
2547 3665 2756 3720 ἄνωθεν
2820 3667 2927 3718 ἀπὸ
2955 3667 3064 3718 τῶν
3116 3663 3326 3728 οἰκιῶν,
3385 3661 3476 3713 καὶ
3508 3659 3608 3727 τὴν
3640 3656 3747 3708 τῶν

2172 3757 2423 3828 ὀργάνων
2455 3758 2800 3826 συμφωνίαν,
2839 3759 2936 3810 καὶ
2971 3757 3063 3809 τὸν
3090 3754 3279 3826 θροῦν,
3308 3754 3403 3807 καὶ
3444 3752 3543 3814 τὰς
3572 3752 3746 3816 εὐφηο

2177 3851 2328 3919 μίας,
2373 3849 2620 3911 καὶτοὺς
2655 3851 2915 3918 κρότους⁹
2948 3848 3042 3901 καὶ
3096 3848 3196 3911 τὴν
3248 3845 3456 3897 τούτων
3522 3844 3621 3914 μὲν
3658 3842 3750 3893 ἐπὶ

2173 3944 2239 4011 τῇ
2295 3942 2445 4009 νίκῃ,
2486 3942 2578 3993 καὶ
2622 3939 2796 4001 οὓτως
2831 3939 3111 4009 ὑπερορίῳ
3149 3938 3367 4008 ἡδονὴν,
3426 3938 3653 3989 ἐκείνων
3692 3934 3750 3986 δὲ

2175 4034 2267 4085 καὶ
2297 4033 2405 4085 τῶν
2434 4033 2653 4084 οίκείων
2679 4032 2860 4084 αὐτῶν
2893 4031 3033 4085 οἴκοι
3060 4032 3162 4100 τὴν
3213 4031 3307 4083 ἐπὶ
3342 4032 3405 4098 τῇ
3454 4030 3597 4097 ἥττῃ
3654 4026 3749 4079 καὶ

2172 4128 2240 4194 τῇ
2274 4126 2499 4195 τοιαύτῃ
2532 4128 2723 4194 πομπῄ
2766 4124 2967 4192 λύπην,
2999 4124 3093 4176 καὶ
3144 4124 3245 4192 τὴν
3296 4120 3664 4190 νομιζομένην
3692 4120 3749 4170 ἐν

2174 4218 2387 4280 τούτοις
2423 4218 2547 4269 τότε
2577 4216 2846 4286 διαφοράν
2876 4232 2890 4245 ⁸
2923 4219 3021 4270 καὶ
3054 4216 3204 4276 ὅπως
3231 4208 3383 4268 οὗτοι
3418 4214 3516 4282 μὲν
3553 4212 3749 4285 τρι-σά-

2176 4307 2312 4360 θλιοι
2340 4309 2432 4360 καὶ
2460 4307 2878 4375 κακοδαίμονες,
2926 4309 3124 4360 ἐκεῖνοι
3178 4307 3234 4360 δὲ
3271 4307 3589 4376 εὐδαίμονες
3653 4306 3749 4359 καὶ

2178 4403 2439 4473 μακάριοι
2479 4403 2593 4462 τοῖς
2635 4400 2817 4462 ἄλλοις
2854 4400 2951 4452 καὶ
2985 4401 3199 4462 ἑαυτοῖς
3260 4400 3501 4453 ἐδόκουν.
3547 4398 3662 4451 Νῦν
3692 4398 3750 4450 δὲ

2175 4495 2354 4549 πάντα
2384 4496 2572 4546 ἐκεῖνα
2604 4492 2663 4544 ἐν
2697 4492 2925 4561 ἰσότητι,
2956 4493 3134 4545 πάντα
3174 4492 3230 4545 δέ
3263 4493 3320 4544 ἐν
3353 4492 3502 4544 κόνει
3522 4507 3536 4520 ⁸
3572 4490 3665 4543 καὶ
3687 4490 3746 4542 οὑ

480 4593 680 4647 domus
705 4593 855 4661 ipsze,
897 4600 949 4645 et
969 4600 1188 4655 statu-.9,
1223 4599 1385 4656 atque
1411 4586 1640 4641 aedilicia
1671 4586 1723 4638 in
1784 4584 2060 4652 pulverem

2177 4586 2378 4657 μᾶλλον
2404 4587 2471 4639 ἂν
2505 4585 2692 4654 γνοίης
2719 4585 2817 4653 τὴν
2841 4582 2931 4637 τοῦ
2960 4583 3277 4653 Πομπηΐου,
3316 4584 3347 4655 ἢ
3381 4581 3745 4648 Λουκούλλου,

479 4686 737 4739 redacta:
775 4700 897 4753 quae
925 4684 978 4737 in
1020 4692 1236 4737 tantum
1295 4682 1477 4735 adhuc
1538 4682 1970 4749 supereminent,
2013 4683 2065 4733 in

481 4784 747 4845 quantum
782 4775 963 4835 tellus,
1008 4788 1114 4843 qua
1138 4774 1332 4825 obruta
1373 4779 1648 4839 teguntur,
1706 4783 1812 4821 non
1868 4768 2068 4836 ubique

480 4866 708 4933 aequalis
738 4874 842 4927 est,
876 4866 968 4919 sed
1001 4864 1054 4917 in
1084 4862 1353 4916 tumulum
1399 4860 1683 4914 attollitur.
1712 4858 1907 4913 Multas
1932 4876 2070 4928 quo-

480 4973 590 5028 que
623 4966 835 5012 statuas
876 4956 1068 5010 horum
1103 4954 1345 5008 felicium
1376 4968 1438 5005 ac
1489 4940 1771 5005 beatorum
1799 4950 2065 5004 victorum

483 5066 593 5105 una
624 5064 747 5104 cum
781 5048 999 5117 tropaeis
1030 5062 1093 5102 ac
1126 5048 1327 5102 laureis
1368 5046 1422 5098 in
1488 5058 1646 5098 emno
1674 5052 1725 5097 et
1765 5043 1878 5097 luto
1919 5043 2067 5111 deje-

485 5152 609 5198 ctas
638 5158 701 5197 ac
734 5141 1053 5211 provolutae
1083 5156 1309 5194 cernere
1337 5140 1489 5204 licet,
1509 5137 1645 5191 alias
1668 5146 1977 5205 compactas
2004 5151 2069 5190 ac

484 5236 747 5299 tlivulsas,
796 5250 899 5287 non
940 5246 1141 5299 paucas
1192 5232 1357 5287 calcis
1418 5233 1667 5302 operisve
1717 5230 1949 5294 tectorii,
1983 5229 2066 5282 vel

484 5329 647 5383 ctiam
681 5326 916 5395 lapidum
949 5325 1123 5378 vicem
1173 5325 1400 5378 aliorum
1447 5323 1891 5378 asditicationibus
1923 5337 2067 5376 nunc

486 5429 743 5487 praestare
806 5416 1013 5470 videas.
1068 5414 1136 5469 At
1173 5416 1328 5484 queis
1360 5416 1547 5469 melior
1568 5430 1689 5472 sors
1715 5416 1932 5484 obtigit,
1960 5414 2067 5468 illa:

486 5511 761 5580 ile-perdita
802 5509 1159 5577 primogenia,
1201 5516 1256 5560 ut
1283 5505 1602 5561 Aristoteles
1626 5515 1801 5569 vocat,
1827 5505 2063 5576 lapidum

491 5603 689 5666 forma,
722 5616 923 5671 equum
943 5600 1329 5653 conscensuris
1366 5599 1591 5669 gradum
1621 5614 1714 5652 seu
1742 5598 2059 5661 sealzellnm,

490 5696 574 5749 vel
637 5697 775 5749 tnuri
815 5694 1170 5763 crepidinem,
1204 5694 1283 5749 vel
1335 5692 1478 5747 asini
1505 5701 1597 5747 aut
1637 5695 1789 5747 bovis
1827 5707 2065 5761 praesvpe

489 5787 734 5842 elficiunt
755 5804 769 5853 ;
791 5788 1031 5855 disiectae
1059 5786 1398 5855 plerumque,
1427 5794 1485 5838 ut
1505 5785 1640 5849 dixi,
1672 5795 1723 5838 et
1746 5785 2061 5838 confracta.

481 5872 643 5947 Alias
680 5882 847 5952 spina:
879 5890 931 5938 et
966 5890 1172 5947 sentes,
1244 5882 1327 5938 vel
1381 5878 1603 5935 arbusta
1651 5880 1888 5952 undith
1938 5896 2065 5935 cna-

2171 4677 2327 4749 ἢτὴν
2354 4677 2714 4746 Μιθριδάτου,
2763 4677 2796 4745 ἢ
2829 4676 3105 4747 Τιγράνου
3161 4676 3355 4745 τύχην.
3408 4676 3518 4727 Καὶ
3579 4674 3746 4729 αὐταὶ

2170 4771 2228 4823 δὲ
2282 4770 2548 4835 αίοίκίαι,
2594 4770 2687 4823 καὶ
2720 4770 2776 4822 αἰ
2826 4770 3044 4838 στῆλαι,
3096 4769 3191 4821 καὶ
3238 4770 3293 4821 αί
3356 4769 3640 4839 οἱκοδομαὶ
3690 4770 3749 4820 ὲν

2173 4863 2319 4915 κόνει
2372 4862 2524 4932 παρὰ
2552 4861 2808 4914 τοσοῦτον
2841 4862 3209 4933 ὑπερέχουσαι
3246 4864 3381 4932 παρ’
3425 4862 3550 4914 ὅσον
3601 4865 3634 4930 ἡ
3666 4862 3750 4913 δε-

2173 4948 2383 5020 ξαμένη
2424 4949 2597 5003 ταῦτα
2652 4951 2723 5017 γῆ
2756 4950 2857 5002 οὐκ
2914 4951 3181 5013 Ξσόπεδος,
3220 4951 3338 5003 ἀλλ’
3386 4953 3746 5018 ἀνεστηκυῖα.

2172 5045 2280 5099 Καὶ
2305 5044 2535 5107 πολλοὺς
2564 5044 2673 5096 τῶν
2703 5044 3042 5113 ἀνδριάντων
3076 5045 3185 5096 τῶν
3217 5044 3560 5111 εὐδαιμόνων
3602 5046 3747 5098 ἐκεί-

2170 5157 2280 5193 νων
2325 5140 2419 5193 καὶ
2456 5140 2746 5209 μακαρίων
2796 5140 3035 5209 νικητῶν
3090 5140 3275 5202 αὐτοῖς
3320 5139 3608 5209 τροπαίοις
3653 5139 3749 5191 καὶ

2172 5232 2455 5302 στεφάνοις
2486 5233 2635 5285 ἐστιν
2670 5235 2800 5286 ἰδεῖν
2832 5236 2892 5288 ἐν
2919 5236 3191 5305 βορὸόρῳ,
3220 5233 3316 5286 καὶ
3347 5232 3504 5303 πηλῷ
3557 5232 3747 5286 καλιν-

2169 5325 2484 5391 δουμένους,
2524 5328 2617 5380 καὶ
2678 5329 3051 5398 ἐρριμμένους
3077 5345 3091 5358 δ
3152 5328 3349 5388 ἄλλους
3392 5327 3448 5379 δὲ
3493 5329 3747 5397 ἠκρωτη-

2172 5418 2501 5487 ριασμένους
2543 5419 2635 5472 καὶ
2656 5418 3123 5491 διεσπαρμένους·
3168 5421 3266 5472 ούκ
3299 5417 3518 5487 ὀλίγους
3565 5419 3621 5472 δὲ
3655 5418 3740 5471 τί-

2168 5525 2347 5571 τανον,
2378 5510 2410 5580 ἢ
2443 5509 2654 5575 κονίαν,
2698 5510 2731 5580 ἢ
2784 5510 2895 5561 τῶν
2946 5509 3276 5579 οἰκοδομιῶν
3337 5510 3513 5572 ἄλλως
3559 5509 3745 5569 λίθους

2171 5602 2503 5669 γενομένους
2528 5617 2544 5633 ο
2597 5603 2710 5655 ὅσοι
2751 5602 2807 5655 δὲ
2866 5602 3135 5672 βελτίονος
3188 5603 3359 5673 τύχης
3399 5604 3610 5674 ἔτυχον,
3647 5604 3747 5672 τὴν

2170 5691 2315 5745 κατὰ
2345 5693 2733 5764 Ἀριστοτέλην
2777 5696 3159 5765 πρωτάρχειον
3210 5696 3320 5747 τῶν
3373 5696 3538 5749 λίθων
3590 5698 3746 5749 εὐτυ-

2168 5784 2293 5855 χίαν
2333 5784 2733 5851 ἀποϐαλόντας,
2780 5787 2953 5839 inme
3013 5788 3313 5858 ἐπίϐαθρον
3360 5789 3499 5858 πρὸς
3539 5788 3743 5843 ἀναδα-

2172 5896 2277 5948 σιν,
2309 5878 2339 5949 ἦ
2372 5879 2612 5948 κρηπῖδα
2645 5881 2852 5952 τοίχου,
2883 5880 2913 5949 ἦ
2951 5881 3074 5934 ὄνου
3105 5882 3336 5951 φάτνην,
3371 5882 3403 5953 ἢ
3442 5883 3561 5953 βοὸς
3606 5883 3741 5943 πλη-
