4144 6282
369 374 448 440 ’53
1260 385 1626 446 EPISTOLA
1670 387 1769 445 AD
1806 385 2163 446 JOANNEM
2201 381 2786 444 CHRYSOLOIHM.
3553 378 3622 439 54

378 489 621 559 ροῦντας,
671 479 1074 558 ἐσπασμένους,
1130 492 1267 560 ὅπερ
1301 490 1474 556 εἷπον,
1527 496 1656 556 τοὺς
1706 497 1937 558 πολλοὺς

2058 492 2247 548 scentia
2277 492 2447 546 oculis
2482 489 2810 546 subducunt.
2855 489 3077 543 lnlinitm
3113 496 3254 541 terra
3288 487 3512 556 sepulta:
3542 488 3626 541 la-

376 580 471 632 καὶ
501 579 952 650 διερῤηγμένους.
989 582 1154 644 Τινάς
1186 583 1243 635 δὲ
1311 583 1545 638 ἄκανθαι
1605 587 1700 639 καὶ
1741 588 1940 656 ρἀνοι

366 669 544 733 -τινὲς,
578 671 612 741 ἢ
650 672 846 738 θάμνοι
879 673 1213 742 ἀνασχοῦσαι
1274 677 1366 730 καὶ
1429 678 1788 748 περισχοῦσαι
1839 681 1940 734 οὐκ

374 759 506 813 ἐῶσι
537 762 846 828 φαίνεσθαι.
890 766 1090 834 Μυρίοι
1119 766 1177 819 δέ
1209 768 1348 822 είσιν
1382 769 1486 822 ὑπὸ
1527 770 1655 839 γῆς,
1693 774 1822 842 πρὶν
1849 773 1942 825 ἐπὶ

378 852 636 919 λαμπροῦ
667 855 758 906 καὶ
788 856 1090 926 μετεώρου,
1122 857 1265 910 ὥστε
1323 861 1438 918 τοῖς
1493 860 1710 922 πολλοῖς
1755 861 1943 930 φαίνε-

382 942 530 1003 σθαι,
566 945 623 994 ἐν
658 946 1036 1016 Καπιτωλείῳ,
1068 949 1100 1017 ἢ
1134 951 1192 1002 ὲν
1236 949 1559 1020 ἀκροπόλει,
1595 949 1626 1020 ἢ
1681 951 1739 1004 ὲν
1765 953 1942 1024 ἀγορᾷ

384 1036 684 1090 σταθεῖσαι.
745 1040 853 1092 Καὶ
897 1041 1117 1093 ἐδόκουν
1159 1043 1208 1094 οἱ
1261 1044 1515 1112 τυχόντες
1565 1045 1788 1113 τούτων,
1831 1048 1942 1099 εἴτε

367 1129 477 1182 ’τοῦ
508 1133 854 1200 πράγματος,
883 1135 994 1187 εἴτε
1027 1134 1121 1186 τοῦ
1161 1136 1452 1203 πρεσϐείου
1498 1137 1662 1204 λέγω,
1702 1140 1941 1208 μεγάλου

386 1221 740 1292 εὐμοιρῆσαι.
779 1225 966 1293 Ἴσμεν
1012 1226 1067 1278 δὲ
1121 1221 1207 1279 οἷα
1253 1228 1381 1298 περὶ
1431 1228 1540 1281 τῶν
1578 1230 1856 1284 νικώντων
1885 1234 1943 1284 ὲν

371 1309 601 1378 Ἰσθμῷ,
636 1311 666 1378 ἢ
693 1313 748 1363 ὲν
784 1313 993 1382 Νεμέᾳ,
1055 1315 1086 1385 ἢ
1113 1315 1390 1388 Ὀλυμπίᾳ
1418 1320 1555 1388 φησί
1593 1321 1858 1389 Πίνδαρος
1885 1324 1944 1376 ὲν

380 1402 500 1462 ταῖς
528 1402 717 1471 ᾠδαῖς,
747 1405 990 1468 ἰσοθέους
1019 1408 1216 1468 αὐτοὺς
1245 1407 1438 1474 ποιῶν,
1474 1411 1568 1462 καὶ
1600 1412 1942 1481 μακαρίζων,

381 1495 674 1550 καὶταῦτα
707 1498 846 1566 μετὰ
874 1501 1165 1563 τοσούτους
1218 1503 1417 1564 πόνους
1470 1502 1684 1570 σελίνῳ,
1719 1505 1750 1574 ἢ
1801 1505 1945 1572 δρυῒ,

377 1587 412 1656 ἢ
451 1589 648 1657 κοτίνῳ
681 1593 1171 1660 στεφανουμένους.
1218 1593 1359 1647 Ἀλλ’
1387 1595 1447 1647 ού
1491 1595 1717 1650 τοιαῦτα
1741 1597 1808 1649 τά
1839 1599 1948 1651 τῶν

380 1678 476 1730 ἐπὶ
505 1680 747 1747 στηλῶν·
777 1681 944 1744 ὥστε,
980 1683 1089 1736 εἴτε
1132 1687 1190 1736 ὲν
1231 1685 1474 1750 πόλεσιν,
1518 1690 1626 1742 εἴτε
1655 1692 1712 1742 ὲν
1745 1692 1944 1760 ἀνδρά-

383 1787 490 1833 σιν,
524 1772 634 1824 εῖτε
665 1776 721 1826 ὲν
745 1775 1022 1843 ἄρχουσιν,
1058 1776 1168 1829 είτε
1197 1779 1254 1830 ἓν
1294 1778 1554 1848 ἰδιώταις,
1587 1781 1697 1835 είτε
1740 1785 1797 1836 ἐν
1847 1784 1944 1854 βα-

2043 593 2177 649 tent,
2211 599 2331 654 quis
2371 592 2494 637 ante
2523 584 2576 636 in
2609 582 2802 635 illustri
2866 591 2914 633 et
2945 583 3088 634 edito
3111 581 3253 643 loco,
3280 589 3339 632 ut
3369 578 3625 632 omnibus

2044 677 2353 744 conspicua:
2385 683 2586 737 essent,
2629 674 2682 726 in
2708 671 2975 742 Capitolio
3005 672 3117 726 sive
3142 685 3288 733 arce,
3319 669 3399 722 vel
3431 670 3483 721 in
3507 667 3627 723 foro

2045 767 2234 836 positae.
2266 767 2518 820 fuerant:
2557 774 2606 818 et
2641 764 2732 832 qui
2767 763 2868 815 hoc
2899 763 3272 823 obtinuerunt,
3319 759 3485 813 veluti
3515 775 3624 812 rem

2045 873 2136 913 seu
2181 858 2595 926 praerogativam
2632 855 2922 910 maximam
2957 854 3156 920 adepti,
3184 868 3242 906 se
3302 852 3513 920 egregio
3539 869 3627 906 res

2049 965 2182 1004 suas
2239 949 2534 1001 stabiliisse
2590 947 2994 1001 existimabant.
3057 944 3242 1012 Neque
3308 945 3630 1012 ignoramus

2045 1051 2379 1111 quantopere
2414 1039 2678 1092 Pindarus
2713 1041 2764 1090 in
2827 1036 2944 1091 suis
2974 1037 3095 1090 odis
3124 1051 3219 1089 eos
3249 1036 3498 1097 eittollat,
3532 1039 3626 1102 qui

2047 1132 2292 1195 lstlnnia,
2326 1131 2406 1184 vel
2464 1131 2687 1190 Nemea,
2756 1129 2836 1182 vel
2892 1126 3140 1196 Olympia
3181 1125 3444 1190 vicerant,
3490 1139 3629 1192 quos

2047 1224 2138 1278 ille
2191 1224 2296 1276 diis
2343 1238 2496 1291 pares
2544 1231 2593 1274 et
2661 1222 2847 1277 lzeatos
2899 1219 3189 1288 pra‘dicat:
3253 1218 3459 1272 scilicet
3489 1216 3631 1284 quod

2049 1322 2171 1384 post
2213 1323 2292 1368 tot
2325 1323 2377 1366 et
2415 1321 2592 1365 tantos
2627 1312 2837 1363 labores
2891 1309 3033 1378 apio.
3067 1309 3149 1360 vi-I
3181 1322 3387 1376 qnerna
3418 1307 3630 1366 fronde,

2047 1406 2133 1460 vel
2187 1405 2424 1458 oleastro
2497 1402 2746 1456 coronari
2807 1403 3163 1454 meruissent.
3231 1398 3336 1452 Sed
3389 1399 3631 1450 honores

2049 1503 2350 1549 stat-uarum
2397 1506 2738 1561 nequaquam
2768 1505 2893 1545 cum
2958 1489 3111 1543 hisce
3171 1486 3478 1554 comparari
3509 1498 3637 1553 pos-

2049 1597 2216 1641 sunt:
2258 1583 2392 1639 adeo
2425 1583 2668 1654 profecto
2727 1592 2785 1637 ut
2847 1594 3190 1650 quaecunque
3245 1577 3496 1632 civitates
3539 1584 3634 1629 aut

2051 1677 2326 1740 homines,
2361 1677 2475 1731 sive
2505 1675 2798 1744 principes,
2835 1675 2946 1728 sive
3001 1672 3218 1740 privati,
3249 1670 3330 1723 vel
3354 1670 3516 1722 etiam
3548 1684 3633 1720 re-

2051 1786 2144 1838 ges
2195 1769 2296 1839 ipsi
2334 1783 2516 1822 veram
2554 1779 2607 1821 et
2663 1765 2901 1820 divinam
2963 1763 3216 1818 virtutem
3283 1776 3389 1814 non
3424 1758 3634 1827 ample-

373 1863 627 1916 -σιλεῦσιν
659 1866 860 1930 αὐτοῖς,
898 1867 979 1919 ὅτι
1008 1869 1083 1936 μὴ
1106 1869 1311 1938 ἀρετῆς
1346 1872 1441 1923 καὶ
1478 1872 1687 1943 ταύτης
1709 1852 1946 1944 ἀληθοῦς

2058 1870 2294 1925 ctuntur,
2321 1859 2460 1928 apud
2495 1873 2590 1913 eos
2618 1872 2804 1911 revera
2835 1871 2974 1910 vana
2999 1858 3109 1911 sint
3134 1852 3318 1906 omnia
3351 1852 3587 1905 humana
3617 1867 3631 1903 :

383 1953 478 2006 καὶ
510 1953 660 2017 θείας
709 1955 910 2025 ἔχεται,
947 1958 1160 2028 ἀληθῶς
1191 1961 1398 2029 μάταια
1457 1963 1527 2016 τά
1576 1965 1684 2017 τῶν
1735 1965 1948 2035 ἀνθρώ-

376 2063 522 2100 πων.
558 2048 780 2102 Τούτων
809 2049 877 2101 τὰ
907 2051 1006 2119 μὲν
1057 2053 1269 2120 τέρπει,
1305 2054 1374 2106 τὰ
1406 2053 1461 2107 δὲ
1513 2057 1944 2126 παραμυθεῖται,

377 2139 480 2189 οὐκ
511 2137 668 2208 ὀλίγα
691 2141 746 2194 δὲ
777 2142 871 2194 καὶ
920 2143 1065 2213 ἀνιᾷ.
1097 2145 1248 2198 Δοκῶ
1271 2147 1325 2200 δέ
1359 2165 1472 2211 πως
1495 2150 1586 2204 ἐπὶ
1620 2152 1715 2219 τῆς
1753 2152 1949 2219 πατρί-

381 2228 470 2289 δος
491 2226 633 2282 εἰναι
660 2247 673 2261 ·
709 2234 803 2286 καὶ
835 2233 922 2288 ἵνα
961 2236 1024 2288 τδ
1053 2236 1230 2290 δοκεῖν
1272 2239 1432 2292 τοῦτο
1482 2240 1648 2294 πλέον
1701 2243 1944 2312 γίνηται,

383 2320 523 2391 ὅπερ
552 2323 676 2391 ἐμοὶ
703 2324 959 2391 μέγιστον
1001 2327 1095 2379 καὶ
1139 2327 1358 2397 ἥδιετον
1387 2332 1445 2382 ἐν
1475 2332 1680 2404 ἐκείνῃ,
1711 2334 1810 2403 τὴν
1846 2333 1947 2404 σὴν

381 2411 506 2479 ὄψιν
538 2417 840 2484 προσορᾷν,
896 2416 989 2469 καί
1048 2435 1130 2471 σοι
1187 2421 1506 2489 προσλαλεῖν
1556 2424 1643 2478 διά
1694 2428 1791 2495 τῆς
1849 2427 1949 2493 σῆς

389 2506 629 2573 μνήμης,
685 2509 778 2559 καὶ
836 2511 945 2560 τῶν
999 2511 1134 2574 πρὸς
1178 2513 1236 2564 at
1283 2513 1649 2582 γραμμάτων,
1692 2518 1784 2569 καὶ
1841 2519 1950 2572 τῶν

387 2597 517 2664 περί
549 2597 642 2650 σοῦ
670 2600 804 2669 πρὸς
851 2591 1270 2670 ἀλλουςῖόγων,
1301 2605 1376 2667 ώς
1437 2599 1547 2659 οἷόν
1578 2625 1655 2674 τε,
1694 2611 1954 2680 μηχανῶ-

392 2703 490 2754 μαι
511 2703 523 2716 ·
550 2689 674 2741 ὅθεν
702 2691 881 2755 ἄλλοις
915 2709 973 2745 τε
999 2695 1216 2758 πολλοῖς
1247 2697 1342 2750 καὶ
1391 2700 1656 2768 συνεχῶς,
1703 2706 1794 2752 καὶ
1833 2701 1956 2754 τού-

388 2794 524 2841 τοις,
567 2781 641 2842 ὡς
668 2783 820 2852 ἐρᾷς,
857 2786 1044 2856 μακρὰ
1079 2787 1214 2857 πρὸς
1249 2787 1309 2840 τὸ
1353 2787 1443 2841 σὺν
1475 2790 1610 2858 ὕψος
1651 2791 1950 2862 διελέχθην.

384 2869 617 2938 Νομίζω
652 2874 708 2926 δὲ
740 2875 827 2927 ἀεὶ
857 2879 1102 2940 καὶτοὺς
1157 2879 1298 2949 ὑπὲρ
1351 2883 1610 2951 πατρίδος
1655 2885 1955 2953 εἰργασμέ-

389 2981 511 3028 νους
551 2966 610 3017 ού
651 2967 813 3036 μόνον
875 2969 1204 3039 πράξαντας,
1269 2973 1403 3026 ἀλλά
1462 2973 1738 3037 παθόντας
1775 2977 1955 3029 ὁτιοῦν

390 3059 626 3129 ἀμοιϐὴν
674 3061 896 3114 αἰωνίαν
945 3062 1113 3133 ἔχειν.
1153 3063 1370 3134 Ταύτης
1433 3083 1524 3134 μοι
1553 3065 1656 3130 τῆς
1716 3069 1954 3137 ἀμοιϐῆς

396 3152 701 3220 μέμνησθε,
763 3154 1010 3222 βασιλεῦ.
1063 3157 1172 3209 Καὶ
1234 3158 1319 3226 εἴη
1371 3175 1426 3211 τε
1458 3159 1618 3220 αὑτός
1668 3178 1724 3213 τε
1766 3163 1862 3214 καὶ
1905 3163 1954 3214 οἰ

2047 1966 2280 2022 quorum
2347 1950 2452 2003 alia
2508 1949 2992 2011 oblectamentum,
3046 1945 3151 1999 alia
3187 1943 3467 2007 sola-tium,
3524 1957 3633 1996 non

2049 2055 2220 2112 pauca
2253 2040 2497 2094 dolorem
2530 2039 2780 2093 aﬂerunt.
2823 2037 3026 2092 Verum
3064 2050 3167 2103 ego
3200 2033 3334 2087 mihi
3365 2033 3420 2087 in
3457 2035 3634 2102 patria

2047 2127 2169 2190 esse
2201 2135 2388 2188 videor
2417 2150 2430 2186 :
2463 2141 2627 2201 atque
2658 2139 2714 2185 ut
2747 2146 2810 2184 co
2843 2130 3017 2198 magis
3039 2142 3154 2180 mea
3182 2126 3440 2196 opinione
3459 2123 3634 2178 fruan

2046 2226 2178 2280 illud
2233 2224 2374 2294 quod
2420 2224 2470 2276 in
2532 2223 2702 2291 patria
2755 2233 3028 2274 summum
3057 2227 3112 2271 et
3167 2214 3633 2280 iucundissimum

2049 2318 2238 2380 habeo,
2270 2328 2420 2370 tuum
2453 2313 2658 2368 scilicet
2687 2320 2964 2380 aspectum
2997 2317 3053 2362 et
3109 2307 3431 2376 alloquium,
3493 2319 3635 2372 qna-

2049 2420 2266 2476 wnque
2290 2405 2498 2459 ratione
2557 2417 2777 2474 possunt
2839 2399 3035 2453 crebra
3063 2398 3140 2452 tui
3180 2394 3557 2450 recordatione
3579 2402 3637 2446 et

2052 2499 2249 2553 litteris
2277 2497 2342 2550 ad
2376 2505 2428 2550 te
2458 2495 2677 2563 scriptis
2709 2503 2872 2561 atque
2900 2491 3131 2544 aliorum
3163 2491 3228 2541 de
3266 2495 3316 2541 le
3346 2484 3636 2550 colloquiis

2053 2590 2190 2644 mihi
2228 2588 2333 2656 ipsi
2362 2581 2668 2654 comparo}
2699 2583 2955 2650 llemqnc
2992 2595 3113 2634 cum
3166 2579 3302 2630 alias
3339 2577 3526 2628 multis
3567 2590 3634 2627 ac

2053 2679 2264 2734 crebris
2301 2677 2521 2740 litteris,
2585 2683 2700 2729 tum
2757 2673 2924 2734 hisce,
2980 2681 3038 2724 ut
3100 2669 3271 2728 vides,
3304 2666 3638 2734 longissimis

2055 2770 2430 2826 celsitudinem
2493 2777 2640 2821 tuam
2712 2779 2835 2820 sum
2897 2763 3182 2817 allocutus.
3239 2758 3350 2840 Ego
3392 2771 3520 2810 vero
3555 2756 3637 2810 sic

2057 2867 2254 2924 sentio,
2283 2874 2378 2914 eos
2413 2859 2503 2929 qui
2541 2873 2638 2926 pro
2675 2855 2845 2925 patria
2901 2855 3138 2906 laborem
3188 2851 3480 2911 sustinent,
3511 2849 3630 2901 sive

2055 2953 2154 3022 ipsi
2185 2951 2392 3019 negotia
2412 2959 2620 3015 gerant,
2647 2945 3004 3001 siveadversa
3027 2943 3320 3012 patiantur,
3343 2941 3631 3009 praemium

2056 3051 2318 3095 aeternum
2359 3045 2751 3106 reportaturos.
2815 3033 2985 3101 Hujus
3033 3030 3236 3098 praemii
3281 3029 3637 3091 memineris,

2059 3146 2091 3185 ο
2127 3132 2444 3199 imperator,
2489 3137 2618 3181 cttn
2659 3142 2780 3180 cum
2842 3127 2948 3178 tuis
2996 3125 3183 3177 urbem
3250 3121 3496 3176 omnium
3537 3120 3639 3172 sub

392 3212 482 3296 σοί
508 3212 609 3314 την
637 3212 728 3312 ύιρ’
749 3212 884 3314 ηλίῳ
914 3246 1145 3317 ἀρίστην
1173 3212 1473 3317 γενομένην
1510 3212 1664 3303 πόλιν
1692 3212 1952 3316 σώζοντες

2058 3222 2172 3278 sole
2203 3219 2702 3290 przestantissimam
2728 3226 2960 3280 servate,
2987 3225 3040 3269 et
3067 3214 3133 3268 ad
3171 3212 3483 3267 felicitatem
3505 3224 3641 3264 con-

391 3353 451 3390 τε
504 3337 775 3405 καὶπρὸς
829 3338 1181 3408 εὐδαιμονίαν
1223 3341 1612 3408 ἐπανάγοντες.
1664 3344 1954 3412 Συμπράτ·-

389 3443 580 3495 τοιμεν
610 3427 667 3480 δὲ
693 3427 787 3480 καὶ
818 3429 980 3496 ἡμεῖς
1013 3429 1144 3496 ὑμῖν
1179 3428 1237 3480 ὲν
1266 3431 1386 3490 ταῖς
1423 3430 1562 3499 ὑπὲρ
1597 3431 1770 3497 αὐτῆς
1817 3432 1959 3501 πρά-

394 3517 510 3581 ξεσι
547 3517 641 3571 καὶ
671 3517 882 3586 πόνοις,
909 3513 997 3570 οἷα
1027 3518 1174 3582 εἰκὸς
1216 3520 1504 3584 δεσπόταις
1551 3521 1960 3592 φιλανθρώποις

394 3611 489 3661 καὶ
519 3609 744 3675 ἀγαθοῖς
774 3610 1050 3679 ὑπηκόους
1084 3609 1271 3673 εὖνους
1295 3612 1360 3663 τά
1387 3612 1608 3667 δυνατά.
1637 3612 1821 3665 Ταῦτα
1849 3612 1960 3682 γὰρ

397 3703 519 3771 ἐμοὶ
546 3704 775 3770 παρόντι
801 3720 859 3754 τε
887 3704 982 3756 καὶ
1015 3703 1232 3769 ἀπόντι,
1271 3705 1366 3756 καὶ.
1409 3704 1627 3770 ὁρῶντι,
1663 3705 1759 3757 καὶ
1790 3705 1958 3757 ἀκού-

397 3810 532 3858 οντι,
561 3793 657 3845 καὶ
687 3790 870 3856 ζῶντι,
905 3795 998 3845 καὶ
1046 3793 1400 3864 ἀποιχομένῳ
1452 3793 1606 3846 [erat
1657 3794 1839 3864 ἡδονή.
1879 3793 1963 3846 Τὰ

399 3884 492 3938 νῦν
523 3883 581 3938 δὲ
615 3885 853 3953 ἀνάσχου
890 3900 992 3949 μου
1018 3884 1115 3953 τῆς
1149 3885 1508 3950 πολυλογίας,
1553 3885 1799 3954 βασιλεῦ.
1833 3886 1966 3957 Ἕρ-

398 3977 563 4047 penso.

1141 4109 1212 4164 B’.

397 4248 688 4316 Μαγουὴλ
721 4245 1116 4316 Χρυσολωρᾶς
1145 4247 1386 4317 Ἰωάννῃ
1437 4248 1805 4317 Χρυσολωρᾷ
1837 4251 1968 4319 χαίο

1093 4335 1248 4385 ρειν.

481 4432 633 4503 Ἐμοί
686 4449 748 4486 τε
785 4432 964 4502 -ήδίων
1000 4431 1230 4502 ἔμελλεν
1299 4432 1330 4500 ή
1399 4431 1590 4500 Ῥώμη
1654 4434 1965 4500 φαίνεσθαι,

2065 3313 2268 3367 ducite.
2312 3311 2424 3366 Nos
2461 3323 2683 3379 quoque
2741 3308 3087 3375 negotiorum
3148 3311 3204 3356 et
3263 3301 3508 3356 laborum
3542 3313 3641 3368 pro
3729 3307 3737 3319 '

2058 3404 2231 3473 patria
2260 3403 2394 3457 socii
2446 3411 2500 3456 et
2536 3401 2882 3470 coadjutores
2913 3399 3157 3450 erimus:
3193 3395 3264 3447 ita
3287 3405 3345 3445 nt
3397 3393 3641 3444 clemen-

2058 3494 2397 3550 ‘tissimorum
2431 3501 2595 3561 atque
2653 3492 2982 3560 optimorum
3015 3486 3324 3556 principum
3389 3481 3644 3536 subditos

2061 3587 2372 3655 ubicunque
2405 3593 2633 3654 possunt
2688 3583 2892 3648 optima
2919 3580 3198 3634 voluntate
3222 3590 3344 3630 esse
3365 3571 3641 3628 convenit.

2063 3677 2137 3730 Ea
2164 3676 2306 3730 enim
2353 3674 2494 3729 mihi.
2538 3684 2642 3728 tam
2672 3671 2919 3742 pra‘senti
2943 3684 3105 3738 quam
3156 3664 3387 3728 absenti,
3419 3660 3643 3716 tam‘vi—

2063 3769 2212 3824 denti
2238 3782 2401 3837 quam
2436 3764 2704 3828 audienti,
2735 3773 2839 3818 tam
2873 3761 2994 3816 vivo
3033 3774 3196 3830 qnam
3256 3765 3472 3810 mortuo
3495 3768 3644 3807 sum-

2065 3872 2154 3910 ma
2185 3858 2431 3923 voluptas
2481 3855 2604 3909 erit.
2636 3855 2704 3907 At
2755 3864 2838 3918 tn,
2894 3851 3096 3920 optime
3140 3847 3458 3917 imperator,
3491 3855 3640 3896 nunc

2067 3947 2328 4001 orationis
2346 3945 2639 4014 prolixitati
2672 3943 2914 4013 ignosce.
2944 3939 3095 3994 Vale.

2820 4096 2896 4152 ll.

2143 4234 2357 4289 Manuel
2381 4234 2725 4306 Chrysaloras
2743 4233 2941 4288 Joanm’
2956 4232 3281 4303 Chrysolorw
3307 4233 3549 4288 salutem.

2144 4433 2273 4489 Mihi
2306 4433 2522 4502 quidem
2549 4432 2838 4502 jucundior
2867 4448 2984 4488 esse
3009 4431 3198 4502 incipit
3223 4431 3416 4496 Roma,
3451 4446 3515 4484 ex
3533 4447 3642 4500 quo

399 4526 704 4596 γράμματα
761 4525 818 4578 ὲν
855 4524 1029 4596 ταύτῃ
1081 4524 1261 4576 πυκνά
1304 4522 1413 4574 τῶν
1462 4523 1702 4588 οἰκείων,
1741 4533 1833 4578 καὶ
1872 4525 1955 4578 σοί

2073 4528 2279 4582 litteras
2312 4529 2532 4581 crebras
2565 4542 2594 4579 a
2619 4525 3000 4590 familiaribus,
3042 4533 3095 4579 et
3120 4526 3420 4594 praesertim
3443 4526 3539 4579 abs
3569 4535 3640 4590 te,

404 4616 642 4686 μάλιστα
687 4615 1000 4684 δεχομένῳ·
1044 4615 1172 4683 ύμῖν
1203 4631 1260 4667 τε
1318 4612 1524 4681 νομίζω
1590 4613 1718 4666 καθ’
1773 4615 1966 4684 ἡδονὴν

402 4705 1016 4775 ἔσεσθαιηγράμματα
1073 4705 1181 4775 ὲμά
1237 4704 1492 4758 ἐντεῦθεν
1557 4706 1963 4775 κομιζομένοις.

401 4797 626 4868 Πρῶτον
662 4797 760 4864 μὲν
786 4797 893 4866 γὰρ
917 4797 1010 4849 καῖ
1042 4795 1202 4865 μόνον
1245 4795 1378 4849 αὐτὸ
1418 4795 1520 4864 τῆς
1577 4797 1790 4860 πόλεως
1842 4796 1969 4850 τοῦ·

403 4907 566 4958 νομα,
595 4891 730 4960 ὅπερ
761 4889 927 4958 κάμοὶ
959 4887 1226 4957 πρότερον
1248 4886 1550 4952 συνέϐαινε,
1579 4887 1770 4950 πᾶσιν,
1788 4882 1968 4956 οἶμαι,

402 4984 516 5045 τοῖς
547 4980 839 5034 ἀκούουσιν
869 4980 1062 5051 ἡδονὴν
1103 4978 1297 5048 φέρει·
1331 4978 1521 5032 ἔπειτα
1571 4978 1672 5046 ἐμὲ
1723 4979 1822 5048 μὲν
1871 4980 1971 5048 τῆς

405 5072 663 5142 πατρίδος
691 5070 1108 5142 ἀποδημοῦντα,
1145 5073 1202 5122 ὲν
1225 5069 1384 5142 ἄλλῃ,
1416 5070 1512 5122 καὶ
1541 5069 1678 5140 αὐτῇ
1726 5072 1966 5140 πατρίδι,

407 5167 500 5219 καὶ
558 5164 858 5235 ὁμωνύμῳ,
914 5162 1003 5216 διὰ
1057 5163 1428 5233 γραμμάτων,
1472 5161 1499 5213 δ
1558 5162 1717 5230 μόνον
1748 5160 1969 5227 ἄπεστι,

410 5255 768 5323 συγγίνεσθαι
803 5257 916 5318 τοῖς
945 5255 1190 5317 οἰκείοις·
1235 5255 1381 5324 ἡμᾶς
1413 5235 1470 5306 δὲ
1499 5252 1723 5305 πολίτου
1751 5253 1844 5305 καὶ
1891 5255 1966 5305 οἱ·

409 5349 557 5403 κείου
590 5346 986 5415 ἀφεστηκότος,
1011 5345 1068 5411 ἐξ
1097 5344 1267 5413 αὐτῆς
1301 5344 1402 5412 τῆς
1435 5343 1824 5414 μητροπόλεως
1853 5345 1972 5396 ἑπι-

410 5440 598 5502 στολὰς
662 5437 980 5506 λαμϐάνειν,
1042 5437 1160 5500 πῶς
1221 5436 1321 5488 οὐκ
1367 5435 1434 5488 ἂν
1480 5435 1711 5507 δύναιτο,
1747 5435 1972 5498 δικαίως

405 5531 661 5600 τέρπειν;
696 5525 914 5596 Ἔγωγε
946 5544 1030 5580 τοι
1061 5526 1267 5597 ταύτην
1317 5527 1584 5596 ὁσημέραι
1611 5526 1860 5592 περιϊὼν,
1878 5527 1973 5580 καὶ

407 5621 502 5673 νῦν
539 5621 639 5689 μὲν
668 5620 825 5673 τοῦτο
873 5618 1014 5690 όρῶν
1047 5619 1241 5689 αὐτῆς,
1282 5618 1378 5671 νῦν
1425 5619 1482 5671 δὲ
1536 5620 1715 5673 ἐκεῖνο
1766 5618 1974 5688 νομίζω

406 5713 498 5763 ἐπὶ
526 5711 620 5780 τῆς
645 5708 918 5781 ἡμετέρας
946 5704 1108 5775 εἶναι,
1139 5710 1232 5762 καί
1267 5725 1392 5761 ποτε
1435 5711 1682 5764 λανθάνω
1735 5711 1974 5779 ἐμαυτὸν

408 5802 662 5858 τοσοῦτον
695 5803 866 5874 αὐτῆς
926 5804 1114 5873 πόρρω
1188 5802 1502 5874 διατρίϐων.
1538 5801 1708 5858 Ὅταν
1756 5819 1818 5871 γε
1867 5801 1972 5873 μὴν

2073 4626 2126 4680 in
2171 4627 2272 4680 hac
2297 4625 2520 4679 civitate
2553 4624 2761 4693 accipio
2799 4643 2810 4688 ;
2844 4624 2986 4678 sicut
3016 4623 3172 4677 vobis
3205 4638 3421 4691 quoque
3447 4624 3642 4698 volupe

2072 4715 2186 4770 fore
2221 4715 2478 4780 arbitror,
2510 4715 2555 4769 si
2593 4731 2624 4767 ιι
2655 4729 2740 4768 me
2791 4729 3009 4782 quoque
3041 4712 3108 4766 ad
3144 4727 3240 4766 vos
3273 4712 3400 4766 hinc
3437 4715 3630 4767 missas

2072 4805 2408 4874 receperitis.
2438 4805 2712 4874 Et-primo
2739 4805 2957 4875 quidem
3008 4803 3184 4870 ipsum
3222 4803 3372 4859 urbis
3416 4791 3639 4865 nomen,

2072 4897 2124 4951 id
2171 4896 2311 4966 quod
2353 4896 2484 4950 mihi
2529 4911 2745 4964 quoque
2778 4895 2999 4959 accidit,
3027 4894 3080 4949 in
3125 4895 3460 4948 audientium
3490 4895 3641 4948 auri-

2072 4982 2172 5043 bus
2200 4988 2316 5043 laete
2352 4998 2532 5044 sonat.
2571 4988 2688 5054 Quo
2713 4997 2872 5057 pacto
2937 4997 3116 5042 autem
3148 5003 3256 5042 non
3289 4996 3519 5058 uterque
3546 4989 3638 5042 lie.

2073 5089 2256 5134 temur
2284 5080 2306 5133 ?
2337 5094 2459 5148 ego,
2493 5079 2583 5134 cui
2636 5081 2778 5146 apud
2811 5088 3049 5143 exteros,
3083 5079 3208 5134 licet
3234 5083 3286 5132 in
3317 5081 3486 5134 altera
3515 5095 3644 5142 cog-

2072 5172 2294 5226 nomine
2325 5171 2498 5240 patria
2545 5170 2756 5240 degenti
2793 5160 2920 5224 cnin'
2949 5170 3304 5225 familiaribus
3328 5169 3646 5224 coinmercii

2074 5263 2384 5332 epistolaris
2429 5263 2592 5318 unico
2629 5261 2898 5316 solamine
2949 5263 3026 5316 uti
3077 5262 3240 5316 datur
3282 5278 3296 5326 ;
3336 5262 3431 5316 tibi
3476 5261 3568 5328 qui
3607 5276 3638 5313 a
3713 5329 3725 5338 ο

2076 5368 2162 5407 me
2187 5353 2478 5406 contribuli
2509 5368 2572 5406 ex
2602 5353 2703 5407 bac
2731 5353 2865 5406 urbe
2896 5351 3094 5406 missas
3120 5351 3323 5418 accipis
3344 5349 3642 5419 epistolas?

2077 5441 2233 5495 Hanc
2260 5442 2476 5508 quidem
2515 5441 2638 5495 dum
2669 5440 2909 5510 quotidie
2939 5454 3214 5508 percurro,
3249 5446 3302 5491 et
3348 5438 3508 5490 modo
3539 5437 3644 5490 hoc

2077 5531 2238 5585 modo
2269 5530 2400 5584 illud
2435 5531 2606 5585 oculis
2637 5531 2930 5600 perlustro,
2969 5531 3023 5582 in
3047 5537 3226 5582 nostra
3253 5526 3387 5580 mibi
3425 5524 3649 5588 videor,

2076 5622 2430 5692 quantumvis
2465 5621 2622 5691 longe
2653 5622 2779 5675 inde
2800 5616 3060 5683 'distanti,
3089 5620 3300 5686 degere.
3336 5614 3392 5668 Si
3419 5619 3642 5684 quando

2080 5714 2346 5769 ineditum
2366 5713 2596 5767 escendo
2617 5714 2820 5774 locum,
2843 5711 3038 5763 collem
3058 5711 3290 5776 aliquem
3317 5717 3466 5775 puta,
3499 5709 3645 5763 unde

2080 5804 2194 5862 haec
2220 5812 2399 5859 nostra
2424 5817 2635 5872 quoque
2662 5799 3021 5872 septcincollis
3053 5798 3222 5862 audit,
3249 5790 3514 5870 ettotaut
3538 5797 3649 5855 sub
