4144 6282
480 329 549 390 55
1628 327 2025 386 MANUELIS
2063 326 2585 387 CHRYSOLORE‘
3668 330 3736 391 56

480 440 711 511 pedibus
740 441 899 495 sitam
956 442 1315 511 contemplor,
1342 456 1448 497 non
1487 441 1541 496 in
1587 441 1737 497 Italia
1787 452 1842 497 et
1877 442 2055 504 Latio,

2168 442 2251 494 ὲπί
2298 457 2444 505 τινος
2494 441 2703 511 ὑψηλοῦ
2748 443 3059 513 γενόμενος,
3112 443 3331 507 ἀκούεις
3381 445 3437 499 δὲ
3514 454 3637 513 τοὺς
3676 451 3735 501 ὲν

482 534 575 588 sed
611 536 667 586 in
704 534 917 587 colonia
985 534 1162 603 aliqua
1202 550 1288 588 me
1333 550 1456 589 esse
1501 535 1834 605 imaginans,
1862 535 2059 590 domus

480 635 683 681 nostrae
717 626 880 680 situm
940 626 1345 695 circumspicio,
1380 629 1600 681 hortum
1653 628 1939 696 pensilem,
1968 643 2063 698 cy-

481 732 700 784 pressos
743 725 795 769 et
828 718 873 771 si
901 717 1029 783 quid
1066 717 1210 771 aliud
1249 717 1451 771 indicio
1485 734 1604 772 esse
1633 727 1829 784 potest,
1852 733 2058 787 quacro,

480 814 537 860 ct
576 806 718 858 oculi
748 806 905 858 fidem
944 806 1150 858 faciunt
1179 806 1227 858 ei
1260 807 1401 872 quod
1446 808 1574 861 olim
1607 807 1672 859 de
1694 807 1926 875 paradisi
1954 808 2059 859 situ

482 897 711 951 auribus
754 912 1094 966 acceperam.
1126 897 1263 961 Quid
1292 898 1435 951 enim
1472 898 1559 951 hic
1596 899 1741 951 vides
1772 899 1915 967 quod
1955 914 2061 952 non

479 988 621 1056 apud
657 997 899 1041 nostram
929 1003 1148 1056 quoque
1179 990 1597 1044 admirationem
1624 990 1868 1058 moveat?
1898 989 2063 1043 Teut-

478 1078 590 1147 pla,
618 1080 891 1147 porticus,
920 1079 1288 1148 hippodromi,
1329 1081 1546 1149 palatia,
1578 1082 1809 1146 theatra,
1846 1090 2061 1135 statum,

478 1185 601 1240 qua;
666 1172 849 1225 omnia
910 1172 1106 1225 mirum
1167 1175 1218 1226 in
1268 1173 1485 1227 modqu
1524 1189 1555 1227 e
1590 1174 1827 1230 latomiis
1856 1177 2063 1241 excisa,

482 1274 855 1335 transportata
900 1274 1025 1319 ante
1066 1267 1256 1321 oculos
1288 1275 1504 1319 nostros
1539 1267 1589 1317 in
1620 1281 1797 1319 aerem
1833 1282 2063 1322 consur-

475 1367 611 1426 sunt
650 1358 661 1411 !
705 1356 854 1411 Adde
894 1357 1184 1411 marmoris
1221 1359 1369 1412 varia
1402 1373 1618 1425 genera,
1664 1374 1786 1426 qua:
1808 1360 2061 1427 speculo-

474 1464 596 1501 rum
653 1451 823 1501 instar
869 1458 1203 1513 coruscant;
1250 1449 1538 1513 imagines,
1586 1452 1772 1515 stelas,
1832 1459 2059 1514 statuas,

476 1539 772 1601 obeliscos,
825 1555 946 1608 qua:
968 1540 1153 1595 omnia
1196 1546 1251 1592 et
1281 1540 1621 1595 multitudine
1643 1550 1695 1595 et
1726 1542 1943 1610 opificio
1970 1557 2069 1597 ex-

476 1628 724 1691 cellunt;
756 1630 954 1698 quibus
986 1629 1029 1681 si
1060 1628 1255 1695 adjicts
1311 1639 1661 1684 monumenta
1719 1633 1941 1701 antiqua
1980 1646 2067 1686 se-

475 1720 763 1788 pulcralia,
821 1720 933 1774 hrrc
982 1721 1113 1775 urbs
1141 1721 1215 1775 illi
1264 1730 1467 1775 nostra:
1520 1732 1779 1791 praestare
1830 1724 2059 1778 videtur.

476 1811 649 1867 Porro
686 1828 752 1866 ne
792 1814 1011 1867 silentio
1038 1821 1426 1881 praetereamus
1457 1829 1620 1884 cpera
1653 1816 1857 1869 circum
1891 1816 2066 1883 parie-

478 1916 560 1959 tes
619 1905 825 1959 nzusiva
866 1905 936 1958 ab
986 1904 1285 1961 artiﬁcibus
1342 1905 1747 1973 elegantissime
1770 1906 2065 1959 elaborata.

476 1995 635 2065 Apud
679 2010 779 2050 nos
831 1996 1051 2065 quidem
1104 2005 1295 2050 statuae
1342 2010 1683 2059 marmorea,
1725 1994 2065 2064 sarcophagi,

480 2088 674 2141 caelato
704 2103 867 2157 opere
903 2103 932 2141 e
958 2087 1166 2142 Graecia
1198 2087 1424 2154 invecti,
1460 2087 1663 2142 Phidiae
1697 2098 1749 2142 et
1778 2087 2069 2143 Praxitelis

476 2193 643 2247 opera
675 2188 825 2244 sunt,
863 2187 923 2233 ut
958 2194 1019 2232 cx
1048 2193 1387 2233 summorum
1433 2180 1705 2233 artificum
1754 2179 2069 2234 nominibus

475 2270 686 2340 passim
746 2269 1035 2339 insculptis
1087 2270 1347 2339 colligere
1395 2271 1542 2325 licet.
1598 2268 1804 2324 ﬂorum
1848 2271 1898 2323 in
1939 2285 2069 2324 con-

476 2369 667 2430 spectu
712 2375 854 2429 sape
881 2359 1096 2431 Synesii
1138 2360 1342 2414 dictum
1376 2372 1613 2417 mentem
1650 2361 1813 2415 subiit
1849 2378 1863 2427 ;
1893 2361 1983 2431 qui
2013 2362 2065 2414 in

476 2451 707 2521 cpistola
763 2452 830 2506 ad
858 2450 1105 2515 fratrem,
1133 2453 1187 2506 ni
1223 2452 1401 2519 fallor,
1441 2468 1473 2508 e
1510 2452 1720 2507 Gra’cia
1747 2453 1933 2514 missa,
1974 2453 2065 2507 ubi

477 2544 818 2598 Athenarum
876 2544 1205 2597 mentionem
1266 2543 1395 2598 facit
1439 2543 1581 2598 inter
1614 2544 1742 2607 alia.
1788 2540 2064 2619 Lycaeum,

476 2633 635 2698 dicit,
698 2633 847 2700 vidi;
881 2634 987 2688 vidi
1019 2633 1318 2698 Porticum,
1360 2632 1596 2690 chilcn
1626 2633 1772 2698 vidi,
1812 2632 1923 2703 jam
1958 2647 2067 2687 non

476 2722 759 2793 PteciIen;
837 2740 961 2781 nam
1040 2728 1332 2795 proconsul
1390 2727 1603 2781 tabulas
1667 2734 2066 2796 asportaverat.

476 2816 597 2888 Ego
636 2818 753 2888 ipse
795 2818 870 2871 ibi
925 2818 1138 2873 litteras
1168 2816 1385 2872 Graecas
1423 2818 1615 2887 priscae
1655 2816 1887 2885 originis
1920 2830 2067 2869 mar-

478 2908 729 2963 moribus
764 2906 1066 2974 instulptas
1095 2906 1231 2970 vidi,
1267 2921 1404 2970 quas
1435 2907 1749 2975 quicunque
1777 2906 1969 2959 viderit
2004 2922 2067 2959 ex

474 2997 709 3053 Athenis
766 3005 821 3051 et
849 2997 1059 3065 reliqua
1098 2996 1306 3053 Grarcia
1356 2998 1462 3052 huc
1497 2998 1753 3052 advectas
1779 2998 1944 3051 dicet.
1978 2998 2070 3051 Sic

2166 533 2303 602 αὐτῇ
2336 531 2557 600 λόφους,
2594 533 2719 585 ὅθεν
2750 534 2840 585 καὶ
2867 536 2935 603 τῇ
2996 535 3245 607 ἡμετέρᾳ
3302 537 3443 589 κατὰ
3499 538 3735 608 μίμησιν

2166 623 2473 690 ἑπτάλοφον
2500 624 2783 677 καλεῖσθαι
2838 625 3182 696 συμϐέϐηκε,
3230 629 3367 694 πρὸς
3396 627 3526 696 ὅλην
3564 630 3736 699 αὐτὴν

2166 716 2367 782 ἀπίδω,
2386 716 2573 768 οὐκέτι
2601 717 2788 785 οίομαι
2811 720 2869 768 ὲν
2897 717 3103 788 Ἰταλίᾳ
3132 719 3228 771 καὶ
3258 721 3463 791 Λατίῳ,
3501 722 3619 774 ἀλλ’
3642 718 3736 775 ἐπὶ

2165 810 2264 875 τῆς
2296 808 2673 877 ἐνεγκαμένης
2704 809 2873 876 αὐτῆς
2907 804 3073 863 εἶναι.
3109 810 3218 863 Καὶ
3268 810 3417 880 ζητῶ
3466 813 3567 880 τὴν
3597 815 3735 882 ἠμε-

2164 898 2330 965 τέραν
2356 897 2535 950 οίκίαν
2569 900 2624 950 ἐν
2664 891 2709 966 ᾧ
2741 900 2901 968 μέρει
2956 900 3057 963 τῆς
3106 901 3312 963 πόλεως
3352 902 3551 970 ἔστηκε
3576 921 3589 934 ·
3641 906 3735 955 καὶ

2166 991 2257 1042 τὶν
2289 992 2347 1042 ἐν
2372 991 2507 1059 αὐτῇ
2538 993 2853 1059 κρεμαστὸν
2882 993 3081 1060 κῆπον,
3111 995 3205 1045 καὶ
3239 996 3291 1046 εἴ
3313 1012 3362 1046 τι
3386 995 3572 1064 ἕτερον
3592 995 3735 1047 ἐκεί-

2167 1099 2264 1150 νης
2294 1082 2603 1150 γνώρισμα,
2631 1083 2727 1134 καὶ
2759 1083 2859 1145 τάς
2884 1085 3159 1155 ἡμετέρας
3188 1088 3593 1153 κυπαρίττους.
3624 1087 3733 1139 Καὶ

2165 1172 2194 1224 ὃ
2228 1171 2394 1224 πάλαι
2423 1172 2627 1241 ἤκουον
2654 1173 2791 1241 πρὸς
2843 1174 3201 1243 παράδειγμα
3258 1175 3487 1242 ταύτης,
3519 1178 3736 1244 ἐκείνην

2168 1264 2268 1332 τὴν
2292 1265 2473 1333 ἀρχὴν
2499 1264 2775 1330 γενέσθαι,
2796 1264 2891 1317 νῦν
2928 1266 3177 1334 ἀκρισῶς
3206 1267 3340 1336 ὁρῶ.
3378 1266 3445 1319 Τί
3491 1267 3597 1337 γὰρ
3628 1267 3735 1318 τῶν

2169 1355 2225 1405 ὲν
2256 1353 2450 1423 ταύτῃ,
2509 1353 2694 1416 ἁπλῶς
2726 1357 2924 1417 είπείν,
2959 1355 2987 1407 ὃ
3018 1356 3093 1426 μὴ
3146 1358 3240 1409 καὶ
3292 1357 3424 1425 παρ’
3480 1359 3610 1425 ἡμῖν
3641 1358 3735 1422 γέ·-

2169 1464 2361 1514 γονεν;
2392 1447 2466 1499 Οὐ
2508 1445 2633 1517 νεῲ,
2662 1447 2723 1499 οὐ
2753 1450 2908 1500 στοαί
2926 1465 2940 1513 ;
2973 1447 3071 1515 οὐχ
3125 1448 3495 1521 ἱππόδρομοις
3528 1449 3590 1501 οὐ
3636 1448 3735 1518 βα-

2171 1538 2382 1603 σίλειας
2437 1539 2498 1591 οὐ
2536 1538 2767 1609 θέατρα;
2804 1542 2897 1593 καὶ
2955 1543 3015 1595 ὲν
3066 1542 3249 1605 αὐτοῖς
3287 1542 3344 1595 δὲ
3377 1542 3614 1608 τούτοις,
3671 1542 3732 1593 οὐ

2170 1630 2309 1683 λίθοι
2345 1632 2441 1682 καὶ
2470 1629 2647 1691 κίονες
2699 1618 3059 1699 περιφανεῖς,¹
3115 1629 3532 1699 ἀπιστούμενοι,
3585 1631 3737 1692 ὅπως

2176 1722 2276 1791 μὲν
2308 1721 2407 1790 τὴν
2439 1721 2617 1791 ἀρχὴν
2651 1724 2717 1774 ὲκ
2746 1722 2855 1775 τῶν
2884 1722 3163 1791 λατομιῶν
3213 1721 3556 1793 ἐτμήθησαν,
3587 1723 3736 1784 ὅπως

2169 1813 2225 1867 δὲ
2265 1813 2659 1882 ἐκομίσθησαν,
2718 1814 2867 1876 ὅπως
2912 1814 2970 1867 δὲ
2999 1814 3354 1885 ἡγέρθησανς
3406 1815 3468 1866 οὐ
3513 1813 3737 1884 μαρμά-

2172 1922 2284 1975 ρων
2323 1908 2553 1958 παντοῖα
2578 1906 2735 1974 γένη,
2768 1905 3056 1975 κάτοπτρα
3091 1907 3233 1975 ὑπὲρ
3261 1908 3445 1960 πᾶσαν
3477 1907 3611 1976 ὓλην
3640 1907 3735 1959 δυ-

2168 1992 2417 2062 ναμένων
2469 1988 2645 2057 εἷνιις
2700 1994 2799 2045 οὐκ
2853 1994 3079 2058 εἰκόνες,
3107 1995 3167 2047 οὗ
3221 1995 3448 2064 στῆλαι;
3502 1995 3604 2049 οὐκ
3637 1996 3733 2047 ἀν·-

2168 2083 2448 2152 δριάντεςς
2479 2084 2578 2135 οὐκ
2607 2083 2881 2137 ὀϐελίσκοι
2910 2101 2924 2149 ;
2961 2086 3021 2137 ὲν
3052 2078 3095 2151 ᾧ
3121 2085 3175 2138 δὲ
3205 2084 3366 2153 αὕτη,
3413 2085 3491 2155 τῷ
3538 2084 3736 2153 πλήθει

2169 2176 2277 2227 τῶν
2307 2174 2415 2228 ἀπὸ
2443 2174 2609 2227 λίθων
2641 2175 2973 2243 ἀνδριάντων
3005 2177 3171 2244 λέγω,
3208 2180 3305 2231 καὶ
3332 2182 3396 2247 τῇ
3456 2181 3586 2247 περὶ
3612 2178 3735 2231 τού-

2170 2280 2295 2325 τους
2316 2266 2503 2335 τέχνῃ,
2540 2267 2634 2320 καὶ
2665 2268 2777 2327 τοῖς
2796 2268 2905 2319 τῶν
2933 2267 3179 2321 παλαιῶν
3235 2269 3447 2339 τάφοις,
3510 2272 3602 2322 καὶ
3634 2270 3733 2337 τῆς

2167 2357 2443 2427 ἡμετέρας
2462 2356 2609 2410 δοκεῖ
2636 2357 3024 2414 πλεονεκτεῖν)
3059 2359 3468 2430 Ἀνελθήσωμεν
3502 2362 3600 2431 τὴν
3626 2361 3735 2414 ἀπὸ

2169 2450 2278 2504 τῶν
2308 2450 2558 2519 ψηφίδων
2593 2452 2650 2504 ὲν
2673 2452 2787 2512 τοῖς
2818 2451 3019 2521 τοίχοις
3072 2454 3291 2523 τέχνην,
3338 2455 3432 2507 καὶ
3477 2454 3574 2523 τὴν
3626 2455 3734 2507 ἀπὸ

2168 2541 2373 2595 τούτων
2396 2541 2570 2611 ὥραν.
2607 2542 2808 2612 Ὅπερ,
2837 2542 3026 2613 ῶσπερ
3053 2543 3186 2615 παρ’
3220 2548 3353 2614 ἡμῖν
3400 2546 3460 2599 τὸ
3495 2547 3621 2599 τῶν’
3651 2546 3733 2597 λι-

2170 2633 2334 2687 θίνων
2384 2632 2717 2702 ἀγαλμάτων
2793 2635 2889 2688 καὶ
2954 2636 3063 2688 τῶν
3122 2635 3471 2706 περιγλὺφων
3528 2636 3731 2707 θηκῶν,

2172 2724 2405 2776 σπάνιον
2438 2724 2497 2775 ὲν
2528 2724 2763 2786 τούτοις,
2784 2725 2878 2777 καὶ
2906 2725 3085 2778 αὐτῶν
3113 2725 3168 2780 δὲ
3200 2727 3409 2781 τούτων
3437 2728 3548 2780 τῶν
3566 2726 3735 2792 ἀγαλ-

2175 2813 2386 2880 μάτων,
2425 2813 2521 2866 καὶ
2561 2814 2669 2866 τῶν
2703 2813 2886 2880 θηκῶν
2918 2814 3147 2886 πλεῖστα
3177 2817 3285 2869 ἀπὸ
3320 2820 3419 2884 τῆς
3459 2816 3732 2882 Ἑλλάδος,

2168 2902 2377 2955 Φειδίου
2405 2904 2496 2955 καὶ
2524 2903 2911 2972 Πραξιτέλους,
2944 2905 3035 2955 καὶ
3063 2905 3173 2957 τῶν
3204 2905 3405 2972 ὁμοίων
3453 2906 3619 2974 ἔργα,
3656 2907 3734 2967 ὡς

2171 2994 2321 3046 ἐστιν
2355 2995 2598 3061 ἀκριϐῶς
2662 2995 2792 3046 ίδεῖν
2828 2994 2937 3047 ἀπὸ
2980 2995 3089 3048 τῶν
3128 2997 3621 3066 ὲγκεκολαμμένων
3675 2998 3734 3050 ἐν

477 3096 767 3145 sescentas
795 3087 1008 3156 reperio
1025 3089 1333 3158 sculpturas
1360 3097 1453 3143 aut
1488 3089 1884 3157 inscriptiones
1912 3088 2063 3143 (ἓτερ-

2170 3086 2353 3148 αὑτοῖς
2421 3087 2787 3155 γραμμάτων,
2851 3088 2945 3139 τὸν
2986 3087 3239 3157 τεχνίτην
3299 3089 3681 3158 ἐπιϐοωμένων
3714 3104 3728 3119 ·

478 3196 598 3246 eas,
628 3191 687 3235 ut
739 3180 1008 3235 tumulum
1035 3180 1199 3236 etiam
1228 3181 1323 3250 qui
1375 3178 1565 3235 Latine
1598 3181 1896 3250 inscriptus
1926 3181 2063 3234 hunc

2171 3174 2313 3228 ῶστε
2336 3175 2599 3238 πολλάκις
2647 3176 2820 3228 ταῦτα
2869 3178 3011 3245 ὁρῶν
3057 3177 3402 3249 ἐνεθυμήθην
3453 3180 3629 3231 ἐκεῖνο
3674 3178 3735 3231 τὸ

479 3286 695 3327 versum
725 3268 925 3327 Graeco
950 3286 1204 3328 sermone
1239 3272 1477 3338 exhibet,
1513 3290 1533 3323 ι
1557 3270 1749 3339 Macte,
1773 3270 2067 3333 Prisciane,

480 3379 648 3420 nemo
678 3363 1025 3419 immortalis.
1062 3382 1081 3416 ι
1107 3362 1224 3419 Huc
1255 3364 1389 3418 adde
1420 3372 1792 3418 matronarum
1811 3372 1865 3418 et
1899 3364 2071 3417 lihcr-

481 3468 662 3513 tarum
699 3457 972 3526 sepulcra.
1012 3472 1136 3526 quae
1176 3457 1531 3527 lapicidarum
1566 3460 1704 3511 bene
1739 3455 2068 3510 famatorum

480 3548 706 3605 nomina
754 3547 895 3618 typis
924 3545 1130 3603 Graecis
1187 3547 1457 3617 insculpta
1500 3562 1612 3617 prie
1663 3562 1724 3602 se
1755 3545 1956 3611 ferunt,
2003 3546 2070 3601 de

378 3623 390 3633 ’
479 3638 687 3708 quibus
741 3639 967 3712 longum
1005 3639 1093 3694 hic
1116 3639 1403 3695 instituere
1435 3654 1741 3695 sermonem
1769 3639 2065 3693 absurdum

478 3738 646 3783 esset.
680 3726 733 3781 Id
762 3735 912 3782 certe
939 3726 1009 3781 ab
1062 3727 1344 3783 historicis
1373 3730 1649 3782 memoriae
1678 3727 1955 3795 proditum
1988 3729 2066 3783 le-

479 3818 627 3885 gitur
651 3819 798 3887 quod
829 3818 943 3873 haec
969 3818 1103 3873 urbs
1128 3819 1255 3873 olim
1281 3834 1389 3874 non
1418 3820 1596 3873 minus
1616 3834 1645 3873 a
1675 3818 1881 3874 Graecis
1899 3835 2062 3888 quam

477 3908 549 3963 ab
588 3907 737 3963 Italis
768 3910 1010 3964 habitata
1046 3909 1151 3965 fuit
1180 3928 1195 3975 ;
1233 3911 1327 3980 qui
1360 3912 1580 3981 quidem
1619 3912 1917 3966 maximam
1942 3929 2068 3981 par-

478 4009 589 4053 tem
622 3997 806 4054 Grtece
833 4000 979 4069 loqui
1012 4002 1215 4067 sciunt,
1247 4011 1301 4055 et
1328 4002 1408 4056 sic
1433 4002 1646 4057 dialecti
1676 4004 2068 4056 communitate

480 4089 784 4146 eﬂecerunt
813 4100 874 4144 ut
904 4092 1056 4146 multi
1084 4091 1258 4147 Graeci
1292 4094 1462 4148 hocce
1500 4094 1834 4148 domicilium
1882 4096 2065 4164 elege-

479 4183 616 4237 rint.
671 4179 737 4233 Et
768 4181 897 4249 quia
931 4182 1146 4235 tandem
1181 4183 1510 4237 incommodi
1545 4185 1757 4254 generis
1778 4185 2067 4239 diversitas

480 4267 678 4323 aﬂ'erre
733 4274 846 4321 tum
907 4269 1248 4338 potissimum
1290 4273 1557 4340 potuisset
1587 4272 1677 4327 ubi
1713 4283 2067 4343 utrarumque

481 4358 765 4413 nationum
819 4352 971 4413 unio'
1011 4374 1100 4414 res
1151 4361 1486 4426 desiderata,
1539 4365 1850 4418 necessaria
1903 4375 2058 4431 erat;

480 4451 573 4507 ubi
612 4459 805 4521 praeter
833 4464 1012 4505 mores
1034 4452 1254 4507 eosdem
1285 4453 1425 4507 idem
1451 4468 1669 4523 quoque
1696 4456 1929 4519 animus,
1965 4471 2061 4510 ea-

478 4542 604 4596 dem
639 4540 865 4594 ambitio
904 4554 1095 4594 omnes
1143 4552 1268 4597 ante
1308 4544 1570 4612 iungebat
1602 4544 1615 4596 ι
1648 4545 1704 4599 id
1738 4561 1866 4600 vero
1907 4547 2058 4602 triste

479 4630 631 4687 dictu
670 4646 733 4687 ac
756 4632 963 4687 creditu
988 4633 1133 4703 quod
1167 4635 1409 4705 plerique
1432 4636 1677 4690 nesciant
1706 4639 1859 4691 tidem
1898 4637 2056 4691 Chri-

484 4722 722 4779 8tiauam
783 4724 1032 4794 utrisque
1086 4741 1432 4781 communem
1497 4727 1728 4796 ideoque
1778 4729 2053 4783 vinculum

477 4815 723 4869 omnium
753 4817 1195 4886 antiquissimum
1229 4817 1347 4887 ejus
1372 4821 1445 4873 rei
1480 4836 1698 4874 causam
1730 4819 1918 4875 fuisse.
1948 4820 2053 4874 Sed

478 4906 545 4960 de
592 4905 681 4959 his
738 4921 918 4960 sermo
976 4923 1082 4960 nun
1137 4919 1222 4963 est
1276 4910 1437 4978 hujus
1488 4912 1588 4966 loci
1649 4926 1713 4965 ac
1769 4914 2055 4981 temporis.

2170 3266 2264 3319 τοῦ
2296 3266 2573 3319 Συνεσίου.
2610 3266 2701 3320 Ἐν
2721 3266 2798 3336 τῷ
2831 3269 2966 3333 πρὸς
2990 3268 3080 3319 τὸν
3110 3268 3359 3335 ἀδελφὸν,
3387 3262 3568 3338 οἶμαι,
3592 3270 3737 3320 ἐκεῖ·

2171 3372 2279 3418 νος,
2328 3355 2389 3407 οὐ
2430 3357 2539 3425 γὰρ
2591 3356 2770 3418 καλῶς
2826 3357 3139 3427 μέμνημαι,
3206 3360 3316 3411 ἀπὸ
3347 3359 3445 3429 τῆς
3488 3359 3733 3422 Ἑλλάδος

2170 3447 2421 3515 γράφων,
2452 3448 2703 3517 καὶπερὶ
2743 3450 2840 3516 τῆς
2865 3448 2944 3509 είς
2986 3449 3215 3519 Ἀθήνας
3261 3451 3572 3520 ἀποδημίας
3619 3453 3734 3519 διη-

2170 3537 2456 3606 γούμενος,
2481 3538 2614 3607 φησὶ
2645 3540 2783 3608 μετά
2826 3540 2995 3593 πολλά
3022 3541 3120 3611 (1)’
3158 3538 3313 3593 Εἶδον
3348 3543 3583 3595 Λύκειον
3607 3559 3621 3572 '
3654 3540 3735 3595 εἷ·-

2167 3631 2257 3684 δον
2280 3631 2470 3683 Στοάν·
2502 3624 2641 3683 εἶδον
2677 3630 2960 3699 Ποικίλην,
2998 3634 3096 3701 τὴν
3136 3632 3317 3685 οὐκέτ’
3349 3630 3515 3686 οὖσαν
3550 3635 3736 3687 Ποικί-

2168 3723 2290 3791 λην.
2332 3722 2388 3774 Ὀ
2412 3722 2521 3791 γὰρ
2546 3720 2858 3783 ἀνθύπατος
2906 3722 3003 3785 τάς
3057 3723 3272 3786 σανίδας
3327 3724 3605 3792 ἀφείλετο·
3641 3725 3734 3777 καὶ

2169 3815 2341 3868 πολλὰ
2400 3814 2495 3867 καὶ
2538 3813 2699 3875 αὐτὸς
2754 3808 2893 3865 εἶδον
2947 3815 3179 3867 ἐνταῦθα
3266 3818 3360 3870 ἐπὶ
3428 3802 3732 3887 μαρμάριυν

2169 3906 2477 3976 γράμματα
2512 3905 2803 3973 Ἑλληνικὰ
2853 3905 2947 3959 τοῦ
3006 3908 3237 3975 ἀρχαίου
3268 3906 3465 3961 τύπου.
3506 3910 3573 3960 ’Λ
3624 3911 3731 3970 πᾶς

2167 4015 2251 4059 τις
2314 3996 2381 4050 ἂν
2439 3997 2674 4066 βεϐαίως
2742 3998 2850 4049 ἀπὸ
2900 3995 3007 4049 τῶν
3060 3998 3421 4067 γραφομένων
3474 3999 3621 4051 εἴποι
3672 3995 3732 4065 ἐξ

2184 4088 2423 4157 Ἀθηνῶν
2459 4088 2641 4141 αὐτῶν
2671 4086 2762 4140 καὶ
2793 4089 2890 4157 τῆς
2921 4089 3090 4156 ἄλλης
3132 4089 3389 4149 Ἑλλάδος
3447 4089 3609 4159 δεῦρο
3642 4108 3731 4141 κε-

2170 4180 2428 4248 κομίσθαι
2449 4193 2463 4207 ·
2498 4180 2593 4230 καὶ
2624 4180 2761 4233 ἄλλα
2792 4180 2847 4231 δὲ
2879 4179 3047 4247 μυρία
3081 4180 3320 4250 εὑρίσκω
3349 4182 3581 4234 ἐνταῦθα
3616 4181 3735 4233 '15).-

2168 4268 2408 4336 ληνικῶς
2456 4268 2738 4336 γραφέντα
2774 4271 2865 4320 καὶ
2897 4270 3242 4333 τυπωθέντα,
3304 4266 3416 4324 οἷον
3476 4274 3560 4338 ἐφ’
3614 4274 3732 4335 ἑνὸς

2170 4361 2343 4427 τάφου
2408 4358 2547 4428 μετὰ
2605 4353 2779 4411 πολλᾶ
2837 4361 3145 4422 Λατινικὼς
3202 4364 3605 4431 τετυπωμένασ
3650 4364 3729 4417 ἔτι

2170 4451 2561 4519 προσκείμενον
2618 4448 2920 4517 Ἑλληνιστὶ
2956 4451 3107 4503 τουτλ⁸
3154 4451 3209 4504 το
3248 4451 3399 4515 ἔπος·
3467 4454 3728 4521 Εὐψύχει,

2167 4541 2487 4611 Πρισκιανὲ,
2523 4539 2697 4602 οὐδεὶς
2719 4542 2986 4601 ἀθάνατος
3008 4558 3020 4571 ·
3055 4545 3150 4595 καὶ
3206 4546 3484 4611 γυναικῶν
3538 4546 3589 4596 δὲ
3626 4564 3729 4595 πα-

2166 4633 2337 4699 λαιῶν
2379 4634 2541 4703 μέχρι
2582 4635 2675 4687 καὶ
2732 4634 3113 4702 ἀπελευθέρων
3175 4638 3400 4703 τάφους·
3448 4637 3543 4688 καὶ
3592 4637 3735 4689 λιυο-

2164 4725 2299 4789 ξιὶων
2329 4723 2387 4778 δὲ
2416 4727 2481 4795 τῇ
2512 4725 2677 4796 τέχνῃ
2707 4728 3128 4796 σεμνυνομένων
3186 4729 3277 4780 ἐπὶ
3322 4729 3431 4782 τῶν
3473 4730 3731 4799 μιμημά-

2168 4836 2270 4871 των
2293 4817 2475 4870 αὐτῶν
2505 4816 2746 4885 ὀνόματα
2770 4818 3439 4889 γράμμασινἙλληνικοῖς
3495 4823 3732 4890 ἐγκεχα-

2164 4907 2439 4975 ραγμένα.
2480 4897 2580 4957 ’Ὧν
2624 4905 2806 4974 λέγειν
2837 4908 2917 4969 είς
2966 4907 3026 4959 τὸ
3074 4908 3245 4978 παρὸν
3289 4910 3459 4961 πολλὰ
3512 4910 3586 4977 μὴ
3635 4925 3729 4976 γε·

484 4996 591 5051 Sed
648 4996 846 5050 iterum
918 4998 1117 5061 dicam,
1156 5002 1299 5068 quod
1362 5000 1529 5055 Roma
1594 5004 1790 5055 mirunt
1855 5020 1907 5055 tn
1944 5019 2059 5056 m0-

2168 4993 2382 5073 >.οῖονῇ.
2420 4998 2584 5052 Ὅθεν
2629 5001 2908 5066 φαίνεται,
2954 4999 2982 5052 δ
3008 5002 3102 5054 καὶ
3128 5004 3280 5070 παρά
3328 5002 3437 5055 τῶν
3471 5004 3730 5071 ἱστοριῶν

481 5088 612 5139 dum
660 5086 793 5140 mihi
827 5087 1077 5154 placebit,
1114 5092 1157 5144 si
1194 5090 1511 5161 frequentes
1552 5110 1579 5145 a
1622 5094 1772 5148 vobis
1791 5095 2053 5163 epistolas

2168 5092 2454 5161 ἀκούομεν,
2483 5090 2582 5161 τὴν
2619 5092 2774 5144 πόλιν
2802 5092 3001 5162 ταύτην
3052 5094 3111 5145 τὸ
3142 5096 3367 5162 ἀρχαῖον
3417 5095 3518 5147 οὐκ
3576 5095 3730 5146 έλλτο

479 5178 766 5245 accipiam,
806 5190 859 5234 et
898 5184 1042 5250 quod
1105 5184 1259 5239 vobis
1298 5186 1432 5253 ipsis
1469 5202 1573 5240 non
1603 5186 1785 5240 minus
1833 5198 2046 5255 gratum

2168 5200 2248 5235 τον
2279 5182 2409 5252 παρ’
2460 5182 2731 5251 Ἑλλήνων
2766 5183 2798 5252 ἢ
2836 5184 2967 5252 παρ’
2998 5185 3219 5243 Ἰταλῶν
3240 5186 3509 5239 οἰκεῖσθαι
3539 5205 3554 5218 ο
3592 5188 3730 5252 μᾶλ-

475 5276 601 5330 οι-ςι,
626 5282 771 5323 meas
811 5272 875 5325 ad
914 5286 1009 5325 vos
1049 5274 1245 5343 legere.
1286 5276 1548 5345 Equidem
1574 5276 1685 5345 jam
1719 5277 1846 5331 hmc
1872 5277 2050 5330 otiicio

476 5356 781 5423 satisfacio,
825 5361 936 5415 imo
984 5364 1285 5431 plurimum
1338 5366 1603 5428 satisfeci,
1655 5382 1720 5420 ex
1780 5383 1887 5436 quo
1945 5369 2049 5422 huc

474 5449 597 5502 veni
635 5449 765 5514 ;sed
800 5461 921 5505 tuas
965 5467 1184 5521 quoque
1216 5454 1357 5506 haud
1388 5470 1541 5510 raras
1607 5457 1840 5526 accipio.
1893 5457 2045 5515 Vale.

2168 5459 2416 5521 Ἑλλάδος
2449 5458 2676 5521 πολλοὺς
2717 5460 2920 5529 ταύτην
2952 5462 3312 5531 αἱρουμένους
3368 5465 3556 5526 οἰκεῖν,
3601 5478 3725 5513 συν-

481 5537 579 5589 ut
609 5537 873 5596 δύνασθαι
933 5542 1114 5595 λαλεῖν
1142 5545 1535 5608 ἐκείνιις.Νὖν
1562 5548 1616 5600 δὲ
1647 5549 1737 5601 ὅτε
1772 5549 1903 5616 ἔδει,
1958 5551 2049 5602 καὶ
2075 5551 2372 5618 ἀναγκαῖον
2433 5546 2501 5624 ἦν
2553 5550 2797 5620 μάλιστα
2869 5553 3129 5622 ἡνῶσθαι,
3191 5556 3242 5606 τί
3316 5556 3568 5623 διέστησε
3642 5552 3724 5623 τῷ

2158 5276 2250 5326 λον
2279 5277 2333 5328 δὲ
2366 5276 2461 5328 καὶ
2496 5276 2691 5339 αὐτοὺς
2718 5279 2845 5336 τοὺς
2893 5278 3128 5340 Ἰταλοὺς
3171 5276 3247 5348 τῷ
3278 5280 3517 5349 πλείστῳ
3570 5280 3727 5348 μέρει

2169 5367 2500 5433 Ἑλληνικῶς
2550 5369 2749 5421 είδέναι
2779 5370 3148 5436 φθέγγεσθαιο
3193 5372 3434 5423 καὶτῶν
3494 5371 3601 5423 ἀπὸ
3629 5370 3727 5431 τῖις

552 5714 629 5787 (1)
668 5712 820 5773 Εἶδον
851 5718 911 5772 τδ
950 5720 1202 5788 Λύκειον,
1238 5717 1375 5776 εἶδον
1403 5724 1497 5797 τὴν
1548 5729 1735 5795 Στοὰν,
1779 5727 2060 5797 Ποικίλην,
2087 5728 2184 5800 τὴν
2220 5730 2313 5785 νῦν
2349 5731 2525 5785 οὐκέτ’
2555 5732 2720 5785 οὖσαν
2748 5734 3028 5804 Ποικίλην.
3055 5737 3186 5806 Syn.
3231 5740 3391 5807 ep'st.
3432 5738 3548 5797 133.
