4144 6282
557 424 632 488 59
814 412 827 419 ’ί
1380 432 1385 437 θ
1848 426 2175 486 JOANMS
2211 427 2492 487 CANANI
3750 419 3821 482 60

559 555 683 606 quze
711 538 829 592 isﬁs
894 539 1137 607 opposita
1162 549 1311 602 sunt,
1343 538 1396 592 in
1431 540 1597 593 cruda
1637 540 1863 594 materia
1904 540 2137 608 cﬂingit.
2177 567 2191 602 λ

2255 541 2513 595 ταστικοῦ
2560 540 2661 607 τῆς
2702 523 3084 609 ψυχῆξτύπω
3112 536 3459 591 ἀποδέδωκεν
3490 530 3706 612 ὲπὶτοῦ
3741 530 3827 584 λε-

562 632 677 685 llnc
708 633 871 700 igitur
912 632 1259 698 potissimum
1292 632 1344 685 iu
1380 633 1498 685 istis
1530 634 1787 701 operibus
1822 633 2019 686 mirum
2049 649 2144 685 no-

560 723 648 777 bis
704 724 915 775 videtnr
954 738 967 785 ;
1009 738 1059 776 et
1101 739 1231 779 sane
1271 725 1314 777 si
1348 725 1473 792 quis
1518 724 1569 777 in
1604 725 1768 780 rebus
1837 725 1942 779 illis
1984 734 2143 778 natu-

573 817 777 871 ralibus
840 816 1222 884 plasmatorem
1256 828 1309 871 et
1343 833 1505 886 opera
1531 820 1646 886 ipsa
1686 818 1907 887 pulchra
1940 818 2140 887 ingenii

566 909 788 960 humani
846 909 1016 960 aciem
1062 911 1396 973 attestantia,
1435 911 1916 978 contemplabitur,
1978 911 2150 964 maxi-

571 1015 793 1067 mopere
846 1001 1269 1067 stupchit.Talia
1321 1004 1465 1075 enim
1503 1017 1626 1055 cum
1675 1005 1867 1056 ardore
1893 1003 2143 1071 amplecti

566 1108 695 1144 vera
741 1103 820 1145 est
870 1093 1214 1160 philosophia
1261 1093 1423 1154 ;h:ec
1484 1094 1628 1145 enim
1685 1095 1983 1148 secundum
2037 1096 2148 1148 Vir-

568 1193 736 1235 tutem
771 1192 823 1235 el.
869 1185 1192 1250 sapientiam
1228 1186 1457 1252 primum
1493 1186 1670 1239 locum
1710 1196 1911 1239 tenent.
1936 1185 2146 1241 Talium

566 1285 819 1342 asp-ctus
882 1291 983 1328 nos
1043 1291 1340 1343 permovet,
1388 1288 1439 1331 et
1505 1278 1815 1346 hujusmodi
1880 1280 2175 1345 exempla,

566 1368 785 1436 quando
820 1368 1030 1432 integra
1066 1377 1120 1423 et
1177 1372 1476 1423 secundum
1512 1372 1774 1424 rationem
1804 1380 1948 1435 sunt,
1978 1372 2151 1441 magis

567 1475 730 1527 quam
765 1474 953 1513 rerum
989 1459 1318 1512 naturalium
1349 1475 1527 1514 causa:
1551 1461 1617 1514 ad
1645 1469 1875 1513 mentem
1908 1461 2150 1528 aliquam

567 1551 889 1603 creatricem
954 1549 1145 1603 referri
1200 1552 1418 1605 debent.
1452 1551 1517 1605 Et
1567 1553 1609 1605 si
1666 1553 1718 1606 in
1776 1554 1861 1608 his
1910 1556 2151 1609 auctoris

565 1642 884 1696 excellentia
923 1642 1413 1713 nianit‘estatur,qui
1450 1644 1671 1697 materia
1739 1648 2152 1713 praeexsistente

568 1733 844 1800 quomodo
876 1733 1007 1786 libet
1035 1734 1204 1787 utitur
1248 1751 1261 1799 ;
1299 1744 1506 1802 quanto
1546 1737 1720 1804 magis
1753 1737 1951 1791 divina:
2006 1740 2153 1795 illius

571 1828 770 1878 mentis
806 1826 1115 1894 praestantia
1146 1828 1322 1881 elucet
1361 1843 1483 1895 qua:
1545 1828 1827 1882 materiam
1870 1830 2039 1898 ipsam
2098 1842 2152 1887 et

571 1930 753 1969 rermn
793 1916 994 1972 formas
1026 1920 1277 1986 producit
1309 1929 1363 1973 et
1395 1920 1524 1974 facit
1567 1932 1623 1975 ut
1665 1938 1819 1977 mens
1851 1936 2035 1978 n03tra
2070 1940 2155 1978 rer
2191 1893 2229 1949 Β

573 2021 691 2059 rum
732 2007 934 2061 formas
965 2008 1180 2079 etiingat
1203 2019 1256 2064 et
1283 2011 1365 2064 sic
1396 2019 1651 2066 externas
1684 2013 1847 2067 faciat
1874 2012 1896 2065 ?
1926 2012 2030 2067 Sed
2060 2029 2158 2067 cur

572 2104 787 2151 tandem
818 2099 930 2153 haec
959 2101 1053 2155 tibi
1096 2103 1216 2155 dico
1258 2102 1353 2172 qui
1386 2106 1496 2156 haec
1533 2106 1725 2159 melius
1771 2120 1854 2158 me
1898 2106 2016 2174 ipso
2058 2121 2158 2161 no-

574 2190 694 2242 visti
728 2192 749 2242 Ἰ
780 2188 907 2251 Sed.
931 2202 988 2245 ut
1026 2192 1136 2261 jam
1170 2195 1305 2258 dixi,
1338 2198 1519 2249 haecce
1550 2197 1679 2250 urbs
1707 2198 1901 2251 talibus
1927 2198 2159 2267 aliisque

569 2278 940 2337 divinior-ibus
1003 2286 1270 2353 exemplis
1328 2292 1570 2339 animum
1641 2303 1862 2343 inurere
1914 2299 2085 2357 potest
2139 2306 2154 2356 ;

572 2378 625 2423 et
668 2373 846 2438 quoad
879 2391 1088 2428 tuorum
1116 2378 1491 2444 disciplinam,
1547 2380 1796 2433 videmus
1832 2380 1977 2449 quod
2003 2382 2150 2435 viro-

575 2478 698 2517 rum
736 2476 1130 2534 spectatorum,
1164 2478 1221 2522 ut
1260 2480 1386 2539 puta
1436 2474 1881 2536 architectorum,
1920 2474 2154 2542 trapezi-

572 2564 771 2620 tarum,
820 2561 1271 2629 gubernatorum,
1327 2564 1743 2633 magistratuum
1810 2566 2049 2619 studium
2099 2575 2155 2621 et

572 2650 801 2705 ambitio
854 2656 1219 2722 prosperrime
1280 2660 1605 2726 procedunt,
1657 2669 1934 2727 postremo
1970 2669 2153 2715 tamen

572 2746 628 2803 in
670 2748 803 2801 nihil
852 2753 1076 2810 aheUnt,
1113 2750 1217 2802 nisi
1269 2749 1411 2807 Deus
1457 2767 1553 2819 per
1589 2753 1746 2805 ﬁdem
1784 2752 2012 2806 aliorum
2058 2768 2156 2808 nos

573 2841 642 2895 ad
674 2857 851 2895 rerum
876 2852 1079 2896 statum
1108 2841 1387 2896 meliorem
1415 2844 1675 2896 COIitiUCil
1722 2859 1905 2912 quem,
1934 2845 1978 2898 si
2007 2859 2156 2900 sana:

580 2935 778 2989 mentis
817 2949 1036 2999 sumus,
1066 2934 1237 3003 magis
1264 2935 1523 2989 admirari
1551 2945 1604 2989 et
1635 2936 1815 3003 magni
1849 2934 2030 2989 facere
2060 2951 2157 3005 po-

575 3026 825 3080 terimus.
864 3025 1016 3082 Vile.

2246 636 2363 700 θου,
2394 634 2424 695 ἦ
2452 633 2546 686 τοῦ
2579 632 2759 698 ξύλου,
2805 632 2838 701 ἢ
2871 632 2966 685 τοῦ
2995 630 3222 700 χαλκοῦ,
3254 629 3287 698 ἢ
3325 626 3434 680 τῶν
3473 626 3820 697 χρωμάτωνο

2246 731 2340 784 καὶ
2385 728 2577 796 ὥσπερ
2626 729 2659 796 ἠ
2706 727 2941 779 ἑκάστου
2974 724 3121 794 ψυχὴ
3169 723 3229 774 τὸ
3277 722 3449 787 αὐτῆς
3508 719 3673 786 σῶμα
3720 720 3822 769 οὐκ

2247 822 2435 887 ὀλίγας
2462 818 2847 888 μαλακότητας
2871 816 2993 884 ἕχον
3017 813 3347 883 διατίθησιν,
3370 810 3511 864 ὥστε
3537 809 3635 879 τὴν
3654 808 3825 875 αὐτῆς

2248 914 2509 976 διάθεσιν,
2536 912 2734 981 λύπην,
2763 912 2793 978 ἢ
2828 909 3025 978 χαρὰν,
3048 908 3080 978 ἢ
3103 906 3275 975 θυμὸν
3306 907 3362 956 ὲν
3390 902 3538 971 αὐτῷ
3567 900 3823 970 ὁρᾶσθαι·

2250 1005 2391 1059 οὕτω
2446 1004 2546 1076 τὴν
2601 1002 2694 1055 τοῦ
2746 1001 2895 1054 λίθου
2950 998 3112 1067 φύσιν
3166 998 3340 1058 οὕτως
3394 994 3684 1047 ἀντίτυπον
3732 992 3830 1043 καὶ

2253 1099 2521 1165 σκληρὰν,
2553 1097 2587 1165 ἢ
2637 1096 2733 1148 τοῦ
2786 1093 2992 1164 χαλκοῦ
3027 1092 3060 1162 ἢ
3107 1090 3215 1143 τῶν
3250 1088 3558 1159 χρωμάτων
3590 1085 3689 1155 τὴν
3716 1086 3827 1137 τῶν

2254 1190 2551 1256 ἀλλοτρίων
2581 1206 2658 1253 τε,
2679 1189 2774 1241 καὶ
2801 1188 2905 1251 ἔξω
2926 1186 3013 1239 διὰ
3040 1185 3140 1254 τῆς
3164 1182 3484 1252 ὁμοιότητος
3514 1182 3606 1233 καὶ
3632 1179 3829 1248 τέχνης

2252 1281 2579 1351 διατίθησιν,
2624 1281 2767 1333 ὥστε
2821 1282 2878 1332 ὲν
2929 1277 3143 1338 τούτοις
3196 1276 3263 1328 τὰ
3312 1273 3457 1341 πάθη
3506 1271 3607 1339 τῆς
3653 1269 3832 1338 ψυχῆς

2251 1371 2503 1440 ὁρᾶσθαι.
2554 1371 2663 1423 Καὶ
2708 1369 2745 1425 ὂ
2784 1369 2945 1421 πλέον
2997 1366 3059 1419 οὑ
3113 1362 3288 1432 γελῶν
3335 1361 3521 1425 αὐτὸς,
3558 1357 3672 1411 ἀλλ’
3711 1358 3832 1409 οὐδὲ

2253 1464 2463 1532 χαίρων
2491 1462 2627 1523 ὅλως
2655 1462 2811 1523 ἴσως,
2855 1458 2976 1511 οὐδὲ
3020 1455 3398 1525 ὀργιζόμενος,
3435 1452 3556 1504 οὐδὲ
3588 1448 3833 1509 πενθῶν,

2253 1554 2372 1606 οὐδὲ
2400 1552 2802 1620 διατιθέμενος,
2838 1549 2871 1619 ἢ
2923 1550 3017 1601 καὶ
3054 1548 3198 1600 κατά
3246 1544 3314 1597 τὰ
3358 1541 3580 1596 ἐναντία
3618 1538 3833 1601 τούτοις

2254 1645 2650 1712 διατιθέμενος,
2684 1643 2854 1697 ταῦτα
2887 1644 2943 1695 ὲν
2971 1644 3085 1703 ταῖς
3111 1637 3262 1700 ὕλαις
3296 1635 3623 1705 ἀπομάττει.
3656 1628 3830 1683 Τοῦτό

2257 1739 2373 1790 ὲστι
2407 1737 2609 1799 τοίνυν,
2647 1737 2783 1802 ὅπερ
2829 1732 3084 1801 ἀγάμεθα
3120 1732 3177 1783 ὲν
3206 1728 3445 1791 τούτοις,
3495 1726 3620 1779 ἐπεὶ
3654 1725 3745 1776 καὶ
3777 1725 3835 1775 ἐν

2259 1830 2489 1892 ἐκείνοις
2514 1832 2627 1891 τοῖς
2658 1828 2907 1895 φυσικοῖς
2935 1826 3101 1893 λέγω,
3129 1823 3183 1877 εί
3210 1839 3294 1884 τις
3324 1821 3415 1873 τὸν
3441 1810 3833 1882 διαπλάσαντὰ,

2260 1925 2356 1976 καὶ
2383 1922 2710 1990 καθημέραν
2757 1919 3175 1982 διαπλάττοντα,
3211 1914 3306 1968 καὶ
3351 1911 3493 1967 αὐτὰ
3535 1911 3591 1963 δὲ
3630 1911 3697 1963 τὰ
3727 1909 3837 1961 τῶν

2261 2018 2607 2086 πραγμάτων
2638 2013 2757 2083 εἴδη
2790 2011 3193 2082 παραγαγόντα
3218 2007 3367 2072 νοῦν,
3405 2006 3503 2061 καλ⁸
3530 2005 3590 2056 τὸ
3616 2002 3835 2056 ἐκείνων

2260 2110 2480 2172 κάλλος,
2511 2107 2632 2161 ὅθεν
2653 2108 2720 2159 τά
2752 2107 2974 2158 τοιαῦτα
3007 2103 3180 2172 κάλλη
3205 2099 3482 2170 προήχθη,
3509 2095 3727 2164 θεωροῖ,
3757 2094 3839 2152 είς

2262 2199 2572 2271 ὑπερῦολὴν
2602 2200 2825 2266 ἄγαται.
2871 2197 2977 2249 Καὶ
3007 2194 3165 2247 τοῦτο
3197 2192 3414 2260 ἀληθῶς
3442 2193 3560 2243 ἐστι
3592 2188 3652 2238 τὸ
3683 2184 3839 2253 φιλο-

2263 2293 2468 2359 σοφείν,
2502 2290 2594 2342 καὶ
2628 2290 2659 2357 ἡ
2687 2286 2910 2357 τοιαύτη
2954 2286 3176 2355 θεωρία,
3218 2282 3312 2334 καὶ
3340 2283 3367 2333 ό
3398 2278 3635 2339 τοιοῦτος
3666 2274 3831 2343 ἔρως,

2257 2387 2392 2454 πρὸς
2439 2383 2518 2452 τῷ
2564 2381 2759 2449 σεμνὸς
2811 2380 2904 2434 καὶ
2944 2376 3179 2446 σώφρων
3220 2373 3359 2427 εἶναι
3414 2368 3674 2424 ἐπέκεινά
3721 2369 3839 2418 ἐστι

2258 2478 2439 2547 πάσης
2473 2475 2687 2545 ἡδονῆς.
2742 2469 3197 2538 ’Λναγκαζόμεθα
3241 2468 3295 2520 δὲ
3339 2464 3449 2518 ἀπὸ
3484 2465 3583 2532 τῆς
3627 2460 3837 2513 τούτων

2256 2570 2455 2637 ὅψεως,
2509 2569 2602 2620 καὶ
2633 2566 2826 2635 ὥσπερ
2857 2566 2965 2618 τῶν
3013 2561 3383 2632 όμοίωμάτων
3435 2556 3663 2618 τούτων,
3695 2550 3842 2604 οὕτω

2260 2660 2442 2731 πολλῷ
2475 2660 2678 2730 μᾶλλον
2715 2659 2823 2711 τῶν
2858 2656 3107 2726 φυσικῶν
3128 2692 3141 2715 ,
3178 2653 3322 2705 οὕτω
3352 2649 3536 2704 καλῶν
3567 2648 3660 2698 καὶ
3698 2642 3840 2697 κατὰ

2264 2753 2424 2821 λόγον
2478 2753 2669 2815 ὅντων,
2732 2750 2857 2803 νοῦν
2892 2746 3206 2801 ἀποδιδόναι
3240 2740 3600 2811 δημιουργόν.
3654 2736 3761 2787 Καὶ
3790 2735 3841 2786 εί

2264 2850 2321 2901 ὲν
2352 2847 2562 2907 τούτοις
2593 2846 2626 2914 ἠ
2658 2844 2906 2910 εὐγένεια
2950 2840 3043 2893 τοῦ
3079 2837 3441 2905 πεποιηκότος
3468 2830 3609 2901 αὐτὰ
3656 2828 3844 2895 φαίνε-

2260 2955 2373 3000 ται,
2402 2937 2499 2988 καὶ
2531 2933 2710 2987 ταῦτα
2741 2931 3046 3000 ἀλλοτρίοις
3074 2926 3511 2996 παραδείγμασι,
3566 2924 3657 2974 καὶ
3687 2918 3844 2971 ἀλλο-

2262 3030 2415 3101 τρία,
2452 3028 2547 3081 καὶ
2606 3024 3041 3096 προϋπαρχούσῃ
3097 3021 3199 3092 ῦλῃ
3249 3017 3619 3088 κεχρημένου,
3690 3013 3844 3080 πόσῳ

560 3123 781 3190 ,μᾶλλον
810 3125 843 3192 ὴ
876 3123 1126 3191 εὐγένεια
1155 3123 1251 3177 τοῦ
1286 3123 1378 3177 νοῦ
1412 3127 1625 3179 ἐκεινου
1668 3124 2058 3193 διαδείκνυται,
2087 3129 2148 3180 οὐ
2192 3129 2285 3181 καὶ
2319 3127 2489 3196 αὐτὴν
2529 3125 2628 3195 τὴν
2680 3122 2814 3191 ὓλην
2851 3122 2948 3175 καὶ
2994 3121 3061 3173 τὰ
3136 3118 3250 3184 εῐδη
3309 3114 3675 3184 παράγοντος.
3747 3106 3844 3161 καὶ

568 3217 736 3269 αὐτὸν
762 3217 818 3269 δὲ
853 3217 944 3269 τὸν
975 3220 1246 3288 ἡμέτερον
1277 3219 1422 3282 νοῦν,
1455 3218 1594 3271 ὥστε
1635 3220 1706 3271 τὰ
1737 3218 1846 3273 τῶν
1878 3222 2225 3289 πραγμάτων
2260 3221 2376 3288 εἴδη
2443 3215 2879 3286 ἀπομάττεσθαι,
2938 3213 3034 3266 καὶ
3067 3213 3134 3265 τά
3200 3209 3426 3262 τοιαῦτα
3496 3205 3671 3256 ποιεῖν
3738 3200 3843 3265 ἔξω

571 3312 838 3368 δύνασθαι
869 3315 1270 3383 πεποιηκότοςς
1313 3313 1473 3367 ’Δλλά
1522 3314 1694 3368 ταῦτα
1727 3317 1779 3367 τί
1814 3317 1896 3367 ἀν’
1920 3315 2053 3384 πρὸς
2087 3315 2148 3367 σὲ
2185 3313 2424 3383 λέγοιμι,
2467 3314 2677 3383 βέλτιον
2714 3312 2848 3380 ἐμοῦ
2882 3311 3097 3375 είδότα;
3137 3307 3202 3358 Ὃ
3232 3306 3289 3358 δὲ
3330 3303 3542 3371 ἔλεγον,
3608 3298 3668 3351 τὸ
3741 3297 3845 3357 μὲν

572 3409 634 3462 ἐν
663 3410 794 3478 ἡμῖν
828 3409 1162 3480 θεωρητικὸν
1193 3412 1281 3464 διὰ.
1308 3411 1568 3464 τοιούτων
1601 3412 1693 3465 καὶ
1726 3412 1942 3465 πολλῶν
2005 3412 2183 3466 ἀλλων
2224 3411 2515 3483 θειοτέρων
2567 3412 2600 3482 ἡ
2656 3410 2817 3471 πόλις
2856 3408 2997 3479 αῦτη
3046 3407 3218 3459 κινεῖν
3272 3402 3521 3455 δύναται.
3574 3397 3648 3450 Τὸ
3681 3396 3738 3447 δέ
3778 3411 3841 3462 γε

573 3502 765 3573 ηθικὸν
794 3504 1015 3574 ὁρῶσιν,
1044 3504 1123 3557 ὅτι
1151 3505 1184 3574 ἡ
1210 3509 1340 3574 περὶ
1364 3505 1433 3559 τὰ
1456 3504 1558 3568 ἔξω
1592 3505 1764 3558 ταῦτα
1786 3505 1894 3557 τῶν
1923 3504 2139 3575 ἀνδρῶν
2179 3504 2408 3559 ἐκείνων
2438 3504 2646 3573 σπουδὴ
2676 3504 2769 3556 καὶ
2797 3501 3104 3572 φιλοτιμία,
3138 3500 3184 3551 εί
3250 3496 3307 3548 ἐν
3376 3490 3839 3559 οἰκοδομήμασιν,

571 3598 778 3651 σίτεοὲν
824 3597 1061 3667 πλούτῳ,
1095 3599 1204 3650 εἴτε
1254 3601 1310 3651 ὲν
1345 3600 1636 3669 ἡγεμονίᾳ,
1687 3600 1799 3651 εἴτε
1870 3601 1928 3650 ὲν
1994 3599 2215 3666 ἀρχαῖς,
2257 3601 2335 3660 είς
2367 3598 2665 3667 τοῦσχατον
2693 3598 2877 3666 πάσης
2929 3591 3275 3661 εὐδαιμονίας
3314 3582 3705 3656 προελθοῦσαι,
3748 3577 3843 3630 τέ-

573 3691 685 3755 λος,
716 3691 907 3761 ὦσπερ
942 3694 988 3744 εί
1026 3692 1158 3762 μηδὲ
1180 3692 1425 3756 ἐγεγόνει
1459 3692 1556 3759 τὴν
1586 3690 1761 3760 ἀρχὴν
1788 3693 1867 3755 εἰς
1887 3693 1947 3744 τὸ
1978 3693 2145 3761 μηδὲν
2183 3692 2356 3755 ὅντως
2411 3690 2692 3762 ἀπερρύη,
2749 3689 3067 3757 ἐγείραντος
3124 3683 3215 3735 διὰ
3261 3680 3359 3747 τῆς
3427 3676 3668 3734 πίστεως
3735 3671 3842 3724 ἀπὸ

576 3785 783 3838 τούτων
824 3786 959 3839 ἄλλα
1010 3786 1102 3838 τοῦ
1150 3785 1285 3838 Θεοῦ
1327 3787 1467 3856 ἆπερ
1499 3786 1675 3851 ἔδοξεν
1724 3786 1789 3838 ἂν
1829 3787 1907 3851 τῷ
1957 3786 2139 3857 πολλῷ
2219 3786 2455 3853 καλλίω,
2489 3787 2584 3839 καὶ
2614 3783 2650 3839 ἃ.
2713 3782 2998 3853 δυνάμεθα
3032 3777 3159 3832 νοῦν
3192 3776 3410 3845 ἔχοντες
3456 3771 3660 3840 μᾶλλον
3714 3766 3842 3820 θαυ-

590 3880 783 3950 μάζειν
810 3897 866 3932 τε
898 3878 993 3933 καί
1022 3879 1155 3951 περὶ
1195 3879 1440 3943 πλείονος
1475 3881 1773 3935 ποιεῖσθαι.
1818 3880 2086 3949 Ὑγίαινε.
2276 3866 2279 3869 Δ

596 4074 3825 4133 ww”

1816 4266 1988 4313 ANNO
2034 4267 2261 4314 DOMINI
2312 4264 2599 4311 MCDXXII.

1107 4445 2081 4632 JOANNES
2206 4442 2934 4631 CANAN
2955 4443 3276 4624 US.

1879 4922 2528 5040 NOTlTlA.

1380 5152 1464 5214 (ll.
1493 5151 1698 5202 Warton
1726 5154 1776 5203 in
1806 5152 2053 5216 supplem.
2089 5152 2148 5202 ad
2174 5152 2303 5205 Cave
2347 5149 2411 5201 De
2432 5148 2604 5214 script.
2636 5149 2806 5200 eccles.
2843 5146 3038 5209 p..8i.)

653 5458 896 5515 Joannes
926 5455 1206 5518 Cananus,
1244 5454 1468 5509 natione
1517 5451 1760 5516 Graecus,
1789 5451 2088 5507 hismricus
2116 5449 2474 5522 Byzantinus,
2508 5447 2705 5503 claruit
2734 5462 2878 5501 anno
2918 5447 3076 5500 1422.
3117 5444 3351 5514 Scripsit
3391 5441 3679 5498 historiam
3736 5437 3844 5493 ob-

569 5558 813 5616 ‘sidionis
842 5555 996 5611 urbis
1038 5551 1223 5621 Cpolis
1258 5551 1324 5606 ab
1353 5552 1616 5605 Amurato
1641 5548 1701 5615 ll,
1738 5548 2043 5605 Turcorum
2076 5563 2222 5617 rege,
2253 5561 2399 5601 anno
2446 5545 2602 5609 1422,
2636 5545 2723 5598 die
2757 5544 2822 5597 10
2853 5532 3001 5597 Junii
3033 5542 3323 5604 inclioatze,
3390 5539 3480 5594 die
3512 5538 3580 5591 21
3605 5535 3841 5603 Augusti

583 5652 798 5707 solutae.
832 5649 1023 5706 Exstat
1047 5647 1287 5705 Historia
1315 5649 1418 5704 ista
1451 5664 1533 5717 gr.
1561 5647 1653 5702 lat.
1693 5647 1996 5715 interprete
2029 5641 2211 5699 Leone
2240 5642 2463 5707 Allatio,
2488 5639 2556 5694 ad
2581 5638 2788 5694 calcem
2821 5637 3041 5709 Georgii
3070 5635 3415 5705 AcrOpolitae.
3457 5633 3631 5689 Paris.
3676 5628 3841 5695 1651,

587 5748 684 5806 fol.
