4144 6282
1901 389 2232 453 JOANNIS
2273 391 2563 454 CANANI
2707 387 2713 398 “
3783 397 3856 460 “4

585 492 878 562 surreptis,
907 495 1101 564 partim
1141 497 1194 551 in
1225 499 1544 554 servitutem
1603 501 1812 558 abactis
1844 523 1858 568 ;
1891 520 1954 559 ex
1998 505 2181 561 homi:

2291 507 2537 572 ἐξουσίαν
2571 509 2630 561 ἐν
2660 509 2760 580 μιᾷ
2790 509 2988 578 καιροῦ
3012 512 3154 580 ῥοπῇ
3176 511 3280 562 ὑπὸ
3310 509 3407 579 τὴν
3441 508 3648 563 ἑαυτῶν
3671 511 3861 580 ἐποιή-

584 584 747 637 nibus
779 584 879 638 hos
913 587 1134 655 quidem
1163 591 1282 642 neci
1315 591 1556 658 tradidit,
1599 594 1734 648 alios
1764 594 1922 662 longe
1954 605 2008 649 et
2033 597 2178 652 ultra

586 676 829 730 Iconium
863 689 917 734 et
947 681 1306 750 Aratzapetas
1331 684 1551 754 Cypbas
1608 688 1936 751 tratismisit,
1985 691 2181 744 mulie-

586 772 741 825 ribus
775 789 905 827 vero
939 774 1005 826 ad
1041 775 1392 841 impuritates
1428 792 1621 832 ornnes
1649 787 1702 832 et
1740 781 1920 848 turpia
1953 781 2054 835 sibi
2087 797 2184 835 ex.

588 865 805 932 positis,
846 866 910 918 ad
939 876 1058 919 vota
1092 870 1329 935 quisque
1376 885 1473 922 sua
1522 883 1786 938 quantum
1830 872 1999 926 libido
2036 876 2178 938 tulit,

581 955 877 1023 abutitur;
928 965 1128 1026 pueros
1189 962 1660 1018 cin-umcidemlos
1701 965 2012 1019 lllaometho
2042 965 2180 1020 οσο-

587 1057 718 1100 runt
751 1065 765 1110 ;
799 1046 1056 1103 animalia
1091 1052 1407 1120 tumjugum
1444 1053 1586 1108 ferre
1626 1068 1751 1110 nata
1787 1067 1901 1110 tum
1939 1058 2181 1126 injugata

584 1141 854 1194 trucidata
907 1147 1124 1210 penitus
1175 1145 1508 1213 abolerunt;
1543 1149 1739 1203 damna
1775 1167 1907 1204 vero
1966 1167 2086 1220 qua?
2113 1167 2180 1204 cx

582 1231 837 1284 concisis
871 1232 1162 1288 fruticibus
1206 1245 1259 1289 et
1303 1238 1476 1292 vini-is
1528 1242 1828 1295 devastatis
1881 1254 2178 1301 consecuta

578 1331 736 1385 sunt,
772 1323 898 1390 quis
921 1341 1172 1393 unquam
1227 1338 1322 1380 aut
1350 1345 1470 1394 quae
1513 1333 1694 1385 oratio
1725 1336 1989 1402 consequi
2025 1343 2180 1403 pete-

588 1412 712 1465 rit?
750 1411 884 1467 Nam
944 1418 1127 1472 statim
1180 1429 1343 1489 atque
1375 1423 1504 1477 urbs
1554 1425 1815 1478 coucludi
1851 1439 2032 1496 empta
2073 1438 2178 1493 est,

586 1515 782 1571 przeter
803 1511 1266 1574 exspectationem
1317 1513 1520 1583 impetu
1556 1515 1696 1570 facto
1748 1535 1847 1574 nos
1878 1521 2176 1585 obseravit,

589 1599 883 1664 omniaque
929 1617 1052 1667 qum
1083 1612 1233 1657 extra
1265 1617 1420 1658 erant
1450 1606 1499 1659 in
1535 1619 1856 1674 potestatem
1890 1627 2046 1666 suam
2094 1628 2180 1668 re-

587 1688 756 1757 degit.
783 1688 970 1746 Tantte
996 1708 1125 1746 vero
1150 1696 1504 1762 calamitatis,
1529 1700 1921 1758 internecionis
1950 1714 2004 1759 et
2029 1715 2178 1759 atro-

583 1778 941 1835 cissimorum
977 1783 1425 1852 infortuniorum,
1455 1791 1654 1858 quibus
1686 1793 1871 1848 miseri
1899 1811 1963 1850 ac
1990 1795 2180 1852 infeli—

2289 615 2471 664 σαντο,
2524 600 2618 652 καὶ
2661 601 2815 671 ἡμᾶς
2866 602 3250 676 ἀπεστέρησαν
3297 601 3457 667 τῆσδε
3507 601 3608 668 τῆς
3653 601 3868 661 πόλεως

2285 692 2468 743 πάντα
2507 691 2573 743 τὰ
2597 691 2857 760 πλησίον,
2894 692 2991 743 καὶ
3016 691 3222 762 ταύτης
3265 692 3544 760 ἔφθειραν,
3571 691 3869 760 ἐλεηλάτη-

2287 797 2405 845 σσν,
2433 781 2884 851 ᾑχμαλὼτευσαν,
2913 784 3008 836 καὶ
3036 785 3162 846 τοὺς
3199 783 3300 850 μὲν
3345 785 3451 836 τῶν
3483 784 3693 852 ἀνδρῶν
3726 801 3864 834 κατ-

2284 871 2548 938 έσφαξαν,
2586 874 2714 935 τοὺς
2745 873 2800 925 δὲ
2826 875 2920 926 καὶ
2953 876 3145 943 πόρῤω
3178 875 3273 926 τοῦ
3295 875 3523 927 Ἰκονίου
3546 875 3641 926 καὶ
3664 874 3832 941 Ἀρατ
3850 902 3863 911 -

2285 962 2537 1028 ζάπητας
2591 964 2785 1033 Κύφας
2841 967 3280 1030 διαϐιϐάσαντες,
3330 967 3427 1027 τὰς
3483 966 3538 1018 δὲ
3597 967 3866 1030 γυναῖκας

2285 1053 2534 1119 ἀσελγῶς
2564 1055 3132 1124 αἰσχρουργήσαντες,
3180 1055 3247 1106 τά
3280 1054 3335 1106 δὲ
3369 1053 3544 1122 βρέφη
3593 1055 3673 1115 είς
3707 1067 3862 1118 περι-

2285 1147 2457 1215 τομὴν
2494 1146 2572 1215 τῷ
2600 1148 2845 1216 Μωάμεθ
2888 1148 3252 1216 προσέφερον.
3295 1147 3390 1199 καὶ
3419 1148 3530 1199 πᾶν
3578 1145 3718 1208 ζῶον
3755 1143 3863 1195 ὑπὸ

2284 1236 2450 1306 ζυγὸν
2481 1239 2575 1292 καὶ
2601 1238 2803 1308 ἄζυγον
2826 1239 3140 1307 διέφθειραν
3179 1239 3275 1290 καὶ
3304 1236 3602 1305 ἠφάνισαν.
3647 1235 3756 1304 Τὴν
3805 1233 3865 1285 δὲ

2285 1329 2492 1399 ζημίαν
2515 1330 2630 1382 τῶν
2659 1332 3029 1400 γεννημάτων
3084 1331 3180 1384 καὶ
3229 1330 3342 1382 τῶν
3379 1327 3732 1398 ἀμπελώνων
3762 1326 3865 1393 τὴν

2282 1421 2465 1490 λύμην
2504 1421 2585 1483 τίς
2621 1421 2728 1491 ἄρα
2762 1423 2858 1474 καὶ
2897 1422 3029 1475 ποία
3075 1421 3366 1489 δυνήσεται
3400 1417 3621 1484 γλῶσσα
3659 1415 3867 1484 ταύτην

2283 1512 2588 1581 ὲξιχνιάσαι
2617 1531 2631 1579 ;
2662 1514 2775 1566 Καὶ
2807 1512 2914 1582 γὰρ
2938 1513 3111 1581 ἐν’τῷ
3156 1511 3333 1580 καιρῷ
3360 1510 3460 1577 τῆς
3493 1509 3866 1576 συγκλείσεως

2282 1604 2866 1674 ἀπαραπροσδοκήτως
2919 1604 3270 1674 κατέδραμον
3304 1604 3395 1655 καὶ
3419 1603 3566 1671 ἡμᾶς
3607 1599 3866 1652 ἀπέκλει-

2285 1711 2406 1760 σαν,
2443 1696 2540 1748 acati.
2575 1695 2682 1748 ὑπὸ
2719 1698 2820 1767 τὴν
2853 1697 3177 1752 δεσποτείαν
3211 1695 3392 1748 αὐτῶν
3424 1695 3605 1746 πάντα
3653 1692 3721 1744 τά
3761 1690 3866 1754 ἔξω

2282 1786 2557 1854 ἐγένοντο.
2586 1785 2662 1838 To
2687 1787 2743 1839 δὲ
2775 1788 2873 1840 καὶ
2901 1787 3019 1850 πῶς
3051 1789 3146 1841 καὶ
3173 1787 3339 1840 πόθεν
3366 1788 3460 1837 καὶ
3491 1784 3561 1837 δι’
3590 1783 3654 1853 ἢν
3683 1782 3862 1834 αἰτίαν

592 1884 683 1923 ces
704 1870 928 1926 Romani
951 1877 1196 1942 oppressi
1229 1887 1374 1944 sunt,
1405 1879 1656 1950 modum,
1677 1883 1940 1954 originem
1969 1893 2022 1940 et
2051 1901 2182 1940 cau-

2291 1877 2318 1945 ή
2349 1875 2608 1946 συμφορὰ
2630 1875 2725 1928 καὶ
2749 1876 2928 1946 φθορά
2946 1876 3043 1930 καὶ
3065 1877 3236 1930 ταῦτα
3257 1875 3324 1928 τά
3345 1874 3627 1927 δεινότατα
3649 1869 3861 1942 χαλεπὰ

588 1975 704 2014 sam
729 1963 944 2019 silentio
961 1969 1238 2034 prmterire
1255 1971 1426 2024 satius
1451 1987 1570 2024 esse
1593 1973 1747 2037 duxi,
1772 1989 2028 2029 enarrare
2051 1991 2180 2032 vero

595 2055 973 2109 necessarium
1015 2072 1210 2128 pugnae
1254 2060 1400 2114 illius
1429 2065 1797 2120 acerbissima:
1829 2076 1881 2120 et
1913 2068 2182 2122 horridis—

591 2143 714 2198 simi
756 2147 1046 2204 conﬂictus
1086 2153 1319 2206 exitum.
1358 2153 1554 2208 Pri-uae
1584 2157 1784 2210 etenim
1818 2159 2206 2228 .\lnsulmano-,

591 2251 712 2291 rum
763 2239 957 2308 copiae,
979 2249 1039 2294 ut
1067 2240 1327 2303 diximus.
1358 2246 1572 2300 decimo
1604 2244 1754 2301 Junii
1787 2248 1874 2304 die
1907 2251 2182 2310 irruentes

593 2342 695 2382 nos
739 2328 792 2382 in
828 2332 961 2385 urbe
1010 2333 1313 2389 occlusere.
1342 2333 1617 2390 Vicestmo
1641 2339 1888 2406 ejusdem
1914 2340 2018 2396 alia
2064 2341 2184 2398 Mu-

592 2419 972 2476 sulmanorum
1012 2440 1211 2481 manus
1270 2427 1592 2493 adveniens,
1628 2429 1795 2484 veluti
1823 2432 1998 2487 nubes
2021 2450 2185 2502 gran-

591 2510 739 2568 dinis
791 2514 970 2582 plena,
1029 2523 1083 2570 et
1123 2517 1426 2586 perniciose
1476 2530 1819 2591 perstrepens
1871 2524 2180 2580 universam

593 2600 859 2660 Romanis
893 2607 1235 2664 obedientem
1267 2613 1542 2682 regionem
1573 2614 1900 2682 devastavit,
1928 2626 1986 2671 et
2013 2617 2182 2674 veluti

591 2693 810 2752 ﬂamma
849 2699 1049 2753 ardens
1094 2699 1326 2770 fulguris
1387 2704 1573 2758 omnia
1630 2705 1874 2760 incendit
1924 2718 1978 2761 et
2023 2707 2181 2762 fune-

593 2789 838 2853 Itavit,et
867 2805 1029 2846 omne
1061 2793 1265 2864 lignqu
1298 2795 1643 2852 fructiferqu
1674 2809 1725 2852 et
1748 2800 1998 2854 arborem
2029 2800 2182 2855 laetos

585 2888 648 2934 et
698 2882 896 2937 uberes
937 2883 1144 2938 fruetus
1167 2886 1431 2942 ferentem
1461 2898 1516 2942 et
1550 2891 1748 2944 vitium
1782 2901 2008 2947 truncos
2041 2891 2184 2946 radi-

592 2970 739 3025 citus
757 2971 1298 3047 etl'odit,reliquaque
1327 2981 1533 3034 atrocia
1561 2996 1623 3035 ac
1651 2983 1958 3051 perniciosa
2001 2983 2055 3037 in
2085 2999 2184 3041 nos

582 3067 961 3132 exaggeravit.
989 3069 1092 3121 Sed
1125 3071 1419 3136 primarius
1439 3073 1719 3142 copiarum
1744 3076 1850 3130 dux
1880 3094 2184 3150 eorumque

594 3169 814 3210 ameras
836 3167 892 3213 et
915 3160 1194 3228 dominus,
1229 3165 1448 3220 tandem
1479 3169 1743 3235 pervenit.
1767 3167 2022 3226 Pervenit
2052 3189 2184 3230 vero

596 3241 807 3310 furens,
857 3246 1142 3314 eﬂ‘eratus,
1174 3255 1470 3322 superbus,
1504 3267 1744 3326 tumens,
1773 3259 1996 3317 inﬂatus
2025 3263 2184 3331 etia-

593 3337 1336 3412 ctabuudus.,Supercilium
1371 3348 1425 3403 in
1476 3351 1671 3406 caelum
1716 3353 1984 3410 extollens
2019 3371 2186 3423 super

597 3445 792 3486 omnes
843 3447 901 3488 se
931 3436 1177 3492 eminere
1211 3439 1670 3509 existimabat,ct
1713 3458 1743 3498 a
1785 3461 1844 3501 se
1892 3447 2186 3518 gubernari

590 3524 786 3578 omnia
837 3530 1424 3596 suspicabatur,totum
1449 3533 1686 3601 denique
1713 3538 1897 3593 orbem
1943 3541 2047 3594 sibi
2095 3541 2193 3596 ob-

595 3615 821 3669 noxium
857 3622 1141 3688 reputabat
1183 3641 1196 3677 :
1233 3626 1364 3693 quin
1401 3628 1508 3682 imo
1536 3632 1955 3698 quamplurimis
1984 3635 2192 3689 machi—

596 3706 686 3761 nis
712 3705 944 3778 aliisque
971 3710 1112 3766 bello
1141 3714 1386 3782 apprime
1408 3721 1733 3776 necessariis
1757 3720 2022 3787 advectis,
2051 3739 2191 3781 moe-

594 3793 753 3854 nium
785 3795 1023 3853 civitatis
1069 3808 1278 3870 partem
1327 3819 1488 3872 posse
1520 3821 1577 3862 se
1616 3809 1895 3878 disjicere,
1956 3812 2191 3882 indeque

593 3903 719 3942 eam
761 3905 867 3944 suo
898 3891 1180 3948 dominatu
1213 3896 1507 3966 subjicere,
1543 3899 1824 3958 Romanos
1862 3905 1912 3958 in
1949 3905 2190 3975 captivi—

596 3985 772 4036 tatem
813 3981 1083 4037 adducere
1113 3995 1168 4038 et
1205 3985 1411 4043 Christi
1455 4006 1650 4046 nomen
1703 3992 1924 4049 abolere
1945 3995 2188 4052 confide-

602 4069 718 4122 bat.
757 4069 857 4125 Hic
884 4072 1188 4131 innumeris
1218 4077 1388 4135 fultus
1413 4087 1750 4139 exercituum
1802 4086 2188 4160 pbalangibus.

601 4159 1000 4233 nationumque
1029 4167 1175 4221 omni
1210 4185 1409 4238 genere
1457 4175 1819 4243 constipatus,
1849 4185 1905 4231 et
1929 4159 2192 4234 numero-

585 4253 824 4309 'sissima
852 4262 964 4310 tum
1001 4261 1244 4328 peditum
1279 4273 1392 4316 tum
1419 4265 1665 4333 equitum
1703 4267 2052 4323 multitudine
2083 4269 2194 4326 fre-

602 4355 715 4410 tus.
736 4350 923 4404 omnia
959 4367 1022 4405 ea
1057 4353 1178 4408 loca
1204 4357 1546 4426 contegebat.
1575 4357 1732 4411 Tune
1761 4359 2021 4414 mandato
2065 4362 2194 4415 hor-

601 4445 832 4508 tatuque
852 4439 1158 4497 Turcarum
1191 4444 1397 4498 demitti
1425 4443 1726 4499 Mu‘rat—Bei
1758 4459 1922 4516 agger
1953 4449 2192 4502 exstrui~

2288 1970 2402 2030 τοῖς
2429 1968 2711 2039 δυστυχοίς
2740 1970 2849 2030 καὶ,
2869 1969 3076 2033 ἀθλίοις
3111 1969 3283 2037 έπέὸη
3313 1965 3608 2036 Ῥωμαίοις
3650 1963 3862 2033 σιωπᾷν

2289 2061 2420 2129 ἡμῖν
2455 2059 2682 2129 ἄμεινον
2707 2059 2910 2125 ἔδοξεν.
2927 2062 3040 2131 Τῆς
3062 2062 3118 2114 δὲ
3149 2058 3491 2128 πικροτάτης
3519 2057 3698 2126 μάχης
3724 2055 3838 2107 ἐκεί

2289 2168 2387 2221 νης
2416 2152 2510 2204 καὶ
2540 2151 2634 2204 τοῦ
2688 2153 3132 2222 φρικωδεστάτου
3179 2152 3414 2220 πολέμου
3447 2151 3508 2202 τὸ
3555 2150 3726 2214 πέρας
3757 2146 3860 2214 χρὴ

2289 2243 2683 2313 διηγήσασθαι.
2711 2245 2784 2297 Τὸ
2816 2245 2916 2314 μὲν
2959 2245 3067 2314 γὰρ
3114 2245 3330 2316 πρῶτον
3388 2243 3704 2309 στράτευμα
3754 2237 3859 2290 τῶν

2287 2333 2738 2403 Μουσουλμάνων
2758 2335 2984 2388 ἐκείνων
3010 2338 3076 2406 τῇ
3109 2335 3307 2405 δεκάτῃ
3339 2333 3428 2387 τοῦ
3455 2332 3677 2386 Ἰουνίου
3703 2330 3859 2382 κατέ·

2289 2425 2466 2494 δραμε
2498 2426 2595 2479 καὶ
2623 2427 2772 2496 ἡμᾶς
2809 2425 3160 2494 ἀπέκλεισεν,
3195 2426 3271 2488 ὡς
3304 2425 3646 2494 προέφημεν,
3686 2425 3753 2491 τῇ
3807 2421 3868 2478 δὲ

2290 2518 2510 2589 εἰκοστῇ
2541 2518 2734 2572 τούτου
2767 2519 2930 2590 ἑτέρα
2957 2520 3132 2589 ἐφάνη
3163 2517 3398 2588 στρατιά
3421 2514 3866 2583 Μουσουλμάνων

2289 2607 2364 2672 ὡς
2405 2608 2566 2676 νέφος
2607 2609 2851 2680 χαλάζης
2883 2611 3102 2682 πλήρης
3147 2609 3242 2663 καὶ
3284 2608 3547 2678 τετρυγὸς
3597 2607 3864 2675 ὀλέθριον,

2291 2699 2387 2751 καὶ
2422 2701 2603 2754 πᾶσαν
2646 2701 2742 2754 καὶ
2784 2702 3046 2755 παντοὲαν
3100 2701 3200 2770 τὴν
3255 2701 3361 2753 ὑπὸ
3406 2701 3515 2753 τῶν
3577 2698 3867 2768 Ῥωμαίων

2288 2794 2630 2864 ἠμαύρωσαν
2668 2795 2796 2865 γῆν,
2823 2797 2919 2849 καὶ
2950 2797 3026 2858 ὡς
3062 2793 3196 2863 φλὸξ
3243 2795 3533 2865 ἀστραπῆς
3569 2793 3868 2862 καιομένης

2292 2883 2472 2938 πάντα
2513 2887 2819 2940 κατέκαυσε
2873 2887 2969 2940 καὶ
3026 2887 3344 2957 ἐνεπύρισε,
3397 2886 3493 2939 καὶ
3550 2887 3659 2938 πᾶν
3712 2884 3868 2948 ξύλον

2290 2976 2574 3046 κάρπιμον
2602 2979 2697 3032 καὶ
2719 2979 2937 3049 δένδρον
2965 2978 3240 3047 εὔκαρπον
3271 2980 3364 3032 καὶ
3403 2977 3499 3041 τάς
3530 2976 3867 3045 κουρϐούλας

2290 3063 2399 3122 τῶν
2426 3069 2766 3140 ἀμπελώνων
2795 3073 2858 3126 ὲκ
2909 3071 3067 3142 ῥίζης
3115 3070 3412 3141 ἀπέτεμον,
3459 3069 3554 3122 καὶ
3595 3071 3704 3122 πᾶν
3737 3066 3868 3120 ἀλλο

2288 3159 2461 3215 δεινὸν
2511 3163 2603 3215 καὶ
2635 3162 2888 3234 ὀλέθριον
2939 3163 3063 3216 καθ’
3115 3164 3276 3232 ήμῶν
3322 3163 3672 3232 ἐποιήσαντο.
3719 3159 3777 3212 '0
3807 3158 3868 3210 δὲ

2297 3254 2648 3325 στρατάρχης
2689 3257 2718 3308 δ
2758 3255 2933 3323 μέγας
2979 3257 3076 3308 καὶ
3116 3255 3339 3308 πάντων
3379 3255 3607 3307 ἐκείνων
3641 3253 3866 3321 άμηρᾶς

2291 3346 2387 3398 καὶ
2411 3344 2682 3414 δεσπότης
2707 3343 2966 3413 ἔφθασεν.
2992 3342 3164 3398 Ἦλθε
3191 3345 3357 3414 μανὸς
3378 3346 3472 3398 καὶ
3493 3343 3864 3415 ἡγριωμένος,

2291 3436 2530 3500 ἀλαζὼν,
2585 3437 2919 3506 ἐπηρμένος,
2977 3437 3286 3507 ὑπέρογκος
3335 3438 3432 3490 καὶ⁵
3486 3435 3867 3506 γαυριώμενος

2291 3531 2388 3582 καὶ
2418 3530 2515 3598 τὴν
2541 3529 2714 3597 ὀφρὺν
2749 3531 2829 3593 εἰς
2853 3514 3083 3598 οὐρανὸν
3119 3531 3311 3600 αἴρων,
3349 3527 3443 3582 καὶ
3478 3529 3679 3598 ὑψηλὸς
3713 3534 3865 3597 παρά

2295 3619 2503 3679 πάντας
2533 3621 2788 3686 ἐνόμιζεν
2815 3616 2981 3685 εἶναι,
3028 3622 3122 3672 καὶ
3152 3620 3503 3690 ὑπελάμϐανε
3536 3621 3668 3687 παρ’
3699 3618 3864 3671 αὐτοῦ

2292 3709 2617 3764 διοικεῖσθαι
2653 3712 2722 3763 τὰ
2759 3711 2959 3773 πάντα,
2995 3712 3089 3763 καὶ
3128 3711 3234 3762 ὑπὸ
3277 3710 3375 3780 τὴν
3408 3711 3656 3773 ἐξουσίαν
3699 3707 3870 3760 αὐτοῦ

2292 3802 2488 3870 ἄγεται
2521 3803 2664 3864 ἆπας
2701 3805 2729 3857 ὀ
2773 3803 2999 3872 κόσμος.
3039 3803 3201 3856 Ἀλλά
3251 3802 3346 3855 καὶ
3389 3801 3692 3872 πάμπολλα
3716 3802 3869 3867 ἄγων

2297 3895 2730 3968 μηχανικώτατα
2784 3897 2881 3949 καὶ
2932 3897 3299 3966 μαχιμώτατα
3341 3892 3504 3964 ἔργα,
3551 3892 3870 3964 προσδοκῶν

2291 3989 2360 4044 δι’
2389 3990 2569 4043 αὐτῶν
2605 3989 2770 4058 μέρος
2807 3988 2899 4042 τοῦ
2931 3989 3114 4057 τοίχου
3139 3987 3374 4058 χαλάσαι
3409 3985 3510 4054 τῆς
3544 3987 3751 4046 πόλεως
3775 3987 3871 4039 καὶ

2292 4081 2401 4135 ἀπὸ
2439 4081 2631 4135 τούτου
2679 4079 2886 4149 ταύτην
2943 4080 3356 4148 κατακρατῆσαι
3411 4077 3504 4126 καὶ
3556 4077 3683 4137 τοὺς
3725 4075 3867 4128 Ῥω-

2297 4173 2492 4242 μαίους
2549 4172 2958 4241 αἰχμαλωτίσαι
3013 4171 3111 4222 καὶ
3156 4169 3250 4220 τοῦ
3301 4165 3540 4234 Χριστοῦ
3593 4168 3654 4216 τὸ
3691 4165 3866 4234 ὄνομα

2292 4262 2618 4315 ἀποσϐέσαι.
2646 4261 2812 4312 Ἀλλά
2833 4260 2929 4312 καὶ
2960 4258 3224 4329 στρατιάς
3254 4255 3525 4327 στρατιῶν
3550 4257 3644 4310 καὶ
3670 4259 3867 4325 γενεὰς

2296 4351 2499 4419 γενεῶν
2525 4352 2620 4404 καὶ
2647 4350 2832 4420 πλήθη
2865 4349 3108 4418 πληθῶν,
3134 4347 3316 4412 πεζῶν
3343 4349 3434 4400 καὶ
3475 4349 3708 4412 ἱππέων,
3737 4349 3865 4416 ἔσχε

2297 4446 2556 4498 τοσοῦτον
2579 4443 2721 4496 ὥστε
2758 4442 2904 4504 διπας
2941 4442 2969 4493 ό
3000 4440 3203 4512 κόσμος
3246 4443 3451 4502 ἐκεῖνος
3481 4442 3743 4493 ὲσκέπετο
3773 4441 3866 4492 ὑπ’

603 4536 717 4594 tur,
737 4530 923 4600 plures
948 4533 1087 4588 alios
1113 4549 1318 4603 eosque
1355 4536 1624 4591 maximos
1647 4549 1912 4605 superans
1946 4553 1960 4590 :
1983 4537 2186 4608 quippe

2298 4537 2543 4591 ἐκείνων.
2569 4536 2703 4589 Τότε
2731 4535 2788 4589 δὲ
2817 4532 2983 4589 αὐτοῦ
3006 4534 3071 4604 τῇ
3104 4532 3354 4586 κελεύσει
3380 4530 3473 4585 τοῦ
3501 4531 3728 4598 Μουρὰτ
3749 4529 3868 4594 "si,

604 4620 674 4676 ab
704 4622 1050 4677 extremitate
1111 4639 1218 4678 una
1257 4624 1429 4690 urbis,
1477 4625 1722 4696 Chrysis:
1769 4641 1960 4694 nempe
1993 4638 2184 4696 porta,

604 4711 674 4765 ad
709 4713 874 4767 aliam
906 4713 1214 4785 Xyloput‘tze
1241 4716 1655 4781 extendebatur,
1689 4733 1796 4770 non
1826 4718 1948 4788 pius
1977 4719 2187 4789 sagitta:

601 4804 752 4880 )actu
789 4823 816 4858 a
853 4807 1128 4860 moenibus
1157 4807 1391 4872 distans,
1447 4808 1624 4864 valide
1649 4810 1890 4880 undique
1931 4823 2188 4868 constru-

604 4905 731 4950 ctus
759 4908 824 4949 ac
846 4895 1216 4962 ﬁrmissimus,
1249 4896 1410 4965 lignis
1446 4899 1777 4966 ingentibus,
1803 4903 2005 4958 crassis
2036 4903 2193 4958 tabu-

607 4987 676 5042 lis
722 4998 776 5040 et
829 4986 1171 5055 complicatis
1236 4989 1404 5059 virgis
1451 5006 1519 5045 ac
1575 4991 1871 5049 viminibus
1917 4995 2193 5050 anteriore

607 5081 693 5136 sui
725 5093 882 5150 parte
931 5074 1318 5147 communitus,
1344 5093 1404 5139 ut
1455 5085 1664 5154 sagittae
1699 5099 1924 5142 arcuum
1980 5095 2194 5155 tzagro-

607 5191 844 5246 rumque
875 5190 906 5230 a
930 5175 1189 5231 Romanus
1244 5177 1459 5232 emissa:
1495 5193 1738 5246 saxaque
1763 5177 2193 5233 bombardarum

609 5271 1024 5338 exciperentur.
1056 5269 1114 5322 In
1155 5269 1370 5340 aggeris
1426 5271 1735 5339 posteriore
1781 5280 1958 5338 parte,
1990 5284 2052 5322 ut
2104 5270 2195 5325 ille

611 5369 962 5433 praeceperat,
1001 5361 1200 5416 milites
1245 5361 1425 5415 omnis
1456 5362 1672 5430 generis
1723 5377 1788 5416 ex
1833 5366 2080 5418 exercitu
2109 5378 2195 5417 se-

613 5455 743 5510 lecti
779 5455 1018 5509 audaces
1046 5452 1324 5522 fortesque
1379 5456 1793 5522 permanebant,
1830 5463 1952 5508 tum
1990 5463 2047 5508 ut
2097 5470 2196 5525 pro

615 5563 770 5607 more
803 5562 1056 5619 aggerem
1092 5545 1468 5608 defenderent.
1505 5555 1618 5602 tum
1660 5558 1715 5600 ut
1738 5548 1806 5602 ab
1831 5562 1897 5601 co
1940 5546 2198 5600 defende-

613 5653 829 5708 rentur,
855 5641 1094 5710 indeque
1145 5654 1377 5712 pugnam
1413 5648 1563 5694 retro
1593 5649 1798 5695 stantes
1845 5656 1968 5696 cum
1997 5641 2199 5710 tzagris

607 5745 669 5794 et
700 5736 936 5791 arcubus
983 5736 1212 5805 aliisque
1258 5734 1548 5800 machinis,
1571 5743 1622 5789 et
1650 5735 1830 5804 parvis
1870 5745 1920 5792 et
1969 5736 2200 5804 iugenti-

612 5835 743 5900 bus,
790 5845 961 5902 prope
1010 5832 1332 5900 innumeris,
1367 5831 1507 5887 banc
1552 5829 1621 5884 ob
1671 5845 1890 5886 causam
1925 5828 2196 5895 advectis,

2293 4631 2358 4699 τῇ
2394 4626 2589 4696 κλήσει
2615 4641 2678 4678 τε
2705 4624 2798 4678 τοῦ
2830 4623 3089 4678 δεσπότου
3119 4621 3227 4675 τῶν
3270 4621 3552 4690 Τυύρκων,
3589 4620 3871 4672 ποιοῦνται

2294 4720 2530 4772 παστίαν
2575 4712 2727 4788 μίαν.
2775 4716 2919 4771 Ἀλλ’
2953 4715 3092 4784 αὕτη
3138 4715 3170 4783 ή
3207 4712 3308 4782 μία
3343 4711 3545 4774 πολλάς
3591 4711 3872 4779 ὑπερέϐην

2297 4812 2610 4880 μεγίστουςδ
2637 4811 2732 4864 καὶ
2765 4809 2873 4880 γάρ
2898 4807 3007 4862 ἀπὸ
3035 4807 3096 4860 τὸ
3123 4806 3180 4860 ἓν
3210 4807 3378 4875 ἄκρον
3408 4807 3507 4873 τῆς
3537 4803 3746 4864 πόλεως
3770 4803 3871 4868 τῆς

2294 4905 2540 4977 Χρυσίας
2563 4905 2668 4967 ἓως
2693 4904 2755 4956 τὸ
2786 4903 2976 4972 ἕτερον
3002 4902 3172 4970 ἀκρον
3201 4899 3297 4969 τῆς
3327 4897 3677 4964 Ξυλοπόρτης
3706 4895 3871 4964 ἐκρά-

2295 5017 2401 5053 τει.
2437 4998 2539 5052 Καὶ
2567 4993 2636 5067 ἦν
2667 4994 2723 5050 δὲ
2764 4997 2803 5066 ἡ
2843 4994 3053 5047 παστία
3080 4991 3314 5063 πλησίον
3347 4988 3442 5043 τοῦ
3471 4990 3712 5057 κάστρου
3745 4988 3868 5039 ὅσον

2295 5090 2452 5154 τόξου
2492 5088 2676 5158 βολὴν,
2709 5087 2805 5140 καὶ
2834 5087 2896 5138 οὐ
2937 5083 3125 5137 πλέον.
3156 5081 3266 5134 Καὶ
3305 5075 3373 5151 ἦν
3401 5079 3458 5132 δὲ
3491 5080 3640 5131 πᾶσα
3673 5079 3869 5144 στερεᾶ

2300 5184 2396 5235 καὶ
2433 5179 2750 5252 ὀχυρωτάτη
2795 5177 2906 5231 ἀπδ
2950 5176 3122 5241 ξύλων
3168 5174 3445 5243 μεγίστοιν
3487 5171 3580 5224 καὶ
3631 5168 3870 5239 χονδρῶν

2299 5273 2553 5327 σανίδων.
2607 5271 2718 5323 Καὶ
2765 5269 3035 5330 πλοκοτὰς
3089 5266 3199 5319 ἀπὸ
3256 5263 3462 5334 βέργας
3511 5262 3717 5329 ἔθηκαν
3761 5260 3868 5326 ἑμ-

2301 5365 2540 5435 προσθεν
2570 5362 2672 5432 τῆς
2709 5360 2964 5424 παστίας,
3017 5359 3106 5412 ἵνα
3156 5357 3421 5427 δέχωνται
3473 5353 3571 5414 τὰς
3606 5349 3870 5417 σαγίττας

2299 5460 2410 5512 τῶν
2439 5457 2610 5520 τόξων
2658 5456 2755 5509 καὶ
2804 5454 2912 5506 τῶν
2943 5450 3202 5520 τζαγρῶν
3258 5448 3367 5501 τῶν
3407 5445 3721 5513 Ῥωμαίων,
3777 5444 3874 5493 καὶ

2299 5553 2409 5607 τῶν
2445 5551 2808 5623 βουμπάρδων
2845 5551 2943 5611 τὰς
2973 5548 3204 5616 πέτρας.
3260 5542 3524 5598 Ὀπισθεν
3569 5541 3628 5640 δὲ
3671 5537 3877 5640 ταύτης

2302 5644 2596 5697 ἐθέσπισεν
2625 5640 2716 5694 ἵνα
2741 5639 2987 5692 ἵστανται
3011 5635 3344 5707 στρατιῶται
3370 5635 3431 5684 ἐκ
3461 5630 3650 5683 πασῶν
3669 5630 3875 5695 γενεῶν

2303 5737 2398 5790 τοῦ
2433 5735 2847 5806 στρατεύματος
2879 5731 3070 5784 τούτου
3105 5726 3370 5797 τολμηροὶ⁵
3408 5727 3500 5780 καὶ
3528 5725 3780 5794 ἀνδρεῖοι.
3813 5723 3875 5775 τὸ

2308 5829 2427 5900 μὲν,
2468 5828 2542 5890 ὼς
2578 5828 2638 5880 τὸ
2670 5825 2810 5888 ἔθος,
2858 5823 2936 5888 είς
2971 5818 3245 5890 προσοχὴν
3281 5819 3380 5888 τῆς
3427 5815 3663 5881 «satis;
3723 5815 3781 5868 τὸ
3813 5815 3868 5867 δδ
