  <div class='ocr_page' id='page_1' title='image "/cluster/home/n/w/nwhite01/storage/ocr_20150623/156/mdp.39015078384719/040.png"; bbox 0 0 4144 6282; ppageno 0'>
   <div class='ocr_carea' id='block_1_1' title="bbox 300 349 374 414">
    <p class='ocr_par' dir='ltr' id='par_1_1' title="bbox 300 349 374 414">
     <span class='ocr_line' id='line_1_1' title="bbox 300 349 374 414; baseline 0.068 -5"><span class='ocrx_word' id='word_1_1' title='bbox 300 349 374 414; x_wconf 79' lang='grc'><strong>65</strong></span> 
     </span>
    </p>
   </div>
   <div class='ocr_carea' id='block_1_2' title="bbox 1275 350 2555 421">
    <p class='ocr_par' dir='ltr' id='par_1_2' title="bbox 1275 350 2555 421">
     <span class='ocr_line' id='line_1_2' title="bbox 1275 350 2555 421; baseline 0.006 -11"><span class='ocrx_word' id='word_1_2' title='bbox 1275 350 1668 413; x_wconf 77' lang='lat' dir='ltr'><strong>NARRATIO</strong></span> <span class='ocrx_word' id='word_1_3' title='bbox 1704 350 1802 412; x_wconf 83' lang='lat' dir='ltr'><strong>DE</strong></span> <span class='ocrx_word' id='word_1_4' title='bbox 1832 351 2052 412; x_wconf 86' lang='lat' dir='ltr'><strong>CPOLI</strong></span> <span class='ocrx_word' id='word_1_5' title='bbox 2082 353 2555 421; x_wconf 79' lang='lat' dir='ltr'><strong>OPPUGNATA.</strong></span> 
     </span>
    </p>
   </div>
   <div class='ocr_carea' id='block_1_3' title="bbox 3483 351 3554 418">
    <p class='ocr_par' dir='ltr' id='par_1_3' title="bbox 3483 351 3554 418">
     <span class='ocr_line' id='line_1_3' title="bbox 3483 351 3554 418; baseline -0.028 0"><span class='ocrx_word' id='word_1_6' title='bbox 3483 351 3554 418; x_wconf 77' lang='grc'><strong>66</strong></span> 
     </span>
    </p>
   </div>
   <div class='ocr_carea' id='block_1_4' title="bbox 301 459 1853 540">
    <p class='ocr_par' dir='ltr' id='par_1_4' title="bbox 301 459 1845 534">
     <span class='ocr_line' id='line_1_4' title="bbox 301 459 1845 534; baseline -0.001 -16"><span class='ocrx_word' id='word_1_7' title='bbox 301 466 388 518; x_wconf 77' lang='grc' dir='ltr'><strong>ἵνα</strong></span> <span class='ocrx_word' id='word_1_8' title='bbox 419 463 803 532; x_wconf 78' lang='grc' dir='ltr'>φυλάσσωνται</span> <span class='ocrx_word' id='word_1_9' title='bbox 833 462 899 515; x_wconf 87' lang='grc' dir='ltr'>δι’</span> <span class='ocrx_word' id='word_1_10' title='bbox 934 459 1172 532; x_wconf 78' lang='grc' dir='ltr'>ἐκείνης,</span> <span class='ocrx_word' id='word_1_11' title='bbox 1210 464 1257 514; x_wconf 77' lang='grc' dir='ltr'><strong>εί</strong></span> <span class='ocrx_word' id='word_1_12' title='bbox 1291 464 1345 515; x_wconf 79' lang='grc' dir='ltr'><strong>δέ</strong></span> <span class='ocrx_word' id='word_1_13' title='bbox 1389 466 1475 517; x_wconf 84' lang='grc' dir='ltr'><strong>ἵνα</strong></span> <span class='ocrx_word' id='word_1_14' title='bbox 1509 467 1786 534; x_wconf 76' lang='grc' dir='ltr'>μάχωνται</span> <span class='ocrx_word' id='word_1_15' title='bbox 1823 466 1845 518; x_wconf 82' lang='grc' dir='ltr'><strong>ἐ</strong></span> 
     </span>
    </p>
   </div>
   <div class='ocr_carea' id='block_1_5' title="bbox 1957 459 3558 540">
    <p class='ocr_par' dir='ltr' id='par_1_5' title="bbox 1985 467 3558 540">
     <span class='ocr_line' id='line_1_5' title="bbox 1985 467 3558 540; baseline 0.005 -26"><span class='ocrx_word' id='word_1_16' title='bbox 1985 475 2358 519; x_wconf 81' lang='lat' dir='ltr'><strong>consererent.</strong></span> <span class='ocrx_word' id='word_1_17' title='bbox 2393 467 2697 534; x_wconf 71' lang='lat' dir='ltr'><strong>Apparatus</strong></span> <span class='ocrx_word' id='word_1_18' title='bbox 2758 484 2886 523; x_wconf 83' lang='lat' dir='ltr'><strong>vero</strong></span> <span class='ocrx_word' id='word_1_19' title='bbox 2937 469 3196 540; x_wconf 85' lang='lat' dir='ltr'><strong>reliquos,</strong></span> <span class='ocrx_word' id='word_1_20' title='bbox 3222 484 3425 537; x_wconf 85' lang='lat' dir='ltr'><strong>eosque</strong></span> <span class='ocrx_word' id='word_1_21' title='bbox 3473 471 3558 523; x_wconf 89' lang='lat' dir='ltr'><strong>iu-</strong></span> 
     </span>
    </p>
   </div>
   <div class='ocr_carea' id='block_1_6' title="bbox 299 547 1878 625">
    <p class='ocr_par' dir='ltr' id='par_1_6' title="bbox 299 547 1878 625">
     <span class='ocr_line' id='line_1_6' title="bbox 299 547 1878 625; baseline -0.001 -16"><span class='ocrx_word' id='word_1_22' title='bbox 299 557 526 625; x_wconf 84' lang='grc' dir='ltr'>ἐκείνης</span> <span class='ocrx_word' id='word_1_23' title='bbox 562 555 787 607; x_wconf 71' lang='grc' dir='ltr'>ὄπισθεν</span> <span class='ocrx_word' id='word_1_24' title='bbox 822 555 958 621; x_wconf 73' lang='grc' dir='ltr'>μετὰ</span> <span class='ocrx_word' id='word_1_25' title='bbox 990 555 1244 623; x_wconf 78' lang='grc' dir='ltr'>τζαγρῶν</span> <span class='ocrx_word' id='word_1_26' title='bbox 1263 547 1444 608; x_wconf 70' lang='grc' dir='ltr'>τεκαὶ</span> <span class='ocrx_word' id='word_1_27' title='bbox 1466 558 1635 622; x_wconf 81' lang='grc' dir='ltr'><strong>τόξων</strong></span> <span class='ocrx_word' id='word_1_28' title='bbox 1659 556 1878 608; x_wconf 72' lang='grc' dir='ltr'>καὶτῶν</span> 
     </span>
    </p>
   </div>
   <div class='ocr_carea' id='block_1_7' title="bbox 300 645 1877 716">
    <p class='ocr_par' dir='ltr' id='par_1_7' title="bbox 300 645 1877 716">
     <span class='ocr_line' id='line_1_7' title="bbox 300 645 1877 716; baseline -0.001 -16"><span class='ocrx_word' id='word_1_29' title='bbox 300 647 521 700; x_wconf 78' lang='grc' dir='ltr'>σκευῶν</span> <span class='ocrx_word' id='word_1_30' title='bbox 549 646 656 699; x_wconf 82' lang='grc' dir='ltr'><strong>τῶν</strong></span> <span class='ocrx_word' id='word_1_31' title='bbox 692 646 944 714; x_wconf 81' lang='grc' dir='ltr'><strong>μεγάλων</strong></span> <span class='ocrx_word' id='word_1_32' title='bbox 979 645 1210 698; x_wconf 77' lang='grc' dir='ltr'>καὶτῶν</span> <span class='ocrx_word' id='word_1_33' title='bbox 1243 647 1458 715; x_wconf 82' lang='grc' dir='ltr'><strong>μικρῶν</strong></span> <span class='ocrx_word' id='word_1_34' title='bbox 1490 649 1599 700; x_wconf 83' lang='grc' dir='ltr'><strong>τῶν</strong></span> <span class='ocrx_word' id='word_1_35' title='bbox 1635 648 1737 700; x_wconf 87' lang='grc' dir='ltr'>ἀπε</span> <span class='ocrx_word' id='word_1_36' title='bbox 1752 649 1877 716; x_wconf 71' lang='grc' dir='ltr'>ἕρων</span> 
     </span>
    </p>
   </div>
   <div class='ocr_carea' id='block_1_8' title="bbox 297 736 1876 809">
    <p class='ocr_par' dir='ltr' id='par_1_8' title="bbox 297 736 1876 809">
     <span class='ocr_line' id='line_1_8' title="bbox 297 736 1876 809; baseline -0.001 -17"><span class='ocrx_word' id='word_1_37' title='bbox 297 736 376 792; x_wconf 77' lang='grc' dir='ltr'>ὄιν</span> <span class='ocrx_word' id='word_1_38' title='bbox 408 744 610 809; x_wconf 80' lang='grc' dir='ltr'>ἔφερον</span> <span class='ocrx_word' id='word_1_39' title='bbox 640 741 728 792; x_wconf 80' lang='grc' dir='ltr'>διὰ</span> <span class='ocrx_word' id='word_1_40' title='bbox 754 740 966 794; x_wconf 61' lang='grc' dir='ltr'>τεύτου.</span> <span class='ocrx_word' id='word_1_41' title='bbox 1028 739 1134 800; x_wconf 86' lang='grc' dir='ltr'><strong>Τὰς</strong></span> <span class='ocrx_word' id='word_1_42' title='bbox 1159 739 1215 791; x_wconf 87' lang='grc' dir='ltr'>δὲ</span> <span class='ocrx_word' id='word_1_43' title='bbox 1246 738 1450 800; x_wconf 80' lang='grc' dir='ltr'>σκευὰς</span> <span class='ocrx_word' id='word_1_44' title='bbox 1477 738 1574 800; x_wconf 81' lang='grc' dir='ltr'>τὰς</span> <span class='ocrx_word' id='word_1_45' title='bbox 1613 738 1876 807; x_wconf 79' lang='grc' dir='ltr'><strong>μεγίστας</strong></span> 
     </span>
    </p>
   </div>
   <div class='ocr_carea' id='block_1_9' title="bbox 299 828 1876 900">
    <p class='ocr_par' dir='ltr' id='par_1_9' title="bbox 299 828 1876 900">
     <span class='ocr_line' id='line_1_9' title="bbox 299 828 1876 900; baseline -0.001 -17"><span class='ocrx_word' id='word_1_46' title='bbox 299 833 546 893; x_wconf 84' lang='grc' dir='ltr'>ἐκείνας,</span> <span class='ocrx_word' id='word_1_47' title='bbox 585 832 778 892; x_wconf 80' lang='grc' dir='ltr'>ὁποίας</span> <span class='ocrx_word' id='word_1_48' title='bbox 819 828 962 900; x_wconf 81' lang='grc' dir='ltr'>εἶχον</span> <span class='ocrx_word' id='word_1_49' title='bbox 1013 831 1110 892; x_wconf 70' lang='grc' dir='ltr'>τὰς</span> <span class='ocrx_word' id='word_1_50' title='bbox 1167 830 1388 892; x_wconf 84' lang='grc' dir='ltr'>ἐλπίδας</span> <span class='ocrx_word' id='word_1_51' title='bbox 1431 832 1512 883; x_wconf 85' lang='grc' dir='ltr'>ὅτι</span> <span class='ocrx_word' id='word_1_52' title='bbox 1558 830 1625 882; x_wconf 81' lang='grc' dir='ltr'>δι’</span> <span class='ocrx_word' id='word_1_53' title='bbox 1659 830 1876 892; x_wconf 85' lang='grc' dir='ltr'>ἐκείνας</span> 
     </span>
    </p>
   </div>
   <div class='ocr_carea' id='block_1_10' title="bbox 297 919 1868 990">
    <p class='ocr_par' dir='ltr' id='par_1_10' title="bbox 297 919 1868 990">
     <span class='ocr_line' id='line_1_10' title="bbox 297 919 1868 990; baseline -0.001 -16"><span class='ocrx_word' id='word_1_54' title='bbox 297 923 369 974; x_wconf 77' lang='grc' dir='ltr'>τὰ</span> <span class='ocrx_word' id='word_1_55' title='bbox 400 923 556 990; x_wconf 83' lang='grc' dir='ltr'>τείχη</span> <span class='ocrx_word' id='word_1_56' title='bbox 594 921 690 986; x_wconf 83' lang='grc' dir='ltr'>τῆς</span> <span class='ocrx_word' id='word_1_57' title='bbox 731 920 937 981; x_wconf 76' lang='grc' dir='ltr'>πόλεως</span> <span class='ocrx_word' id='word_1_58' title='bbox 966 920 1154 972; x_wconf 80' lang='grc' dir='ltr'>θέλουν</span> <span class='ocrx_word' id='word_1_59' title='bbox 1197 921 1461 990; x_wconf 81' lang='grc' dir='ltr'>χαλάσειν</span> <span class='ocrx_word' id='word_1_60' title='bbox 1491 920 1585 973; x_wconf 72' lang='grc' dir='ltr'><strong>καὶ</strong></span> <span class='ocrx_word' id='word_1_61' title='bbox 1614 920 1724 972; x_wconf 74' lang='grc' dir='ltr'><strong>ἀπὸ</strong></span> <span class='ocrx_word' id='word_1_62' title='bbox 1747 919 1868 972; x_wconf 65' lang='grc' dir='ltr'>τούε</span> 
     </span>
    </p>
   </div>
   <div class='ocr_carea' id='block_1_11' title="bbox 297 1011 1872 1083">
    <p class='ocr_par' dir='ltr' id='par_1_11' title="bbox 297 1011 1872 1083">
     <span class='ocr_line' id='line_1_11' title="bbox 297 1011 1872 1083; baseline 0.001 -20"><span class='ocrx_word' id='word_1_63' title='bbox 297 1029 397 1064; x_wconf 89' lang='grc' dir='ltr'><strong>του</strong></span> <span class='ocrx_word' id='word_1_64' title='bbox 457 1015 557 1079; x_wconf 81' lang='grc' dir='ltr'><strong>τὴν</strong></span> <span class='ocrx_word' id='word_1_65' title='bbox 602 1011 756 1064; x_wconf 82' lang='grc' dir='ltr'>πόλιν</span> <span class='ocrx_word' id='word_1_66' title='bbox 789 1013 1212 1079; x_wconf 81' lang='grc' dir='ltr'>αἰχμαλωτίσαι,</span> <span class='ocrx_word' id='word_1_67' title='bbox 1274 1014 1509 1080; x_wconf 73' lang='grc' dir='ltr'>ἔστησαν</span> <span class='ocrx_word' id='word_1_68' title='bbox 1559 1014 1872 1083; x_wconf 79' lang='grc' dir='ltr'><strong>περιέργως</strong></span> 
     </span>
    </p>
   </div>
   <div class='ocr_carea' id='block_1_12' title="bbox 296 1098 1870 1174">
    <p class='ocr_par' dir='ltr' id='par_1_12' title="bbox 296 1098 1870 1174">
     <span class='ocr_line' id='line_1_12' title="bbox 296 1098 1870 1174; baseline 0.002 -19"><span class='ocrx_word' id='word_1_69' title='bbox 296 1106 380 1165; x_wconf 76' lang='grc' dir='ltr'><strong>είς</strong></span> <span class='ocrx_word' id='word_1_70' title='bbox 408 1106 573 1156; x_wconf 82' lang='grc' dir='ltr'>τόπον</span> <span class='ocrx_word' id='word_1_71' title='bbox 605 1105 661 1156; x_wconf 83' lang='grc' dir='ltr'><strong>ἐν</strong></span> <span class='ocrx_word' id='word_1_72' title='bbox 684 1098 727 1170; x_wconf 82' lang='grc' dir='ltr'>ᾧ</span> <span class='ocrx_word' id='word_1_73' title='bbox 760 1104 953 1156; x_wconf 82' lang='grc' dir='ltr'>σοῦδαν</span> <span class='ocrx_word' id='word_1_74' title='bbox 979 1105 1078 1157; x_wconf 81' lang='grc' dir='ltr'><strong>οὐκ</strong></span> <span class='ocrx_word' id='word_1_75' title='bbox 1108 1101 1256 1174; x_wconf 78' lang='grc' dir='ltr'>εἶχεν</span> <span class='ocrx_word' id='word_1_76' title='bbox 1287 1107 1478 1172; x_wconf 78' lang='grc' dir='ltr'>ὁμοίαν</span> <span class='ocrx_word' id='word_1_77' title='bbox 1514 1107 1714 1159; x_wconf 84' lang='grc' dir='ltr'>σουδῶν</span> <span class='ocrx_word' id='word_1_78' title='bbox 1761 1106 1870 1158; x_wconf 83' lang='grc' dir='ltr'><strong>τῶν</strong></span> 
     </span>
    </p>
   </div>
   <div class='ocr_carea' id='block_1_13' title="bbox 295 1197 1868 1270">
    <p class='ocr_par' dir='ltr' id='par_1_13' title="bbox 295 1197 1868 1270">
     <span class='ocr_line' id='line_1_13' title="bbox 295 1197 1868 1270; baseline 0.002 -21"><span class='ocrx_word' id='word_1_79' title='bbox 295 1198 528 1266; x_wconf 79' lang='grc' dir='ltr'>ἑτέρων,</span> <span class='ocrx_word' id='word_1_80' title='bbox 563 1197 700 1253; x_wconf 81' lang='grc' dir='ltr'>ἀλλὰ</span> <span class='ocrx_word' id='word_1_81' title='bbox 752 1199 1138 1268; x_wconf 78' lang='grc' dir='ltr'>κεχαλασμένη</span> <span class='ocrx_word' id='word_1_82' title='bbox 1183 1201 1449 1270; x_wconf 81' lang='grc' dir='ltr'><strong>ὑπῆρχεν,</strong></span> <span class='ocrx_word' id='word_1_83' title='bbox 1505 1203 1596 1252; x_wconf 74' lang='grc' dir='ltr'><strong>καὶ</strong></span> <span class='ocrx_word' id='word_1_84' title='bbox 1631 1200 1868 1252; x_wconf 76' lang='grc' dir='ltr'>ἔκπαλαι</span> 
     </span>
    </p>
   </div>
   <div class='ocr_carea' id='block_1_14' title="bbox 294 1286 1868 1357">
    <p class='ocr_par' dir='ltr' id='par_1_14' title="bbox 294 1286 1868 1357">
     <span class='ocr_line' id='line_1_14' title="bbox 294 1286 1868 1357; baseline 0.001 -20"><span class='ocrx_word' id='word_1_85' title='bbox 294 1286 577 1354; x_wconf 76' lang='grc' dir='ltr'><strong>γέμουσαν</strong></span> <span class='ocrx_word' id='word_1_86' title='bbox 607 1287 821 1356; x_wconf 80' lang='grc' dir='ltr'>χῶμαν,</span> <span class='ocrx_word' id='word_1_87' title='bbox 856 1289 946 1338; x_wconf 74' lang='grc' dir='ltr'><strong>καὶ</strong></span> <span class='ocrx_word' id='word_1_88' title='bbox 976 1287 1238 1357; x_wconf 81' lang='grc' dir='ltr'>ἄντικρυς</span> <span class='ocrx_word' id='word_1_89' title='bbox 1278 1286 1484 1355; x_wconf 85' lang='grc' dir='ltr'><strong>ταύτης</strong></span> <span class='ocrx_word' id='word_1_90' title='bbox 1533 1287 1742 1356; x_wconf 79' lang='grc' dir='ltr'>πύργος</span> <span class='ocrx_word' id='word_1_91' title='bbox 1774 1287 1868 1338; x_wconf 80' lang='grc' dir='ltr'><strong>εὕ-</strong></span> 
     </span>
    </p>
   </div>
   <div class='ocr_carea' id='block_1_15' title="bbox 299 1377 1872 1448">
    <p class='ocr_par' dir='ltr' id='par_1_15' title="bbox 299 1377 1872 1448">
     <span class='ocr_line' id='line_1_15' title="bbox 299 1377 1872 1448; baseline 0.001 -18"><span class='ocrx_word' id='word_1_92' title='bbox 299 1377 469 1448; x_wconf 82' lang='grc' dir='ltr'>ρέθην</span> <span class='ocrx_word' id='word_1_93' title='bbox 532 1380 596 1430; x_wconf 87' lang='grc' dir='ltr'><strong>ἐκ</strong></span> <span class='ocrx_word' id='word_1_94' title='bbox 652 1380 1049 1448; x_wconf 79' lang='grc' dir='ltr'>συμὸάσματος</span> <span class='ocrx_word' id='word_1_95' title='bbox 1105 1378 1228 1431; x_wconf 87' lang='grc' dir='ltr'>λίαν</span> <span class='ocrx_word' id='word_1_96' title='bbox 1291 1378 1712 1445; x_wconf 77' lang='grc' dir='ltr'>σεσαθρωμένος</span> <span class='ocrx_word' id='word_1_97' title='bbox 1773 1378 1872 1431; x_wconf 69' lang='grc' dir='ltr'><strong>καὶ</strong></span> 
     </span>
    </p>
   </div>
   <div class='ocr_carea' id='block_1_16' title="bbox 279 1465 1868 1539">
    <p class='ocr_par' dir='ltr' id='par_1_16' title="bbox 279 1465 1868 1539">
     <span class='ocr_line' id='line_1_16' title="bbox 279 1465 1868 1539; baseline 0 -18"><span class='ocrx_word' id='word_1_98' title='bbox 279 1465 623 1539; x_wconf 62' lang='grc' dir='ltr'>’ἐσχισμένος</span> <span class='ocrx_word' id='word_1_99' title='bbox 657 1471 764 1524; x_wconf 84' lang='grc' dir='ltr'>ἀπὸ</span> <span class='ocrx_word' id='word_1_100' title='bbox 799 1471 1008 1524; x_wconf 82' lang='grc' dir='ltr'>ἄνωθεν</span> <span class='ocrx_word' id='word_1_101' title='bbox 1034 1470 1136 1530; x_wconf 86' lang='grc' dir='ltr'>ἓως</span> <span class='ocrx_word' id='word_1_102' title='bbox 1170 1469 1339 1524; x_wconf 85' lang='grc' dir='ltr'>κάτω.</span> <span class='ocrx_word' id='word_1_103' title='bbox 1376 1470 1488 1523; x_wconf 73' lang='grc' dir='ltr'>Καὶ</span> <span class='ocrx_word' id='word_1_104' title='bbox 1517 1469 1868 1537; x_wconf 81' lang='grc' dir='ltr'>προσδοκῶν-</span> 
     </span>
    </p>
   </div>
   <div class='ocr_carea' id='block_1_17' title="bbox 292 1561 1863 1632">
    <p class='ocr_par' dir='ltr' id='par_1_17' title="bbox 292 1561 1863 1632">
     <span class='ocr_line' id='line_1_17' title="bbox 292 1561 1863 1632; baseline 0.001 -20"><span class='ocrx_word' id='word_1_105' title='bbox 292 1577 388 1623; x_wconf 86' lang='grc' dir='ltr'><strong>τες</strong></span> <span class='ocrx_word' id='word_1_106' title='bbox 435 1563 484 1614; x_wconf 90' lang='grc' dir='ltr'><strong>οί</strong></span> <span class='ocrx_word' id='word_1_107' title='bbox 535 1563 768 1632; x_wconf 82' lang='grc' dir='ltr'>Τοῦρκοι</span> <span class='ocrx_word' id='word_1_108' title='bbox 801 1563 883 1615; x_wconf 83' lang='grc' dir='ltr'>ὅτι</span> <span class='ocrx_word' id='word_1_109' title='bbox 928 1562 1038 1614; x_wconf 88' lang='grc' dir='ltr'><strong>τῶν</strong></span> <span class='ocrx_word' id='word_1_110' title='bbox 1090 1563 1366 1630; x_wconf 80' lang='grc' dir='ltr'><strong>μεγίστων</strong></span> <span class='ocrx_word' id='word_1_111' title='bbox 1417 1561 1778 1631; x_wconf 76' lang='grc' dir='ltr'>βουμπάρδων</span> <span class='ocrx_word' id='word_1_112' title='bbox 1808 1564 1863 1614; x_wconf 82' lang='lat' dir='ltr'><strong>al</strong></span> 
     </span>
    </p>
   </div>
   <div class='ocr_carea' id='block_1_18' title="bbox 292 1653 1862 1724">
    <p class='ocr_par' dir='ltr' id='par_1_18' title="bbox 292 1653 1862 1724">
     <span class='ocr_line' id='line_1_18' title="bbox 292 1653 1862 1724; baseline 0.001 -21"><span class='ocrx_word' id='word_1_113' title='bbox 292 1653 498 1722; x_wconf 79' lang='grc' dir='ltr'><strong>πέτραι</strong></span> <span class='ocrx_word' id='word_1_114' title='bbox 551 1655 643 1707; x_wconf 74' lang='grc' dir='ltr'><strong>τὸν</strong></span> <span class='ocrx_word' id='word_1_115' title='bbox 699 1654 1118 1724; x_wconf 80' lang='grc' dir='ltr'>σεσαθρωμένον</span> <span class='ocrx_word' id='word_1_116' title='bbox 1168 1654 1381 1720; x_wconf 86' lang='grc' dir='ltr'>πύργον</span> <span class='ocrx_word' id='word_1_117' title='bbox 1422 1657 1627 1706; x_wconf 83' lang='grc' dir='ltr'>ἐκεῖνον</span> <span class='ocrx_word' id='word_1_118' title='bbox 1676 1653 1862 1706; x_wconf 84' lang='grc' dir='ltr'>θέλουν</span> 
     </span>
    </p>
   </div>
   <div class='ocr_carea' id='block_1_19' title="bbox 289 1744 1863 1814">
    <p class='ocr_par' dir='ltr' id='par_1_19' title="bbox 289 1744 1863 1814">
     <span class='ocr_line' id='line_1_19' title="bbox 289 1744 1863 1814; baseline 0 -17"><span class='ocrx_word' id='word_1_119' title='bbox 289 1746 578 1814; x_wconf 82' lang='grc' dir='ltr'>χαλάσειν,</span> <span class='ocrx_word' id='word_1_120' title='bbox 611 1747 707 1800; x_wconf 67' lang='grc' dir='ltr'>καὶ</span> <span class='ocrx_word' id='word_1_121' title='bbox 737 1748 858 1798; x_wconf 71' lang='grc' dir='ltr'>ἐπεὶ</span> <span class='ocrx_word' id='word_1_122' title='bbox 909 1748 936 1799; x_wconf 82' lang='grc' dir='ltr'><strong><em>ὁ</em></strong></span> <span class='ocrx_word' id='word_1_123' title='bbox 985 1747 1152 1808; x_wconf 80' lang='grc' dir='ltr'>τόπος</span> <span class='ocrx_word' id='word_1_124' title='bbox 1207 1745 1402 1799; x_wconf 86' lang='grc' dir='ltr'>σοῦδαν</span> <span class='ocrx_word' id='word_1_125' title='bbox 1445 1747 1546 1798; x_wconf 85' lang='grc' dir='ltr'><strong>οὐκ</strong></span> <span class='ocrx_word' id='word_1_126' title='bbox 1590 1744 1702 1814; x_wconf 79' lang='grc' dir='ltr'>ἔχει</span> <span class='ocrx_word' id='word_1_127' title='bbox 1735 1746 1863 1807; x_wconf 84' lang='grc' dir='ltr'>τοὺς</span> 
     </span>
    </p>
   </div>
   <div class='ocr_carea' id='block_1_20' title="bbox 291 1834 1858 1908">
    <p class='ocr_par' dir='ltr' id='par_1_20' title="bbox 291 1834 1858 1908">
     <span class='ocr_line' id='line_1_20' title="bbox 291 1834 1858 1908; baseline 0 -21"><span class='ocrx_word' id='word_1_128' title='bbox 291 1834 576 1906; x_wconf 82' lang='grc' dir='ltr'>Τούρκους</span> <span class='ocrx_word' id='word_1_129' title='bbox 596 1837 662 1889; x_wconf 83' lang='grc' dir='ltr'><strong>νά</strong></span> <span class='ocrx_word' id='word_1_130' title='bbox 689 1837 976 1908; x_wconf 76' lang='grc' dir='ltr'>ὲμποδίσῃ,</span> <span class='ocrx_word' id='word_1_131' title='bbox 999 1836 1287 1897; x_wconf 78' lang='grc' dir='ltr'><strong>ἀκωλύτως</strong></span> <span class='ocrx_word' id='word_1_132' title='bbox 1307 1839 1387 1898; x_wconf 82' lang='grc' dir='ltr'><strong>είς</strong></span> <span class='ocrx_word' id='word_1_133' title='bbox 1412 1837 1471 1888; x_wconf 79' lang='grc' dir='ltr'><strong>τὸ</strong></span> <span class='ocrx_word' id='word_1_134' title='bbox 1489 1836 1593 1902; x_wconf 76' lang='grc' dir='ltr'>ἔξω</span> <span class='ocrx_word' id='word_1_135' title='bbox 1622 1836 1858 1904; x_wconf 78' lang='grc' dir='ltr'>κάστρον</span> 
     </span>
    </p>
   </div>
   <div class='ocr_carea' id='block_1_21' title="bbox 293 1927 1858 1998">
    <p class='ocr_par' dir='ltr' id='par_1_21' title="bbox 293 1927 1858 1998">
     <span class='ocr_line' id='line_1_21' title="bbox 293 1927 1858 1998; baseline -0.001 -18"><span class='ocrx_word' id='word_1_136' title='bbox 293 1927 512 1980; x_wconf 72' lang='grc' dir='ltr'>θέλουσι</span> <span class='ocrx_word' id='word_1_137' title='bbox 541 1928 788 1996; x_wconf 83' lang='grc' dir='ltr'>φθάσειν,</span> <span class='ocrx_word' id='word_1_138' title='bbox 825 1931 916 1982; x_wconf 73' lang='grc' dir='ltr'><strong>καὶ</strong></span> <span class='ocrx_word' id='word_1_139' title='bbox 956 1931 1020 1981; x_wconf 87' lang='grc' dir='ltr'><strong>ἐκ</strong></span> <span class='ocrx_word' id='word_1_140' title='bbox 1062 1929 1159 1982; x_wconf 82' lang='grc' dir='ltr'>τοῦ</span> <span class='ocrx_word' id='word_1_141' title='bbox 1186 1929 1536 1998; x_wconf 75' lang='grc' dir='ltr'><strong>χαλάσματος</strong></span> <span class='ocrx_word' id='word_1_142' title='bbox 1561 1927 1687 1988; x_wconf 78' lang='grc' dir='ltr'>τοὺς</span> <span class='ocrx_word' id='word_1_143' title='bbox 1722 1927 1858 1979; x_wconf 88' lang='grc' dir='ltr'><strong>Ῥω-</strong></span> 
     </span>
    </p>
   </div>
   <div class='ocr_carea' id='block_1_22' title="bbox 293 2016 1856 2089">
    <p class='ocr_par' dir='ltr' id='par_1_22' title="bbox 293 2016 1856 2089">
     <span class='ocr_line' id='line_1_22' title="bbox 293 2016 1856 2089; baseline 0 -19"><span class='ocrx_word' id='word_1_144' title='bbox 293 2020 497 2087; x_wconf 86' lang='grc' dir='ltr'>μαίους</span> <span class='ocrx_word' id='word_1_145' title='bbox 523 2021 711 2073; x_wconf 78' lang='grc' dir='ltr'>θέλουν</span> <span class='ocrx_word' id='word_1_146' title='bbox 739 2019 969 2085; x_wconf 82' lang='grc' dir='ltr'>διώξειν,</span> <span class='ocrx_word' id='word_1_147' title='bbox 1004 2023 1099 2072; x_wconf 75' lang='grc' dir='ltr'>καὶ</span> <span class='ocrx_word' id='word_1_148' title='bbox 1127 2020 1226 2089; x_wconf 79' lang='grc' dir='ltr'>τὴν</span> <span class='ocrx_word' id='word_1_149' title='bbox 1252 2019 1404 2072; x_wconf 87' lang='grc' dir='ltr'>πόλιν</span> <span class='ocrx_word' id='word_1_150' title='bbox 1435 2018 1620 2071; x_wconf 77' lang='grc' dir='ltr'>θέλουν</span> <span class='ocrx_word' id='word_1_151' title='bbox 1653 2016 1856 2072; x_wconf 83' lang='grc' dir='ltr'>δουλώ-</span> 
     </span>
    </p>
   </div>
   <div class='ocr_carea' id='block_1_23' title="bbox 291 2111 1911 2179">
    <p class='ocr_par' dir='ltr' id='par_1_23' title="bbox 291 2111 1911 2179">
     <span class='ocr_line' id='line_1_23' title="bbox 291 2111 1911 2179; baseline 0.001 -19"><span class='ocrx_word' id='word_1_152' title='bbox 291 2126 352 2161; x_wconf 84' lang='grc' dir='ltr'><strong>σε</strong></span> <span class='ocrx_word' id='word_1_153' title='bbox 367 2127 432 2161; x_wconf 79' lang='grc' dir='ltr'>ιν.</span> <span class='ocrx_word' id='word_1_154' title='bbox 476 2111 621 2178; x_wconf 78' lang='grc' dir='ltr'>Πλὴν</span> <span class='ocrx_word' id='word_1_155' title='bbox 647 2111 726 2172; x_wconf 89' lang='grc' dir='ltr'><strong>είς</strong></span> <span class='ocrx_word' id='word_1_156' title='bbox 756 2111 912 2163; x_wconf 79' lang='grc' dir='ltr'>κενὸν</span> <span class='ocrx_word' id='word_1_157' title='bbox 942 2112 1283 2179; x_wconf 79' lang='grc' dir='ltr'>ὲκατήντησε</span> <span class='ocrx_word' id='word_1_158' title='bbox 1318 2111 1467 2171; x_wconf 77' lang='grc' dir='ltr'>τέλος</span> <span class='ocrx_word' id='word_1_159' title='bbox 1497 2111 1530 2178; x_wconf 79' lang='grc' dir='ltr'><strong>ἡ</strong></span> <span class='ocrx_word' id='word_1_160' title='bbox 1576 2111 1684 2162; x_wconf 81' lang='grc' dir='ltr'>τῶν</span> <span class='ocrx_word' id='word_1_161' title='bbox 1730 2111 1859 2163; x_wconf 76' lang='grc' dir='ltr'>ἀσε-</span> <span class='ocrx_word' id='word_1_162' title='bbox 1903 2139 1911 2146; x_wconf 73' lang='grc' dir='ltr'><strong><em>ο</em></strong></span> 
     </span>
    </p>
   </div>
   <div class='ocr_carea' id='block_1_24' title="bbox 289 2199 1856 2270">
    <p class='ocr_par' dir='ltr' id='par_1_24' title="bbox 289 2199 1856 2270">
     <span class='ocr_line' id='line_1_24' title="bbox 289 2199 1856 2270; baseline 0.001 -19"><span class='ocrx_word' id='word_1_163' title='bbox 289 2200 405 2252; x_wconf 78' lang='grc' dir='ltr'><strong>σῶν</strong></span> <span class='ocrx_word' id='word_1_164' title='bbox 432 2201 750 2269; x_wconf 84' lang='grc' dir='ltr'>προσδοκία,</span> <span class='ocrx_word' id='word_1_165' title='bbox 795 2202 917 2254; x_wconf 74' lang='grc' dir='ltr'>ἐπεὶ</span> <span class='ocrx_word' id='word_1_166' title='bbox 945 2201 1316 2270; x_wconf 74' lang='grc' dir='ltr'>ἑϐδομήκοντα</span> <span class='ocrx_word' id='word_1_167' title='bbox 1352 2200 1508 2270; x_wconf 83' lang='grc' dir='ltr'>βοκία</span> <span class='ocrx_word' id='word_1_168' title='bbox 1540 2200 1636 2266; x_wconf 86' lang='grc' dir='ltr'>τῆς</span> <span class='ocrx_word' id='word_1_169' title='bbox 1693 2199 1856 2269; x_wconf 83' lang='grc' dir='ltr'>βολῆς</span> 
     </span>
    </p>
   </div>
   <div class='ocr_carea' id='block_1_25' title="bbox 287 2290 1855 2362">
    <p class='ocr_par' dir='ltr' id='par_1_25' title="bbox 287 2290 1855 2362">
     <span class='ocr_line' id='line_1_25' title="bbox 287 2290 1855 2362; baseline 0 -20"><span class='ocrx_word' id='word_1_170' title='bbox 287 2291 391 2358; x_wconf 78' lang='grc' dir='ltr'>τῆς</span> <span class='ocrx_word' id='word_1_171' title='bbox 452 2292 713 2360; x_wconf 86' lang='grc' dir='ltr'>μεγίστης</span> <span class='ocrx_word' id='word_1_172' title='bbox 754 2291 970 2362; x_wconf 86' lang='grc' dir='ltr'>ἐκείνης</span> <span class='ocrx_word' id='word_1_173' title='bbox 1025 2291 1118 2343; x_wconf 83' lang='grc' dir='ltr'><strong>τὸν</strong></span> <span class='ocrx_word' id='word_1_174' title='bbox 1179 2290 1596 2360; x_wconf 73' lang='grc' dir='ltr'>σεσαθρωμὲνον</span> <span class='ocrx_word' id='word_1_175' title='bbox 1645 2290 1855 2345; x_wconf 78' lang='grc' dir='ltr'>ἐκεῖνον</span> 
     </span>
    </p>
   </div>
   <div class='ocr_carea' id='block_1_26' title="bbox 289 2378 1856 2451">
    <p class='ocr_par' dir='ltr' id='par_1_26' title="bbox 289 2378 1856 2451">
     <span class='ocr_line' id='line_1_26' title="bbox 289 2378 1856 2451; baseline 0.002 -19"><span class='ocrx_word' id='word_1_176' title='bbox 289 2378 523 2449; x_wconf 68' lang='grc' dir='ltr'>ἔκρουσε</span> <span class='ocrx_word' id='word_1_177' title='bbox 546 2381 776 2450; x_wconf 85' lang='grc' dir='ltr'>πύργον,</span> <span class='ocrx_word' id='word_1_178' title='bbox 799 2383 895 2434; x_wconf 71' lang='grc' dir='ltr'>καὶ</span> <span class='ocrx_word' id='word_1_179' title='bbox 912 2381 1169 2450; x_wconf 69' lang='grc' dir='ltr'>οὐδεμίαν</span> <span class='ocrx_word' id='word_1_180' title='bbox 1195 2382 1398 2451; x_wconf 74' lang='grc' dir='ltr'>βλάϐην</span> <span class='ocrx_word' id='word_1_181' title='bbox 1417 2384 1529 2444; x_wconf 79' lang='grc' dir='ltr'>τοῖς</span> <span class='ocrx_word' id='word_1_182' title='bbox 1556 2382 1856 2451; x_wconf 84' lang='grc' dir='ltr'>Ῥωμαίο·ς</span> 
     </span>
    </p>
   </div>
   <div class='ocr_carea' id='block_1_27' title="bbox 287 2471 1880 2540">
    <p class='ocr_par' dir='ltr' id='par_1_27' title="bbox 287 2471 1880 2540">
     <span class='ocr_line' id='line_1_27' title="bbox 287 2471 1880 2540; baseline 0.003 -19"><span class='ocrx_word' id='word_1_183' title='bbox 287 2471 456 2524; x_wconf 80' lang='grc' dir='ltr'>τοῦτο</span> <span class='ocrx_word' id='word_1_184' title='bbox 507 2472 898 2540; x_wconf 77' lang='grc' dir='ltr'>προύξένησεν,</span> <span class='ocrx_word' id='word_1_185' title='bbox 949 2471 1212 2524; x_wconf 54' lang='lat' dir='ltr'><strong>saxosae</strong></span> <span class='ocrx_word' id='word_1_186' title='bbox 1256 2475 1368 2533; x_wconf 86' lang='grc' dir='ltr'>τοῖς</span> <span class='ocrx_word' id='word_1_187' title='bbox 1400 2472 1666 2538; x_wconf 80' lang='grc' dir='ltr'>Τούρκοις</span> <span class='ocrx_word' id='word_1_188' title='bbox 1712 2472 1880 2538; x_wconf 67' lang='grc' dir='ltr'><strong>ὡφὲ-“</strong></span> 
     </span>
    </p>
   </div>
   <div class='ocr_carea' id='block_1_28' title="bbox 287 2558 1859 2637">
    <p class='ocr_par' dir='ltr' id='par_1_28' title="bbox 287 2558 1859 2637">
     <span class='ocr_line' id='line_1_28' title="bbox 287 2558 1859 2637; baseline 0.003 -24"><span class='ocrx_word' id='word_1_189' title='bbox 287 2562 463 2616; x_wconf 83' lang='grc' dir='ltr'>λειαν.</span> <span class='ocrx_word' id='word_1_190' title='bbox 495 2558 603 2615; x_wconf 87' lang='grc' dir='ltr'><strong>ἾΙν</strong></span> <span class='ocrx_word' id='word_1_191' title='bbox 633 2563 742 2631; x_wconf 84' lang='grc' dir='ltr'><strong>γάρ</strong></span> <span class='ocrx_word' id='word_1_192' title='bbox 772 2564 799 2614; x_wconf 84' lang='grc' dir='ltr'><strong>ὁ</strong></span> <span class='ocrx_word' id='word_1_193' title='bbox 828 2565 993 2623; x_wconf 84' lang='grc' dir='ltr'>τόπος</span> <span class='ocrx_word' id='word_1_194' title='bbox 1030 2563 1122 2637; x_wconf 68' lang='grc' dir='ltr'><strong>καὶ</strong></span> <span class='ocrx_word' id='word_1_195' title='bbox 1152 2563 1313 2614; x_wconf 83' lang='grc' dir='ltr'><strong>σοῦδα</strong></span> <span class='ocrx_word' id='word_1_196' title='bbox 1350 2563 1445 2616; x_wconf 74' lang='grc' dir='ltr'>καὶ</span> <span class='ocrx_word' id='word_1_197' title='bbox 1484 2563 1692 2631; x_wconf 83' lang='grc' dir='ltr'>πύργος</span> <span class='ocrx_word' id='word_1_198' title='bbox 1718 2563 1859 2632; x_wconf 70' lang='grc' dir='ltr'>πλη-</span> 
     </span>
    </p>
   </div>
   <div class='ocr_carea' id='block_1_29' title="bbox 291 2654 1856 2726">
    <p class='ocr_par' dir='ltr' id='par_1_29' title="bbox 291 2654 1856 2726">
     <span class='ocr_line' id='line_1_29' title="bbox 291 2654 1856 2726; baseline -0.001 -18"><span class='ocrx_word' id='word_1_199' title='bbox 291 2658 413 2709; x_wconf 84' lang='grc' dir='ltr'>σίον</span> <span class='ocrx_word' id='word_1_200' title='bbox 433 2656 716 2726; x_wconf 76' lang='grc' dir='ltr'>Κυριακῆς</span> <span class='ocrx_word' id='word_1_201' title='bbox 741 2656 837 2723; x_wconf 83' lang='grc' dir='ltr'>τῆς</span> <span class='ocrx_word' id='word_1_202' title='bbox 867 2654 1050 2722; x_wconf 82' lang='grc' dir='ltr'>ἁγίας,</span> <span class='ocrx_word' id='word_1_203' title='bbox 1080 2656 1244 2723; x_wconf 82' lang='grc' dir='ltr'>μέσον</span> <span class='ocrx_word' id='word_1_204' title='bbox 1276 2654 1560 2725; x_wconf 87' lang='grc' dir='ltr'>Ῥωμανοῦ</span> <span class='ocrx_word' id='word_1_205' title='bbox 1578 2654 1672 2707; x_wconf 81' lang='grc' dir='ltr'>τοῦ</span> <span class='ocrx_word' id='word_1_206' title='bbox 1697 2655 1856 2723; x_wconf 79' lang='grc' dir='ltr'>ἁγίου</span> 
     </span>
    </p>
   </div>
   <div class='ocr_carea' id='block_1_30' title="bbox 291 2744 1856 2817">
    <p class='ocr_par' dir='ltr' id='par_1_30' title="bbox 291 2744 1856 2817">
     <span class='ocr_line' id='line_1_30' title="bbox 291 2744 1856 2817; baseline 0 -18"><span class='ocrx_word' id='word_1_207' title='bbox 291 2748 518 2816; x_wconf 78' lang='grc' dir='ltr'>καὶτῆς</span> <span class='ocrx_word' id='word_1_208' title='bbox 565 2748 788 2817; x_wconf 79' lang='grc' dir='ltr'>Χαρσῆς</span> <span class='ocrx_word' id='word_1_209' title='bbox 836 2763 895 2798; x_wconf 88' lang='grc' dir='ltr'><strong>τε</strong></span> <span class='ocrx_word' id='word_1_210' title='bbox 933 2744 1032 2816; x_wconf 83' lang='grc' dir='ltr'><strong>τὴν</strong></span> <span class='ocrx_word' id='word_1_211' title='bbox 1071 2745 1265 2815; x_wconf 82' lang='grc' dir='ltr'>πύλην,</span> <span class='ocrx_word' id='word_1_212' title='bbox 1325 2745 1421 2799; x_wconf 78' lang='grc' dir='ltr'><strong>καὶ</strong></span> <span class='ocrx_word' id='word_1_213' title='bbox 1461 2744 1856 2814; x_wconf 75' lang='grc' dir='ltr'>πλησιέστερον</span> 
     </span>
    </p>
   </div>
   <div class='ocr_carea' id='block_1_31' title="bbox 288 2837 1855 2907">
    <p class='ocr_par' dir='ltr' id='par_1_31' title="bbox 288 2837 1855 2907">
     <span class='ocr_line' id='line_1_31' title="bbox 288 2837 1855 2907; baseline 0.001 -17"><span class='ocrx_word' id='word_1_214' title='bbox 288 2838 499 2892; x_wconf 78' lang='grc' dir='ltr'>τούτων</span> <span class='ocrx_word' id='word_1_215' title='bbox 533 2839 614 2903; x_wconf 86' lang='grc' dir='ltr'><strong>είς</strong></span> <span class='ocrx_word' id='word_1_216' title='bbox 639 2839 730 2891; x_wconf 76' lang='grc' dir='ltr'>τὸν</span> <span class='ocrx_word' id='word_1_217' title='bbox 757 2839 1005 2907; x_wconf 76' lang='grc' dir='ltr'>ποταμδν</span> <span class='ocrx_word' id='word_1_218' title='bbox 1035 2838 1127 2890; x_wconf 78' lang='grc' dir='ltr'><strong>τὸν</strong></span> <span class='ocrx_word' id='word_1_219' title='bbox 1150 2837 1629 2907; x_wconf 76' lang='grc' dir='ltr'>ἐπονομαζόμενον</span> <span class='ocrx_word' id='word_1_220' title='bbox 1652 2837 1855 2891; x_wconf 85' lang='grc' dir='ltr'>Λύκον.</span> 
     </span>
    </p>
   </div>
   <div class='ocr_carea' id='block_1_32' title="bbox 289 2927 1854 2998">
    <p class='ocr_par' dir='ltr' id='par_1_32' title="bbox 289 2927 1854 2998">
     <span class='ocr_line' id='line_1_32' title="bbox 289 2927 1854 2998; baseline 0.003 -18"><span class='ocrx_word' id='word_1_221' title='bbox 289 2929 404 2982; x_wconf 72' lang='grc' dir='ltr'><strong>Καὶ</strong></span> <span class='ocrx_word' id='word_1_222' title='bbox 429 2930 604 2980; x_wconf 82' lang='grc' dir='ltr'>ταῦτα</span> <span class='ocrx_word' id='word_1_223' title='bbox 628 2927 728 2997; x_wconf 77' lang='grc' dir='ltr'><strong>μὲν</strong></span> <span class='ocrx_word' id='word_1_224' title='bbox 762 2929 888 2997; x_wconf 82' lang='grc' dir='ltr'>περὶ</span> <span class='ocrx_word' id='word_1_225' title='bbox 915 2927 1023 2981; x_wconf 84' lang='grc' dir='ltr'><strong>τῶν</strong></span> <span class='ocrx_word' id='word_1_226' title='bbox 1045 2927 1410 2997; x_wconf 84' lang='grc' dir='ltr'>βουμπάρδων</span> <span class='ocrx_word' id='word_1_227' title='bbox 1431 2929 1530 2997; x_wconf 81' lang='grc' dir='ltr'>τὴν</span> <span class='ocrx_word' id='word_1_228' title='bbox 1556 2927 1854 2998; x_wconf 80' lang='grc' dir='ltr'>ἀπραξίαν.</span> 
     </span>
    </p>
   </div>
   <div class='ocr_carea' id='block_1_33' title="bbox 289 3015 1856 3089">
    <p class='ocr_par' dir='ltr' id='par_1_33' title="bbox 289 3015 1856 3089">
     <span class='ocr_line' id='line_1_33' title="bbox 289 3015 1856 3089; baseline 0.002 -19"><span class='ocrx_word' id='word_1_229' title='bbox 289 3015 432 3084; x_wconf 75' lang='grc' dir='ltr'>Περὶ</span> <span class='ocrx_word' id='word_1_230' title='bbox 477 3017 535 3068; x_wconf 75' lang='grc' dir='ltr'>δὲ</span> <span class='ocrx_word' id='word_1_231' title='bbox 584 3016 693 3068; x_wconf 84' lang='grc' dir='ltr'>τῶν</span> <span class='ocrx_word' id='word_1_232' title='bbox 736 3015 911 3069; x_wconf 77' lang='grc' dir='ltr'>ἄλλων</span> <span class='ocrx_word' id='word_1_233' title='bbox 933 3017 1038 3069; x_wconf 83' lang='grc' dir='ltr'><strong>τῶν</strong></span> <span class='ocrx_word' id='word_1_234' title='bbox 1060 3016 1414 3070; x_wconf 81' lang='grc' dir='ltr'>κατασκευῶν</span> <span class='ocrx_word' id='word_1_235' title='bbox 1441 3017 1550 3086; x_wconf 81' lang='grc' dir='ltr'>τῶν</span> <span class='ocrx_word' id='word_1_236' title='bbox 1576 3020 1856 3089; x_wconf 81' lang='grc' dir='ltr'>μαχίμων,</span> 
     </span>
    </p>
   </div>
   <div class='ocr_carea' id='block_1_34' title="bbox 1983 559 3560 630">
    <p class='ocr_par' dir='ltr' id='par_1_34' title="bbox 1983 559 3560 630">
     <span class='ocr_line' id='line_1_34' title="bbox 1983 559 3560 630; baseline 0.003 -20"><span class='ocrx_word' id='word_1_237' title='bbox 1983 568 2190 623; x_wconf 81' lang='lat' dir='ltr'><strong>gentes,</strong></span> <span class='ocrx_word' id='word_1_238' title='bbox 2225 559 2422 625; x_wconf 82' lang='lat' dir='ltr'><strong>quibus</strong></span> <span class='ocrx_word' id='word_1_239' title='bbox 2454 575 2512 613; x_wconf 87' lang='lat' dir='ltr'><strong>se</strong></span> <span class='ocrx_word' id='word_1_240' title='bbox 2534 561 2830 626; x_wconf 85' lang='lat' dir='ltr'><strong>sperabant</strong></span> <span class='ocrx_word' id='word_1_241' title='bbox 2861 563 3057 616; x_wconf 77' lang='lat' dir='ltr'><strong>mmnia</strong></span> <span class='ocrx_word' id='word_1_242' title='bbox 3084 563 3229 615; x_wconf 79' lang='lat' dir='ltr'><strong>urbis</strong></span> <span class='ocrx_word' id='word_1_243' title='bbox 3261 577 3418 630; x_wconf 87' lang='lat' dir='ltr'><strong>posse</strong></span> <span class='ocrx_word' id='word_1_244' title='bbox 3441 561 3560 614; x_wconf 87' lang='lat' dir='ltr'><strong>dis-</strong></span> 
     </span>
    </p>
   </div>
   <div class='ocr_carea' id='block_1_35' title="bbox 1975 645 3565 720">
    <p class='ocr_par' dir='ltr' id='par_1_35' title="bbox 1975 645 3565 720">
     <span class='ocr_line' id='line_1_35' title="bbox 1975 645 3565 720; baseline 0.001 -21"><span class='ocrx_word' id='word_1_245' title='bbox 1975 645 2151 716; x_wconf 87' lang='lat' dir='ltr'><strong>jicere</strong></span> <span class='ocrx_word' id='word_1_246' title='bbox 2181 649 2411 716; x_wconf 81' lang='lat' dir='ltr'><strong>indeque</strong></span> <span class='ocrx_word' id='word_1_247' title='bbox 2443 651 2708 702; x_wconf 60' lang='lat' dir='ltr'><strong>civitatem</strong></span> <span class='ocrx_word' id='word_1_248' title='bbox 2739 666 2952 720; x_wconf 77' lang='lat' dir='ltr'><strong>capere,</strong></span> <span class='ocrx_word' id='word_1_249' title='bbox 2983 662 3234 706; x_wconf 83' lang='lat' dir='ltr'><strong>accurate</strong></span> <span class='ocrx_word' id='word_1_250' title='bbox 3265 667 3330 706; x_wconf 91' lang='lat' dir='ltr'><strong>eo</strong></span> <span class='ocrx_word' id='word_1_251' title='bbox 3360 653 3410 704; x_wconf 90' lang='lat' dir='ltr'><strong>in</strong></span> <span class='ocrx_word' id='word_1_252' title='bbox 3437 653 3565 706; x_wconf 75' lang='lat' dir='ltr'><strong>loca</strong></span> 
     </span>
    </p>
   </div>
   <div class='ocr_carea' id='block_1_36' title="bbox 1978 740 3560 808">
    <p class='ocr_par' dir='ltr' id='par_1_36' title="bbox 1978 740 3560 808">
     <span class='ocr_line' id='line_1_36' title="bbox 1978 740 3560 808; baseline 0.001 -18"><span class='ocrx_word' id='word_1_253' title='bbox 1978 753 2200 792; x_wconf 79' lang='lat' dir='ltr'><strong>erexere</strong></span> <span class='ocrx_word' id='word_1_254' title='bbox 2239 740 2291 791; x_wconf 94' lang='lat' dir='ltr'><strong>in</strong></span> <span class='ocrx_word' id='word_1_255' title='bbox 2325 754 2432 808; x_wconf 88' lang='lat' dir='ltr'><strong>quo</strong></span> <span class='ocrx_word' id='word_1_256' title='bbox 2479 741 2623 792; x_wconf 87' lang='lat' dir='ltr'><strong>nulla</strong></span> <span class='ocrx_word' id='word_1_257' title='bbox 2660 740 2802 794; x_wconf 78' lang='lat' dir='ltr'><strong>fossa</strong></span> <span class='ocrx_word' id='word_1_258' title='bbox 2865 741 2986 794; x_wconf 87' lang='lat' dir='ltr'><strong>aliis</strong></span> <span class='ocrx_word' id='word_1_259' title='bbox 3047 742 3352 795; x_wconf 80' lang='lat' dir='ltr'><strong>c0usimilis</strong></span> <span class='ocrx_word' id='word_1_260' title='bbox 3382 751 3500 794; x_wconf 80' lang='lat' dir='ltr'><strong>erat</strong></span> <span class='ocrx_word' id='word_1_261' title='bbox 3535 774 3560 801; x_wconf 83' lang='lat'><strong>,.</strong></span> 
     </span>
    </p>
   </div>
   <div class='ocr_carea' id='block_1_37' title="bbox 1977 829 3554 900">
    <p class='ocr_par' dir='ltr' id='par_1_37' title="bbox 1977 829 3554 900">
     <span class='ocr_line' id='line_1_37' title="bbox 1977 829 3554 900; baseline 0 -20"><span class='ocrx_word' id='word_1_262' title='bbox 1977 843 2098 880; x_wconf 90' lang='lat' dir='ltr'><strong>cum</strong></span> <span class='ocrx_word' id='word_1_263' title='bbox 2135 829 2307 884; x_wconf 87' lang='lat' dir='ltr'><strong>ruinis</strong></span> <span class='ocrx_word' id='word_1_264' title='bbox 2337 830 2593 883; x_wconf 79' lang='lat' dir='ltr'><strong>eonVulsa</strong></span> <span class='ocrx_word' id='word_1_265' title='bbox 2621 831 2688 883; x_wconf 88' lang='lat' dir='ltr'><strong>ab</strong></span> <span class='ocrx_word' id='word_1_266' title='bbox 2714 832 2941 900; x_wconf 81' lang='lat' dir='ltr'><strong>antiquo</strong></span> <span class='ocrx_word' id='word_1_267' title='bbox 2993 840 3240 897; x_wconf 84' lang='lat' dir='ltr'><strong>tempore</strong></span> <span class='ocrx_word' id='word_1_268' title='bbox 3287 839 3426 882; x_wconf 85' lang='lat' dir='ltr'><strong>terra</strong></span> <span class='ocrx_word' id='word_1_269' title='bbox 3457 845 3554 896; x_wconf 88' lang='lat' dir='ltr'><strong>op-</strong></span> 
     </span>
    </p>
   </div>
   <div class='ocr_carea' id='block_1_38' title="bbox 1977 912 3551 988">
    <p class='ocr_par' dir='ltr' id='par_1_38' title="bbox 1977 912 3551 988">
     <span class='ocr_line' id='line_1_38' title="bbox 1977 912 3551 988; baseline 0 -18"><span class='ocrx_word' id='word_1_270' title='bbox 1977 917 2236 984; x_wconf 87' lang='lat' dir='ltr'><strong>pleretur.</strong></span> <span class='ocrx_word' id='word_1_271' title='bbox 2308 917 2576 974; x_wconf 86' lang='lat' dir='ltr'><strong>Evenerat</strong></span> <span class='ocrx_word' id='word_1_272' title='bbox 2629 936 2851 988; x_wconf 87' lang='lat' dir='ltr'><strong>quoque</strong></span> <span class='ocrx_word' id='word_1_273' title='bbox 2895 931 2954 975; x_wconf 91' lang='lat' dir='ltr'><strong>ut</strong></span> <span class='ocrx_word' id='word_1_274' title='bbox 3009 922 3174 974; x_wconf 90' lang='lat' dir='ltr'><strong>turris</strong></span> <span class='ocrx_word' id='word_1_275' title='bbox 3217 921 3291 974; x_wconf 88' lang='lat' dir='ltr'><strong>illi</strong></span> <span class='ocrx_word' id='word_1_276' title='bbox 3324 912 3551 973; x_wconf 73' lang='lat' dir='ltr'><strong>adversa</strong></span> 
     </span>
    </p>
   </div>
   <div class='ocr_carea' id='block_1_39' title="bbox 1975 1010 3551 1078">
    <p class='ocr_par' dir='ltr' id='par_1_39' title="bbox 1975 1010 3551 1078">
     <span class='ocr_line' id='line_1_39' title="bbox 1975 1010 3551 1078; baseline 0.002 -18"><span class='ocrx_word' id='word_1_277' title='bbox 1975 1010 2211 1063; x_wconf 79' lang='lat' dir='ltr'><strong>maxime</strong></span> <span class='ocrx_word' id='word_1_278' title='bbox 2260 1011 2432 1078; x_wconf 87' lang='lat' dir='ltr'><strong>putris</strong></span> <span class='ocrx_word' id='word_1_279' title='bbox 2455 1023 2506 1063; x_wconf 86' lang='lat' dir='ltr'><strong>et</strong></span> <span class='ocrx_word' id='word_1_280' title='bbox 2535 1013 2754 1066; x_wconf 84' lang='lat' dir='ltr'><strong>ruinosa</strong></span> <span class='ocrx_word' id='word_1_281' title='bbox 2794 1013 2864 1066; x_wconf 88' lang='lat' dir='ltr'><strong>ab</strong></span> <span class='ocrx_word' id='word_1_282' title='bbox 2908 1012 3008 1065; x_wconf 88' lang='lat' dir='ltr'><strong>ima</strong></span> <span class='ocrx_word' id='word_1_283' title='bbox 3037 1015 3162 1066; x_wconf 87' lang='lat' dir='ltr'><strong>sede</strong></span> <span class='ocrx_word' id='word_1_284' title='bbox 3195 1014 3258 1066; x_wconf 83' lang='lat' dir='ltr'><strong>ad</strong></span> <span class='ocrx_word' id='word_1_285' title='bbox 3296 1015 3551 1067; x_wconf 85' lang='lat' dir='ltr'><strong>verticem</strong></span> 
     </span>
    </p>
   </div>
   <div class='ocr_carea' id='block_1_40' title="bbox 1973 1101 3553 1172">
    <p class='ocr_par' dir='ltr' id='par_1_40' title="bbox 1973 1101 3553 1172">
     <span class='ocr_line' id='line_1_40' title="bbox 1973 1101 3553 1172; baseline 0.003 -22"><span class='ocrx_word' id='word_1_286' title='bbox 1973 1113 2247 1154; x_wconf 84' lang='lat' dir='ltr'><strong>summum</strong></span> <span class='ocrx_word' id='word_1_287' title='bbox 2325 1101 2724 1156; x_wconf 82' lang='lat' dir='ltr'><strong>dimnderetur.</strong></span> <span class='ocrx_word' id='word_1_288' title='bbox 2799 1101 2940 1157; x_wconf 88' lang='lat' dir='ltr'><strong>llinc</strong></span> <span class='ocrx_word' id='word_1_289' title='bbox 3004 1104 3195 1158; x_wconf 71' lang='lat' dir='ltr'><strong>Turcze</strong></span> <span class='ocrx_word' id='word_1_290' title='bbox 3255 1105 3553 1172; x_wconf 74' lang='lat' dir='ltr'><strong>sperabant</strong></span> 
     </span>
    </p>
   </div>
   <div class='ocr_carea' id='block_1_41' title="bbox 1974 1189 3555 1261">
    <p class='ocr_par' dir='ltr' id='par_1_41' title="bbox 1974 1189 3555 1261">
     <span class='ocr_line' id='line_1_41' title="bbox 1974 1189 3555 1261; baseline 0.002 -19"><span class='ocrx_word' id='word_1_291' title='bbox 1974 1189 2272 1259; x_wconf 71' lang='lat' dir='ltr'><strong>ingentium</strong></span> <span class='ocrx_word' id='word_1_292' title='bbox 2333 1193 2756 1246; x_wconf 85' lang='lat' dir='ltr'><strong>bornbardarum</strong></span> <span class='ocrx_word' id='word_1_293' title='bbox 2815 1194 2966 1247; x_wconf 79' lang='lat' dir='ltr'><strong>saxis</strong></span> <span class='ocrx_word' id='word_1_294' title='bbox 3015 1203 3224 1261; x_wconf 88' lang='lat' dir='ltr'><strong>putrem</strong></span> <span class='ocrx_word' id='word_1_295' title='bbox 3291 1193 3436 1245; x_wconf 87' lang='lat' dir='ltr'><strong>illam</strong></span> <span class='ocrx_word' id='word_1_296' title='bbox 3493 1207 3555 1246; x_wconf 83' lang='lat' dir='ltr'><strong>ac</strong></span> 
     </span>
    </p>
   </div>
   <div class='ocr_carea' id='block_1_42' title="bbox 1972 1277 3556 1350">
    <p class='ocr_par' dir='ltr' id='par_1_42' title="bbox 1972 1277 3556 1350">
     <span class='ocr_line' id='line_1_42' title="bbox 1972 1277 3556 1350; baseline 0.003 -22"><span class='ocrx_word' id='word_1_297' title='bbox 1972 1277 2216 1345; x_wconf 71' lang='lat' dir='ltr'><strong>fragilem</strong></span> <span class='ocrx_word' id='word_1_298' title='bbox 2249 1281 2439 1331; x_wconf 87' lang='lat' dir='ltr'><strong>turritn</strong></span> <span class='ocrx_word' id='word_1_299' title='bbox 2467 1279 2607 1333; x_wconf 86' lang='lat' dir='ltr'><strong>facili</strong></span> <span class='ocrx_word' id='word_1_300' title='bbox 2645 1295 2766 1335; x_wconf 77' lang='lat' dir='ltr'><strong>seSe</strong></span> <span class='ocrx_word' id='word_1_301' title='bbox 2819 1284 3037 1350; x_wconf 80' lang='lat' dir='ltr'><strong>negotio</strong></span> <span class='ocrx_word' id='word_1_302' title='bbox 3067 1283 3120 1336; x_wconf 91' lang='lat' dir='ltr'><strong>in</strong></span> <span class='ocrx_word' id='word_1_303' title='bbox 3172 1283 3386 1350; x_wconf 86' lang='lat' dir='ltr'><strong>planum</strong></span> <span class='ocrx_word' id='word_1_304' title='bbox 3421 1280 3556 1335; x_wconf 72' lang='grc' dir='ltr'>εσυ-</span> 
     </span>
    </p>
   </div>
   <div class='ocr_carea' id='block_1_43' title="bbox 1975 1371 3556 1440">
    <p class='ocr_par' dir='ltr' id='par_1_43' title="bbox 1975 1371 3556 1440">
     <span class='ocr_line' id='line_1_43' title="bbox 1975 1371 3556 1440; baseline -0.002 -17"><span class='ocrx_word' id='word_1_305' title='bbox 1975 1384 2168 1433; x_wconf 87' lang='lat' dir='ltr'><strong>suros,</strong></span> <span class='ocrx_word' id='word_1_306' title='bbox 2201 1379 2257 1424; x_wconf 87' lang='lat' dir='ltr'><strong>et</strong></span> <span class='ocrx_word' id='word_1_307' title='bbox 2285 1386 2408 1423; x_wconf 90' lang='lat' dir='ltr'><strong>cum</strong></span> <span class='ocrx_word' id='word_1_308' title='bbox 2438 1373 2584 1424; x_wconf 89' lang='lat' dir='ltr'><strong>nulla</strong></span> <span class='ocrx_word' id='word_1_309' title='bbox 2610 1384 2755 1426; x_wconf 86' lang='lat' dir='ltr'><strong>esset</strong></span> <span class='ocrx_word' id='word_1_310' title='bbox 2786 1375 2930 1427; x_wconf 84' lang='lat' dir='ltr'><strong>lossa</strong></span> <span class='ocrx_word' id='word_1_311' title='bbox 2958 1390 3076 1440; x_wconf 64' lang='lat' dir='ltr'><strong>qua!</strong></span> <span class='ocrx_word' id='word_1_312' title='bbox 3119 1371 3423 1428; x_wconf 80' lang='lat' dir='ltr'><strong>retardaret</strong></span> <span class='ocrx_word' id='word_1_313' title='bbox 3454 1371 3556 1424; x_wconf 86' lang='lat' dir='ltr'><strong>itu-</strong></span> 
     </span>
    </p>
   </div>
   <div class='ocr_carea' id='block_1_44' title="bbox 1969 1460 3552 1541">
    <p class='ocr_par' dir='ltr' id='par_1_44' title="bbox 1969 1460 3552 1541">
     <span class='ocr_line' id='line_1_44' title="bbox 1969 1460 3552 1541; baseline -0.001 -27"><span class='ocrx_word' id='word_1_314' title='bbox 1969 1469 2146 1528; x_wconf 82' lang='lat' dir='ltr'><strong>pctus,</strong></span> <span class='ocrx_word' id='word_1_315' title='bbox 2175 1476 2240 1514; x_wconf 80' lang='lat' dir='ltr'><strong>ex</strong></span> <span class='ocrx_word' id='word_1_316' title='bbox 2307 1460 2451 1514; x_wconf 88' lang='lat' dir='ltr'><strong>facili</strong></span> <span class='ocrx_word' id='word_1_317' title='bbox 2508 1461 2561 1514; x_wconf 93' lang='lat' dir='ltr'><strong>in</strong></span> <span class='ocrx_word' id='word_1_318' title='bbox 2611 1463 2936 1516; x_wconf 66' lang='lat' dir='ltr'><strong>exteriorem</strong></span> <span class='ocrx_word' id='word_1_319' title='bbox 2994 1463 3179 1516; x_wconf 84' lang='lat' dir='ltr'><strong>urbem</strong></span> <span class='ocrx_word' id='word_1_320' title='bbox 3243 1462 3552 1541; x_wconf 54' lang='lat' dir='ltr'><strong>“lapsuros,</strong></span> 
     </span>
    </p>
   </div>
   <div class='ocr_carea' id='block_1_45' title="bbox 1969 1551 3561 1621">
    <p class='ocr_par' dir='ltr' id='par_1_45' title="bbox 1969 1551 3561 1621">
     <span class='ocr_line' id='line_1_45' title="bbox 1969 1551 3561 1621; baseline -0.004 -14"><span class='ocrx_word' id='word_1_321' title='bbox 1969 1553 2145 1620; x_wconf 81' lang='lat' dir='ltr'><strong>deque</strong></span> <span class='ocrx_word' id='word_1_322' title='bbox 2195 1552 2282 1605; x_wconf 86' lang='lat' dir='ltr'><strong>illa</strong></span> <span class='ocrx_word' id='word_1_323' title='bbox 2322 1553 2474 1606; x_wconf 88' lang='lat' dir='ltr'><strong>ruina</strong></span> <span class='ocrx_word' id='word_1_324' title='bbox 2513 1553 2812 1606; x_wconf 67' lang='lat' dir='ltr'><strong>Romanum</strong></span> <span class='ocrx_word' id='word_1_325' title='bbox 2859 1551 3081 1607; x_wconf 75' lang='lat' dir='ltr'><strong>militem</strong></span> <span class='ocrx_word' id='word_1_326' title='bbox 3107 1554 3417 1621; x_wconf 81' lang='lat' dir='ltr'><strong>repnlsuros</strong></span> <span class='ocrx_word' id='word_1_327' title='bbox 3473 1553 3561 1604; x_wconf 56' lang='lat' dir='ltr'><strong>cia</strong></span> 
     </span>
    </p>
   </div>
   <div class='ocr_carea' id='block_1_46' title="bbox 1973 1640 3560 1709">
    <p class='ocr_par' dir='ltr' id='par_1_46' title="bbox 1973 1640 3560 1709">
     <span class='ocr_line' id='line_1_46' title="bbox 1973 1640 3560 1709; baseline -0.001 -15"><span class='ocrx_word' id='word_1_328' title='bbox 1973 1643 2308 1709; x_wconf 70' lang='lat' dir='ltr'><strong>vitatemque</strong></span> <span class='ocrx_word' id='word_1_329' title='bbox 2386 1642 2772 1696; x_wconf 84' lang='lat' dir='ltr'><strong>debellaturos.</strong></span> <span class='ocrx_word' id='word_1_330' title='bbox 2821 1640 3203 1695; x_wconf 80' lang='lat' dir='ltr'><strong>Verumtamen</strong></span> <span class='ocrx_word' id='word_1_331' title='bbox 3265 1641 3560 1709; x_wconf 80' lang='lat' dir='ltr'><strong>impiorum</strong></span> 
     </span>
    </p>
   </div>
   <div class='ocr_carea' id='block_1_47' title="bbox 1978 1732 3562 1804">
    <p class='ocr_par' dir='ltr' id='par_1_47' title="bbox 1978 1732 3562 1804">
     <span class='ocr_line' id='line_1_47' title="bbox 1978 1732 3562 1804; baseline -0.001 -22"><span class='ocrx_word' id='word_1_332' title='bbox 1978 1732 2320 1785; x_wconf 66' lang='lat' dir='ltr'><strong>confidentiae</strong></span> <span class='ocrx_word' id='word_1_333' title='bbox 2376 1736 2555 1787; x_wconf 78' lang='lat' dir='ltr'><strong>exitus</strong></span> <span class='ocrx_word' id='word_1_334' title='bbox 2607 1750 2714 1804; x_wconf 81' lang='lat' dir='ltr'><strong>nqn</strong></span> <span class='ocrx_word' id='word_1_335' title='bbox 2783 1735 3107 1804; x_wconf 74' lang='lat' dir='ltr'><strong>respondit;</strong></span> <span class='ocrx_word' id='word_1_336' title='bbox 3145 1748 3375 1800; x_wconf 78' lang='lat' dir='ltr'><strong>namque</strong></span> <span class='ocrx_word' id='word_1_337' title='bbox 3427 1733 3562 1785; x_wconf 76' lang='lat' dir='ltr'><strong>licet-</strong></span> 
     </span>
    </p>
   </div>
   <div class='ocr_carea' id='block_1_48' title="bbox 1970 1822 3555 1893">
    <p class='ocr_par' dir='ltr' id='par_1_48' title="bbox 1970 1822 3555 1893">
     <span class='ocr_line' id='line_1_48' title="bbox 1970 1822 3555 1893; baseline 0.003 -19"><span class='ocrx_word' id='word_1_338' title='bbox 1970 1822 2140 1876; x_wconf 83' lang='lat' dir='ltr'><strong>turris</strong></span> <span class='ocrx_word' id='word_1_339' title='bbox 2172 1823 2385 1892; x_wconf 80' lang='lat' dir='ltr'><strong>putrida</strong></span> <span class='ocrx_word' id='word_1_340' title='bbox 2415 1825 2676 1879; x_wconf 68' lang='lat' dir='ltr'><strong>machinae</strong></span> <span class='ocrx_word' id='word_1_341' title='bbox 2707 1829 2958 1880; x_wconf 58' lang='lat' dir='ltr'><strong>maxima-</strong></span> <span class='ocrx_word' id='word_1_342' title='bbox 2985 1825 3324 1893; x_wconf 76' lang='lat' dir='ltr'><strong>septuaginta</strong></span> <span class='ocrx_word' id='word_1_343' title='bbox 3351 1823 3555 1878; x_wconf 78' lang='lat' dir='ltr'><strong>irtibus</strong></span> 
     </span>
    </p>
   </div>
   <div class='ocr_carea' id='block_1_49' title="bbox 1966 1915 3546 1978">
    <p class='ocr_par' dir='ltr' id='par_1_49' title="bbox 1966 1915 3546 1978">
     <span class='ocr_line' id='line_1_49' title="bbox 1966 1915 3546 1978; baseline -0.002 -10"><span class='ocrx_word' id='word_1_344' title='bbox 1966 1923 2198 1968; x_wconf 83' lang='lat' dir='ltr'><strong>contusa</strong></span> <span class='ocrx_word' id='word_1_345' title='bbox 2233 1916 2444 1977; x_wconf 80' lang='lat' dir='ltr'><strong>fuisset,</strong></span> <span class='ocrx_word' id='word_1_346' title='bbox 2473 1916 2619 1970; x_wconf 88' lang='lat' dir='ltr'><strong>nulla</strong></span> <span class='ocrx_word' id='word_1_347' title='bbox 2664 1917 2789 1970; x_wconf 86' lang='lat' dir='ltr'><strong>inde</strong></span> <span class='ocrx_word' id='word_1_348' title='bbox 2834 1915 3096 1970; x_wconf 81' lang='lat' dir='ltr'><strong>Romanis</strong></span> <span class='ocrx_word' id='word_1_349' title='bbox 3135 1931 3300 1978; x_wconf 78' lang='lat' dir='ltr'><strong>noxa,</strong></span> <span class='ocrx_word' id='word_1_350' title='bbox 3334 1915 3546 1967; x_wconf 88' lang='lat' dir='ltr'><strong>nullum</strong></span> 
     </span>
    </p>
   </div>
   <div class='ocr_carea' id='block_1_50' title="bbox 1965 2003 3558 2060">
    <p class='ocr_par' dir='ltr' id='par_1_50' title="bbox 1965 2003 3558 2060">
     <span class='ocr_line' id='line_1_50' title="bbox 1965 2003 3558 2060; baseline 0 -4"><span class='ocrx_word' id='word_1_351' title='bbox 1965 2003 2218 2057; x_wconf 84' lang='lat' dir='ltr'><strong>hostibus</strong></span> <span class='ocrx_word' id='word_1_352' title='bbox 2273 2005 2702 2058; x_wconf 82' lang='lat' dir='ltr'><strong>emolumentum</strong></span> <span class='ocrx_word' id='word_1_353' title='bbox 2753 2007 3007 2060; x_wconf 88' lang='lat' dir='ltr'><strong>accessit.</strong></span> <span class='ocrx_word' id='word_1_354' title='bbox 3051 2005 3181 2058; x_wconf 88' lang='lat' dir='ltr'><strong>Erat</strong></span> <span class='ocrx_word' id='word_1_355' title='bbox 3228 2019 3356 2055; x_wconf 87' lang='lat' dir='ltr'><strong>vero</strong></span> <span class='ocrx_word' id='word_1_356' title='bbox 3395 2004 3558 2056; x_wconf 81' lang='lat' dir='ltr'><strong>locus-</strong></span> 
     </span>
    </p>
   </div>
   <div class='ocr_carea' id='block_1_51' title="bbox 1963 2095 3547 2166">
    <p class='ocr_par' dir='ltr' id='par_1_51' title="bbox 1963 2095 3547 2166">
     <span class='ocr_line' id='line_1_51' title="bbox 1963 2095 3547 2166; baseline -0.001 -18"><span class='ocrx_word' id='word_1_357' title='bbox 1963 2103 2016 2148; x_wconf 91' lang='lat' dir='ltr'><strong>et</strong></span> <span class='ocrx_word' id='word_1_358' title='bbox 2043 2095 2184 2149; x_wconf 87' lang='lat' dir='ltr'><strong>fossa</strong></span> <span class='ocrx_word' id='word_1_359' title='bbox 2215 2110 2382 2166; x_wconf 86' lang='lat' dir='ltr'><strong>prope</strong></span> <span class='ocrx_word' id='word_1_360' title='bbox 2433 2097 2694 2165; x_wconf 90' lang='lat' dir='ltr'><strong>templum</strong></span> <span class='ocrx_word' id='word_1_361' title='bbox 2725 2107 2927 2152; x_wconf 71' lang='lat' dir='ltr'><strong>sanctae</strong></span> <span class='ocrx_word' id='word_1_362' title='bbox 2965 2095 3225 2166; x_wconf 63' lang='lat' dir='ltr'><strong>Cyriacm,</strong></span> <span class='ocrx_word' id='word_1_363' title='bbox 3256 2095 3395 2148; x_wconf 86' lang='lat' dir='ltr'><strong>inter</strong></span> <span class='ocrx_word' id='word_1_364' title='bbox 3420 2109 3547 2147; x_wconf 84' lang='lat' dir='ltr'><strong>san-</strong></span> 
     </span>
    </p>
   </div>
   <div class='ocr_carea' id='block_1_52' title="bbox 1963 2185 3543 2258">
    <p class='ocr_par' dir='ltr' id='par_1_52' title="bbox 1963 2185 3543 2258">
     <span class='ocr_line' id='line_1_52' title="bbox 1963 2185 3543 2258; baseline 0.001 -20"><span class='ocrx_word' id='word_1_365' title='bbox 1963 2194 2109 2240; x_wconf 89' lang='lat' dir='ltr'><strong>ctum</strong></span> <span class='ocrx_word' id='word_1_366' title='bbox 2131 2186 2436 2242; x_wconf 79' lang='lat' dir='ltr'><strong>Romanum</strong></span> <span class='ocrx_word' id='word_1_367' title='bbox 2470 2198 2522 2241; x_wconf 89' lang='lat' dir='ltr'><strong>et</strong></span> <span class='ocrx_word' id='word_1_368' title='bbox 2553 2199 2762 2258; x_wconf 83' lang='lat' dir='ltr'><strong>portam</strong></span> <span class='ocrx_word' id='word_1_369' title='bbox 2788 2189 3029 2253; x_wconf 59' lang='lat' dir='ltr'><strong>Charsw,</strong></span> <span class='ocrx_word' id='word_1_370' title='bbox 3055 2189 3279 2258; x_wconf 89' lang='lat' dir='ltr'><strong>propius</strong></span> <span class='ocrx_word' id='word_1_371' title='bbox 3332 2185 3543 2250; x_wconf 81' lang='lat' dir='ltr'><strong>flumini</strong></span> 
     </span>
    </p>
   </div>
   <div class='ocr_carea' id='block_1_53' title="bbox 1960 2277 3553 2350">
    <p class='ocr_par' dir='ltr' id='par_1_53' title="bbox 1960 2277 3553 2350">
     <span class='ocr_line' id='line_1_53' title="bbox 1960 2277 3553 2350; baseline -0.003 -14"><span class='ocrx_word' id='word_1_372' title='bbox 1960 2279 2048 2336; x_wconf 86' lang='lat' dir='ltr'><strong>eui</strong></span> <span class='ocrx_word' id='word_1_373' title='bbox 2081 2277 2224 2347; x_wconf 80' lang='lat' dir='ltr'><strong>Lyco</strong></span> <span class='ocrx_word' id='word_1_374' title='bbox 2263 2295 2508 2334; x_wconf 89' lang='lat' dir='ltr'><strong>.nomcn.</strong></span> <span class='ocrx_word' id='word_1_375' title='bbox 2543 2280 2610 2334; x_wconf 82' lang='lat' dir='ltr'><strong>Et</strong></span> <span class='ocrx_word' id='word_1_376' title='bbox 2640 2282 2751 2334; x_wconf 61' lang='lat' dir='ltr'><strong>hac</strong></span> <span class='ocrx_word' id='word_1_377' title='bbox 2778 2281 2998 2350; x_wconf 82' lang='lat' dir='ltr'><strong>quidem</strong></span> <span class='ocrx_word' id='word_1_378' title='bbox 3023 2279 3090 2334; x_wconf 91' lang='lat' dir='ltr'><strong>de</strong></span> <span class='ocrx_word' id='word_1_379' title='bbox 3119 2279 3553 2334; x_wconf 54' lang='lat' dir='ltr'><strong>bombardarum&#39;</strong></span> 
     </span>
    </p>
   </div>
   <div class='ocr_carea' id='block_1_54' title="bbox 1962 2371 3556 2443">
    <p class='ocr_par' dir='ltr' id='par_1_54' title="bbox 1962 2371 3556 2443">
     <span class='ocr_line' id='line_1_54' title="bbox 1962 2371 3556 2443; baseline -0.001 -17"><span class='ocrx_word' id='word_1_380' title='bbox 1962 2371 2130 2426; x_wconf 88' lang='lat' dir='ltr'><strong>irritis</strong></span> <span class='ocrx_word' id='word_1_381' title='bbox 2153 2382 2205 2426; x_wconf 90' lang='lat' dir='ltr'><strong>et</strong></span> <span class='ocrx_word' id='word_1_382' title='bbox 2240 2373 2358 2428; x_wconf 88' lang='lat' dir='ltr'><strong>sine</strong></span> <span class='ocrx_word' id='word_1_383' title='bbox 2383 2371 2628 2442; x_wconf 81' lang='lat' dir='ltr'><strong>profectu</strong></span> <span class='ocrx_word' id='word_1_384' title='bbox 2655 2373 2868 2428; x_wconf 86' lang='lat' dir='ltr'><strong>ictibus.</strong></span> <span class='ocrx_word' id='word_1_385' title='bbox 2898 2373 2973 2427; x_wconf 85' lang='lat' dir='ltr'><strong>De</strong></span> <span class='ocrx_word' id='word_1_386' title='bbox 2997 2373 3204 2443; x_wconf 80' lang='lat' dir='ltr'><strong>reliquo</strong></span> <span class='ocrx_word' id='word_1_387' title='bbox 3224 2388 3353 2426; x_wconf 85' lang='lat' dir='ltr'><strong>vero</strong></span> <span class='ocrx_word' id='word_1_388' title='bbox 3376 2387 3556 2441; x_wconf 67' lang='grc' dir='ltr'><strong>θνρεο-</strong></span> 
     </span>
    </p>
   </div>
   <div class='ocr_carea' id='block_1_55' title="bbox 1962 2463 3538 2534">
    <p class='ocr_par' dir='ltr' id='par_1_55' title="bbox 1962 2463 3538 2534">
     <span class='ocr_line' id='line_1_55' title="bbox 1962 2463 3538 2534; baseline 0.003 -19"><span class='ocrx_word' id='word_1_389' title='bbox 1962 2471 2083 2518; x_wconf 89' lang='lat' dir='ltr'><strong>ratu</strong></span> <span class='ocrx_word' id='word_1_390' title='bbox 2137 2463 2328 2518; x_wconf 86' lang='lat' dir='ltr'><strong>bellico</strong></span> <span class='ocrx_word' id='word_1_391' title='bbox 2358 2501 2372 2522; x_wconf 89' lang='lat'><strong>.</strong></span> <span class='ocrx_word' id='word_1_392' title='bbox 2401 2465 2551 2517; x_wconf 76' lang='lat' dir='ltr'><strong>vario</strong></span> <span class='ocrx_word' id='word_1_393' title='bbox 2606 2464 2825 2533; x_wconf 82' lang='lat' dir='ltr'><strong>quidem</strong></span> <span class='ocrx_word' id='word_1_394' title='bbox 2886 2465 2979 2517; x_wconf 90' lang='lat' dir='ltr'><strong>illo</strong></span> <span class='ocrx_word' id='word_1_395' title='bbox 3021 2479 3086 2519; x_wconf 86' lang='lat' dir='ltr'><strong>ac</strong></span> <span class='ocrx_word' id='word_1_396' title='bbox 3120 2464 3418 2534; x_wconf 77' lang='lat' dir='ltr'><strong>multiplico</strong></span> <span class='ocrx_word' id='word_1_397' title='bbox 3471 2466 3538 2520; x_wconf 89' lang='lat' dir='ltr'><strong>ad</strong></span> 
     </span>
    </p>
   </div>
   <div class='ocr_carea' id='block_1_56' title="bbox 1966 2553 3555 2628">
    <p class='ocr_par' dir='ltr' id='par_1_56' title="bbox 1966 2553 3555 2628">
     <span class='ocr_line' id='line_1_56' title="bbox 1966 2553 3555 2628; baseline 0.003 -21"><span class='ocrx_word' id='word_1_398' title='bbox 1966 2554 2322 2608; x_wconf 71' lang='lat' dir='ltr'><strong>obsidendam</strong></span> <span class='ocrx_word' id='word_1_399' title='bbox 2353 2555 2540 2608; x_wconf 87' lang='lat' dir='ltr'><strong>urbem</strong></span> <span class='ocrx_word' id='word_1_400' title='bbox 2575 2553 2902 2624; x_wconf 78' lang='lat' dir='ltr'><strong>Graecosque</strong></span> <span class='ocrx_word' id='word_1_401' title='bbox 2944 2555 3290 2628; x_wconf 88' lang='lat' dir='ltr'><strong>dissipandos</strong></span> <span class='ocrx_word' id='word_1_402' title='bbox 3341 2573 3555 2627; x_wconf 66' lang='grc' dir='ltr'><strong>ροηδε-ι</strong></span> 
     </span>
    </p>
   </div>
   <div class='ocr_carea' id='block_1_57' title="bbox 1966 2645 3539 2716">
    <p class='ocr_par' dir='ltr' id='par_1_57' title="bbox 1966 2645 3539 2716">
     <span class='ocr_line' id='line_1_57' title="bbox 1966 2645 3539 2716; baseline 0.003 -19"><span class='ocrx_word' id='word_1_403' title='bbox 1966 2654 2076 2704; x_wconf 81' lang='lat' dir='ltr'><strong>sto,</strong></span> <span class='ocrx_word' id='word_1_404' title='bbox 2109 2646 2233 2714; x_wconf 88' lang='lat' dir='ltr'><strong>quis</strong></span> <span class='ocrx_word' id='word_1_405' title='bbox 2267 2645 2651 2699; x_wconf 79' lang='lat' dir='ltr'><strong>enarraverit?</strong></span> <span class='ocrx_word' id='word_1_406' title='bbox 2681 2646 2802 2714; x_wconf 83' lang='lat' dir='ltr'><strong>Ipse</strong></span> <span class='ocrx_word' id='word_1_407' title='bbox 2841 2662 2905 2700; x_wconf 81' lang='lat' dir='ltr'><strong>ex</strong></span> <span class='ocrx_word' id='word_1_408' title='bbox 2933 2648 3118 2701; x_wconf 73' lang='lat' dir='ltr'><strong>multis</strong></span> <span class='ocrx_word' id='word_1_409' title='bbox 3148 2662 3317 2716; x_wconf 83' lang='lat' dir='ltr'><strong>pauca</strong></span> <span class='ocrx_word' id='word_1_410' title='bbox 3348 2649 3539 2701; x_wconf 83' lang='lat' dir='ltr'><strong>admo-</strong></span> 
     </span>
    </p>
   </div>
   <div class='ocr_carea' id='block_1_58' title="bbox 1964 2736 3536 2807">
    <p class='ocr_par' dir='ltr' id='par_1_58' title="bbox 1964 2736 3536 2807">
     <span class='ocr_line' id='line_1_58' title="bbox 1964 2736 3536 2807; baseline 0.002 -16"><span class='ocrx_word' id='word_1_411' title='bbox 1964 2738 2091 2791; x_wconf 90' lang='lat' dir='ltr'><strong>dum</strong></span> <span class='ocrx_word' id='word_1_412' title='bbox 2123 2736 2174 2789; x_wconf 88' lang='lat' dir='ltr'><strong>itt</strong></span> <span class='ocrx_word' id='word_1_413' title='bbox 2205 2737 2440 2790; x_wconf 85' lang='lat' dir='ltr'><strong>medium</strong></span> <span class='ocrx_word' id='word_1_414' title='bbox 2466 2736 2761 2805; x_wconf 80' lang='lat' dir='ltr'><strong>proferam.</strong></span> <span class='ocrx_word' id='word_1_415' title='bbox 2795 2737 2998 2792; x_wconf 83' lang='lat' dir='ltr'><strong>Turres</strong></span> <span class='ocrx_word' id='word_1_416' title='bbox 3018 2738 3222 2806; x_wconf 81' lang='lat' dir='ltr'><strong>ligneas</strong></span> <span class='ocrx_word' id='word_1_417' title='bbox 3248 2739 3536 2807; x_wconf 72' lang='lat' dir='ltr'><strong>tinuitnas,</strong></span> 
     </span>
    </p>
   </div>
   <div class='ocr_carea' id='block_1_59' title="bbox 1963 2827 3546 2901">
    <p class='ocr_par' dir='ltr' id='par_1_59' title="bbox 1963 2827 3546 2901">
     <span class='ocr_line' id='line_1_59' title="bbox 1963 2827 3546 2901; baseline 0.003 -20"><span class='ocrx_word' id='word_1_418' title='bbox 1963 2828 2096 2882; x_wconf 89' lang='lat' dir='ltr'><strong>rotis</strong></span> <span class='ocrx_word' id='word_1_419' title='bbox 2130 2828 2273 2882; x_wconf 91' lang='lat' dir='ltr'><strong>ferro</strong></span> <span class='ocrx_word' id='word_1_420' title='bbox 2316 2827 2604 2897; x_wconf 77' lang='lat' dir='ltr'><strong>colligatis,</strong></span> <span class='ocrx_word' id='word_1_421' title='bbox 2635 2828 2831 2891; x_wconf 86' lang='lat' dir='ltr'><strong>multas</strong></span> <span class='ocrx_word' id='word_1_422' title='bbox 2859 2843 2924 2882; x_wconf 88' lang='lat' dir='ltr'><strong>eo</strong></span> <span class='ocrx_word' id='word_1_423' title='bbox 2956 2839 3195 2899; x_wconf 89' lang='lat' dir='ltr'><strong>tempore</strong></span> <span class='ocrx_word' id='word_1_424' title='bbox 3247 2845 3546 2901; x_wconf 77' lang='lat' dir='ltr'><strong>compege-</strong></span> 
     </span>
    </p>
   </div>
   <div class='ocr_carea' id='block_1_60' title="bbox 1965 2919 3608 2992">
    <p class='ocr_par' dir='ltr' id='par_1_60' title="bbox 1965 2919 3608 2992">
     <span class='ocr_line' id='line_1_60' title="bbox 1965 2919 3608 2992; baseline 0.003 -20"><span class='ocrx_word' id='word_1_425' title='bbox 1965 2928 2088 2972; x_wconf 89' lang='lat' dir='ltr'><strong>runt</strong></span> <span class='ocrx_word' id='word_1_426' title='bbox 2119 2919 2183 2973; x_wconf 88' lang='lat' dir='ltr'><strong>ad</strong></span> <span class='ocrx_word' id='word_1_427' title='bbox 2221 2919 2563 2973; x_wconf 83' lang='lat' dir='ltr'><strong>altitudinem</strong></span> <span class='ocrx_word' id='word_1_428' title='bbox 2615 2919 2765 2974; x_wconf 88' lang='lat' dir='ltr'><strong>urbis</strong></span> <span class='ocrx_word' id='word_1_429' title='bbox 2798 2920 3054 2984; x_wconf 86' lang='lat' dir='ltr'><strong>turrium,</strong></span> <span class='ocrx_word' id='word_1_430' title='bbox 3085 2936 3221 2992; x_wconf 81' lang='lat' dir='ltr'><strong>qtms</strong></span> <span class='ocrx_word' id='word_1_431' title='bbox 3249 2923 3412 2975; x_wconf 88' lang='lat' dir='ltr'><strong>etiam</strong></span> <span class='ocrx_word' id='word_1_432' title='bbox 3439 2940 3534 2978; x_wconf 72' lang='lat' dir='ltr'><strong>suo</strong></span> <span class='ocrx_word' id='word_1_433' title='bbox 3601 2932 3608 2943; x_wconf 90' lang='lat'>’</span> 
     </span>
    </p>
   </div>
   <div class='ocr_carea' id='block_1_61' title="bbox 1964 3009 3530 3080">
    <p class='ocr_par' dir='ltr' id='par_1_61' title="bbox 1964 3009 3530 3080">
     <span class='ocr_line' id='line_1_61' title="bbox 1964 3009 3530 3080; baseline 0.004 -19"><span class='ocrx_word' id='word_1_434' title='bbox 1964 3012 2227 3077; x_wconf 82' lang='lat' dir='ltr'><strong>peralant</strong></span> <span class='ocrx_word' id='word_1_435' title='bbox 2281 3011 2453 3080; x_wconf 80' lang='lat' dir='ltr'><strong>;juga</strong></span> <span class='ocrx_word' id='word_1_436' title='bbox 2505 3009 2667 3064; x_wconf 86' lang='lat' dir='ltr'><strong>boum</strong></span> <span class='ocrx_word' id='word_1_437' title='bbox 2722 3025 2786 3064; x_wconf 88' lang='lat' dir='ltr'><strong>ac</strong></span> <span class='ocrx_word' id='word_1_438' title='bbox 2837 3009 3153 3064; x_wconf 88' lang='lat' dir='ltr'><strong>bubalorum</strong></span> <span class='ocrx_word' id='word_1_439' title='bbox 3205 3013 3530 3079; x_wconf 84' lang='lat' dir='ltr'><strong>innumera,</strong></span> 
     </span>
    </p>
   </div>
   <div class='ocr_carea' id='block_1_62' title="bbox 288 3099 1853 3188">
    <p class='ocr_par' dir='ltr' id='par_1_62' title="bbox 288 3105 1853 3181">
     <span class='ocr_line' id='line_1_62' title="bbox 288 3105 1853 3181; baseline 0.003 -23"><span class='ocrx_word' id='word_1_440' title='bbox 288 3106 398 3158; x_wconf 81' lang='grc' dir='ltr'>τῶν</span> <span class='ocrx_word' id='word_1_441' title='bbox 428 3105 700 3159; x_wconf 80' lang='grc' dir='ltr'>παντοίων</span> <span class='ocrx_word' id='word_1_442' title='bbox 745 3107 972 3161; x_wconf 73' lang='grc' dir='ltr'>ἐκείνων</span> <span class='ocrx_word' id='word_1_443' title='bbox 1011 3108 1117 3160; x_wconf 83' lang='grc' dir='ltr'>τῶν</span> <span class='ocrx_word' id='word_1_444' title='bbox 1163 3109 1303 3160; x_wconf 70' lang='grc' dir='ltr'>κατὰ</span> <span class='ocrx_word' id='word_1_445' title='bbox 1347 3109 1445 3177; x_wconf 80' lang='grc' dir='ltr'><strong>τῆς</strong></span> <span class='ocrx_word' id='word_1_446' title='bbox 1487 3108 1698 3172; x_wconf 82' lang='grc' dir='ltr'>πόλεως</span> <span class='ocrx_word' id='word_1_447' title='bbox 1741 3113 1853 3181; x_wconf 72' lang='grc' dir='ltr'>σίρ-</span> 
     </span>
    </p>
   </div>
   <div class='ocr_carea' id='block_1_63' title="bbox 1957 3099 3544 3188">
    <p class='ocr_par' dir='ltr' id='par_1_63' title="bbox 1964 3099 3544 3167">
     <span class='ocr_line' id='line_1_63' title="bbox 1964 3099 3544 3167; baseline 0.004 -15"><span class='ocrx_word' id='word_1_448' title='bbox 1964 3100 2056 3167; x_wconf 86' lang='lat' dir='ltr'><strong>qui</strong></span> <span class='ocrx_word' id='word_1_449' title='bbox 2117 3103 2396 3153; x_wconf 89' lang='lat' dir='ltr'><strong>traherent</strong></span> <span class='ocrx_word' id='word_1_450' title='bbox 2436 3115 2528 3152; x_wconf 60' lang='lat' dir='ltr'><strong>eas</strong></span> <span class='ocrx_word' id='word_1_451' title='bbox 2574 3099 2792 3164; x_wconf 73' lang='lat' dir='ltr'><strong>funibus</strong></span> <span class='ocrx_word' id='word_1_452' title='bbox 2815 3106 2868 3154; x_wconf 87' lang='lat' dir='ltr'><strong>et</strong></span> <span class='ocrx_word' id='word_1_453' title='bbox 2921 3099 2985 3153; x_wconf 90' lang='lat' dir='ltr'><strong>ad</strong></span> <span class='ocrx_word' id='word_1_454' title='bbox 3023 3101 3195 3156; x_wconf 55' lang='lat' dir='ltr'><strong>fossas</strong></span> <span class='ocrx_word' id='word_1_455' title='bbox 3241 3105 3544 3160; x_wconf 67' lang='lat' dir='ltr'><strong>eveherent</strong></span> 
     </span>
    </p>
   </div>
   <div class='ocr_carea' id='block_1_64' title="bbox 288 3197 1852 3270">
    <p class='ocr_par' dir='ltr' id='par_1_64' title="bbox 288 3197 1852 3270">
     <span class='ocr_line' id='line_1_64' title="bbox 288 3197 1852 3270; baseline 0.005 -22"><span class='ocrx_word' id='word_1_456' title='bbox 288 3199 584 3267; x_wconf 78' lang='grc' dir='ltr'>γασμένων</span> <span class='ocrx_word' id='word_1_457' title='bbox 605 3201 685 3260; x_wconf 87' lang='grc' dir='ltr'><strong>είς</strong></span> <span class='ocrx_word' id='word_1_458' title='bbox 709 3197 1022 3268; x_wconf 79' lang='grc' dir='ltr'>πολιορκίαν</span> <span class='ocrx_word' id='word_1_459' title='bbox 1051 3199 1263 3268; x_wconf 82' lang='grc' dir='ltr'>ἐκείνης</span> <span class='ocrx_word' id='word_1_460' title='bbox 1291 3199 1383 3251; x_wconf 69' lang='grc' dir='ltr'><strong>καὶ</strong></span> <span class='ocrx_word' id='word_1_461' title='bbox 1412 3200 1719 3270; x_wconf 78' lang='grc' dir='ltr'>ἀφανισμὸν</span> <span class='ocrx_word' id='word_1_462' title='bbox 1743 3201 1852 3256; x_wconf 84' lang='grc' dir='ltr'>τῶν</span> 
     </span>
    </p>
   </div>
   <div class='ocr_carea' id='block_1_65' title="bbox 297 3290 1852 3362">
    <p class='ocr_par' dir='ltr' id='par_1_65' title="bbox 297 3290 1852 3362">
     <span class='ocr_line' id='line_1_65' title="bbox 297 3290 1852 3362; baseline 0.001 -16"><span class='ocrx_word' id='word_1_463' title='bbox 297 3290 608 3362; x_wconf 79' lang='grc' dir='ltr'>Ῥωμαίων,</span> <span class='ocrx_word' id='word_1_464' title='bbox 638 3291 721 3355; x_wconf 87' lang='grc' dir='ltr'><strong>τίς</strong></span> <span class='ocrx_word' id='word_1_465' title='bbox 765 3293 1090 3362; x_wconf 86' lang='grc' dir='ltr'>διηγήσεται</span> <span class='ocrx_word' id='word_1_466' title='bbox 1123 3293 1267 3362; x_wconf 76' lang='grc' dir='ltr'>ἄρας</span> <span class='ocrx_word' id='word_1_467' title='bbox 1301 3291 1440 3360; x_wconf 87' lang='grc' dir='ltr'>πλὴν</span> <span class='ocrx_word' id='word_1_468' title='bbox 1478 3293 1542 3346; x_wconf 86' lang='grc' dir='ltr'>ὲκ</span> <span class='ocrx_word' id='word_1_469' title='bbox 1586 3293 1694 3347; x_wconf 83' lang='grc' dir='ltr'><strong>τῶν</strong></span> <span class='ocrx_word' id='word_1_470' title='bbox 1722 3293 1852 3347; x_wconf 83' lang='grc' dir='ltr'>πολ-</span> 
     </span>
    </p>
   </div>
   <div class='ocr_carea' id='block_1_66' title="bbox 286 3383 1851 3456">
    <p class='ocr_par' dir='ltr' id='par_1_66' title="bbox 286 3383 1851 3456">
     <span class='ocr_line' id='line_1_66' title="bbox 286 3383 1851 3456; baseline 0.003 -21"><span class='ocrx_word' id='word_1_471' title='bbox 286 3383 392 3438; x_wconf 81' lang='grc' dir='ltr'>λῶν</span> <span class='ocrx_word' id='word_1_472' title='bbox 420 3385 611 3454; x_wconf 83' lang='grc' dir='ltr'>ὀλίγας</span> <span class='ocrx_word' id='word_1_473' title='bbox 635 3386 968 3456; x_wconf 82' lang='grc' dir='ltr'>διηγήσομαι</span> <span class='ocrx_word' id='word_1_474' title='bbox 999 3386 1144 3454; x_wconf 75' lang='grc' dir='ltr'>ἄρτι.</span> <span class='ocrx_word' id='word_1_475' title='bbox 1179 3385 1430 3454; x_wconf 83' lang='grc' dir='ltr'>Πύργους</span> <span class='ocrx_word' id='word_1_476' title='bbox 1476 3385 1724 3450; x_wconf 79' lang='grc' dir='ltr'>ξυλίνους</span> <span class='ocrx_word' id='word_1_477' title='bbox 1753 3402 1851 3456; x_wconf 79' lang='grc' dir='ltr'>με·</span> 
     </span>
    </p>
   </div>
   <div class='ocr_carea' id='block_1_67' title="bbox 281 3476 1850 3547">
    <p class='ocr_par' dir='ltr' id='par_1_67' title="bbox 281 3476 1850 3547">
     <span class='ocr_line' id='line_1_67' title="bbox 281 3476 1850 3547; baseline 0 -17"><span class='ocrx_word' id='word_1_478' title='bbox 281 3479 507 3542; x_wconf 80' lang='grc' dir='ltr'>γίστους</span> <span class='ocrx_word' id='word_1_479' title='bbox 563 3477 631 3545; x_wconf 85' lang='grc' dir='ltr'>μὲ</span> <span class='ocrx_word' id='word_1_480' title='bbox 685 3478 910 3547; x_wconf 83' lang='grc' dir='ltr'>τροχοὺς</span> <span class='ocrx_word' id='word_1_481' title='bbox 975 3476 1570 3545; x_wconf 75' lang='grc' dir='ltr'>οιὸηροδεσμουμένους</span> <span class='ocrx_word' id='word_1_482' title='bbox 1621 3477 1850 3540; x_wconf 81' lang='grc' dir='ltr'>πολλοὺς</span> 
     </span>
    </p>
   </div>
   <div class='ocr_carea' id='block_1_68' title="bbox 283 3568 1845 3639">
    <p class='ocr_par' dir='ltr' id='par_1_68' title="bbox 283 3568 1845 3639">
     <span class='ocr_line' id='line_1_68' title="bbox 283 3568 1845 3639; baseline 0.001 -19"><span class='ocrx_word' id='word_1_483' title='bbox 283 3570 610 3637; x_wconf 74' lang='grc' dir='ltr'>ἐποιήσαντο</span> <span class='ocrx_word' id='word_1_484' title='bbox 644 3569 788 3632; x_wconf 83' lang='grc' dir='ltr'>τότε,</span> <span class='ocrx_word' id='word_1_485' title='bbox 824 3569 946 3621; x_wconf 84' lang='grc' dir='ltr'>ὅσον</span> <span class='ocrx_word' id='word_1_486' title='bbox 973 3569 1034 3622; x_wconf 75' lang='grc' dir='ltr'>τὸ</span> <span class='ocrx_word' id='word_1_487' title='bbox 1065 3568 1197 3637; x_wconf 77' lang='grc' dir='ltr'>ὕψος</span> <span class='ocrx_word' id='word_1_488' title='bbox 1223 3569 1332 3621; x_wconf 81' lang='grc' dir='ltr'>τῶν</span> <span class='ocrx_word' id='word_1_489' title='bbox 1360 3570 1589 3638; x_wconf 80' lang='grc' dir='ltr'>πύργων</span> <span class='ocrx_word' id='word_1_490' title='bbox 1613 3573 1712 3639; x_wconf 80' lang='grc' dir='ltr'><strong>τῆς</strong></span> <span class='ocrx_word' id='word_1_491' title='bbox 1742 3570 1845 3622; x_wconf 82' lang='grc' dir='ltr'><strong>πό-</strong></span> 
     </span>
    </p>
   </div>
   <div class='ocr_carea' id='block_1_69' title="bbox 283 3657 1844 3730">
    <p class='ocr_par' dir='ltr' id='par_1_69' title="bbox 283 3657 1844 3730">
     <span class='ocr_line' id='line_1_69' title="bbox 283 3657 1844 3730; baseline 0.004 -23"><span class='ocrx_word' id='word_1_492' title='bbox 283 3657 449 3720; x_wconf 85' lang='grc' dir='ltr'>λεως·</span> <span class='ocrx_word' id='word_1_493' title='bbox 483 3659 684 3727; x_wconf 79' lang='grc' dir='ltr'>μᾶλλον</span> <span class='ocrx_word' id='word_1_494' title='bbox 731 3660 824 3710; x_wconf 77' lang='grc' dir='ltr'><strong>καὶ</strong></span> <span class='ocrx_word' id='word_1_495' title='bbox 858 3659 1148 3727; x_wconf 80' lang='grc' dir='ltr'>ὑπερεῖχον</span> <span class='ocrx_word' id='word_1_496' title='bbox 1201 3660 1465 3719; x_wconf 81' lang='grc' dir='ltr'>ἐκείνους.</span> <span class='ocrx_word' id='word_1_497' title='bbox 1516 3659 1624 3712; x_wconf 77' lang='grc' dir='ltr'>Καὶ</span> <span class='ocrx_word' id='word_1_498' title='bbox 1674 3660 1844 3730; x_wconf 80' lang='grc' dir='ltr'>ζεύγη</span> 
     </span>
    </p>
   </div>
   <div class='ocr_carea' id='block_1_70' title="bbox 285 3748 1843 3818">
    <p class='ocr_par' dir='ltr' id='par_1_70' title="bbox 285 3748 1843 3818">
     <span class='ocr_line' id='line_1_70' title="bbox 285 3748 1843 3818; baseline 0.001 -17"><span class='ocrx_word' id='word_1_499' title='bbox 285 3748 423 3818; x_wconf 82' lang='grc' dir='ltr'>βοῶν</span> <span class='ocrx_word' id='word_1_500' title='bbox 474 3750 568 3800; x_wconf 70' lang='grc' dir='ltr'><strong>καὶ</strong></span> <span class='ocrx_word' id='word_1_501' title='bbox 607 3749 905 3818; x_wconf 79' lang='grc' dir='ltr'>βουὸαλίων</span> <span class='ocrx_word' id='word_1_502' title='bbox 951 3750 1193 3818; x_wconf 79' lang='grc' dir='ltr'>ἀπείρων</span> <span class='ocrx_word' id='word_1_503' title='bbox 1238 3751 1454 3818; x_wconf 75' lang='grc' dir='ltr'>εἴχασιν</span> <span class='ocrx_word' id='word_1_504' title='bbox 1493 3751 1550 3815; x_wconf 79' lang='grc' dir='ltr'>ἐξ</span> <span class='ocrx_word' id='word_1_505' title='bbox 1591 3753 1843 3818; x_wconf 76' lang='grc' dir='ltr'>ἑτοίμου,</span> 
     </span>
    </p>
   </div>
   <div class='ocr_carea' id='block_1_71' title="bbox 282 3835 1848 3906">
    <p class='ocr_par' dir='ltr' id='par_1_71' title="bbox 282 3835 1848 3906">
     <span class='ocr_line' id='line_1_71' title="bbox 282 3835 1848 3906; baseline 0.004 -19"><span class='ocrx_word' id='word_1_506' title='bbox 282 3835 370 3887; x_wconf 72' lang='grc' dir='ltr'><strong>ενα</strong></span> <span class='ocrx_word' id='word_1_507' title='bbox 425 3836 551 3896; x_wconf 77' lang='grc' dir='ltr'>τοὺς</span> <span class='ocrx_word' id='word_1_508' title='bbox 606 3835 848 3904; x_wconf 73' lang='grc' dir='ltr'>πύργους</span> <span class='ocrx_word' id='word_1_509' title='bbox 890 3837 1205 3904; x_wconf 88' lang='grc' dir='ltr'>ταυρίσουσι</span> <span class='ocrx_word' id='word_1_510' title='bbox 1260 3837 1400 3905; x_wconf 83' lang='grc' dir='ltr'>μετὰ</span> <span class='ocrx_word' id='word_1_511' title='bbox 1455 3840 1706 3906; x_wconf 77' lang='grc' dir='ltr'>σχοινίων</span> <span class='ocrx_word' id='word_1_512' title='bbox 1751 3842 1848 3893; x_wconf 78' lang='grc' dir='ltr'><strong>καὶ</strong></span> 
     </span>
    </p>
   </div>
   <div class='ocr_carea' id='block_1_72' title="bbox 281 3924 1844 3994">
    <p class='ocr_par' dir='ltr' id='par_1_72' title="bbox 281 3924 1844 3994">
     <span class='ocr_line' id='line_1_72' title="bbox 281 3924 1844 3994; baseline 0.001 -16"><span class='ocrx_word' id='word_1_513' title='bbox 281 3925 510 3992; x_wconf 85' lang='grc' dir='ltr'>πλησίον</span> <span class='ocrx_word' id='word_1_514' title='bbox 543 3927 642 3992; x_wconf 83' lang='grc' dir='ltr'>τῆς</span> <span class='ocrx_word' id='word_1_515' title='bbox 674 3925 866 3988; x_wconf 72' lang='grc' dir='ltr'>σούδας</span> <span class='ocrx_word' id='word_1_516' title='bbox 900 3926 1144 3994; x_wconf 76' lang='grc' dir='ltr'>φέρωσιν</span> <span class='ocrx_word' id='word_1_517' title='bbox 1176 3926 1270 3980; x_wconf 68' lang='grc' dir='ltr'><strong>καὶ</strong></span> <span class='ocrx_word' id='word_1_518' title='bbox 1299 3924 1358 3989; x_wconf 80' lang='grc' dir='ltr'><strong>ἐξ</strong></span> <span class='ocrx_word' id='word_1_519' title='bbox 1391 3927 1613 3980; x_wconf 77' lang='grc' dir='ltr'>ἐκείνων</span> <span class='ocrx_word' id='word_1_520' title='bbox 1642 3927 1702 3979; x_wconf 80' lang='grc' dir='ltr'><strong>τὸ</strong></span> <span class='ocrx_word' id='word_1_521' title='bbox 1739 3926 1844 3989; x_wconf 75' lang='grc' dir='ltr'>ἔξω</span> 
     </span>
    </p>
   </div>
   <div class='ocr_carea' id='block_1_73' title="bbox 280 4015 1846 4086">
    <p class='ocr_par' dir='ltr' id='par_1_73' title="bbox 280 4015 1846 4086">
     <span class='ocr_line' id='line_1_73' title="bbox 280 4015 1846 4086; baseline 0 -16"><span class='ocrx_word' id='word_1_522' title='bbox 280 4016 518 4086; x_wconf 84' lang='grc' dir='ltr'>κάστρον</span> <span class='ocrx_word' id='word_1_523' title='bbox 569 4015 925 4084; x_wconf 82' lang='grc' dir='ltr'>πολεμήσωσι</span> <span class='ocrx_word' id='word_1_524' title='bbox 976 4017 1070 4068; x_wconf 79' lang='grc' dir='ltr'><strong>καὶ</strong></span> <span class='ocrx_word' id='word_1_525' title='bbox 1115 4018 1472 4082; x_wconf 74' lang='grc' dir='ltr'>ἀφανίσωσιν.</span> <span class='ocrx_word' id='word_1_526' title='bbox 1537 4017 1700 4070; x_wconf 81' lang='grc' dir='ltr'>Ἀλλὰ</span> <span class='ocrx_word' id='word_1_527' title='bbox 1751 4019 1846 4070; x_wconf 75' lang='grc' dir='ltr'>καὶ</span> 
     </span>
    </p>
   </div>
   <div class='ocr_carea' id='block_1_74' title="bbox 278 4104 1846 4175">
    <p class='ocr_par' dir='ltr' id='par_1_74' title="bbox 278 4104 1846 4175">
     <span class='ocr_line' id='line_1_74' title="bbox 278 4104 1846 4175; baseline 0.003 -19"><span class='ocrx_word' id='word_1_528' title='bbox 278 4104 580 4170; x_wconf 78' lang='grc' dir='ltr'>φαλκούνια</span> <span class='ocrx_word' id='word_1_529' title='bbox 602 4107 932 4173; x_wconf 78' lang='grc' dir='ltr'>ἐποιήσαντο</span> <span class='ocrx_word' id='word_1_530' title='bbox 956 4105 1052 4158; x_wconf 74' lang='grc' dir='ltr'>καὶ</span> <span class='ocrx_word' id='word_1_531' title='bbox 1077 4104 1317 4172; x_wconf 80' lang='grc' dir='ltr'>χελώνας</span> <span class='ocrx_word' id='word_1_532' title='bbox 1344 4106 1436 4157; x_wconf 70' lang='grc' dir='ltr'><strong>καὶ</strong></span> <span class='ocrx_word' id='word_1_533' title='bbox 1452 4106 1846 4175; x_wconf 79' lang='grc' dir='ltr'>ἀρκουόάμαξα</span> 
     </span>
    </p>
   </div>
   <div class='ocr_carea' id='block_1_75' title="bbox 277 4195 1844 4266">
    <p class='ocr_par' dir='ltr' id='par_1_75' title="bbox 277 4195 1844 4266">
     <span class='ocr_line' id='line_1_75' title="bbox 277 4195 1844 4266; baseline 0.001 -19"><span class='ocrx_word' id='word_1_534' title='bbox 277 4195 374 4247; x_wconf 73' lang='grc' dir='ltr'>καὶ</span> <span class='ocrx_word' id='word_1_535' title='bbox 405 4196 537 4248; x_wconf 83' lang='grc' dir='ltr'>ἄλλα</span> <span class='ocrx_word' id='word_1_536' title='bbox 571 4195 740 4246; x_wconf 77' lang='grc' dir='ltr'>πολλὰ</span> <span class='ocrx_word' id='word_1_537' title='bbox 770 4195 956 4260; x_wconf 76' lang='grc' dir='ltr'>ξύλινα</span> <span class='ocrx_word' id='word_1_538' title='bbox 984 4197 1082 4248; x_wconf 68' lang='grc' dir='ltr'>καὶ</span> <span class='ocrx_word' id='word_1_539' title='bbox 1111 4195 1538 4264; x_wconf 79' lang='grc' dir='ltr'>μηχανικὼτατα</span> <span class='ocrx_word' id='word_1_540' title='bbox 1568 4195 1730 4266; x_wconf 79' lang='grc' dir='ltr'>ἔργα,</span> <span class='ocrx_word' id='word_1_541' title='bbox 1749 4200 1844 4249; x_wconf 76' lang='grc' dir='ltr'><strong>καὶ</strong></span> 
     </span>
    </p>
   </div>
   <div class='ocr_carea' id='block_1_76' title="bbox 277 4286 1840 4355">
    <p class='ocr_par' dir='ltr' id='par_1_76' title="bbox 277 4286 1840 4355">
     <span class='ocr_line' id='line_1_76' title="bbox 277 4286 1840 4355; baseline 0.002 -18"><span class='ocrx_word' id='word_1_542' title='bbox 277 4287 553 4350; x_wconf 76' lang='grc' dir='ltr'>ἑλεπόλεις</span> <span class='ocrx_word' id='word_1_543' title='bbox 589 4286 1031 4339; x_wconf 84' lang='grc' dir='ltr'>ἐκατεσκεύασαν</span> <span class='ocrx_word' id='word_1_544' title='bbox 1087 4288 1182 4338; x_wconf 63' lang='grc' dir='ltr'><strong>καὶ⁵</strong></span> <span class='ocrx_word' id='word_1_545' title='bbox 1231 4290 1541 4355; x_wconf 82' lang='grc' dir='ltr'>μηχανικὰς</span> <span class='ocrx_word' id='word_1_546' title='bbox 1593 4289 1840 4355; x_wconf 84' lang='grc' dir='ltr'>ἀγκάλας</span> 
     </span>
    </p>
   </div>
   <div class='ocr_carea' id='block_1_77' title="bbox 278 4377 1842 4447">
    <p class='ocr_par' dir='ltr' id='par_1_77' title="bbox 278 4377 1842 4447">
     <span class='ocr_line' id='line_1_77' title="bbox 278 4377 1842 4447; baseline 0.001 -16"><span class='ocrx_word' id='word_1_547' title='bbox 278 4380 346 4447; x_wconf 85' lang='grc' dir='ltr'><strong>μὲ</strong></span> <span class='ocrx_word' id='word_1_548' title='bbox 394 4379 617 4446; x_wconf 73' lang='grc' dir='ltr'>τροχοὺς</span> <span class='ocrx_word' id='word_1_549' title='bbox 669 4377 920 4447; x_wconf 81' lang='grc' dir='ltr'>μικροὺς,</span> <span class='ocrx_word' id='word_1_550' title='bbox 958 4379 1050 4430; x_wconf 71' lang='grc' dir='ltr'><strong>καὶ</strong></span> <span class='ocrx_word' id='word_1_551' title='bbox 1094 4379 1335 4446; x_wconf 86' lang='grc' dir='ltr'>μεγάλας</span> <span class='ocrx_word' id='word_1_552' title='bbox 1386 4381 1698 4444; x_wconf 79' lang='grc' dir='ltr'>σκεπαστάς</span> <span class='ocrx_word' id='word_1_553' title='bbox 1745 4383 1842 4435; x_wconf 77' lang='grc' dir='ltr'><strong>καὶ</strong></span> 
     </span>
    </p>
   </div>
   <div class='ocr_carea' id='block_1_78' title="bbox 1956 3191 3540 3261">
    <p class='ocr_par' dir='ltr' id='par_1_78' title="bbox 1956 3191 3540 3261">
     <span class='ocr_line' id='line_1_78' title="bbox 1956 3191 3540 3261; baseline 0.004 -15"><span class='ocrx_word' id='word_1_554' title='bbox 1956 3206 2080 3246; x_wconf 89' lang='lat' dir='ltr'><strong>cum</strong></span> <span class='ocrx_word' id='word_1_555' title='bbox 2111 3207 2248 3260; x_wconf 90' lang='lat' dir='ltr'><strong>opus</strong></span> <span class='ocrx_word' id='word_1_556' title='bbox 2275 3191 2492 3254; x_wconf 87' lang='lat' dir='ltr'><strong>fuisset,</strong></span> <span class='ocrx_word' id='word_1_557' title='bbox 2519 3201 2931 3261; x_wconf 72' lang='lat' dir='ltr'><strong>congesserant,</strong></span> <span class='ocrx_word' id='word_1_558' title='bbox 2964 3201 3022 3246; x_wconf 91' lang='lat' dir='ltr'><strong>ut</strong></span> <span class='ocrx_word' id='word_1_559' title='bbox 3062 3193 3167 3247; x_wconf 91' lang='lat' dir='ltr'><strong>illis</strong></span> <span class='ocrx_word' id='word_1_560' title='bbox 3195 3197 3540 3252; x_wconf 67' lang='lat' dir='ltr'><strong>munimenta</strong></span> 
     </span>
    </p>
   </div>
   <div class='ocr_carea' id='block_1_79' title="bbox 1953 3283 3536 3356">
    <p class='ocr_par' dir='ltr' id='par_1_79' title="bbox 1953 3283 3536 3356">
     <span class='ocr_line' id='line_1_79' title="bbox 1953 3283 3536 3356; baseline 0.004 -20"><span class='ocrx_word' id='word_1_561' title='bbox 1953 3283 2104 3338; x_wconf 87' lang='lat' dir='ltr'><strong>urbis</strong></span> <span class='ocrx_word' id='word_1_562' title='bbox 2141 3285 2410 3338; x_wconf 75' lang='lat' dir='ltr'><strong>exteriora</strong></span> <span class='ocrx_word' id='word_1_563' title='bbox 2445 3299 2702 3353; x_wconf 83' lang='lat' dir='ltr'><strong>oppressa</strong></span> <span class='ocrx_word' id='word_1_564' title='bbox 2757 3285 3093 3354; x_wconf 87' lang='lat' dir='ltr'><strong>disjicerent.</strong></span> <span class='ocrx_word' id='word_1_565' title='bbox 3123 3286 3255 3342; x_wconf 80' lang='lat' dir='ltr'><strong>item</strong></span> <span class='ocrx_word' id='word_1_566' title='bbox 3304 3289 3536 3356; x_wconf 81' lang='lat' dir='ltr'><strong>phalcu-</strong></span> 
     </span>
    </p>
   </div>
   <div class='ocr_carea' id='block_1_80' title="bbox 1959 3375 3532 3453">
    <p class='ocr_par' dir='ltr' id='par_1_80' title="bbox 1959 3375 3532 3453">
     <span class='ocr_line' id='line_1_80' title="bbox 1959 3375 3532 3453; baseline 0.004 -23"><span class='ocrx_word' id='word_1_567' title='bbox 1959 3375 2075 3435; x_wconf 85' lang='lat' dir='ltr'><strong>nia.</strong></span> <span class='ocrx_word' id='word_1_568' title='bbox 2111 3375 2434 3436; x_wconf 84' lang='lat' dir='ltr'><strong>testudines,</strong></span> <span class='ocrx_word' id='word_1_569' title='bbox 2463 3377 2826 3432; x_wconf 79' lang='lat' dir='ltr'><strong>arcudamaxa</strong></span> <span class='ocrx_word' id='word_1_570' title='bbox 2867 3378 3189 3449; x_wconf 76' lang='lat' dir='ltr'><strong>diversaque</strong></span> <span class='ocrx_word' id='word_1_571' title='bbox 3216 3381 3319 3444; x_wconf 80' lang='lat' dir='ltr'><strong>alia</strong></span> <span class='ocrx_word' id='word_1_572' title='bbox 3353 3383 3532 3453; x_wconf 75' lang='lat' dir='ltr'><strong>lignea</strong></span> 
     </span>
    </p>
   </div>
   <div class='ocr_carea' id='block_1_81' title="bbox 1948 3468 3529 3539">
    <p class='ocr_par' dir='ltr' id='par_1_81' title="bbox 1948 3468 3529 3539">
     <span class='ocr_line' id='line_1_81' title="bbox 1948 3468 3529 3539; baseline 0.003 -15"><span class='ocrx_word' id='word_1_573' title='bbox 1948 3482 2010 3524; x_wconf 77' lang='lat' dir='ltr'><strong>ex</strong></span> <span class='ocrx_word' id='word_1_574' title='bbox 2054 3468 2233 3522; x_wconf 88' lang='lat' dir='ltr'><strong>abdita</strong></span> <span class='ocrx_word' id='word_1_575' title='bbox 2262 3469 2711 3522; x_wconf 87' lang='lat' dir='ltr'><strong>mcebanicorum</strong></span> <span class='ocrx_word' id='word_1_576' title='bbox 2746 3469 3036 3539; x_wconf 87' lang='lat' dir='ltr'><strong>disciplina</strong></span> <span class='ocrx_word' id='word_1_577' title='bbox 3084 3473 3444 3527; x_wconf 84' lang='lat' dir='ltr'><strong>instrumenta</strong></span> <span class='ocrx_word' id='word_1_578' title='bbox 3472 3482 3529 3528; x_wconf 89' lang='lat' dir='ltr'><strong>et</strong></span> 
     </span>
    </p>
   </div>
   <div class='ocr_carea' id='block_1_82' title="bbox 1947 3560 3530 3624">
    <p class='ocr_par' dir='ltr' id='par_1_82' title="bbox 1947 3560 3530 3624">
     <span class='ocr_line' id='line_1_82' title="bbox 1947 3560 3530 3624; baseline 0.006 -10"><span class='ocrx_word' id='word_1_579' title='bbox 1947 3560 2302 3614; x_wconf 81' lang='lat' dir='ltr'><strong>obsidionalia</strong></span> <span class='ocrx_word' id='word_1_580' title='bbox 2345 3561 2681 3614; x_wconf 88' lang='lat' dir='ltr'><strong>fabricarunt</strong></span> <span class='ocrx_word' id='word_1_581' title='bbox 2711 3578 2726 3624; x_wconf 85' lang='lat'>;</span> <span class='ocrx_word' id='word_1_582' title='bbox 2757 3578 2964 3616; x_wconf 90' lang='lat' dir='ltr'><strong>necnon</strong></span> <span class='ocrx_word' id='word_1_583' title='bbox 2995 3567 3213 3618; x_wconf 86' lang='lat' dir='ltr'><strong>anealas</strong></span> <span class='ocrx_word' id='word_1_584' title='bbox 3242 3580 3365 3618; x_wconf 85' lang='lat' dir='ltr'><strong>cum</strong></span> <span class='ocrx_word' id='word_1_585' title='bbox 3395 3567 3530 3624; x_wconf 85' lang='lat' dir='ltr'><strong>rotis</strong></span> 
     </span>
    </p>
   </div>
   <div class='ocr_carea' id='block_1_83' title="bbox 1948 3652 3531 3722">
    <p class='ocr_par' dir='ltr' id='par_1_83' title="bbox 1948 3652 3531 3722">
     <span class='ocr_line' id='line_1_83' title="bbox 1948 3652 3531 3722; baseline 0.005 -21"><span class='ocrx_word' id='word_1_586' title='bbox 1948 3652 2148 3719; x_wconf 77' lang='lat' dir='ltr'><strong>parvis,</strong></span> <span class='ocrx_word' id='word_1_587' title='bbox 2183 3652 2428 3722; x_wconf 79' lang='lat' dir='ltr'><strong>ingentes</strong></span> <span class='ocrx_word' id='word_1_588' title='bbox 2461 3653 2623 3706; x_wconf 78' lang='lat' dir='ltr'><strong>etiam</strong></span> <span class='ocrx_word' id='word_1_589' title='bbox 2661 3659 2714 3705; x_wconf 90' lang='lat' dir='ltr'><strong>et</strong></span> <span class='ocrx_word' id='word_1_590' title='bbox 2747 3665 3036 3720; x_wconf 87' lang='lat' dir='ltr'><strong>coopertas</strong></span> <span class='ocrx_word' id='word_1_591' title='bbox 3084 3665 3140 3709; x_wconf 89' lang='lat' dir='ltr'><strong>et</strong></span> <span class='ocrx_word' id='word_1_592' title='bbox 3185 3657 3394 3712; x_wconf 75' lang='lat' dir='ltr'><strong>medias</strong></span> <span class='ocrx_word' id='word_1_593' title='bbox 3435 3675 3531 3712; x_wconf 83' lang='lat' dir='ltr'><strong>su-</strong></span> 
     </span>
    </p>
   </div>
   <div class='ocr_carea' id='block_1_84' title="bbox 1946 3742 3528 3816">
    <p class='ocr_par' dir='ltr' id='par_1_84' title="bbox 1946 3742 3528 3816">
     <span class='ocr_line' id='line_1_84' title="bbox 1946 3742 3528 3816; baseline 0.006 -22"><span class='ocrx_word' id='word_1_594' title='bbox 1946 3756 2040 3809; x_wconf 82' lang='lat' dir='ltr'><strong>pra</strong></span> <span class='ocrx_word' id='word_1_595' title='bbox 2074 3758 2355 3794; x_wconf 90' lang='lat' dir='ltr'><strong>numerum</strong></span> <span class='ocrx_word' id='word_1_596' title='bbox 2384 3742 2758 3806; x_wconf 82' lang='lat' dir='ltr'><strong>confecerunt,</strong></span> <span class='ocrx_word' id='word_1_597' title='bbox 2780 3753 2832 3797; x_wconf 87' lang='lat' dir='ltr'><strong>et</strong></span> <span class='ocrx_word' id='word_1_598' title='bbox 2865 3744 3132 3800; x_wconf 85' lang='lat' dir='ltr'><strong>adversus</strong></span> <span class='ocrx_word' id='word_1_599' title='bbox 3157 3748 3305 3801; x_wconf 80' lang='lat' dir='ltr'><strong>urbis</strong></span> <span class='ocrx_word' id='word_1_600' title='bbox 3340 3760 3528 3816; x_wconf 85' lang='lat' dir='ltr'><strong>portas</strong></span> 
     </span>
    </p>
   </div>
   <div class='ocr_carea' id='block_1_85' title="bbox 1949 3835 3530 3901">
    <p class='ocr_par' dir='ltr' id='par_1_85' title="bbox 1949 3835 3530 3901">
     <span class='ocr_line' id='line_1_85' title="bbox 1949 3835 3530 3901; baseline 0.007 -18"><span class='ocrx_word' id='word_1_601' title='bbox 1949 3845 2284 3885; x_wconf 86' lang='lat' dir='ltr'><strong>moustrosas</strong></span> <span class='ocrx_word' id='word_1_602' title='bbox 2317 3847 2652 3901; x_wconf 78' lang='lat' dir='ltr'><strong>magnasque</strong></span> <span class='ocrx_word' id='word_1_603' title='bbox 2695 3835 2972 3890; x_wconf 79' lang='lat' dir='ltr'><strong>machinas</strong></span> <span class='ocrx_word' id='word_1_604' title='bbox 3007 3839 3392 3901; x_wconf 86' lang='lat' dir='ltr'><strong>comlidcrunt,</strong></span> <span class='ocrx_word' id='word_1_605' title='bbox 3435 3857 3530 3893; x_wconf 70' lang='lat' dir='ltr'><strong>ra—</strong></span> 
     </span>
    </p>
   </div>
   <div class='ocr_carea' id='block_1_86' title="bbox 1948 3921 3531 4000">
    <p class='ocr_par' dir='ltr' id='par_1_86' title="bbox 1948 3921 3531 4000">
     <span class='ocr_line' id='line_1_86' title="bbox 1948 3921 3531 4000; baseline 0.008 -26"><span class='ocrx_word' id='word_1_606' title='bbox 1948 3922 2103 3974; x_wconf 84' lang='lat' dir='ltr'><strong>stella</strong></span> <span class='ocrx_word' id='word_1_607' title='bbox 2137 3921 2314 3990; x_wconf 74' lang='lat' dir='ltr'><strong>lignea</strong></span> <span class='ocrx_word' id='word_1_608' title='bbox 2351 3938 2510 3990; x_wconf 87' lang='lat' dir='ltr'><strong>quam</strong></span> <span class='ocrx_word' id='word_1_609' title='bbox 2543 3927 2775 3977; x_wconf 82' lang='lat' dir='ltr'><strong>maxima</strong></span> <span class='ocrx_word' id='word_1_610' title='bbox 2806 3929 2937 3979; x_wconf 83' lang='lat' dir='ltr'><strong>rotis</strong></span> <span class='ocrx_word' id='word_1_611' title='bbox 2967 3927 3110 3980; x_wconf 82' lang='lat' dir='ltr'><strong>ferro</strong></span> <span class='ocrx_word' id='word_1_612' title='bbox 3133 3929 3531 4000; x_wconf 75' lang='lat' dir='ltr'><strong>circumligatis</strong></span> 
     </span>
    </p>
   </div>
   <div class='ocr_carea' id='block_1_87' title="bbox 1947 4011 3520 4076">
    <p class='ocr_par' dir='ltr' id='par_1_87' title="bbox 1947 4011 3520 4076">
     <span class='ocr_line' id='line_1_87' title="bbox 1947 4011 3520 4076; baseline 0.008 -13"><span class='ocrx_word' id='word_1_613' title='bbox 1947 4011 2132 4064; x_wconf 79' lang='lat' dir='ltr'><strong>innixa</strong></span> <span class='ocrx_word' id='word_1_614' title='bbox 2167 4027 2183 4076; x_wconf 87' lang='lat'><strong>;</strong></span> <span class='ocrx_word' id='word_1_615' title='bbox 2221 4012 2374 4065; x_wconf 88' lang='lat' dir='ltr'><strong>itaut</strong></span> <span class='ocrx_word' id='word_1_616' title='bbox 2401 4015 2760 4068; x_wconf 85' lang='lat' dir='ltr'><strong>ea&#39;intuentes</strong></span> <span class='ocrx_word' id='word_1_617' title='bbox 2803 4025 2858 4070; x_wconf 89' lang='lat' dir='ltr'><strong>et</strong></span> <span class='ocrx_word' id='word_1_618' title='bbox 2897 4019 3108 4070; x_wconf 85' lang='lat' dir='ltr'><strong>urbium</strong></span> <span class='ocrx_word' id='word_1_619' title='bbox 3139 4020 3403 4076; x_wconf 85' lang='lat' dir='ltr'><strong>violentas</strong></span> <span class='ocrx_word' id='word_1_620' title='bbox 3433 4024 3520 4076; x_wconf 89' lang='lat' dir='ltr'><strong>in-</strong></span> 
     </span>
    </p>
   </div>
   <div class='ocr_carea' id='block_1_88' title="bbox 1947 4103 3521 4181">
    <p class='ocr_par' dir='ltr' id='par_1_88' title="bbox 1947 4103 3521 4181">
     <span class='ocr_line' id='line_1_88' title="bbox 1947 4103 3521 4181; baseline 0.008 -26"><span class='ocrx_word' id='word_1_621' title='bbox 1947 4103 2196 4158; x_wconf 67' lang='lat' dir='ltr'><strong>vasiones</strong></span> <span class='ocrx_word' id='word_1_622' title='bbox 2231 4104 2573 4172; x_wconf 78' lang='lat' dir='ltr'><strong>ignorantes,</strong></span> <span class='ocrx_word' id='word_1_623' title='bbox 2607 4106 2731 4161; x_wconf 88' lang='lat' dir='ltr'><strong>licet</strong></span> <span class='ocrx_word' id='word_1_624' title='bbox 2783 4123 2849 4161; x_wconf 78' lang='lat' dir='ltr'><strong>ex</strong></span> <span class='ocrx_word' id='word_1_625' title='bbox 2887 4109 2993 4161; x_wconf 88' lang='lat' dir='ltr'><strong>illis</strong></span> <span class='ocrx_word' id='word_1_626' title='bbox 3041 4110 3183 4163; x_wconf 88' lang='lat' dir='ltr'><strong>nulla</strong></span> <span class='ocrx_word' id='word_1_627' title='bbox 3216 4127 3521 4181; x_wconf 72' lang='lat' dir='ltr'><strong>conseque-</strong></span> 
     </span>
    </p>
   </div>
   <div class='ocr_carea' id='block_1_89' title="bbox 1948 4196 3521 4268">
    <p class='ocr_par' dir='ltr' id='par_1_89' title="bbox 1948 4196 3521 4268">
     <span class='ocr_line' id='line_1_89' title="bbox 1948 4196 3521 4268; baseline 0.006 -20"><span class='ocrx_word' id='word_1_628' title='bbox 1948 4207 2098 4250; x_wconf 91' lang='lat' dir='ltr'><strong>retur</strong></span> <span class='ocrx_word' id='word_1_629' title='bbox 2151 4196 2380 4260; x_wconf 80' lang='lat' dir='ltr'><strong>utilitas,</strong></span> <span class='ocrx_word' id='word_1_630' title='bbox 2410 4197 2462 4249; x_wconf 92' lang='lat' dir='ltr'><strong>in</strong></span> <span class='ocrx_word' id='word_1_631' title='bbox 2511 4206 2784 4265; x_wconf 89' lang='lat' dir='ltr'><strong>stuporem</strong></span> <span class='ocrx_word' id='word_1_632' title='bbox 2820 4200 2928 4253; x_wconf 85' lang='lat' dir='ltr'><strong>acti</strong></span> <span class='ocrx_word' id='word_1_633' title='bbox 2978 4215 3086 4268; x_wconf 73' lang='lat' dir='ltr'><strong>pra:</strong></span> <span class='ocrx_word' id='word_1_634' title='bbox 3117 4211 3259 4255; x_wconf 88' lang='lat' dir='ltr'><strong>metu</strong></span> <span class='ocrx_word' id='word_1_635' title='bbox 3304 4205 3521 4257; x_wconf 67' lang='lat' dir='ltr'><strong>oet-ide-</strong></span> 
     </span>
    </p>
   </div>
   <div class='ocr_carea' id='block_1_90' title="bbox 1945 4286 3523 4364">
    <p class='ocr_par' dir='ltr' id='par_1_90' title="bbox 1945 4286 3523 4364">
     <span class='ocr_line' id='line_1_90' title="bbox 1945 4286 3523 4364; baseline 0.005 -26"><span class='ocrx_word' id='word_1_636' title='bbox 1945 4297 2088 4340; x_wconf 76' lang='lat' dir='ltr'><strong>rent.</strong></span> <span class='ocrx_word' id='word_1_637' title='bbox 2125 4286 2228 4339; x_wconf 83' lang='lat' dir='ltr'><strong>Alii</strong></span> <span class='ocrx_word' id='word_1_638' title='bbox 2266 4297 2462 4340; x_wconf 86' lang='lat' dir='ltr'><strong>terram</strong></span> <span class='ocrx_word' id='word_1_639' title='bbox 2489 4297 2607 4354; x_wconf 84' lang='lat' dir='ltr'><strong>post</strong></span> <span class='ocrx_word' id='word_1_640' title='bbox 2635 4303 2880 4358; x_wconf 69' lang='lat' dir='ltr'><strong>aggerem</strong></span> <span class='ocrx_word' id='word_1_641' title='bbox 2913 4289 3055 4344; x_wconf 78' lang='grc' dir='ltr'>ευΠο</span> <span class='ocrx_word' id='word_1_642' title='bbox 3077 4291 3269 4358; x_wconf 83' lang='lat' dir='ltr'><strong>lientes</strong></span> <span class='ocrx_word' id='word_1_643' title='bbox 3309 4292 3362 4344; x_wconf 86' lang='lat' dir='ltr'><strong>in</strong></span> <span class='ocrx_word' id='word_1_644' title='bbox 3397 4308 3523 4364; x_wconf 81' lang='lat' dir='ltr'><strong>pro-</strong></span> 
     </span>
    </p>
   </div>
   <div class='ocr_carea' id='block_1_91' title="bbox 1945 4379 3516 4448">
    <p class='ocr_par' dir='ltr' id='par_1_91' title="bbox 1945 4379 3516 4448">
     <span class='ocr_line' id='line_1_91' title="bbox 1945 4379 3516 4448; baseline 0.008 -18"><span class='ocrx_word' id='word_1_645' title='bbox 1945 4379 2166 4433; x_wconf 84' lang='lat' dir='ltr'><strong>fundunt</strong></span> <span class='ocrx_word' id='word_1_646' title='bbox 2229 4381 2423 4448; x_wconf 76' lang='lat' dir='ltr'><strong>ingens</strong></span> <span class='ocrx_word' id='word_1_647' title='bbox 2484 4395 2603 4434; x_wconf 85' lang='lat' dir='ltr'><strong>sese</strong></span> <span class='ocrx_word' id='word_1_648' title='bbox 2635 4381 3038 4446; x_wconf 85' lang='lat' dir='ltr'><strong>immerserant,</strong></span> <span class='ocrx_word' id='word_1_649' title='bbox 3061 4393 3118 4438; x_wconf 87' lang='lat' dir='ltr'><strong>ut</strong></span> <span class='ocrx_word' id='word_1_650' title='bbox 3153 4385 3516 4442; x_wconf 85' lang='lat' dir='ltr'><strong>subterraneo</strong></span> 
     </span>
    </p>
   </div>
   <div class='ocr_carea' id='block_1_92' title="bbox 277 4469 1853 4542">
    <p class='ocr_par' dir='ltr' id='par_1_92' title="bbox 277 4470 1836 4542">
     <span class='ocr_line' id='line_1_92' title="bbox 277 4470 1836 4542; baseline 0.003 -21"><span class='ocrx_word' id='word_1_651' title='bbox 277 4473 476 4542; x_wconf 78' lang='grc' dir='ltr'>μεσέας</span> <span class='ocrx_word' id='word_1_652' title='bbox 530 4471 666 4540; x_wconf 74' lang='grc' dir='ltr'>ὑπὲρ</span> <span class='ocrx_word' id='word_1_653' title='bbox 711 4470 942 4538; x_wconf 78' lang='grc' dir='ltr'>ἀριθμὸν</span> <span class='ocrx_word' id='word_1_654' title='bbox 989 4470 1368 4537; x_wconf 75' lang='grc' dir='ltr'>διεπράξαντο,</span> <span class='ocrx_word' id='word_1_655' title='bbox 1404 4473 1498 4525; x_wconf 79' lang='grc' dir='ltr'><strong>καὶ</strong></span> <span class='ocrx_word' id='word_1_656' title='bbox 1549 4475 1836 4526; x_wconf 80' lang='grc' dir='ltr'>κατέναντι</span> 
     </span>
    </p>
   </div>
   <div class='ocr_carea' id='block_1_93' title="bbox 1957 4469 3514 4542">
    <p class='ocr_par' dir='ltr' id='par_1_93' title="bbox 1957 4470 3514 4538">
     <span class='ocr_line' id='line_1_93' title="bbox 1957 4470 3514 4538; baseline 0.009 -19"><span class='ocrx_word' id='word_1_657' title='bbox 1957 4486 2128 4537; x_wconf 59' lang='lat' dir='ltr'><strong>gressu</strong></span> <span class='ocrx_word' id='word_1_658' title='bbox 2164 4471 2299 4524; x_wconf 88' lang='lat' dir='ltr'><strong>infra</strong></span> <span class='ocrx_word' id='word_1_659' title='bbox 2331 4486 2577 4538; x_wconf 78' lang='lat' dir='ltr'><strong>aggerem</strong></span> <span class='ocrx_word' id='word_1_660' title='bbox 2613 4470 2773 4525; x_wconf 87' lang='lat' dir='ltr'><strong>invisi</strong></span> <span class='ocrx_word' id='word_1_661' title='bbox 2801 4482 2978 4535; x_wconf 88' lang='lat' dir='ltr'><strong>nocte,</strong></span> <span class='ocrx_word' id='word_1_662' title='bbox 3009 4473 3266 4531; x_wconf 81' lang='lat' dir='ltr'><strong>Romanis</strong></span> <span class='ocrx_word' id='word_1_663' title='bbox 3293 4495 3514 4534; x_wconf 88' lang='lat' dir='ltr'><strong>sursum</strong></span> 
     </span>
    </p>
   </div>
   <div class='ocr_carea' id='block_1_94' title="bbox 272 4560 1840 4637">
    <p class='ocr_par' dir='ltr' id='par_1_94' title="bbox 272 4560 1840 4637">
     <span class='ocr_line' id='line_1_94' title="bbox 272 4560 1840 4637; baseline 0.003 -26"><span class='ocrx_word' id='word_1_664' title='bbox 272 4564 381 4611; x_wconf 60' lang='grc' dir='ltr'>τιον</span> <span class='ocrx_word' id='word_1_665' title='bbox 433 4563 650 4629; x_wconf 63' lang='grc' dir='ltr'>πζρτων</span> <span class='ocrx_word' id='word_1_666' title='bbox 703 4561 798 4626; x_wconf 78' lang='grc' dir='ltr'><strong>τῆς</strong></span> <span class='ocrx_word' id='word_1_667' title='bbox 838 4560 1042 4637; x_wconf 66' lang='grc' dir='ltr'>πύλεως</span> <span class='ocrx_word' id='word_1_668' title='bbox 1074 4561 1335 4628; x_wconf 61' lang='grc' dir='ltr'>τεράστια</span> <span class='ocrx_word' id='word_1_669' title='bbox 1383 4563 1596 4629; x_wconf 84' lang='grc' dir='ltr'>μεγάλα</span> <span class='ocrx_word' id='word_1_670' title='bbox 1651 4564 1840 4632; x_wconf 85' lang='grc' dir='ltr'>εἰργά-</span> 
     </span>
    </p>
   </div>
   <div class='ocr_carea' id='block_1_95' title="bbox 274 4651 1836 4722">
    <p class='ocr_par' dir='ltr' id='par_1_95' title="bbox 274 4651 1836 4722">
     <span class='ocr_line' id='line_1_95' title="bbox 274 4651 1836 4722; baseline 0.001 -18"><span class='ocrx_word' id='word_1_671' title='bbox 274 4669 458 4714; x_wconf 85' lang='grc' dir='ltr'>σαντο,</span> <span class='ocrx_word' id='word_1_672' title='bbox 517 4653 727 4721; x_wconf 82' lang='grc' dir='ltr'>κάστρη</span> <span class='ocrx_word' id='word_1_673' title='bbox 777 4651 962 4718; x_wconf 79' lang='grc' dir='ltr'>ξύλινα</span> <span class='ocrx_word' id='word_1_674' title='bbox 1003 4652 1353 4720; x_wconf 77' lang='grc' dir='ltr'>ὑπερμεγέθη</span> <span class='ocrx_word' id='word_1_675' title='bbox 1403 4653 1732 4720; x_wconf 81' lang='grc' dir='ltr'>ἐποιήσαντο</span> <span class='ocrx_word' id='word_1_676' title='bbox 1767 4654 1836 4722; x_wconf 81' lang='grc' dir='ltr'>μὲ</span> 
     </span>
    </p>
   </div>
   <div class='ocr_carea' id='block_1_96' title="bbox 269 4741 1834 4811">
    <p class='ocr_par' dir='ltr' id='par_1_96' title="bbox 269 4741 1834 4811">
     <span class='ocr_line' id='line_1_96' title="bbox 269 4741 1834 4811; baseline 0.001 -17"><span class='ocrx_word' id='word_1_677' title='bbox 269 4744 499 4811; x_wconf 72' lang='grc' dir='ltr'>τροχοὺς</span> <span class='ocrx_word' id='word_1_678' title='bbox 524 4742 1138 4810; x_wconf 82' lang='grc' dir='ltr'>σιδηροδεσμουμένους,</span> <span class='ocrx_word' id='word_1_679' title='bbox 1178 4741 1317 4793; x_wconf 82' lang='grc' dir='ltr'>ὥστε</span> <span class='ocrx_word' id='word_1_680' title='bbox 1343 4743 1466 4804; x_wconf 79' lang='grc' dir='ltr'>τοὺς</span> <span class='ocrx_word' id='word_1_681' title='bbox 1493 4744 1834 4810; x_wconf 80' lang='grc' dir='ltr'>θεωροῦντας</span> 
     </span>
    </p>
   </div>
   <div class='ocr_carea' id='block_1_97' title="bbox 269 4832 1828 4903">
    <p class='ocr_par' dir='ltr' id='par_1_97' title="bbox 269 4832 1828 4903">
     <span class='ocr_line' id='line_1_97' title="bbox 269 4832 1828 4903; baseline 0.001 -18"><span class='ocrx_word' id='word_1_682' title='bbox 269 4835 453 4886; x_wconf 81' lang='grc' dir='ltr'>ἐκεῖνα</span> <span class='ocrx_word' id='word_1_683' title='bbox 487 4832 582 4884; x_wconf 72' lang='grc' dir='ltr'><strong>καὶ</strong></span> <span class='ocrx_word' id='word_1_684' title='bbox 608 4832 932 4899; x_wconf 76' lang='grc' dir='ltr'>ἀγνοοῦντας</span> <span class='ocrx_word' id='word_1_685' title='bbox 957 4832 1064 4884; x_wconf 86' lang='grc' dir='ltr'><strong>τῶν</strong></span> <span class='ocrx_word' id='word_1_686' title='bbox 1097 4835 1348 4901; x_wconf 84' lang='grc' dir='ltr'>κάστρων</span> <span class='ocrx_word' id='word_1_687' title='bbox 1376 4835 1499 4895; x_wconf 80' lang='grc' dir='ltr'>τοὺς</span> <span class='ocrx_word' id='word_1_688' title='bbox 1537 4835 1828 4903; x_wconf 81' lang='grc' dir='ltr'>πολέμους,</span> 
     </span>
    </p>
   </div>
   <div class='ocr_carea' id='block_1_98' title="bbox 269 4923 1828 4993">
    <p class='ocr_par' dir='ltr' id='par_1_98' title="bbox 269 4923 1828 4993">
     <span class='ocr_line' id='line_1_98' title="bbox 269 4923 1828 4993; baseline -0.004 -12"><span class='ocrx_word' id='word_1_689' title='bbox 269 4927 365 4978; x_wconf 75' lang='grc' dir='ltr'>καὶ</span> <span class='ocrx_word' id='word_1_690' title='bbox 392 4927 450 4976; x_wconf 69' lang='grc' dir='ltr'>τὸ</span> <span class='ocrx_word' id='word_1_691' title='bbox 477 4923 880 4993; x_wconf 74' lang='grc' dir='ltr'>ἀχρησίμευτον</span> <span class='ocrx_word' id='word_1_692' title='bbox 911 4924 1018 4991; x_wconf 78' lang='grc' dir='ltr'>γὰρ</span> <span class='ocrx_word' id='word_1_693' title='bbox 1046 4925 1269 4976; x_wconf 80' lang='grc' dir='ltr'>ἐκείνων</span> <span class='ocrx_word' id='word_1_694' title='bbox 1300 4923 1395 4975; x_wconf 76' lang='grc' dir='ltr'>καὶ</span> <span class='ocrx_word' id='word_1_695' title='bbox 1423 4924 1540 4978; x_wconf 89' lang='grc' dir='ltr'>λίαν</span> <span class='ocrx_word' id='word_1_696' title='bbox 1567 4925 1828 4993; x_wconf 75' lang='grc' dir='ltr'>ἐξέπληξε</span> 
     </span>
    </p>
   </div>
   <div class='ocr_carea' id='block_1_99' title="bbox 269 5015 1832 5086">
    <p class='ocr_par' dir='ltr' id='par_1_99' title="bbox 269 5015 1832 5086">
     <span class='ocr_line' id='line_1_99' title="bbox 269 5015 1832 5086; baseline -0.002 -16"><span class='ocrx_word' id='word_1_697' title='bbox 269 5018 364 5070; x_wconf 73' lang='grc' dir='ltr'>καὶ</span> <span class='ocrx_word' id='word_1_698' title='bbox 397 5018 541 5086; x_wconf 75' lang='grc' dir='ltr'>μέγα</span> <span class='ocrx_word' id='word_1_699' title='bbox 567 5017 813 5086; x_wconf 77' lang='grc' dir='ltr'>ὲθρόησε.</span> <span class='ocrx_word' id='word_1_700' title='bbox 833 5015 994 5068; x_wconf 77' lang='grc' dir='ltr'>Ἀλλὰ</span> <span class='ocrx_word' id='word_1_701' title='bbox 1020 5019 1111 5068; x_wconf 79' lang='grc' dir='ltr'><strong>καὶ</strong></span> <span class='ocrx_word' id='word_1_702' title='bbox 1139 5018 1238 5082; x_wconf 73' lang='grc' dir='ltr'>τὴν</span> <span class='ocrx_word' id='word_1_703' title='bbox 1260 5017 1361 5084; x_wconf 71' lang='grc' dir='ltr'><strong>γῆν</strong></span> <span class='ocrx_word' id='word_1_704' title='bbox 1387 5017 1536 5068; x_wconf 79' lang='grc' dir='ltr'>ἄλλοι</span> <span class='ocrx_word' id='word_1_705' title='bbox 1559 5018 1832 5070; x_wconf 74' lang='grc' dir='ltr'>ἔσκαπτον</span> 
     </span>
    </p>
   </div>
   <div class='ocr_carea' id='block_1_100' title="bbox 268 5106 1831 5176">
    <p class='ocr_par' dir='ltr' id='par_1_100' title="bbox 268 5106 1831 5176">
     <span class='ocr_line' id='line_1_100' title="bbox 268 5106 1831 5176; baseline -0.001 -16"><span class='ocrx_word' id='word_1_706' title='bbox 268 5111 329 5160; x_wconf 86' lang='grc' dir='ltr'><strong>ἐκ</strong></span> <span class='ocrx_word' id='word_1_707' title='bbox 361 5111 457 5176; x_wconf 78' lang='grc' dir='ltr'>τῆς</span> <span class='ocrx_word' id='word_1_708' title='bbox 488 5108 721 5170; x_wconf 84' lang='grc' dir='ltr'>παστίας</span> <span class='ocrx_word' id='word_1_709' title='bbox 756 5106 1001 5172; x_wconf 79' lang='grc' dir='ltr'>ὄπισθεν,</span> <span class='ocrx_word' id='word_1_710' title='bbox 1039 5109 1131 5157; x_wconf 73' lang='grc' dir='ltr'><strong>καὶ</strong></span> <span class='ocrx_word' id='word_1_711' title='bbox 1163 5109 1241 5168; x_wconf 88' lang='grc' dir='ltr'><strong>είς</strong></span> <span class='ocrx_word' id='word_1_712' title='bbox 1273 5107 1438 5175; x_wconf 82' lang='grc' dir='ltr'>βάθος</span> <span class='ocrx_word' id='word_1_713' title='bbox 1475 5107 1609 5160; x_wconf 79' lang='grc' dir='ltr'>πολὺ</span> <span class='ocrx_word' id='word_1_714' title='bbox 1643 5107 1831 5160; x_wconf 78' lang='grc' dir='ltr'>ἐκατέ-</span> 
     </span>
    </p>
   </div>
   <div class='ocr_carea' id='block_1_101' title="bbox 270 5197 1830 5268">
    <p class='ocr_par' dir='ltr' id='par_1_101' title="bbox 270 5197 1830 5268">
     <span class='ocr_line' id='line_1_101' title="bbox 270 5197 1830 5268; baseline 0.001 -19"><span class='ocrx_word' id='word_1_715' title='bbox 270 5201 466 5268; x_wconf 69' lang='grc' dir='ltr'>ϐησαν,</span> <span class='ocrx_word' id='word_1_716' title='bbox 496 5200 566 5260; x_wconf 83' lang='grc' dir='ltr'>ὡς</span> <span class='ocrx_word' id='word_1_717' title='bbox 596 5199 680 5248; x_wconf 77' lang='grc' dir='ltr'><strong>ἵνα</strong></span> <span class='ocrx_word' id='word_1_718' title='bbox 717 5198 961 5254; x_wconf 82' lang='grc' dir='ltr'>κάτωθεν</span> <span class='ocrx_word' id='word_1_719' title='bbox 992 5199 1098 5249; x_wconf 68' lang='grc' dir='ltr'><strong>ἀπὸ</strong></span> <span class='ocrx_word' id='word_1_720' title='bbox 1125 5199 1222 5268; x_wconf 72' lang='grc' dir='ltr'>τὴν</span> <span class='ocrx_word' id='word_1_721' title='bbox 1253 5200 1403 5250; x_wconf 82' lang='grc' dir='ltr'>κάτω</span> <span class='ocrx_word' id='word_1_722' title='bbox 1435 5197 1559 5266; x_wconf 67' lang='grc' dir='ltr'>ὄψιν</span> <span class='ocrx_word' id='word_1_723' title='bbox 1580 5197 1676 5267; x_wconf 74' lang='grc' dir='ltr'>τῆς</span> <span class='ocrx_word' id='word_1_724' title='bbox 1709 5197 1830 5250; x_wconf 81' lang='grc' dir='ltr'>σού·</span> 
     </span>
    </p>
   </div>
   <div class='ocr_carea' id='block_1_102' title="bbox 264 5275 1831 5360">
    <p class='ocr_par' dir='ltr' id='par_1_102' title="bbox 264 5290 1831 5360">
     <span class='ocr_line' id='line_1_102' title="bbox 264 5290 1831 5360; baseline -0.001 -17"><span class='ocrx_word' id='word_1_725' title='bbox 264 5292 360 5352; x_wconf 84' lang='grc' dir='ltr'><strong>δας</strong></span> <span class='ocrx_word' id='word_1_726' title='bbox 394 5291 705 5360; x_wconf 72' lang='grc' dir='ltr'>-περάσωσιν</span> <span class='ocrx_word' id='word_1_727' title='bbox 729 5291 1036 5359; x_wconf 78' lang='grc' dir='ltr'>ἀθεώρητοι</span> <span class='ocrx_word' id='word_1_728' title='bbox 1061 5290 1156 5357; x_wconf 78' lang='grc' dir='ltr'>τὴν</span> <span class='ocrx_word' id='word_1_729' title='bbox 1189 5291 1357 5342; x_wconf 80' lang='grc' dir='ltr'>νύκτα</span> <span class='ocrx_word' id='word_1_730' title='bbox 1386 5291 1496 5343; x_wconf 80' lang='grc' dir='ltr'>ἄνω</span> <span class='ocrx_word' id='word_1_731' title='bbox 1523 5291 1831 5358; x_wconf 77' lang='grc' dir='ltr'>ἱσταμένων</span> 
     </span>
    </p>
   </div>
   <div class='ocr_carea' id='block_1_103' title="bbox 279 5382 1830 5450">
    <p class='ocr_par' dir='ltr' id='par_1_103' title="bbox 279 5382 1830 5450">
     <span class='ocr_line' id='line_1_103' title="bbox 279 5382 1830 5450; baseline 0 -16"><span class='ocrx_word' id='word_1_732' title='bbox 279 5383 565 5448; x_wconf 66' lang='grc' dir='ltr'>Ῥωμαίων</span> <span class='ocrx_word' id='word_1_733' title='bbox 619 5384 712 5434; x_wconf 72' lang='grc' dir='ltr'><strong>καὶ</strong></span> <span class='ocrx_word' id='word_1_734' title='bbox 753 5383 1101 5450; x_wconf 83' lang='grc' dir='ltr'>μαχομένων,</span> <span class='ocrx_word' id='word_1_735' title='bbox 1139 5384 1230 5435; x_wconf 68' lang='grc' dir='ltr'><strong>καὶ</strong></span> <span class='ocrx_word' id='word_1_736' title='bbox 1289 5382 1570 5449; x_wconf 77' lang='grc' dir='ltr'>φθάσωσιν</span> <span class='ocrx_word' id='word_1_737' title='bbox 1628 5384 1708 5442; x_wconf 84' lang='grc' dir='ltr'><strong>είς</strong></span> <span class='ocrx_word' id='word_1_738' title='bbox 1761 5383 1830 5434; x_wconf 71' lang='grc' dir='ltr'><strong>τά</strong></span> 
     </span>
    </p>
   </div>
   <div class='ocr_carea' id='block_1_104' title="bbox 267 5472 1827 5543">
    <p class='ocr_par' dir='ltr' id='par_1_104' title="bbox 267 5472 1827 5543">
     <span class='ocr_line' id='line_1_104' title="bbox 267 5472 1827 5543; baseline 0 -17"><span class='ocrx_word' id='word_1_739' title='bbox 267 5474 420 5543; x_wconf 83' lang='grc' dir='ltr'>τείχη</span> <span class='ocrx_word' id='word_1_740' title='bbox 452 5476 544 5528; x_wconf 77' lang='grc' dir='ltr'>τοῦ</span> <span class='ocrx_word' id='word_1_741' title='bbox 579 5474 868 5527; x_wconf 78' lang='grc' dir='ltr'>καθολικοῦ</span> <span class='ocrx_word' id='word_1_742' title='bbox 901 5475 994 5526; x_wconf 75' lang='grc' dir='ltr'><strong>καὶ</strong></span> <span class='ocrx_word' id='word_1_743' title='bbox 1031 5475 1292 5542; x_wconf 81' lang='grc' dir='ltr'>μεγίστου</span> <span class='ocrx_word' id='word_1_744' title='bbox 1330 5475 1567 5542; x_wconf 80' lang='grc' dir='ltr'>κάστρου</span> <span class='ocrx_word' id='word_1_745' title='bbox 1599 5472 1700 5542; x_wconf 73' lang='grc' dir='ltr'>τῆς</span> <span class='ocrx_word' id='word_1_746' title='bbox 1731 5473 1827 5526; x_wconf 74' lang='grc' dir='ltr'><strong>πό-</strong></span> 
     </span>
    </p>
   </div>
   <div class='ocr_carea' id='block_1_105' title="bbox 265 5563 1827 5634">
    <p class='ocr_par' dir='ltr' id='par_1_105' title="bbox 265 5563 1827 5634">
     <span class='ocr_line' id='line_1_105' title="bbox 265 5563 1827 5634; baseline 0.001 -17"><span class='ocrx_word' id='word_1_747' title='bbox 265 5566 424 5631; x_wconf 90' lang='grc' dir='ltr'>λεως,</span> <span class='ocrx_word' id='word_1_748' title='bbox 447 5569 538 5620; x_wconf 76' lang='grc' dir='ltr'><strong>καὶ</strong></span> <span class='ocrx_word' id='word_1_749' title='bbox 565 5568 771 5634; x_wconf 72' lang='grc' dir='ltr'>κόψωσι</span> <span class='ocrx_word' id='word_1_750' title='bbox 800 5565 958 5617; x_wconf 79' lang='grc' dir='ltr'>τοῦτο</span> <span class='ocrx_word' id='word_1_751' title='bbox 985 5563 1258 5634; x_wconf 75' lang='grc' dir='ltr'>λαθραίως</span> <span class='ocrx_word' id='word_1_752' title='bbox 1277 5567 1516 5631; x_wconf 79' lang='grc' dir='ltr'>πάντων,</span> <span class='ocrx_word' id='word_1_753' title='bbox 1541 5566 1637 5619; x_wconf 72' lang='grc' dir='ltr'><strong>καὶ</strong></span> <span class='ocrx_word' id='word_1_754' title='bbox 1669 5584 1827 5618; x_wconf 70' lang='grc' dir='ltr'>πουνο</span> 
     </span>
    </p>
   </div>
   <div class='ocr_carea' id='block_1_106' title="bbox 1944 4557 3518 4640">
    <p class='ocr_par' dir='ltr' id='par_1_106' title="bbox 1944 4557 3518 4640">
     <span class='ocr_line' id='line_1_106' title="bbox 1944 4557 3518 4640; baseline 0.006 -26"><span class='ocrx_word' id='word_1_755' title='bbox 1944 4561 2383 4630; x_wconf 78' lang='lat' dir='ltr'><strong>conlligeutibus,</strong></span> <span class='ocrx_word' id='word_1_756' title='bbox 2417 4557 2706 4616; x_wconf 79' lang='lat' dir='ltr'><strong>admuros</strong></span> <span class='ocrx_word' id='word_1_757' title='bbox 2745 4564 2977 4632; x_wconf 78' lang='lat' dir='ltr'><strong>ingentis</strong></span> <span class='ocrx_word' id='word_1_758' title='bbox 3005 4568 3172 4622; x_wconf 85' lang='lat' dir='ltr'><strong>castri</strong></span> <span class='ocrx_word' id='word_1_759' title='bbox 3214 4571 3364 4623; x_wconf 81' lang='lat' dir='ltr'><strong>urbis</strong></span> <span class='ocrx_word' id='word_1_760' title='bbox 3396 4589 3518 4640; x_wconf 79' lang='lat' dir='ltr'><strong>per-</strong></span> 
     </span>
    </p>
   </div>
   <div class='ocr_carea' id='block_1_107' title="bbox 1945 4653 3512 4728">
    <p class='ocr_par' dir='ltr' id='par_1_107' title="bbox 1945 4653 3512 4728">
     <span class='ocr_line' id='line_1_107' title="bbox 1945 4653 3512 4728; baseline 0.006 -22"><span class='ocrx_word' id='word_1_761' title='bbox 1945 4655 2214 4714; x_wconf 74' lang='lat' dir='ltr'><strong>venirent,</strong></span> <span class='ocrx_word' id='word_1_762' title='bbox 2253 4653 2495 4721; x_wconf 84' lang='lat' dir='ltr'><strong>illudque</strong></span> <span class='ocrx_word' id='word_1_763' title='bbox 2521 4653 2832 4707; x_wconf 82' lang='lat' dir='ltr'><strong>clanculum</strong></span> <span class='ocrx_word' id='word_1_764' title='bbox 2864 4655 3164 4712; x_wconf 77' lang='lat' dir='ltr'><strong>eﬂ&#39;odereut</strong></span> <span class='ocrx_word' id='word_1_765' title='bbox 3187 4670 3236 4709; x_wconf 83' lang='lat' dir='ltr'><strong>ct</strong></span> <span class='ocrx_word' id='word_1_766' title='bbox 3267 4675 3364 4728; x_wconf 89' lang='lat' dir='ltr'><strong>pro</strong></span> <span class='ocrx_word' id='word_1_767' title='bbox 3395 4679 3512 4714; x_wconf 81' lang='lat' dir='ltr'><strong>mo-</strong></span> 
     </span>
    </p>
   </div>
   <div class='ocr_carea' id='block_1_108' title="bbox 1940 4744 3514 4812">
    <p class='ocr_par' dir='ltr' id='par_1_108' title="bbox 1940 4744 3514 4812">
     <span class='ocr_line' id='line_1_108' title="bbox 1940 4744 3514 4812; baseline 0.008 -16"><span class='ocrx_word' id='word_1_768' title='bbox 1940 4759 1999 4797; x_wconf 89' lang='lat' dir='ltr'><strong>re</strong></span> <span class='ocrx_word' id='word_1_769' title='bbox 2036 4744 2403 4796; x_wconf 76' lang='lat' dir='ltr'><strong>obsidentium</strong></span> <span class='ocrx_word' id='word_1_770' title='bbox 2438 4744 2714 4812; x_wconf 73' lang='lat' dir='ltr'><strong>sripitibus</strong></span> <span class='ocrx_word' id='word_1_771' title='bbox 2762 4746 3126 4810; x_wconf 67' lang='lat' dir='ltr'><strong>sumtu-irent,</strong></span> <span class='ocrx_word' id='word_1_772' title='bbox 3156 4757 3266 4802; x_wconf 90' lang='lat' dir='ltr'><strong>tum</strong></span> <span class='ocrx_word' id='word_1_773' title='bbox 3303 4750 3514 4808; x_wconf 84' lang='lat' dir='ltr'><strong>facibus</strong></span> 
     </span>
    </p>
   </div>
   <div class='ocr_carea' id='block_1_109' title="bbox 1938 4835 3508 4906">
    <p class='ocr_par' dir='ltr' id='par_1_109' title="bbox 1938 4835 3508 4906">
     <span class='ocr_line' id='line_1_109' title="bbox 1938 4835 3508 4906; baseline 0.006 -18"><span class='ocrx_word' id='word_1_774' title='bbox 1938 4835 2103 4889; x_wconf 84' lang='lat' dir='ltr'><strong>illatis</strong></span> <span class='ocrx_word' id='word_1_775' title='bbox 2161 4835 2539 4898; x_wconf 86' lang='lat' dir='ltr'><strong>incenderent,</strong></span> <span class='ocrx_word' id='word_1_776' title='bbox 2600 4845 2657 4888; x_wconf 92' lang='lat' dir='ltr'><strong>ut</strong></span> <span class='ocrx_word' id='word_1_777' title='bbox 2709 4845 2970 4905; x_wconf 85' lang='lat' dir='ltr'><strong>apparatu</strong></span> <span class='ocrx_word' id='word_1_778' title='bbox 3034 4838 3212 4906; x_wconf 75' lang='lat' dir='ltr'><strong>ligneo</strong></span> <span class='ocrx_word' id='word_1_779' title='bbox 3265 4851 3508 4898; x_wconf 50' lang='lat' dir='ltr'><strong>caurum</strong></span> 
     </span>
    </p>
   </div>
   <div class='ocr_carea' id='block_1_110' title="bbox 1931 4926 3512 4987">
    <p class='ocr_par' dir='ltr' id='par_1_110' title="bbox 1931 4926 3512 4987">
     <span class='ocr_line' id='line_1_110' title="bbox 1931 4926 3512 4987; baseline 0.003 -5"><span class='ocrx_word' id='word_1_780' title='bbox 1931 4931 2235 4982; x_wconf 75' lang='lat' dir='ltr'><strong>sustinente</strong></span> <span class='ocrx_word' id='word_1_781' title='bbox 2283 4928 2567 4979; x_wconf 87' lang='lat' dir='ltr'><strong>combusto</strong></span> <span class='ocrx_word' id='word_1_782' title='bbox 2608 4926 2789 4979; x_wconf 80' lang='lat' dir='ltr'><strong>subito</strong></span> <span class='ocrx_word' id='word_1_783' title='bbox 2823 4927 3060 4980; x_wconf 81' lang='lat' dir='ltr'><strong>civitatis</strong></span> <span class='ocrx_word' id='word_1_784' title='bbox 3116 4930 3255 4982; x_wconf 90' lang='lat' dir='ltr'><strong>muri</strong></span> <span class='ocrx_word' id='word_1_785' title='bbox 3289 4947 3512 4987; x_wconf 81' lang='lat' dir='ltr'><strong>corrue-</strong></span> 
     </span>
    </p>
   </div>
   <div class='ocr_carea' id='block_1_111' title="bbox 1929 5016 3563 5085">
    <p class='ocr_par' dir='ltr' id='par_1_111' title="bbox 1929 5016 3563 5085">
     <span class='ocr_line' id='line_1_111' title="bbox 1929 5016 3563 5085; baseline 0.001 -13"><span class='ocrx_word' id='word_1_786' title='bbox 1929 5028 2070 5078; x_wconf 90' lang='lat' dir='ltr'><strong>rent,</strong></span> <span class='ocrx_word' id='word_1_787' title='bbox 2100 5017 2290 5085; x_wconf 87' lang='lat' dir='ltr'><strong>sicque</strong></span> <span class='ocrx_word' id='word_1_788' title='bbox 2322 5017 2468 5070; x_wconf 89' lang='lat' dir='ltr'><strong>illico</strong></span> <span class='ocrx_word' id='word_1_789' title='bbox 2496 5016 2860 5085; x_wconf 87' lang='lat' dir='ltr'><strong>audacterque</strong></span> <span class='ocrx_word' id='word_1_790' title='bbox 2886 5017 3184 5071; x_wconf 83' lang='lat' dir='ltr'><strong>ancarum</strong></span> <span class='ocrx_word' id='word_1_791' title='bbox 3238 5025 3513 5078; x_wconf 74' lang='lat' dir='ltr'><strong>exercitus</strong></span> <span class='ocrx_word' id='word_1_792' title='bbox 3552 5051 3563 5074; x_wconf 86' lang='lat'><strong>.-</strong></span> 
     </span>
    </p>
   </div>
   <div class='ocr_carea' id='block_1_112' title="bbox 1931 5105 3566 5179">
    <p class='ocr_par' dir='ltr' id='par_1_112' title="bbox 1931 5105 3566 5179">
     <span class='ocr_line' id='line_1_112' title="bbox 1931 5105 3566 5179; baseline 0.004 -20"><span class='ocrx_word' id='word_1_793' title='bbox 1931 5106 1986 5164; x_wconf 93' lang='lat' dir='ltr'><strong>in</strong></span> <span class='ocrx_word' id='word_1_794' title='bbox 2030 5109 2246 5163; x_wconf 59' lang='lat' dir='ltr'><strong>Graecos</strong></span> <span class='ocrx_word' id='word_1_795' title='bbox 2301 5108 2590 5170; x_wconf 78' lang='lat' dir='ltr'><strong>irrillereut,</strong></span> <span class='ocrx_word' id='word_1_796' title='bbox 2635 5117 2688 5160; x_wconf 91' lang='lat' dir='ltr'><strong>et</strong></span> <span class='ocrx_word' id='word_1_797' title='bbox 2727 5122 2792 5160; x_wconf 81' lang='lat' dir='ltr'><strong>ex</strong></span> <span class='ocrx_word' id='word_1_798' title='bbox 2835 5106 2990 5161; x_wconf 85' lang='lat' dir='ltr'><strong>ruina</strong></span> <span class='ocrx_word' id='word_1_799' title='bbox 3037 5109 3127 5162; x_wconf 89' lang='lat' dir='ltr'><strong>illa</strong></span> <span class='ocrx_word' id='word_1_800' title='bbox 3179 5109 3374 5179; x_wconf 79' lang='lat' dir='ltr'><strong>fugatis</strong></span> <span class='ocrx_word' id='word_1_801' title='bbox 3406 5113 3508 5165; x_wconf 81' lang='lat' dir='ltr'><strong>bo-</strong></span> <span class='ocrx_word' id='word_1_802' title='bbox 3562 5105 3566 5109; x_wconf 74' lang='grc'><em>’</em></span> 
     </span>
    </p>
   </div>
   <div class='ocr_carea' id='block_1_113' title="bbox 1932 5198 3511 5271">
    <p class='ocr_par' dir='ltr' id='par_1_113' title="bbox 1932 5198 3511 5271">
     <span class='ocr_line' id='line_1_113' title="bbox 1932 5198 3511 5271; baseline -0.001 -14"><span class='ocrx_word' id='word_1_803' title='bbox 1932 5203 2106 5257; x_wconf 89' lang='lat' dir='ltr'><strong>stibus</strong></span> <span class='ocrx_word' id='word_1_804' title='bbox 2137 5201 2268 5255; x_wconf 88' lang='lat' dir='ltr'><strong>urbe</strong></span> <span class='ocrx_word' id='word_1_805' title='bbox 2302 5200 2627 5266; x_wconf 90' lang='lat' dir='ltr'><strong>potirentur.</strong></span> <span class='ocrx_word' id='word_1_806' title='bbox 2667 5198 2769 5251; x_wconf 82' lang='lat' dir='ltr'><strong>Alii</strong></span> <span class='ocrx_word' id='word_1_807' title='bbox 2807 5199 3127 5260; x_wconf 82' lang='lat' dir='ltr'><strong>conductus,</strong></span> <span class='ocrx_word' id='word_1_808' title='bbox 3157 5203 3248 5271; x_wconf 81' lang='lat' dir='ltr'><strong>qui</strong></span> <span class='ocrx_word' id='word_1_809' title='bbox 3279 5207 3511 5271; x_wconf 79' lang='lat' dir='ltr'><strong>antiquo</strong></span> 
     </span>
    </p>
   </div>
   <div class='ocr_carea' id='block_1_114' title="bbox 1933 5289 3506 5362">
    <p class='ocr_par' dir='ltr' id='par_1_114' title="bbox 1933 5289 3506 5362">
     <span class='ocr_line' id='line_1_114' title="bbox 1933 5289 3506 5362; baseline 0 -12"><span class='ocrx_word' id='word_1_810' title='bbox 1933 5309 2049 5350; x_wconf 66' lang='lat' dir='ltr'><strong>aevo</strong></span> <span class='ocrx_word' id='word_1_811' title='bbox 2083 5295 2138 5347; x_wconf 88' lang='lat' dir='ltr'><strong>in</strong></span> <span class='ocrx_word' id='word_1_812' title='bbox 2164 5290 2402 5346; x_wconf 85' lang='lat' dir='ltr'><strong>civitatis</strong></span> <span class='ocrx_word' id='word_1_813' title='bbox 2443 5289 2706 5344; x_wconf 86' lang='lat' dir='ltr'><strong>cisternas</strong></span> <span class='ocrx_word' id='word_1_814' title='bbox 2735 5305 2930 5362; x_wconf 89' lang='lat' dir='ltr'><strong>aquam</strong></span> <span class='ocrx_word' id='word_1_815' title='bbox 2961 5291 3302 5356; x_wconf 75' lang='lat' dir='ltr'><strong>deferebant,</strong></span> <span class='ocrx_word' id='word_1_816' title='bbox 3331 5296 3506 5350; x_wconf 85' lang='lat' dir='ltr'><strong>seduli</strong></span> 
     </span>
    </p>
   </div>
   <div class='ocr_carea' id='block_1_115' title="bbox 1935 5382 3507 5451">
    <p class='ocr_par' dir='ltr' id='par_1_115' title="bbox 1935 5382 3507 5451">
     <span class='ocr_line' id='line_1_115' title="bbox 1935 5382 3507 5451; baseline 0.001 -15"><span class='ocrx_word' id='word_1_817' title='bbox 1935 5382 2350 5449; x_wconf 83' lang='lat' dir='ltr'><strong>conquirebant,</strong></span> <span class='ocrx_word' id='word_1_818' title='bbox 2375 5391 2433 5433; x_wconf 91' lang='lat' dir='ltr'><strong>ut</strong></span> <span class='ocrx_word' id='word_1_819' title='bbox 2462 5396 2557 5451; x_wconf 85' lang='lat' dir='ltr'><strong>per</strong></span> <span class='ocrx_word' id='word_1_820' title='bbox 2595 5396 2692 5436; x_wconf 90' lang='lat' dir='ltr'><strong>eos</strong></span> <span class='ocrx_word' id='word_1_821' title='bbox 2723 5383 2766 5435; x_wconf 93' lang='lat' dir='ltr'><strong>si</strong></span> <span class='ocrx_word' id='word_1_822' title='bbox 2799 5399 2919 5438; x_wconf 85' lang='lat' dir='ltr'><strong>sors</strong></span> <span class='ocrx_word' id='word_1_823' title='bbox 2957 5398 3016 5438; x_wconf 88' lang='lat' dir='ltr'><strong>se</strong></span> <span class='ocrx_word' id='word_1_824' title='bbox 3046 5384 3332 5439; x_wconf 90' lang='lat' dir='ltr'><strong>obtulisset</strong></span> <span class='ocrx_word' id='word_1_825' title='bbox 3362 5385 3507 5438; x_wconf 84' lang='lat' dir='ltr'><strong>clam</strong></span> 
     </span>
    </p>
   </div>
   <div class='ocr_carea' id='block_1_116' title="bbox 1937 5473 3507 5544">
    <p class='ocr_par' dir='ltr' id='par_1_116' title="bbox 1937 5473 3507 5544">
     <span class='ocr_line' id='line_1_116' title="bbox 1937 5473 3507 5544; baseline 0.001 -17"><span class='ocrx_word' id='word_1_826' title='bbox 1937 5483 2100 5527; x_wconf 91' lang='lat' dir='ltr'><strong>noctu</strong></span> <span class='ocrx_word' id='word_1_827' title='bbox 2130 5475 2319 5526; x_wconf 90' lang='lat' dir='ltr'><strong>urbem</strong></span> <span class='ocrx_word' id='word_1_828' title='bbox 2372 5473 2625 5542; x_wconf 74' lang='lat' dir='ltr'><strong>ingressi,</strong></span> <span class='ocrx_word' id='word_1_829' title='bbox 2658 5475 3014 5544; x_wconf 78' lang='lat' dir='ltr'><strong>inexspectati</strong></span> <span class='ocrx_word' id='word_1_830' title='bbox 3047 5477 3192 5531; x_wconf 90' lang='lat' dir='ltr'><strong>cives</strong></span> <span class='ocrx_word' id='word_1_831' title='bbox 3222 5476 3507 5530; x_wconf 74' lang='lat' dir='ltr'><strong>adoriren~</strong></span> 
     </span>
    </p>
   </div>
   <div class='ocr_carea' id='block_1_117' title="bbox 1937 5565 2862 5634">
    <p class='ocr_par' dir='ltr' id='par_1_117' title="bbox 1937 5565 2862 5634">
     <span class='ocr_line' id='line_1_117' title="bbox 1937 5565 2862 5634; baseline -0.001 -15"><span class='ocrx_word' id='word_1_832' title='bbox 1937 5575 2025 5619; x_wconf 88' lang='lat' dir='ltr'><strong>tur</strong></span> <span class='ocrx_word' id='word_1_833' title='bbox 2084 5573 2137 5619; x_wconf 93' lang='lat' dir='ltr'><strong>et</strong></span> <span class='ocrx_word' id='word_1_834' title='bbox 2184 5565 2443 5617; x_wconf 79' lang='lat' dir='ltr'><strong>servitute</strong></span> <span class='ocrx_word' id='word_1_835' title='bbox 2473 5565 2862 5634; x_wconf 87' lang='lat' dir='ltr'><strong>opprimerent.</strong></span> 
     </span>
    </p>
   </div>
   <div class='ocr_carea' id='block_1_118' title="bbox 266 5651 3529 5727">
    <p class='ocr_par' dir='ltr' id='par_1_118' title="bbox 266 5651 3529 5727">
     <span class='ocr_line' id='line_1_118' title="bbox 266 5651 3529 5727; baseline -0.001 -20"><span class='ocrx_word' id='word_1_836' title='bbox 266 5657 616 5711; x_wconf 79' lang='grc' dir='ltr'>τελειὰσωσιν</span> <span class='ocrx_word' id='word_1_837' title='bbox 668 5659 806 5712; x_wconf 81' lang='grc' dir='ltr'>κατὰ</span> <span class='ocrx_word' id='word_1_838' title='bbox 853 5659 914 5712; x_wconf 78' lang='grc' dir='ltr'>τὸ</span> <span class='ocrx_word' id='word_1_839' title='bbox 956 5659 1072 5721; x_wconf 74' lang='grc' dir='ltr'>ἔθος</span> <span class='ocrx_word' id='word_1_840' title='bbox 1107 5659 1215 5710; x_wconf 81' lang='grc' dir='ltr'>τῶν</span> <span class='ocrx_word' id='word_1_841' title='bbox 1252 5657 1653 5727; x_wconf 85' lang='grc' dir='ltr'>πολεμούντων,</span> <span class='ocrx_word' id='word_1_842' title='bbox 1701 5655 1820 5710; x_wconf 83' lang='grc' dir='ltr'>εἶτα</span> <span class='ocrx_word' id='word_1_843' title='bbox 1856 5657 1965 5726; x_wconf 84' lang='grc' dir='ltr'><strong>πῦρ</strong></span> <span class='ocrx_word' id='word_1_844' title='bbox 1991 5658 2073 5719; x_wconf 76' lang='grc' dir='ltr'><strong>τίς</strong></span> <span class='ocrx_word' id='word_1_845' title='bbox 2103 5657 2170 5709; x_wconf 75' lang='grc' dir='ltr'>τὰ</span> <span class='ocrx_word' id='word_1_846' title='bbox 2205 5655 2336 5720; x_wconf 83' lang='grc' dir='ltr'>ξύλα</span> <span class='ocrx_word' id='word_1_847' title='bbox 2381 5651 2490 5707; x_wconf 86' lang='grc' dir='ltr'><strong>τῶν</strong></span> <span class='ocrx_word' id='word_1_848' title='bbox 2526 5658 2887 5709; x_wconf 69' lang='grc' dir='ltr'>πουντελείων</span> <span class='ocrx_word' id='word_1_849' title='bbox 2968 5656 3285 5724; x_wconf 60' lang='grc' dir='ltr'>ἀνάτςιωσιν,</span> <span class='ocrx_word' id='word_1_850' title='bbox 3359 5653 3529 5720; x_wconf 23' lang='grc' dir='ltr'>ὅπως,</span> 
     </span>
    </p>
   </div>
   <div class='ocr_carea' id='block_1_119' title="bbox 268 5750 2291 5822">
    <p class='ocr_par' dir='ltr' id='par_1_119' title="bbox 268 5750 2291 5822">
     <span class='ocr_line' id='line_1_119' title="bbox 268 5750 2291 5822; baseline -0 -19"><span class='ocrx_word' id='word_1_851' title='bbox 268 5750 366 5814; x_wconf 78' lang='grc' dir='ltr'>τὴν</span> <span class='ocrx_word' id='word_1_852' title='bbox 401 5750 617 5817; x_wconf 81' lang='grc' dir='ltr'>ξυλίνην</span> <span class='ocrx_word' id='word_1_853' title='bbox 640 5753 985 5822; x_wconf 71' lang='grc' dir='ltr'>κατασκευὴν</span> <span class='ocrx_word' id='word_1_854' title='bbox 1012 5751 1456 5822; x_wconf 65' lang='grc' dir='ltr'>τηνεκρατοῦσαν</span> <span class='ocrx_word' id='word_1_855' title='bbox 1486 5753 1545 5806; x_wconf 70' lang='grc' dir='ltr'><strong>τὸ</strong></span> <span class='ocrx_word' id='word_1_856' title='bbox 1578 5751 1813 5820; x_wconf 82' lang='grc' dir='ltr'>κὰστρον</span> <span class='ocrx_word' id='word_1_857' title='bbox 1855 5750 2291 5818; x_wconf 71' lang='grc' dir='ltr'>καταφλέξωσιν,</span> 
     </span>
    </p>
   </div>
   <div class='ocr_carea' id='block_1_120' title="bbox 2381 5746 3510 5818">
    <p class='ocr_par' dir='ltr' id='par_1_120' title="bbox 2381 5746 3510 5818">
     <span class='ocr_line' id='line_1_120' title="bbox 2381 5746 3510 5818; baseline -0.005 -16"><span class='ocrx_word' id='word_1_858' title='bbox 2381 5751 2474 5802; x_wconf 74' lang='grc' dir='ltr'><strong>καὶ</strong></span> <span class='ocrx_word' id='word_1_859' title='bbox 2522 5749 2677 5818; x_wconf 75' lang='grc' dir='ltr'>ἄφνω</span> <span class='ocrx_word' id='word_1_860' title='bbox 2728 5749 3025 5802; x_wconf 78' lang='grc' dir='ltr'>πεσοῦνται</span> <span class='ocrx_word' id='word_1_861' title='bbox 3071 5752 3140 5800; x_wconf 82' lang='grc' dir='ltr'>τὰ</span> <span class='ocrx_word' id='word_1_862' title='bbox 3185 5746 3341 5816; x_wconf 82' lang='grc' dir='ltr'>τείχη</span> <span class='ocrx_word' id='word_1_863' title='bbox 3406 5749 3510 5818; x_wconf 73' lang='grc' dir='ltr'>τῆς</span> 
     </span>
    </p>
   </div>
  </div>
