4144 6282
572 351 647 414 6'!
1895 342 2225 405 JOANNIS
2264 342 2550 402 CANANI
3302 354 3307 355 '
3760 335 3828 399 63

569 465 802 529 πόλεως,
852 469 946 522 καὶ
994 466 1111 537 ἆμα
1141 466 1304 532 εὐθὺς
1346 467 1451 522 τῶν
1485 466 1747 535 Τούρκων
1784 464 1854 519 τὰ
1899 464 2293 535 στρατεύματα
2321 462 2570 531 Θρασέως
2600 459 2746 514 κατᾶ
2803 457 2915 513 τῶν
2946 460 3237 529 Ῥωμαίων
3302 456 3670 528 ἐμϐάλλουσιν
3736 462 3831 511 καὶ

569 553 633 606 ἐκ
658 554 751 608 τοῦ
790 557 1139 626 χαλάσματος
1164 558 1373 611 ἐκείνου
1407 556 1691 619 διώξουσιν
1733 556 1826 607 καὶ
1882 554 1980 623 τὴν
2016 555 2173 606 πόλιν
2251 553 2643 622 κρατήσουσιν.
2684 551 2873 603 Ἀλλοι
2908 553 3039 615 τοὺς
3088 552 3341 620 ἀγωγοὺς
3390 552 3655 620 ὲγύρευον
3705 554 3832 617 τοὺς

571 650 807 705 ἔκπαλαι
843 650 904 704 τὸ
938 650 1094 721 νερδν
1117 652 1199 712 είς
1229 654 1325 713 τὰς
1359 652 1590 719 στέρνας
1622 650 1723 717 τῆς
1769 650 1980 710 πόλεως
2012 649 2237 717 ἔφερον,
2265 647 2418 709 ὅπως
2449 647 2573 699 τινὰ
2605 645 2664 711 ἐξ
2708 646 2893 700 αὐτῶν
2963 644 3322 716 ἐπιτύχωσιν,
3395 646 3519 713 καί
3562 645 3833 717 λαθραίως

568 744 679 795 τῶν
718 742 1008 812 Ῥωμαίων
1039 741 1130 795 διὰ
1175 742 1269 796 τοῦ
1318 742 1543 810 άγωγοῦ
1577 738 1730 802 έντδς
1762 741 2019 809 γενέσθαι
2042 739 2145 808 τῆς
2185 738 2396 802 πόλεως
2428 740 2646 804 νυκτὸς,
2719 739 3302 811 ἅπαραπροσδοκήτως
3349 738 3557 810 ταύτην
3628 744 3833 813 κρατή-

574 852 760 887 σουσιν
800 837 895 888 καὶ
924 837 1447 904 αίχμαλωτίσουσιν.

644 935 792 988 Misit
872 946 1134 1001 praeterea
1188 933 1256 988 ad
1298 949 1493 988 omnes
1547 933 1853 989 Turcarum
1903 932 2230 1003 princepsA

569 1041 900 1097 praeconem,
935 1027 1027 1094 qui
1061 1026 1130 1078 ita
1157 1026 1464 1079 declararet
1494 1036 1548 1079 et
1572 1025 1934 1094 jurejurando
1966 1024 2153 1079 ﬁrma-

574 1132 657 1173 ret
688 1136 703 1174 :
744 1138 762 1170 ι
800 1117 966 1172 Urbis
1002 1119 1226 1173 divitias
1252 1133 1443 1172 omnes
1471 1128 1523 1171 et
1554 1119 1872 1172 universum
1894 1118 2155 1187 ponulum

574 1225 792 1264 ameras
821 1211 1055 1278 prmdam
1092 1210 1449 1279 rapinamque
1478 1209 1838 1264 Musulmanis
1882 1210 2154 1265 concedit:

572 1299 637 1353 ad
685 1299 966 1367 pulchram
1013 1299 1200 1368 itaque
1244 1301 1479 1369 praedam
1514 1302 1724 1354 alacres
1751 1301 2058 1355 accedite.»
2095 1298 2160 1353 Et

573 1390 690 1444 haec
740 1392 961 1461 quidem
1011 1390 1097 1444 ille
1124 1409 1187 1446 eo
1217 1394 1472 1455 consilio,
1513 1404 1568 1448 et
1600 1393 1765 1450 simul
1803 1408 1995 1448 omnes
2043 1391 2162 1445 Mu-

570 1485 943 1540 sulmauorum
1001 1489 1301 1553 exercitus,
1335 1489 1478 1557 quod
1534 1499 1590 1543 et
1634 1488 1838 1542 laetum
1880 1497 1986 1552 est,
2028 1502 2161 1542 con-

571 1588 881 1632 currerent.
919 1576 1167 1647 Namque
1202 1587 1262 1632 ut
1301 1580 1529 1633 nuntius
1561 1579 1651 1632 ille
1682 1580 1748 1632 ad
1784 1580 2156 1634 Musulmano-

573 1687 692 1723 rum
725 1673 978 1724 nationes
1027 1672 1225 1725 allatus
1263 1683 1363 1734 est,
1396 1673 1635 1741 reginam
1674 1673 1892 1725 urbium
1930 1672 1983 1724 in
2017 1687 2159 1741 prm-

575 1766 702 1814 dam
730 1776 852 1817 esse
904 1763 1085 1815 datam
1119 1771 1172 1816 et
1204 1763 1551 1826 servitutem,
1609 1762 1723 1816 fere
1783 1780 1847 1817 ex
1904 1765 2158 1817 universa

573 1862 721 1905 terra
780 1861 836 1905 et
896 1850 1370 1906 Musulmanorum
1440 1854 1758 1908 nationibus
1812 1857 1878 1909 ad
1947 1855 2159 1910 lucrum

570 1942 915 2011 propositum
961 1941 1311 2003 advolarunt.
1358 1959 1467 1998 non
1495 1954 1702 1998 Ianum:
1746 1945 1979 1999 bellandi
2028 1962 2165 2015 prae-

509 2098 517 2106 .
571 2036 847 2105 dandique
901 2039 1079 2107 gnari,
1109 2039 1203 2094 sed
1253 2049 1308 2093 et
1340 2041 1605 2110 inexperti
1647 2044 1899 2112 aliusque
1951 2046 2164 2113 generis

572 2144 641 2182 ac
684 2131 901 2185 artilicii
954 2132 1223 2197 homines,
1259 2134 1425 2187 veluti
1460 2145 1812 2198 mercatores,
1844 2138 2163 2200 numularii,

573 2222 944 2288 unguentarii,
983 2223 1317 2287 calceolarii,
1369 2225 1463 2278 sed
1523 2240 1587 2278 ex
1619 2226 1816 2279 Turcis
1871 2228 2035 2280 etiam
2069 2228 2160 2295 qui

574 2326 634 2365 se
671 2312 928 2365 solitarim
963 2312 1083 2366 vine
1116 2315 1510 2368 astrinxerant.
1585 2314 1668 2369 Ob
1700 2316 1928 2369 similem
1973 2332 2164 2371 omnes

575 2418 799 2458 causam
859 2417 1242 2471 accurrcrunt,
1281 2407 1484 2463 milites
1529 2409 1807 2477 praedandi
1834 2425 2021 2477 causa,
2069 2412 2161 2465 alii

574 2504 635 2549 ut
688 2497 923 2565 praedam
975 2499 1225 2553 servituti
1287 2500 1582 2565 addictam,
1630 2502 1719 2555 alii
1757 2502 2030 2566 mulieres.
2061 2504 2151 2558 alii

578 2586 741 2654 viros,
774 2588 863 2642 alii
916 2604 1140 2658 pueros,
1199 2590 1289 2645 alii
1345 2592 1623 2658 animalia,
1671 2594 1762 2648 alii
1842 2595 2166 2662 supellecti-

574 2680 683 2733 lem
711 2683 1079 2747 redimerent;
1110 2685 1341 2739 solitarii
1375 2686 1640 2741 moniales
1667 2697 1884 2743 nostras
1915 2689 2157 2757 praedam

573 2774 936 2842 rapinamque
970 2774 1073 2829 sibi
1116 2776 1347 2830 concedi
1379 2791 1408 2828 a
1440 2775 1745 2831 Turcarum
1781 2778 2024 2847 principe
2064 2780 2168 2833 im-

573 2876 874 2934 petrarent.
926 2868 1040 2921 Hac
1071 2869 1483 2935 exapectatione
1507 2884 1571 2923 ex
1594 2871 1850 2923 universo
1894 2880 2165 2925 terrarum

582 2956 719 3011 orbe
753 2959 1042 3011 innumera
1103 2972 1274 3029 prope
1345 2959 1816 3014 Musulmanorum
1867 2962 2161 3016 multitudo

575 3047 805 3103 collecta
836 3056 940 3110 est,
968 3056 1027 3101 ut
1059 3049 1372 3119 quicunque
1426 3050 1613 3119 copias
1674 3050 1955 3106 alﬂuentes
1990 3054 2170 3107 intue-

578 3149 752 3205 retur,
779 3142 1204 3211 obstupesceret.
1230 3141 1365 3195 Tum
1391 3150 1445 3197 et
1470 3146 1794 3213 sagittarum
1836 3145 2168 3201 abundantia

576 3240 732 3286 tanta
772 3236 1045 3287 cumulata
1071 3242 1173 3296 est,
1199 3244 1258 3287 ut
1304 3249 1475 3303 prope
1520 3236 1852 3289 incredibilis
1877 3237 1942 3288 de
1966 3251 2027 3289 ea
2078 3253 2170 3290 ru-

578 3337 701 3376 mor
732 3323 888 3378 nobis
918 3322 1216 3387 videretur,
1244 3326 1418 3379 donec
1449 3332 1689 3395 tempore
1716 3327 1846 3381 belli
1879 3329 1930 3381 id
1958 3334 2167 3398 experti

578 3412 936 3470 credidimus.
965 3414 1081 3469 Hoc
1098 3430 1228 3469 vero
1248 3416 1408 3470 modo
1432 3431 1493 3470 ea
1520 3418 1855 3472 abundantia
1878 3430 2167 3487 procurata

579 3507 690 3554 est.
724 3499 965 3570 Singulae
996 3500 1191 3556 domus
1240 3502 1613 3577 cujuscunque
1643 3505 1900 3566 hominis.
1943 3507 2036 3575 qui
2064 3506 2169 3562 sub

2332 931 2478 1002 Πλὴν
2508 932 2603 985 καὶ
2634 932 2884 1000 κήρυκας
2915 930 3265 996 ἐξαπέστειλε
3300 930 3640 999 πανταχόθεν
3668 932 3695 983 ὁ
3751 932 3837 983 δε-

2263 1024 2465 1090 σπότης
2525 1022 2635 1075 τῶν
2686 1022 2970 1092 Τούρκων,
3018 1023 3114 1075 καὶ
3155 1021 3481 1090 διελάλησαν
3516 1020 3715 1088 οὕτως,
3744 1022 3838 1074 κοὶ

2261 1110 2415 1167 εἶπον
2448 1116 2689 1185 ἐνόρκως
2720 1117 2801 1168 ὄτι
2830 1117 2932 1183 τῆς
2964 1114 3174 1177 πόλεώς
3208 1132 3267 1168 τε
3323 1116 3413 1169 τὸν
3458 1113 3688 1166 πλοῦτον
3743 1114 3837 1167 καὶ

2260 1209 2353 1261 τὸν
2382 1209 2513 1262 λαὸν
2540 1209 2760 1263 ἅπαντα
2799 1212 2826 1260 ὁ
2853 1211 3078 1279 ἀμηρᾶς
3112 1211 3193 1270 είς
3253 1209 3525 1277 διακομὰν
3568 1207 3836 1277 παραδίδη

2264 1300 2357 1351 καὶ
2390 1299 2619 1372 κοῦρσος
2648 1303 2762 1363 τοῖς
2789 1300 3267 1368 Μουσουλμάνοις,
3322 1301 3417 1353 καὶ
3458 1300 3696 1367 φθάσετε
3760 1300 3841 1360 είς

2263 1391 2323 1444 τὸ
2345 1393 2558 1461 κέρδος.
2588 1393 2776 1446 Ταῦτα
2822 1394 2922 1461 μὲν
2975 1388 3120 1455 εἷπε,
3178 1392 3319 1461 μετὰ
3367 1391 3746 1460 τεχνάσματος
3781 1389 3838 1443 δὲ

2261 1484 2507 1538 τοιούτου
2530 1487 2680 1548 ὅπως
2705 1486 2773 1539 vi
2803 1485 3110 1555 συναχθῶσι
3140 1486 3207 1539 τὰ
3239 1485 3630 1555 στρατεύματα
3658 1485 3836 1538 πάντα

2262 1575 2369 1627 τῶν
2406 1576 2873 1645 Μουσουλμάνων,
2910 1579 3092 1631 ὁποῖον
3122 1576 3216 1630 καὶ
3270 1578 3488 1644 ἐγένετο
3538 1569 3685 1631 τότε.
3752 1578 3840 1638 Ὠς

2262 1666 2374 1735 γὰρ
2406 1666 2635 1737 ἐξεχύθη
2666 1670 2697 1734 ή
2730 1670 2887 1737 φήμη
2926 1670 3006 1732 εἰς
3032 1671 3100 1722 τὰ
3134 1668 3260 1739 ἔθνη
3314 1669 3423 1722 τῶν
3480 1668 3844 1737 Μουσουλμά-

2263 1775 2370 1810 νων
2417 1757 2535 1820 πῶς
2594 1759 2938 1829 ἐπαραδόοην
2974 1761 3007 1829 ἠ
3060 1760 3215 1821 πόλις
3255 1761 3333 1823 είς
3375 1761 3681 1828 διαγουμὰν
3747 1761 3841 1813 καὶ

2264 1849 2670 1918 αἰχμαλωσίαν,
2707 1850 2895 1919 σχεδὸν
2923 1852 2987 1903 ὲκ
3014 1852 3196 1921 πάσης
3220 1853 3321 1919 γῆς
3346 1853 3440 1904 καὶ
3472 1854 3663 1919 γενεᾶς
3698 1853 3844 1905 Μου-

2269 1942 2593 2011 σοολμάνων
2651 1942 2895 2010 ἔφθασαν
2959 1944 3098 2013 πρὸς
3152 1944 3212 1996 τὸ
3255 1944 3445 2012 κέρδος
3484 1944 3750 2014 μὴμόνον
3792 1944 3842 1996 οἱ

2267 2036 2634 2105 ἐπιστήμονες
2665 2037 2743 2098 είς
2766 2034 2835 2087 τὰ
2863 2035 3075 2105 κούρση
3107 2036 3205 2088 καὶ
3231 2039 3358 2097 τοὺς
3389 2037 3681 2105 πολέμους,
3706 2036 3841 2090 ἀλλὰ

2270 2126 2431 2177 καὶοί
2458 2127 2895 2194 ἀνεπιστήμονες
2930 2126 3025 2179 καὶ
3058 2126 3330 2195 σαρλίδες,
3362 2126 3611 2179 τουτέστι
3665 2142 3845 2194 πραγ-

2273 2216 2560 2284 ματεῦται,
2614 2218 3005 2277 καταλλάκτσι,
3073 2219 3305 2287 μυροψοὶ
3368 2219 3462 2271 καὶ
3521 2218 3845 2289 τζαγκάροι,

2266 2307 2403 2360 ἀλλὰ
2437 2308 2531 2361 καὶ
2587 2309 2847 2379 Τουρκῶν
2893 2310 3079 2363 πολλοὶ
3114 2312 3426 2380 καλογέροι.
3488 2311 3614 2365 ’Υπ“
3666 2310 3846 2372 αἰτίας

2267 2398 2526 2469 τοιαύτης
2550 2400 2931 2472 ὲσυνήχθησαν
2963 2402 3188 2465 πάντες,
3244 2404 3294 2455 οἱ
3353 2403 3452 2471 μὲν
3508 2404 3843 2473 στρατιῶται

2267 2487 2439 2542 διὰτὸ
2473 2487 2794 2559 κοῦρσος,υἱ
2852 2491 2909 2544 δὲ
2975 2492 3229 2561 σαρλίδες
3273 2493 3360 2545 ἵνα
3420 2493 3732 2563 άγοράσουν
3773 2493 3844 2546 τὰ

2268 2584 2639 2653 κουρσιμαῖα,
2683 2576 2855 2653 ἤγουν
2901 2585 3026 2647 τοὺς
3057 2584 3459 2654 αἰχμαλώτους,
3497 2587 3591 2638 καὶ
3638 2588 3689 2639 οἱ
3746 2586 3848 2653 μὲν

2268 2675 2367 2737 τὰς
2389 2678 2674 2743 γυναῖκας,
2714 2677 2863 2730 ἄλλοι
2897 2678 3020 2740 τοὺς
3074 2659 3297 2745 ἄνδρας,
3331 2679 3480 2732 άλλοι
3532 2680 3603 2732 τὰ
3640 2679 3842 2749 βρέφη,

2271 2769 2366 2821 καὶ
2421 2769 2575 2822 ἄλλοι
2620 2770 2685 2823 τὰ
2718 2768 2856 2832 ζῶα,
2887 2772 2982 2824 καὶ
3032 2770 3184 2825 ἄλλοι
3216 2773 3285 2825 τά
3338 2773 3663 2841 πράγματα.
3706 2774 3754 2824 οἱ
3789 2772 3847 2824 δὲ

2270 2860 2899 2930 Τουρκοκαλογέροιτάς
2933 2862 3269 2933 καλογραίας
3312 2865 3469 2932 ήμῶν
3517 2865 3708 2934 κέρδος
3754 2864 3848 2916 καὶ

2269 2949 2503 3021 κοῢρσος
2557 2953 2879 3022 εὐεργεσίαν
2934 2956 3000 3009 νά
3036 2956 3194 3027 ἔχουν
3245 2958 3398 3027 παρὰ
3434 2957 3526 3010 τοῦ
3583 2958 3850 3011 δεσπότου

2270 3044 2380 3098 τῶν
2434 3045 2717 3116 Τούρκων.
2779 3048 2878 3099 Διὰ
2936 3048 3066 3117 γοῦν
3126 3051 3225 3117 τὴν
3287 3051 3620 3119 προσδοκίαν
3645 3051 3849 3117 ταύτην

2273 3138 2654 3209 ὲσυνάχθησαν
2693 3141 2755 3191 ἐκ
2780 3141 2961 3209 πάσης
2991 3142 3088 3208 τῆς
3115 3142 3217 3209 γῆς
3264 3142 3709 3212 Μουσου).μάνων
3757 3146 3854 3195 ἀν-

2274 3230 2560 3297 αρίθμητα
2598 3232 2800 3300 πλήθη,
2868 3234 3012 3286 ὣστε
3045 3234 3495 3302 ἐκατεθαύμαζον
3544 3240 3745 3299 πάντες
3800 3236 3852 3287 οἱ

2273 3320 2608 3392 Θεωροῦντες
2640 3324 2741 3391 τὴν
2772 3325 3098 3393 πλησμονὴν
3130 3326 3223 3377 τοῦ
3251 3331 3530 3395 φωσάτου.
3598 3331 3731 3382 Τότε
3786 3329 3853 3398 δὴ

2274 3415 2366 3467 καὶ
2397 3416 2657 3484 σαγίττας
2694 3417 2930 3485 συνῆξαν
2958 3418 3213 3471 τοσοῦτον
3245 3419 3619 3488 ἀναρίθμητον
3642 3421 3857 3486 πλῆθος

2273 3507 2413 3560 ὥστε
2446 3509 2878 3577 ἐδυσπιστοῦμεν
2917 3509 2977 3561 τὸ
3016 3510 3237 3580 πρῶτον
3274 3510 3371 3581 τὴν
3397 3510 3585 3581 φήμην
3634 3513 3729 3562 τοῦ
3762 3511 3855 3563 λόο

578 3599 846 3661 potestate
902 3599 957 3645 et
1015 3591 1231 3648 ditione
1292 3592 1599 3649 Turcarum
1637 3606 1817 3661 erant,
1848 3598 1964 3653 sive
2029 3599 2075 3653 is
2112 3599 2161 3652 in

2275 3616 2375 3666 γου
2406 3601 2511 3664 ἕως
2543 3600 2639 3654 τοῦ
2677 3601 2919 3671 πολέμου
2963 3603 3063 3671 τὴν
3094 3602 3261 3670 ὤραν.
3325 3602 3390 3656 Ἦ
3433 3603 3489 3656 δὲ
3558 3606 3854 3675 συναγωγὴ

577 3683 801 3737 Oriente
833 3683 947 3739 sive
982 3680 1279 3739 Occidente
1319 3687 1616 3753 habitaret,
1651 3689 1879 3757 sagittas
1929 3704 2159 3743 arcuum

580 3790 693 3830 non
741 3775 928 3831 minus
990 3775 1179 3830 decem
1237 3778 1303 3832 ad
1368 3778 1558 3849 viginti
1604 3780 1764 3834 etiam
1803 3780 2033 3850 praebuit
2065 3798 2080 3842 ;
2112 3791 2165 3837 et

579 3869 765 3937 plures
799 3869 963 3923 etiam
1010 3868 1245 3934 bis,cum
1299 3870 1546 3940 praelium
1592 3872 1845 3938 iniretur,
1882 3875 2161 3942 volaruut,

578 3969 719 4024 quas
739 3954 1039 4011 Turcarum
1067 3959 1545 4013 armamcmtarium
1581 3972 1634 4014 et
1666 3963 1938 4018 exercitus
1969 3964 2165 4032 phare-

579 4056 677 4102 tra‘.
700 4049 1068 4103 continebant.
1097 4050 1444 4108 Convehebat
1471 4070 1575 4108 una
1611 4071 1796 4110 secum
1824 4073 1887 4112 eo
1916 4066 2159 4129 tempore

579 4141 929 4207 imperatoris
955 4149 1207 4198 oratores
1248 4143 1398 4199 ferro
1435 4147 1654 4201 miseris
1702 4150 1879 4204 modis
1938 4167 2162 4221 compe-

580 4233 765 4297 ditos,
808 4246 949 4301 quos
984 4230 1103 4301 ipse
1134 4248 1233 4302 pro
1269 4234 1504 4289 ineunda
1556 4250 1690 4304 pace
1725 4253 1789 4293 ac
1825 4238 2029 4295 foedere
2069 4257 2163 4308 po-

586 4323 908 4377 stulaverat.
955 4324 1061 4379 Sed
1099 4334 1211 4378 tum
1255 4326 1420 4379 veluti
1460 4326 1726 4380 barbarus
1755 4327 1982 4384 immitis
2001 4341 2163 4400 atque

583 4416 975 4471 immisericors
1004 4417 1239 4472 vinculis
1265 4416 1458 4471 ferreis
1488 4418 1738 4472 astrictos
1775 4420 1828 4473 in
1855 4424 2159 4479 custodiam

578 4508 825 4570 dederat,
862 4508 1227 4578 innoxiosque
1286 4519 1548 4579 tanquam
1594 4511 1793 4567 noxios
1825 4514 2161 4569 condemna-

578 4608 751 4666 vcrat,
783 4600 979 4670 quibus
1008 4603 1170 4656 etiam
1204 4611 1437 4657 mortem
1476 4603 1849 4669 minitabatur,
1895 4607 2160 4675 Fcausatus

580 4692 794 4747 insulse
830 4693 1119 4747 admodum
1158 4711 1174 4760 ;
1212 4694 1395 4748 aiebat
1458 4696 1726 4763 siquidem
1765 4712 1781 4751 :
1820 4716 1838 4749 ι
1864 4697 2037 4753 ϐπ·ωυί
2072 4716 2160 4756 me

581 4781 930 4850 impudenter
965 4792 1131 4852 atque
1165 4783 1526 4839 irreverenter
1575 4786 1795 4855 allocuti
1847 4798 1996 4856 sunt,
2029 4806 2157 4860 pro-

579 4880 879 4941 ptereaque
910 4887 1005 4927 eos
1042 4874 1095 4927 in
1131 4888 1411 4929 carcerem
1454 4886 1507 4932 et
1540 4878 1753 4933 vincula
1793 4882 2022 4952 conjeci.
2064 4902 2084 4935 ι

653 5147 787 5204 Tum
813 5164 976 5220 porro
1003 5151 1224 5221 quidam
1256 5168 1321 5209 ex
1339 5150 1697 5212 Musulmanis
1716 5174 1949 5229 procero
1981 5176 2152 5231 gran-

577 5241 743 5310 dique
797 5259 1046 5312 corpore,
1077 5255 1131 5298 et
1177 5248 1317 5316 apud
1381 5249 1502 5302 illos
1563 5250 1846 5317 terribilis,
1906 5254 2051 5323 quod
2086 5255 2153 5308 de

579 5334 834 5403 progenie
895 5344 949 5389 et
982 5335 1049 5391 de
1109 5339 1358 5409 prosapia
1413 5340 1737 5397 Mahometis
1781 5354 1944 5400 esset.
1995 5345 2152 5400 llunc

576 5426 654 5481 illi
696 5427 860 5481 veluti
916 5430 1278 5497 patriarcham
1327 5433 1581 5489 colebant
1614 5447 1667 5490 et
1708 5438 1873 5492 veluti
1913 5441 2151 5508 prophe-

576 5526 686 5571 tam
748 5523 1164 5588 vcucrabantur,
1227 5526 1605 5597 aaqualemque
1664 5530 1736 5583 illi
1812 5533 2021 5586 cultum
2089 5546 2154 5584 ac

576 5608 889 5666 Mahomcto
919 5616 1272 5681 praestabant.
1312 5618 1409 5671 Hic
1446 5629 1594 5673 tanta
1624 5614 1781 5691 apud
1817 5638 1912 5678 eos
1958 5635 2152 5677 aucto—

573 5701 734 5756 ritate
793 5705 1050 5773 pullebat,
1101 5718 1160 5763 ut
1239 5726 1439 5765 amera:
1504 5713 1807 5769 Turcarum
1888 5717 2150 5787 principis

573 5791 740 5849 tiliam
777 5796 1041 5868 virginem
1094 5812 1291 5872 praeter
1338 5803 1485 5862 illius
1540 5808 1868 5866 sententiam
1932 5819 2145 5879 raptam

2274 3690 2480 3744 τούτων
2519 3693 2738 3759 ἐγένετο
2759 3694 2933 3755 οὕτως
2967 3711 2980 3725 °
3018 3695 3173 3748 Πᾶσα
3205 3696 3351 3748 οἰςιία
3382 3695 3583 3758 παντὸς
3638 3694 3853 3767 ἀνθρὼ-

2275 3801 2378 3837 που
2406 3784 2502 3839 τοῦ
2535 3786 2930 3858 εὑρισκομένου
2961 3791 3040 3852 είς
3067 3788 3168 3859 τὴν
3190 3789 3513 3842 δεσποτείαν
3539 3791 3648 3841 τῶν
3682 3791 3855 3856 Τούρ-

2274 3895 2387 3931 κων
2407 3878 2676 3948 ἀνατολῆς
2707 3880 2799 3932 καὶ
2823 3880 3030 3944 δύσεως
3060 3881 3241 3952 πάσης
3260 3882 3460 3935 δέδωκε
3484 3883 3693 3935 τούτων
3725 3883 3854 3934 ἑκάέ

2274 3986 2373 4035 στη
2402 3972 2511 4024 ἀπὸ
2545 3972 2678 4025 δέκα
2705 3972 2811 4036 ἓως
2840 3973 3014 4027 εἴκοσι
3043 3975 3303 4043 σαγίττας
3333 3975 3442 4027 τῶν
3467 3975 3657 4042 τόξων.
3690 3974 3850 4028 Ἀλλὰ

2274 4066 2367 4118 καὶ
2396 4065 2652 4130 πλείονας
2706 4066 2915 4121 τούτων
2964 4069 3254 4133 ἐτόξευσαν
3307 4067 3404 4120 τοῦ
3452 4070 3693 4136 πολέμου
3750 4070 3851 4136 τὴν

2274 4157 2443 4227 ὥραν,
2474 4160 2665 4221 ὁποίας
2691 4159 2751 4213 τδ
2781 4160 3275 4229 ἁρματοφυλάκιον
3303 4159 3415 4231 εἶχε
3450 4162 3547 4215 τοῦ
3600 4162 3848 4231 Τούρκου

2272 4251 2367 4301 καὶ
2397 4249 2466 4302 τὰ
2494 4252 2776 4319 ταρφάσια
2804 4252 2898 4304 τοῦ
2922 4253 3199 4320 φωσάτου.
3238 4248 3364 4321 Εἶχε
3395 4257 3489 4307 καὶ
3521 4258 3646 4324 μετ’
3681 4256 3848 4310 αὑτοῦ

2270 4344 2393 4396 τότε
2431 4344 3029 4414 σιδηροδεσμουμένους
3077 4348 3204 4410 τοὺς
3252 4349 3708 4420 ἁποκρισιαρίους
3755 4353 3848 4403 τοῦ

2273 4434 2562 4503 βασιλέως,
2590 4437 2812 4498 ὁποίους
2837 4438 2997 4500 αὐτὸς
3024 4439 3269 4509 ᾐτήσατο
3308 4443 3513 4509 μᾶλλον
3542 4444 3631 4496 ἵνα
3656 4444 3849 4516 πέμψῃ

2272 4527 2401 4596 περὶ
2424 4528 2647 4597 εἰρήνης
2675 4545 2734 4581 τε
2761 4531 2855 4581 καὶ
2878 4530 3122 4600 ἀγάπης.
3157 4533 3325 4595 Αὐτὸς
3354 4534 3410 4586 δὲ
3460 4534 3535 4596 ὡς
3570 4535 3847 4604 βάρϐαρος

2269 4618 2418 4687 ὠμὸς
2445 4620 2541 4671 καὶ
2570 4619 2945 4689 ἀπάνθρωπος
2980 4622 3175 4693 σίδηρα
3199 4625 3293 4677 καὶ
3339 4626 3589 4691 φυλακᾶς
3647 4628 3849 4689 αὐτοὺς

2271 4710 2621 4779 κατεδίκασε,
2647 4713 2742 4765 καὶ
2774 4713 2903 4775 τοὺς
2922 4715 3197 4777 ἀναιτίους
3219 4717 3294 4778 ὡς
3312 4717 3596 4780 ὑπαιτίους
3627 4720 3846 4788 ἠπείλει

2270 4804 2351 4864 εἰς
2413 4804 2668 4870 θάνατον,
2707 4805 3148 4875 προϐαλλόμενος
3188 4809 3245 4861 δὲ
3302 4809 3443 4879 τάχα
3495 4812 3589 4865 καὶ
3640 4812 3846 4877 αἰτίαν,

2270 4895 2405 4948 ἀλλὰ
2430 4895 2648 4965 ψυχράν
2674 4912 2688 4928 θ
2716 4898 2869 4966 ἔλεγε
2904 4900 3035 4969 γάρ’
3059 4900 3205 4953 Διότι
3242 4919 3308 4969 με
3340 4904 3390 4955 oi
3442 4903 3705 4973 Ῥωμαῖοι
3756 4908 3852 4957 ἀν-

2184 4966 2237 5025 D
2266 4987 2573 5055 αισχύντως
2610 4989 2920 5059 συνέτυχον,
2953 4990 3043 5042 διὰ
3069 4990 3227 5045 τοῦτο
3260 4994 3456 5056 αὐτοὺς
3479 4996 3563 5059 είς
3598 4997 3848 5067 φυλακὴν

2264 5078 2623 5132 κατεδίκασα.

2292 5164 2295 5167 ν
2345 5172 2505 5225 Ἀ).λὰ
2542 5174 2634 5226 καὶ
2672 5175 2794 5227 τότε
2825 5192 2909 5237 τις
2935 5176 3043 5228 τῶν
3075 5177 3521 5247 Μουσουλμάνων
3548 5181 3749 5250 ὑψηλός
3782 5199 3844 5233 τε

2265 5262 2360 5315 καὶ
2384 5266 2556 5332 μέγας
2587 5265 2681 5317 καὶ
2718 5265 2945 5335 φοϐερὸς
2985 5270 3114 5337 παρ’
3147 5270 3401 5335 ἐκείνοις,
3426 5271 3501 5333 ὡς
3528 5273 3609 5323 ὅτι
3641 5275 3703 5325 ὲκ
3732 5290 3848 5325 cst-

2265 5354 2367 5422 ρᾶς
2401 5373 2459 5407 τε
2490 5357 2583 5409 καὶ
2619 5357 2810 5423 γένους
2833 5356 2927 5408 τοῦ
2954 5359 3282 5428 Μουχουμὲτ
3309 5362 3601 5431 κατήγετο.
3638 5363 3843 5417 Τοῦτον

2263 5446 2358 5499 καὶ
2380 5448 2453 5507 ὡς
2492 5447 2844 5517 πατριάρχην
2875 5448 3038 5500 αὐτὸν
3066 5449 3377 5519 ὲτιμοῦσαν,
3438 5456 3529 5507 καὶ
3577 5456 3655 5519 ὡς
3708 5474 3845 5529 προ-

2265 5539 2445 5605 φήτην
2466 5539 2628 5589 αὑτὸν
2658 5540 3049 5609 προσεκύνουν,
3079 5542 3175 5594 καὶ
3211 5543 3462 5597 ἐσέϐοντο
3521 5548 3712 5602 τοῦτον
3762 5548 3841 5613 ὡς

2265 5630 2426 5699 αὑτὸν
2446 5629 2537 5680 τὸν
2570 5631 2839 5699 Μωάμεθ.
2873 5630 3141 5688 Τοσοῦτον
3168 5637 3261 5688 καὶ
3290 5638 3531 5699 τοιοῦτος
3586 5643 3843 5710 μέγιστος

2262 5717 2330 5791 ἦν
2356 5724 2560 5785 ἐκεῖνος
2592 5725 2674 5777 ὅτι
2704 5723 2803 5795 τήν
2838 5726 3117 5799 θυγατέρα
3140 5729 3234 5783 τοῦ
3271 5733 3463 5801 ἀμηρᾶ
3510 5735 3604 5787 καὶ
3641 5736 3841 5789 δεσπό-

2260 5832 2352 5869 του
2418 5816 2527 5869 τῶν
2583 5818 3029 5889 Μουσουλμάνων
3083 5823 3357 5893 παρθένον
3409 5824 3573 5879 οὖσαν
3623 5831 3833 5900 ἥρπαξε
