4144 6282
247 2354 280 2377 ’Ἴ

314 317 408 383 6τῖ

1301 333 1699 394 NARRATIO
1742 338 1838 397 DE
1881 341 2100 404 CPOLI
2133 345 2615 409 OPPUGNATA.

3513 356 3588 417 70

311 440 472 512 παρὰ
521 443 749 514 γνώμην
805 446 1014 501 ἐκείνου
1070 450 1164 502 καὶ
1224 451 1447 519 ἔφθειρε
1495 454 1589 506 καὶ
1657 455 1889 526 ἐκράτη-

2004 459 2433 530 devirginaverit
2489 479 2789 532 secumque
2842 465 3231 534 retittuerit,et
3295 468 3418 522 licet
3467 486 3590 524 cmn

312 543 414 600 σε,
488 539 586 591 καὶ
651 539 813 609 ἔσχεν
870 541 1086 610 ἐκείνην
1134 543 1190 595 ὲν
1237 543 1315 613 τῷ
1379 547 1598 598 κοιτῶνι
1669 549 1765 600 καὶ
1823 549 1899 617 τῷ

307 627 561 699 κλινιδίῳ
592 630 827 694 ἐκείνου,
873 634 966 684 καὶ
1017 634 1195 698 οὐδεὶς
1231 635 1533 707 ἐτόλμησεν
1555 639 1718 692 αὐτὸν
1753 641 1898 693 σκῶ-

308 719 414 787 ψαι
447 722 480 791 ἡ
516 739 570 774 τι
602 725 784 776 εἰπεῖν
839 726 974 796 πρὸς
1037 729 1267 783 ἐκεῖνον.
1332 732 1494 786 Ἀλλὰ
1549 733 1644 785 καλ⁵
1695 736 1898 802 μᾶλλον

309 815 338 865 6
385 816 614 885 ἀμηρᾶς
669 817 762 871 καὶ
805 819 1039 889 ἀδελφὸς
1069 824 1214 892 ὁτῆς
1247 826 1416 893 κόρης
1440 822 1615 880 εἶπεν·
1655 847 1675 879 ι
1710 828 1898 896 Ἥγία-

311 921 374 956 σε
409 906 614 976 ταύτην
656 911 689 979 ὴ
727 913 984 965 συνουσία
1013 911 1108 966 τοῦ
1147 918 1492 986 πατριάρχςυ
1549 921 1645 973 τοῦ
1697 937 1897 990 συγγε-

309 999 440 1061 νοῦς
472 1001 567 1053 τοῦ
596 1004 866 1073 Άίωάμεθ,
897 1009 992 1059 καὶ
1022 1009 1081 1059 τὸ
1115 1009 1373 1079 γεννηθὲν
1403 1012 1462 1075 ὲξ
1490 1014 1706 1084 ἐκείνης
1736 1014 1896 1081 ἅγιον

309 1091 458 1143 ἔστω
480 1091 557 1154 ὡς
583 1093 641 1156 ἐξ
669 1095 900 1162 αἵματος
945 1099 1040 1150 τοῦ
1098 1101 1344 1170 Μωάμεο
1399 1104 1540 1156 κατὰ
1582 1107 1674 1158 τὸν
1728 1108 1896 1176 νόμον

312 1181 410 1231 καὶ
441 1181 714 1253 ἁγιασμὸν
748 1187 841 1238 τοῦ
886 1189 1116 1242 Ῥασοὺλ
1147 1194 1503 1264 Μαχουμέτη.
1538 1217 1556 1248 ι
1589 1198 1759 1261 Αὐτὸς
1780 1200 1836 1251 δὲ
1868 1202 1894 1252 6

315 1271 580 1337 μέγιστος
612 1277 707 1327 καὶ
739 1277 907 1341 πολὺς
937 1280 1070 1352 παρ’
1100 1283 1329 1348 ἐκείνοις
1351 1289 1377 1339 6
1409 1288 1643 1356 εὐγενὴς
1696 1308 1893 1360 πατρι·

311 1365 598 1441 άρχης,ὃν
631 1363 778 1437 εἶχον
825 1375 1195 1440 προορατικὸν
1256 1377 1347 1429 καὶ
1400 1381 1714 1448 προφήτην,
1764 1381 1892 1433 τοῦ·

310 1474 453 1524 νομα
487 1459 818 1532 Μηρσαῖτης
852 1465 920 1534 τῇ
948 1465 1192 1536 Περσικῇ
1221 1468 1511 1540 διαλέκτῳ,
1569 1472 1894 1526 ἀπέστειλεν

308 1547 775 1620 ἀποκρισιαρίους
799 1554 907 1606 ἀπὸ
936 1558 1038 1626 τῆς
1066 1559 1321 1628 Προύσης
1348 1556 1417 1631 ἦς
1451 1562 1722 1614 ὲκατοῑκει
1755 1564 1894 1632 πρὸς

307 1641 402 1694 τὸν
433 1642 706 1712 δεσπότην
735 1645 844 1698 τῶν
871 1649 1149 1718 Τούρκων,
1187 1651 1280 1704 καὶ
1307 1648 1486 1706 εἶπεν·
1518 1654 1692 1724 «Ὅρα
1725 1658 1892 1726 μήπω

311 1735 558 1806 συνάψῃς
591 1738 832 1808 πόλεμον
855 1742 997 1804 μετὰ
1027 1741 1147 1808 τῶν,
1164 1743 1454 1814 Ῥωμαίων
1480 1747 1569 1799 καὶ
1599 1749 1691 1803 τὸν
1724 1767 1890 1820 στραισ

309 1826 402 1878 τὸν
429 1829 706 1900 ἀπολέσῃς
737 1833 830 1884 καὶ
858 1835 924 1886 τὰ
959 1835 1092 1903 γένη
1123 1836 1234 1887 τῶν
1281 1837 1752 1909 Μουσουλμάνων,
1785 1842 1890 1906 ἕως

306 1917 397 1970 ὅτε
439 1919 550 1988 ἐγὼ
582 1923 646 1974 νά
678 1922 870 1991 φθάσω
905 1926 998 1978 καὶ
1027 1927 1258 1996 δηλώσω
1288 1931 1384 2001 τὴν
1415 1931 1565 2001 ὤραν
1611 1935 1712 2003 τῆς
1749 1952 1891 2004 συμ-

305 2010 516 2082 πλοκῆς
573 2012 669 2066 τοῦ
724 2015 990 2084 πολέμου,
1035 2019 1113 2082 ὡς
1159 2023 1187 2074 6
1245 2025 1416 2092 μέγας
1482 2027 1612 2097 ἡμῖν
1653 2027 1892 2080 διδάσκει

313 2099 549 2157 Ῥασοὺλ
600 2107 627 2158 6
681 2108 995 2179 προφήτης.
1035 2111 1146 2164 Καὶ
1189 2114 1463 2182 ’γινώσκω
1508 2117 1563 2170 δὲ
1609 2103 1769 2172 colito
1815 2120 1890 2184 ὡς

304 2199 670 2266 προορατικδς
694 2201 790 2254 καὶ
820 2194 1130 2272 προφήτης.
1176 2223 1196 2257 ι
1226 2206 1411 2260 Ταῦτα
1443 2209 1495 2260 δὲ
1516 2209 1758 2274 ἀκούσας
1780 2213 1890 2266 τῶν

302 2287 565 2358 Τοιῐρκων
583 2290 610 2342 ό
631 2293 901 2361 δεσπότης
926 2293 1164 2363 ἐπραξεν
1189 2297 1263 2361 ὡς
1296 2299 1560 2372 ὡρῑσοην,
1607 2306 1701 2357 καὶ
1761 2308 1888 2358 ἀνέ-

309 2398 438 2450 μενε
462 2387 554 2436 τὸν
577 2384 1060 2458 ψευδοπροφήτην.
1107 2392 1218 2443 Καὶ
1264 2392 1386 2462 μεθ’
1441 2396 1652 2464 ἡμέρας
1700 2397 1888 2465 ὀλίγας

307 2475 566 2542 ἔφθασεν.
623 2473 830 2530 Ἦλθεν
860 2482 886 2531 6
919 2482 1246 2551 Μηρσαῒτης
1279 2486 1374 2537 καὶ
1403 2489 1752 2558 πατριάρχης
1781 2491 1889 2542 τῶν

309 2567 570 2636 Τοὺρκων
603 2571 740 2638 μετὰ
772 2573 1166 2637 πεντακοσίους
1195 2576 1759 2648 Τουρκοκαλογέρους,
1797 2584 1890 2634 ἐπὶ

309 2661 536 2729 ἡμιόνου
574 2663 908 2732 καθήμενος,
951 2668 1047 2718 καὶ
1082 2666 1158 2736 τῷ
1203 2669 1443 2739 σχήματι
1502 2672 1889 2742 σοϐαρώτατος

308 2753 404 2804 καὶ
437 2753 497 2804 τὸ
525 2753 818 2821 μεγαλεῖον
851 2757 1176 2823 δεινότατος.
1203 2761 1286 2813 Τὰ
1311 2761 1368 2814 δὲ
1396 2763 1574 2834 πλήθη
1609 2767 1716 2817 τῶν
1749 2769 1890 2821 Μου-

307 2845 630 2913 σουλμάνων
664 2850 745 2911 εἰς
788 2849 1112 2922 ὑπαπαντὴν
1158 2852 1456 2926 ἐξέδραμον
1485 2861 1584 2926 τὴν
1651 2861 1886 2928 ἐκείνου,

307 2939 403 2991 καὶ
427 2939 500 3002 ὡς
533 2942 766 3008 ἄγγελον
791 2943 852 3006 ἐξ
875 2944 1111 3013 οὐρανοῦ
1141 2947 1459 3001 καταϐάντα
1493 2951 1559 3002 τὰ
1592 2952 1885 3020 μωροολύ-

311 3048 493 3100 μαστα
520 3034 654 3104 γένη
686 3035 796 3086 τῶν
831 3035 1098 3107 Τούρκων
1129 3040 1458 3105 ὑπεδέξαντο
1516 3045 1731 3108 τοίτον,
1791 3047 1888 3098 καὶ

2003 567 2066 604 ca
2093 554 2145 606 in
2175 556 2430 608 cubiculo
2462 557 2772 625 lectuloque.
2816 569 3223 622 consuesceret,
3263 576 3422 614 nemo
3465 577 3590 613 eum

2003 647 2082 698 vel
2117 649 2513 715 reprehendere
2547 650 2628 704 vel
2653 650 2852 718 aliquid
2879 642 3166 706 enuntiare
3199 668 3372 705 ausus
3407 655 3587 707 fuerit.

2004 734 2120 788 lino
2153 739 2331 801 potius
2361 755 2577 796 amens
2602 749 2655 795 et
2681 743 2872 809 puellae
2897 741 2920 794 l'
2948 753 3064 796 ater
3084 744 3222 796 dixe:
3242 755 3337 796 unt
3365 761 3379 798 :
3415 745 3591 796 «Cou-

2002 829 2223 884 cubitus
2305 836 2628 896 patriarcha:
2675 832 2969 887 Mahometi
3030 837 3419 905 consanguinei
3465 855 3586 890 eam

1999 923 2382 988 sanctilicavit,
2408 935 2462 976 et
2494 927 2639 994 quod
2695 938 2954 978 nascetur
2982 943 3043 980 ex
3080 943 3142 980 ca
3173 941 3426 983 sanctum
3459 933 3586 995 crit,

1998 1015 2199 1082 quippe
2257 1032 2322 1070 ex
2363 1022 2640 1086 sanguine
2699 1019 3011 1078 Mahmueti.
3068 1025 3364 1076 secundum
3413 1026 3584 1093 legent

1999 1109 2601 1180 sanetiticationemque
2643 1113 2858 1166 llasulis
2884 1113 3230 1168 Mahomcti.»
3274 1113 3370 1169 llic
3399 1116 3585 1184 itaque

2001 1199 2273 1252 maximus
2303 1210 2356 1252 ct
2389 1201 2624 1254 maxima
2655 1203 2794 1271 apud
2825 1218 2920 1255 eos
2972 1206 3297 1257 auctoritate
3325 1206 3584 1272 praeditus

1999 1288 2196 1342 nobilis
2268 1292 2598 1357 patriarcha,
2671 1309 2831 1360 quem
2873 1295 2944 1346 illi
3013 1311 3190 1349 rerum
3273 1295 3580 1348 futurarum

1998 1389 2411 1446 prospectorem
2480 1392 2534 1434 et
2590 1393 2982 1451 przeccntorcm
3047 1386 3392 1452 reputabant,
3444 1385 3586 1439 Mer-

1997 1469 2131 1521 saita
2174 1472 2404 1524 diali-clo
2432 1471 2648 1527 Persica
2679 1484 3046 1544 nuncupatus,
3091 1477 3237 1530 misit
3296 1478 3492 1541 l’rttsa,
3527 1477 3582 1530 itt

1996 1574 2102 1624 qua
2135 1560 2238 1613 sibi
2280 1561 2618 1618 domicilium
2674 1567 2934 1634 elegerat.
2968 1568 3031 1619 ad
3083 1563 3386 1620 Turcarum
3435 1570 3588 1640 priu-

1995 1651 2171 1720 cipem
2234 1653 2461 1722 legatos,
2499 1657 2590 1724 qui
2653 1656 2939 1710 dicerent:
2983 1676 3001 1708 ι
3034 1657 3179 1713 Cave
3203 1675 3271 1711 ne
3322 1675 3444 1712 cum
3479 1661 3585 1712 Ro-

1997 1747 2175 1798 manis
2198 1761 2430 1816 pugnam
2455 1748 2627 1813 ineas,
2645 1757 2698 1802 ct
2718 1752 3018 1803 exercitum
3039 1760 3365 1820 gentemque
3385 1753 3584 1820 perdas

1996 1831 2492 1902 MuSulmanorum,
2544 1844 2717 1895 donec
2781 1843 2895 1910 ipse
2975 1843 3248 1898 advenero
3305 1844 3584 1898 iudicave-

1996 1945 2164 1998 roque
2195 1941 2573 2001 tempestatem
2603 1933 2915 1998 conﬂictus,
2957 1945 3014 1988 ut
3068 1951 3295 2004 magnus
3324 1952 3424 1990 nos
3477 1938 3577 1990 do-

1997 2031 2081 2075 cct
2109 2022 2347 2077 Rasnlus
2405 2025 2666 2094 prepheta
2698 2042 2711 2076 :
2754 2029 2856 2081 hoc
2885 2042 3015 2078 vero
3049 2041 3344 2094 cognosco,
3378 2028 3578 2096 quippe

1994 2115 2086 2182 qui
2142 2116 2327 2168 divina
2376 2129 2554 2169 tuente
2588 2133 2673 2171 res
2704 2118 3031 2186 prospiciam
3101 2129 3155 2171 et
3211 2117 3524 2186 praedicam.
3556 2136 3576 2170 ›

1993 2201 2118 2257 llaec
2168 2205 2398 2259 audiens
2425 2204 2725 2260 'l‘urcarum
2781 2208 3035 2276 princeps
3065 2209 3313 2278 jussibus
3349 2209 3578 2276 Obediit,

1990 2309 2048 2351 et
2087 2297 2617 2368 pseudoprophetam
2664 2300 3040 2366 exspectabat,
3095 2299 3188 2368 qui
3215 2313 3320 2352 non
3379 2298 3580 2352 multos

1993 2401 2115 2459 pust
2147 2391 2264 2445 dies
2293 2392 2529 2444 advenit.
2560 2392 2806 2444 Accessit
2857 2390 3110 2445 Mcrsaita
3161 2402 3214 2446 et
3263 2393 3576 2460 patriarcha

1995 2483 2297 2536 Turcarum
2329 2497 2452 2536 cutn
2479 2484 2793 2552 quingentis
2844 2483 3035 2539 Turcis
3061 2485 3366 2538 solitarium
3413 2481 3580 2538 insti—
3605 2468 3619 2482 ’

1995 2583 2170 2627 tutum
2202 2573 2490 2642 professis,
2517 2575 2680 2628 mulae
2727 2575 2997 2637 assidens,
3029 2575 3200 2645 ﬁgura
3258 2575 3577 2630 insolentis-

1994 2666 2188 2729 simus,
2268 2664 2411 2719 l‘astu
2488 2666 3028 2721 vehementissimus.
3104 2657 3574 2720 Musulmanorum

1993 2760 2162 2825 cepia:
2197 2757 2268 2810 illi
2303 2758 2477 2811 obviae
2525 2760 2679 2811 factae
2718 2769 2866 2822 sunt,
2904 2768 2955 2812 et
3008 2767 3264 2828 tanquam
3323 2759 3573 2827 angelum

1993 2851 2059 2904 de
2093 2853 2232 2903 caelo
2265 2853 2513 2911 nationes
2547 2851 2650 2904 illae
2678 2851 3008 2914 Turcarum,
3064 2851 3269 2918 quilms
3293 2865 3381 2903 res
3417 2851 3574 2918 inep-

1991 2943 2217 2997 tissimze
2295 2944 2739 3012 stultissimzeque
2827 2943 3248 2997 admirationem
3335 2951 3574 3007 movent,

1990 3037 2147 3104 proni
2189 3037 2494 3105 excipiunt,
2527 3051 2705 3104 neque
2729 3051 2922 3089 manus
2953 3037 3100 3090 illius
3155 3037 3427 3108 pedesque
3453 3047 3574 3090 tau-

309 3124 386 3192 μὴ
423 3126 586 3190 μόνον
633 3126 764 3188 τοὺς
798 3127 969 3192 πόδας
1028 3131 1242 3183 ἐκείνου
1285 3133 1596 3201 ἠσπάζοντο
1643 3138 1737 3189 καὶ
1789 3140 1886 3200 τὰς

1993 3127 2276 3181 tummodo
2311 3129 2720 3193 deosculautur,
2768 3129 2861 3181 sed
2885 3137 2939 3181 ct
2984 3129 3145 3182 mular
3177 3145 3281 3198 qua
3341 3132 3574 3201 veheba-

306 3218 520 3285 χεῖρας,
573 3218 711 3270 ἀλλὰ
755 3221 850 3272 καὶ
893 3220 985 3274 τοῦ
1028 3223 1255 3293 ἡμιόνου
1311 3227 1441 3288 τοὺς
1481 3229 1734 3298 χαλινοὺς
1794 3231 1888 3282 καὶ

304 3309 434 3373 τοὺς
465 3311 632 3376 πόδας
657 3306 717 3365 οὗ
754 3315 1026 3385 ἐποχεῖτο.
1095 3317 1330 3388 Ὁμοίως
1387 3321 1481 3372 καὶ
1535 3323 1562 3372 6
1618 3321 1887 3392 δεσπότης

307 3402 416 3455 τῶν
442 3403 703 3474 Τούρκων
731 3405 1121 3477 δουλοπρεπῶς
1154 3408 1446 3474 ὑπεδέξατο
1475 3411 1684 3465 τοῦτον.
1713 3415 1888 3477 Αὐτδς

308 3495 364 3548 δὲ
393 3497 624 3566 σοϐαρὸς
650 3500 746 3552 ml.
780 3500 1262 3572 μεγαλοῦπέροχος
1299 3504 1516 3571 ἑωρᾶτο
1541 3507 1656 3568 τοῖς
1691 3507 1884 3562 πᾶσ.ν.

311 3588 457 3660 Πλὴν
487 3590 543 3642 δὲ
579 3591 885 3661 ἐπηρμένος
918 3593 1014 3646 καὶ
1047 3596 1499 3665 γεγαυριωμένος
1547 3595 1622 3661 ὠς
1683 3598 1886 3668 ὑψηλός

310 3699 371 3760 τε
406 3683 503 3735 καὶ
536 3685 710 3752 μέγας
742 3687 836 3737 καὶ
864 3685 938 3749 ὡς
963 3687 1239 3755 ἀπόγονος
1268 3688 1364 3742 τοῦ
1407 3691 1654 3760 Μωάμεθ
1690 3695 1886 3746 ἑκατε-

308 3756 498 3841 δέξατο
539 3778 709 3845 μόλις,
769 3779 862 3832 καὶ
919 3782 1222 3851 ἐφθέγξατο
1264 3784 1458 3837 ταῦτα·
1495 3804 1513 3836 ι
1553 3786 1885 3852 Γινώσκετε,

307 3864 755 3933 Μουσουλμὰνοι.
787 3869 880 3920 καὶ
913 3871 977 3922 σὺ
1015 3872 1178 3934 αὐτὸς
1206 3875 1232 3924 6
1260 3877 1480 3928 πάντων
1533 3877 1743 3928 τούτων
1804 3876 1890 3928 δε-

311 3959 538 4024 σπότης.
577 3958 720 4026 Ἐγὼ
752 3959 854 4028 μὲν
911 3962 1226 4033 ἀπεστάλην
1286 3967 1438 4034 παρὰ
1489 3967 1583 4018 τοῦ
1647 3967 1887 4036 μεγάλου

309 4053 595 4122 προφήτου
636 4053 870 4106 Ῥασοὺλ
901 4055 1264 4124 Μαχουμέτη,
1292 4057 1375 4108 ἵνα
1426 4058 1556 4127 ὑμῖν
1607 4059 1747 4110 εῐπω
1793 4059 1888 4112 τοῦ

309 4144 550 4213 πολέμου
580 4144 678 4215 τὴν
703 4145 873 4215 ὥραν,
903 4147 975 4209 ὡς
1023 4151 1394 4216 προορατικὸς
1431 4151 1527 4203 καὶ
1575 4153 1885 4222 προφήτης,

312 4239 460 4299 ὅπως
485 4237 847 4307 δουλὼσωμεν
879 4238 1004 4300 τοὺς
1041 4239 1345 4308 Ῥωμαίους
1392 4240 1487 4292 καὶ
1543 4243 1886 4311 αἰχμαλωτί-

313 4345 498 4395 σωμεν
533 4329 627 4380 καὶ
656 4327 752 4396 τὴν
779 4329 951 4380 πόλιν.
997 4328 1392 4397 Ἐτοιμάζεσοε
1426 4330 1483 4382 δὲ
1533 4333 1671 4402 πρὸς
1729 4332 1886 4385 τοῦτο

308 4423 411 4484 ἓως
436 4423 561 4476 ὅτου
597 4423 662 4474 νὰ
690 4421 868 4493 φθάσῃ
902 4424 934 4492 ἡ
969 4421 1110 4490 ὥρα,
1140 4424 1331 4475 ὁποίαν
1374 4423 1483 4490 ἐγὼ
1531 4424 1804 4490 γινώσκω.
1857 4443 1958 4512 ιο

310 4513 419 4564 Καὶ.
445 4511 619 4565 ταῦτα
648 4512 893 4574 εἰπόντος
926 4513 1106 4580 ἀπέϐη
1133 4511 1226 4565 τοῦ
1263 4514 1489 4581 ἡμιόνου
1517 4507 1578 4566 οὗ
1610 4517 1882 4583 έποχείτο,

311 4607 406 4655 καὶ
433 4603 683 4672 εἰσῆλθεν
711 4606 789 4666 εἰς
818 4605 916 4672 τὴν
949 4604 1138 4657 τένταν
1165 4606 1263 4674 τὴν
1307 4606 1609 4675 ἱσταμένην
1628 4607 1734 4659 ἀπὸ
1758 4625 1885 4659 κενο

312 4697 563 4760 τωύιιλου,
618 4698 716 4748 καὶ
765 4697 967 4766 ἤρξατο
989 4697 1394 4765 ἀναγινώσκειν
1418 4701 1514 4762 τὰς
1544 4699 1761 4769 βίϐλους
1792 4700 1886 4753 τοῦ

313 4787 560 4856 Μωὰμεθ
591 4789 684 4839 καὶ
725 4787 794 4838 τὰ
837 4787 1114 4855 Ῥἁμπλια
1144 4788 1431 4856 πράττειν.
1469 4791 1626 4844 Μετὰ
1654 4791 1878 4860 ὑποκρίο

316 4895 456 4940 σεως
481 4878 538 4930 δὲ
567 4878 742 4931 ταῦτα
765 4879 959 4941 ἐποίει,
983 4879 1056 4940 ὠς
1084 4879 1170 4931 ἵνα
1201 4881 1521 4933 ἀπατῶνται
1552 4883 1601 4934 οἱ
1649 4882 1891 4951 Τοῦρωι-

313 4971 410 5022 καὶ
448 4969 791 5040 προσκυνοῦν
829 4972 924 5024 καὶ
942 4968 1196 5032 δοξάζουν
1226 4969 1300 5031 ὡς
1327 4971 1617 5041 προφήτην
1649 4973 1883 5036 ἐκεῖνον,

313 5060 459 5114 καθὰ
494 5061 589 5112 καὶ
621 5063 649 5113 6
678 5060 949 5129 δεσπότης
975 5060 1086 5112 τῶν
1135 5060 1400 5128 Τούρκων
1451 5064 1544 5116 καλ⁸
1591 5065 1790 5125 πάντες
1837 5065 1884 5116 οἱ

309 5152 728 5220 Μουσουλμάνοι
759 5153 936 5222 ἁληθῆ
972 5153 1065 5206 καὶ
1113 5152 1305 5222 βέϐαια
1342 5154 1636 5222 κρατοῦσιν
1704 5156 1885 5207 πάντα

307 5246 378 5300 τὸ.
400 5244 706 5315 λαληθέντα
753 5246 818 5297 ἐκ
854 5245 1068 5306 τούτου,
1108 5247 1202 5298 καὶ
1251 5245 1454 5307 πάντες
1492 5245 1590 5313 τὴν
1634 5246 1884 5298 κέλευσιν

307 5340 504 5411 ἔμενον
543 5339 643 5411 τὴν
682 5339 1024 5403 ἐκείνου,ἴνα
1057 5339 1338 5410 προστάξῃ
1374 5339 1469 5391 τοῦ
1499 5338 1742 5398 πολέμου
1786 5337 1886 5406 τὴν

309 5431 460 5504 ὥραν
484 5431 576 5483 καὶ
610 5431 861 5498 δράμωσι
892 5429 1090 5491 πάντες
1121 5431 1218 5481 καὶ
1247 5429 1564 5500 κρατήσωσι
1597 5427 1697 5498 τὴν
1727 5427 1885 5478 πόλιν

308 5524 403 5576 καὶ
437 5523 562 5582 τοὺς
603 5518 914 5588 Ῥωμαίους
947 5519 1394 5587 αἰχμαλωτισωσι
1435 5519 1664 5572 πάντας.
1693 5517 1881 5583 Ταύτη

305 5617 370 5682 δὴ
401 5617 433 5684 ἡ
469 5613 600 5682 κενὴ
635 5615 726 5665 καὶ
763 5611 972 5680 ματαία
1009 5612 1162 5673 ἐλπὶς
1193 5612 1334 5680 μέγα
1376 5611 1578 5678 θράσος
1611 5614 1704 5663 καὶ
1755 5611 1879 5661 τόλ-

311 5703 422 5776 μην
454 5707 545 5759 καὶ
572 5705 912 5776 εὐφροσύνην
943 5706 1059 5768 τοῖς
1097 5705 1363 5775 Τούρκοις
1412 5705 1676 5774 ἐνέπλησε
1731 5704 1882 5766 τότε,

322 5800 417 5852 καὶ
451 5797 558 5854 ἀπὸ
585 5798 778 5850 τούτου
810 5797 1027 5868 ἔχαιρον
1063 5797 1156 5865 καὶ
1189 5796 1549 5852 ἐσπατάλουν.

1995 3230 2083 3273 tttr
2113 3220 2264 3275 frena
2288 3229 2341 3274 et
2394 3221 2577 3288 pedes.
2655 3220 2853 3274 Eadem
2915 3221 3125 3274 ratione
3155 3233 3209 3274 et
3267 3199 3572 3277 Turcarum

1992 3311 2244 3379 princeps
2279 3311 2550 3364 serviliter
2579 3325 2702 3364 eum
2754 3311 2978 3379 excipit.
3031 3311 3125 3366 Ille
3171 3315 3351 3382 gravis
3411 3315 3575 3367 alios-

1991 3417 2096 3472 que
2127 3403 2364 3456 maximo
2392 3401 2680 3456 intervallo
2713 3405 3130 3472 supereminens
3175 3420 3388 3469 omnes,
3447 3421 3574 3460 nec-

1990 3508 2098 3547 non
2146 3493 2400 3561 superbia
2461 3503 2696 3559 tumens,
2725 3503 2778 3546 et
2840 3495 3132 3564 magniﬁce
3186 3510 3306 3550 sese
3355 3496 3573 3566 jactans

1990 3596 2154 3655 atque
2188 3595 2489 3652 ostentans,
2542 3587 2707 3641 veluti
2766 3602 3027 3657 procerus
3049 3598 3106 3644 et
3159 3605 3388 3660 magnus
3420 3599 3475 3644 et
3505 3591 3575 3646 de

1990 3681 2240 3750 prosapia
2297 3680 2728 3741 Mahometi,vix
2788 3683 3008 3736 tandem
3067 3697 3378 3736 sermonem
3434 3685 3574 3738 inse

1988 3775 2308 3839 assumpsit,
2369 3771 2645 3842 dixitque:
2687 3791 2706 3824 ι
2751 3772 2980 3841 Scitote,
3040 3774 3386 3837 Musulmani,
3436 3783 3491 3828 et
3515 3785 3571 3828 ιιι

1991 3865 2082 3933 qui
2107 3863 2363 3916 omnibus
2398 3878 2569 3929 pra'es
2591 3903 2605 3927 ,
2645 3879 2734 3917 me
2760 3878 2790 3916 a
2826 3880 3022 3933 magno
3046 3866 3310 3934 propheta
3369 3866 3574 3922 Rasule

1991 3953 2301 4009 Mabometo
2350 3955 2577 4010 missum
2645 3953 2815 4010 fuisse
2855 3956 2923 4010 ad
2984 3956 3273 4013 conflictus
3331 3967 3569 4026 tempus,

1993 4059 2247 4118 tanquam
2279 4049 2367 4119 qtti
2398 4047 2578 4102 futura
2612 4063 2893 4116 praenosco
2930 4058 2983 4103 et
3030 4059 3182 4106 vates
3230 4065 3373 4115 sum,
3433 4067 3572 4121 pra-

1991 4137 2378 4204 nttntiandum,
2410 4145 2468 4191 ut
2522 4139 2814 4193 Grmcosin
2871 4141 3212 4204 servitutem,
3261 4144 3451 4196 urbem
3515 4145 3568 4198 in

1989 4232 2359 4300 captivitatem
2392 4231 2674 4286 dedamus.
2724 4231 3006 4302 Aecingite
3043 4247 3176 4301 ergo
3211 4249 3307 4286 vos
3329 4241 3383 4286 et
3431 4249 3571 4300 prat-

1989 4334 2198 4391 parate,
2228 4325 2353 4376 dum
2394 4325 2537 4392 quod
2597 4325 2711 4392 ipse
2765 4325 2887 4378 novi
2939 4335 3154 4392 tempus
3206 4327 3504 4381 advenerit.
3542 4345 3568 4380 ι

1990 4413 2087 4470 His
2126 4416 2290 4470 (lictis
2356 4419 2501 4469 mula
2569 4430 2677 4484 qua
2737 4416 3038 4469 vehebatur
3089 4417 3388 4482 descendit,
3429 4427 3482 4473 et
3513 4419 3568 4473 in

1989 4507 2283 4561 tentorium
2306 4509 2494 4562 introit
2525 4522 2589 4561 ex
2624 4508 2987 4562 centumculis
3010 4508 3339 4571 conlectum.
3374 4513 3570 4580 οωρῑι-

1987 4615 2091 4669 qtte
2123 4599 2290 4652 libros
2345 4598 2636 4651 Mahometi
2702 4613 3020 4667 percurrere
3042 4609 3093 4653 et
3135 4599 3383 4668 Ramplia
3434 4618 3569 4656 cou-

1990 4692 2170 4754 licere,
2205 4691 2297 4743 sed
2365 4705 2488 4744 cum
2542 4691 2910 4755 simulatione,
2978 4698 3038 4745 ut
3097 4691 3296 4746 Tu'rcze
3357 4693 3567 4764 decepti

1989 4785 2165 4853 ipsum
2203 4791 2460 4852 tanquant
2493 4769 2810 4852 prophetam
2850 4796 3247 4838 venerarentur
3291 4795 3343 4839 ct
3367 4787 3568 4842 adora-

1995 4886 2113 4929 rent
2152 4877 2649 4947 ;quemadmodum
2700 4875 3002 4930 Turcarum
3038 4878 3292 4946 princeps
3339 4889 3392 4933 et
3443 4881 3568 4934 reli-

1992 4968 2084 5037 qui
2123 4967 2448 5023 Musulmaui
2484 4983 2609 5022 vera
2648 4970 2910 5038 ﬁrmaque
2967 4969 3259 5024 credebant
3310 4986 3428 5039 quae
3479 4972 3568 5025 ille

1995 5062 2264 5122 edixerat,
2308 5060 2571 5129 jussaque
2598 5060 2747 5115 illius
2776 5063 3194 5128 exspectabant,
3231 5070 3288 5115 ut
3348 5072 3566 5134 tempus

1995 5166 2188 5221 pugnte
2224 5152 2540 5218 praeciperet
2593 5167 2606 5215 ;
2641 5158 2752 5203 tum
2802 5149 2944 5202 enim
2981 5149 3095 5204 fore
3137 5159 3195 5202 ttt
3233 5151 3330 5219 ipsi
3363 5165 3569 5204 convo-

1994 5245 2168 5298 lantes
2205 5243 2339 5297 urbe
2376 5243 2698 5309 potirentur,
2728 5243 3056 5311 Grtecosque
3089 5258 3282 5306 omnes
3311 5244 3364 5295 in
3395 5241 3568 5310 capti-

1992 5335 2217 5389 vitatem
2262 5335 2620 5388 abducerent.
2671 5334 2794 5390 Haec
2830 5351 2966 5389 vana
3003 5351 3126 5404 spes
3166 5350 3228 5388 ac
3258 5333 3430 5387 futilis
3453 5348 3569 5384 nta-

1991 5442 2153 5496 gnam
2191 5423 2386 5480 Turcis
2417 5441 2484 5478 eo
2521 5436 2763 5494 tempore
2796 5426 2903 5478 vim
2936 5435 2988 5480 et
3037 5426 3319 5479 audaciam
3353 5435 3564 5476 necnon

1993 5518 2236 5572 lzetitiam
2267 5518 2484 5571 almnde
2543 5518 2874 5579 conciliavit,
2901 5525 2953 5569 et
2979 5531 3040 5568 ex
3071 5530 3136 5568 eo
3162 5525 3402 5582 tempore
3433 5525 3567 5578 gau-

1988 5611 2078 5664 dio
2112 5611 2414 5680 gestiebant
2448 5623 2500 5664 et
2523 5611 2779 5664 deliciosc
2805 5609 2969 5661 vitam
3014 5607 3268 5672 agebant,
3321 5604 3430 5655 imo
3478 5601 3566 5653 die

1995 5715 2269 5771 noctuque
2296 5703 2505 5770 palmas
2537 5701 2936 5771 percutiebant,
2964 5711 3263 5763 vocemque
3291 5693 3565 5747 Mersaita

1991 5795 2382 5864 exspectabant
2420 5808 2678 5866 tanquam
2711 5790 3053 5848 veracissimi
3091 5790 3268 5860 angeli
3317 5791 3383 5844 ad
3415 5787 3563 5844 Grae-

1999 5902 2092 5942 cos
2123 5888 2478 5944 cautivandos
