4144 6282
532 371 599 433 71
1820 368 2152 429 JOANNIS
2184 367 2461 429 CANANI
3724 368 3793 432 72

605 485 849 558 Singulis
896 500 1110 556 quoque
1148 486 1341 542 diebus
1394 501 1457 542 ac
1478 488 1755 552 noctibus,
1810 487 1921 542 imo
1960 489 2108 541 hnris
2138 506 2184 561 Α

532 577 778 646 linguam
812 575 1077 629 adversus
1116 594 1215 631 nos
1249 578 1412 649 veluti
1470 579 1726 646 utrinque
1775 588 2110 646 prmacntum

533 684 719 723 ensem
778 668 1078 738 agitabant,
1129 668 1507 723 voci-sefferas
1570 678 1733 738 atque
1783 669 2113 724 inhumanas

534 763 884 830 impudenter
937 762 1308 830 injurioscque
1362 762 1703 826 emittentes,
1757 779 1865 816 non
1903 772 2111 818 tantum

533 852 898 923 patriarcham
930 862 981 907 el
1035 852 1442 919 imperatorem,
1477 853 1569 907 sed
1633 855 1791 908 Iidem
1824 856 1984 910 ctiam
2018 871 2116 909 no-

530 954 700 999 stram
732 944 990 997 audacter
1014 943 1446 1011 itnprOperantes
1473 953 1523 997 et
1573 944 1936 999 inverecunde
1972 947 2116 999 blas-

534 1040 873 1104 phemant‘s.
916 1055 933 1087 ι
975 1035 1077 1090 Uhi
1108 1046 1187 1088 est
1214 1035 1355 1090 Drus
1400 1039 1630 1091 vester?
1690 1038 1733 1091 Ο
1783 1038 2115 1093 tenebricosi

538 1129 766 1182 Romani
792 1130 804 1180 ι
832 1127 929 1183 Ubi
949 1127 1200 1181 Christus
1224 1130 1435 1182 vester?
1463 1128 1557 1185 Ubi
1578 1130 1895 1183 suntsancti
1925 1132 2113 1195 vestri,

532 1224 625 1290 qui
650 1223 800 1275 vobis
825 1238 978 1289 opem
1009 1223 1249 1273 tulerunt
1269 1222 1289 1273 ?
1310 1222 1441 1275 (iras
1468 1223 1601 1275 urbe
1630 1224 1921 1291 potiemur,
1941 1233 1995 1276 et
2023 1240 2116 1279 vos

538 1329 727 1366 servos
758 1316 1111 1379 captivosque
1137 1315 1472 1367 abduremus
1501 1332 1515 1367 :
1549 1316 1812 1369 uxoribus
1845 1318 2041 1370 vestris
2066 1328 2118 1371 ct

535 1405 661 1457 filiis
688 1404 906 1463 veSIris.
946 1406 1099 1459 vobis
1127 1406 1579 1474 inspectantibus.
1633 1409 1736 1461 vim
1767 1406 2066 1463 inferemus
2101 1425 2113 1461 :

543 1509 756 1550 vestras
788 1498 1052 1551 m0niahs
1088 1514 1207 1551 rum
1241 1497 1541 1553 Tun-arum
1569 1501 1847 1556 monachis
1881 1502 2119 1571 despon-

544 1587 806 1641 sabimus.
840 1585 942 1640 Per
974 1587 1130 1640 ﬁdem
1166 1597 1406 1642 nostram
1439 1606 1562 1643 vere
1594 1592 1705 1645 haac
1732 1592 1989 1661 propheta
2021 1607 2120 1648 n0-

534 1690 646 1729 ster
677 1680 957 1745 pratdit-al.
983 1698 999 1728 ι
1028 1678 1149 1731 llzer.
1175 1691 1357 1733 autem
1390 1691 1643 1749 tanquam
1671 1684 1826 1737 firma
1855 1694 2119 1753 certaque

538 1769 691 1837 impii
727 1771 1009 1833 tcncham,
1053 1771 1287 1839 ideoque
1319 1773 1498 1842 jurgia
1533 1774 1621 1827 illa
1654 1776 1818 1842 impia
1854 1777 1907 1829 in
1948 1776 2114 1831 Deum

2294 486 2455 537 Ἀλλὰ
2492 485 2585 536 καὶ
2611 484 2733 537 καθ’
2774 482 2988 553 ἡμέραν
3020 485 3115 535 καὶ
3152 482 3324 536 νύκτα
3382 483 3483 546 τὰς
3530 483 3791 553 παλάμας

2218 576 2501 646 ἐκράτουν,
2536 575 2750 628 καὶτοῦ
2779 576 3075 643 Ἀῐηρσαῖτη
3128 577 3227 645 τὴν
3286 575 3472 645 φωνὴν
3530 576 3798 645 ἀνέμενον

2216 668 2291 728 ὡς
2313 668 2549 734 ἀγγέλου
2600 668 3001 736 ἁληΟεστάτου,
3051 668 3125 729 ὡς
3183 668 3271 721 ἵνα
3323 666 3794 735 αἰχμαλωτίσουσι

2217 761 2342 823 τοὺς
2394 761 2724 830 Ῥωμαίους.
2774 761 2938 815 Ἀλλὰ
2963 760 3059 812 καὶ
3082 758 3204 812 καθ’
3235 761 3453 830 ἡμέραν
3485 760 3582 813 καὶ
3620 760 3793 813 νύκτα

2220 854 2314 907 καὶ
2344 853 2492 924 ὤραν
2525 854 2623 920 τὴν
2657 852 2915 918 γλῶσσαν
2948 852 3131 905 αὐτῶν
3163 851 3289 905 καθ’
3324 853 3482 921 ἡμῶν
3509 852 3585 913 ὡς
3616 851 3795 904 δίστοο

2222 963 2321 1014 μον
2356 946 2512 1012 ξίφος
2550 944 2831 1013 ὴκὸνιζαν,
2860 947 2953 996 καὶ
2978 944 3161 1012 φωνὰς
3189 944 3423 1012 ἀγρίους
3455 944 3549 996 καὶ
3596 944 3799 1011 ἀνημέ-

2223 1054 2345 1105 ρους
2399 1039 2589 1105 ἔλεγον
2653 1038 2886 1099 ἀναιδῶς
2946 1040 3038 1090 καὶ
3085 1035 3440 1108 ὑϐριστικῶς.
3479 1033 3571 1105 Μὴ
3630 1035 3793 1103 μόνον

2218 1130 2357 1182 κατὰ
2387 1130 2741 1199 πατρεαρχῶν
2764 1147 2823 1182 τε
2861 1130 2954 1181 καὶ
2985 1127 3249 1198 βασιλέως
3297 1127 3661 1196 αἱσχροτάτας
3682 1142 3793 1193 qut-

2218 1221 2312 1281 νὰς
2340 1221 2685 1289 ἀνέπεμπον,
2725 1221 2859 1273 ἀλλὰ
2884 1219 3145 1272 καὶκατὰ
3185 1219 3283 1285 τῆς
3332 1219 3573 1277 πίστεως
3629 1218 3793 1285 ἡμῶν

2218 1312 2508 1379 τολμηρῶς
2538 1310 2896 1375 ὀνειδίζοντες
2929 1309 3021 1361 καὶ
3046 1307 3285 1368 ἀναιδῶς
3337 1307 3795 1377 βλασφημοῦντες

2220 1404 2429 1470 ἔλεγον.
2471 1422 2487 1454 ι
2528 1403 2639 1456 Ποῦ
2684 1407 2711 1457 ὁ
2736 1404 2867 1466 Θεός
2913 1420 3033 1467 σας,
3069 1395 3113 1453 ὦ
3154 1402 3420 1453 σκοτεινοὶ
3492 1400 3797 1468 Ῥωμαῖοι;

2219 1494 2324 1547 ποῦ
2360 1499 2387 1547 ὁ
2416 1496 2653 1567 Χριστός
2692 1513 2832 1560 σας;
2867 1495 2972 1547 ποῦ
3005 1491 3224 1549 εἶναιοὶ
3250 1494 3397 1562 ἇγιοί
3427 1512 3528 1557 σας
3571 1497 3636 1548 νὰ
3698 1497 3797 1559 σὲς

2221 1588 2564 1657 βοηθήσουν;
2604 1587 2807 1658 Αὔριον
2830 1590 2930 1657 τὴν
2954 1587 3111 1655 πὸλιν
3154 1587 3483 1655 ἐπέρνομεν,
3534 1589 3628 1640 καὶ
3667 1590 3795 1649 ἐσᾶς

2219 1679 2604 1750 αἰχμαλώτους
2633 1685 2727 1733 καὶ
2756 1680 3028 1743 σκλὰϐους
3050 1678 3271 1748 ἔχομεν.
3296 1678 3501 1742 καὶτὰς
3532 1681 3796 1747 γυναῖκάς

2222 1788 2323 1834 σας
2353 1776 2448 1824 καὶ
2485 1772 2554 1824 τὰ
2584 1772 2774 1825 παιδία
2812 1789 2911 1834 σας
2947 1772 3264 1841 ἔμπροσθεν
3316 1773 3471 1841 ὑμῶν
3513 1774 3795 1841 ἀτιμάσω·-

534 1862 1183 1917 antrum-effundebant.
1236 1863 1368 1919 Cum
1400 1868 1615 1921 tandem
1682 1876 1952 1937 postrema
1989 1869 2113 1925 belli

2223 1880 2347 1932 μεν,
2377 1864 2593 1926 καὶτὰς
2622 1863 2965 1933 καλογραίας
3015 1880 3115 1926 σας
3144 1863 3212 1932 μὲ
3241 1865 3370 1926 τοὺς
3423 1863 3801 1933 Τουρκοκαλοα

533 1952 752 2008 Turcici
778 1954 892 2007 dies
916 1955 1160 2020 advenit,
1203 1973 1365 2025 quam
1416 1958 1525 2012 illis
1556 1975 1784 2031 magnus
1821 1962 2123 2027 praevatici-

532 2053 694 2099 natus
727 2047 901 2099 fuerat
931 2048 1189 2101 Mersaita
1228 2049 1533 2103 Turcarum
1565 2064 1740 2116 vates,
1767 2052 1908 2107 dixit
1937 2054 2122 2124 copia-

533 2153 656 2189 rum
688 2138 902 2191 ductori
940 2138 1528 2207 Musulmanorumque
1558 2143 1791 2209 principi
1825 2156 1838 2193 :
1865 2161 1885 2194 ι
1916 2142 1996 2199 Ne
2025 2144 2118 2197 diu

536 2244 719 2283 moras
749 2230 1045 2291 traherent,
1083 2229 1177 2284 sed
1211 2232 1540 2298 quantocius
1566 2232 1781 2299 juhcrct
1808 2234 2119 2298 ordinibus,

536 2324 594 2370 ut
623 2331 683 2370 se
713 2326 925 2370 arment
957 2327 1011 2370 et
1040 2318 1319 2371 machinas
1370 2333 1559 2375 omnes
1596 2328 1651 2374 et
1678 2321 1743 2374 ad
1781 2322 1979 2375 bellum
2022 2338 2115 2377 nev

534 2409 774 2463 ccssaria
818 2411 1113 2475 instruant,
1151 2423 1204 2463 ut
1237 2422 1483 2480 prompta
1541 2413 1655 2467 sint
1685 2430 1698 2467 :
1730 2423 1912 2481 postea
1952 2430 2117 2485 prope

532 2502 721 2554 urbem
756 2502 821 2555 ad
890 2502 977 2555 teli
1003 2501 1210 2572 jactum
1268 2503 1639 2559 conferantur.
1704 2505 1930 2574 Signum
1973 2518 2114 2573 esto,

536 2593 683 2659 quod
717 2593 905 2658 jubro.
939 2593 1077 2648 Cum
1137 2610 1221 2648 tne
1258 2611 1422 2665 super
1450 2612 1651 2666 equum
1695 2599 1863 2654 altum
1923 2599 2115 2655 sedere

532 2692 588 2734 et
609 2682 658 2735 in
680 2683 898 2738 dextera
930 2701 1044 2739 mea
1072 2687 1274 2741 nudum
1302 2704 1491 2742 ensem
1518 2691 1896 2758 conspicietis,
1923 2698 2115 2759 terque

535 2788 724 2828 vocem
759 2792 931 2830 meant
971 2793 1095 2831 cum
1127 2779 1364 2833 clamore
1392 2790 1446 2834 et
1473 2782 1703 2849 surpitu
1728 2790 1779 2835 et
1828 2781 2028 2849 impetu
2060 2791 2114 2835 et

533 2867 890 2936 applansibus
919 2880 975 2921 et
1005 2874 1226 2939 organis
1250 2874 1557 2935 audieritis,
1590 2876 1639 2927 in
1691 2872 1908 2927 Graecos
1942 2873 2113 2941 impe-

538 2968 652 3010 tnm
685 2957 876 3023 facile;
908 2968 961 3013 et
996 2961 1138 3014 ultro
1170 2962 1322 3018 urbis
1360 2966 1559 3018 muenia
1603 2974 1885 3025 corruent,
1922 2976 1976 3019 et
2016 2982 2111 3021 vos

534 3049 686 3102 nullo
717 3050 969 3104 obstante
996 3052 1223 3123 ingressi
1258 3054 1492 3121 praedam
1543 3057 1736 3127 agite.»
1777 3057 1841 3111 Et
1860 3060 1956 3114 has
1985 3060 2108 3128 qui-

534 3137 661 3191 dem
684 3155 856 3209 nugas
917 3141 1170 3197 Mersaita
1238 3154 1498 3215 tanquam
1565 3158 1745 3204 certas
1778 3166 1843 3204 ac
1885 3150 2110 3206 stabiles

2221 1957 2419 2026 γέρους
2443 1957 2509 2010 νὰ
2532 1956 2961 2026 παντρέψωμεν.
2996 1957 3091 2011 Μὰ
3128 1955 3225 2027 τὴν
3270 1957 3454 2010 πίστιν
3506 1974 3615 2025 μας
3663 1956 3793 2027 ἁλήο

2221 2046 2342 2099 Θεία
2381 2050 2409 2100 ὁ
2435 2051 2720 2117 προφήτης
2758 2066 2864 2115 μας
2914 2046 3045 2116 ἕτζη
3087 2048 3258 2115 λέγει.
3301 2065 3320 2098 ι
3388 2048 3577 2101 Ταῦτα
3607 2049 3661 2100 δὲ
3717 2049 3792 2112 ὡς

2223 2133 2416 2202 βέϐαια
2439 2136 2532 2190 καὶ
2569 2134 2983 2204 ὁμολογούμενα
3013 2137 3062 2188 οί
3096 2136 3319 2201 ἀσεϐεῖς
3347 2138 3550 2207 είχασι,
3592 2140 3688 2195 καὶ
3706 2139 3794 2195 διὰ

2219 2224 2379 2275 τοῦτο
2409 2227 2498 2275 τὸν
2520 2224 2654 2277 Θεὸν
2679 2227 2833 2294 ἡμῶν
2879 2227 3145 2292 ὀνείδιζον
3185 2229 3399 2292 ἀσεϐῶς
3447 2230 3641 2285 ταῦτα.
3705 2230 3793 2294 Ὠς

2218 2314 2281 2383 δὴ
2315 2315 2552 2384 ἔφθασεν
2582 2317 2614 2387 ἡ
2644 2318 2827 2371 τελεία
2857 2319 3042 2389 ἡμέρα
3072 2320 3437 2398 τοῦδπολέμου
3476 2323 3585 2375 τῶν
3623 2322 3797 2389 Toup.

2220 2425 2355 2473 κων,
2402 2409 2598 2463 ὁποίαν
2655 2409 2793 2478 παρ’
2843 2411 3121 2474 ἐκείνοιςὸ
3185 2414 3362 2482 μέγας
3421 2414 3794 2485 προεθέσπισε

2218 2499 2553 2571 Μηρσαΐτης
2608 2499 2637 2553 ὀ
2689 2500 2980 2572 προφήτης
3033 2502 3286 2568 ἐκείνων,
3345 2499 3468 2559 εἷπε
3527 2507 3668 2576 πρὸς
3702 2509 3795 2561 τὸν

2219 2592 2567 2662 στρατάρχην
2591 2593 2685 2647 καὶ
2711 2593 2982 2664 δεσπότην
3013 2595 3123 2647 τῶν
3155 2595 3621 2664 Μουσουλμάνωνο
3648 2617 3666 2651 ι
3701 2599 3794 2668 Μὴ

2218 2684 2451 2755 βράδυνε
2487 2687 2579 2738 ἐπὶ
2613 2686 2799 2751 πλέον,
2830 2687 2967 2741 ἀλλὰ
3007 2688 3222 2758 ταχέως
3252 2688 3353 2753 τὰς
3383 2690 3570 2755 τάξεις
3632 2690 3795 2757 τάξον

2216 2777 2663 2847 καθοπλισθῆναι,
2682 2780 2770 2830 καὶ
2788 2780 2896 2831 πᾶν
2919 2777 3368 2847 μηχανικὼτατον
3384 2782 3477 2836 καὶ
3496 2782 3800 2853 πολεμικώ-

2214 2884 2377 2921 τατον
2413 2868 2576 2936 ἔργον
2600 2868 2817 2939 ἔχοντες
2838 2870 2896 2934 ἐξ
2916 2871 3027 2923 ἐτοί
3035 2889 3159 2940 μου,
3182 2872 3276 2925 καὶ
3295 2874 3392 2926 σὺν
3410 2875 3622 2938 τούτοις
3643 2875 3795 2944 γενέ-

2216 2962 2327 3011 σθω
2342 2961 2440 3028 τῆς
2454 2961 2663 3024 πόλεώς
2681 2977 2739 3013 τε
2764 2962 2988 3031 πλησίον
3018 2964 3141 3017 ὅσον
3160 2965 3316 3032 τόξου
3337 2966 3498 3039 βολὴν
3520 2972 3600 3033 είς
3621 2969 3682 3023 τὸ
3698 2969 3799 3039 κάλ)

2216 3066 2401 3120 στρον.
2426 3053 2533 3104 Καὶ
2555 3051 2838 3122 σύνθημα)
2860 3048 2982 3107 εἶπε
3004 3074 3023 3106 ‹
3043 3058 3369 3126 προστάσσω
3387 3062 3793 3117 τοιόνδε.”οταν

2213 3138 2297 3206 ἐφ’
2332 3138 2501 3193 ἵππου
2545 3140 2754 3213 ὑψηλοῦ
2789 3160 2859 3213 με
2892 3146 3208 3216 καθήμενον
3244 3146 3562 3220 θεωρήσητε
3611 3152 3707 3205 καὶ
3736 3154 3794 3205 ἐν

537 3231 899 3289 Mnsuhnanis
962 3250 1061 3303 pro
1109 3210 1375 3292 concione
1426 3241 1723 3309 garriebat,
1775 3243 1973 3312 quippe
2017 3244 2109 3313 qui

2219 3230 2368 3301 δεξιᾲ
2404 3234 2470 3301 τῇ
2520 3210 2667 3304 χειρί
2701 3210 2806 3303 μου
2862 3210 3079 3306 σπάθην
3110 3210 3794 3310 γεγυμνωμενηνϐεάσητε

547 3325 839 3379 Mahomcti
876 3328 1133 3381 vaticinia
1162 3339 1214 3383 et
1240 3331 1457 3387 Rasulis
1478 3331 1771 3388 Mahometi
1799 3336 1966 3390 libros
1988 3352 2117 3405 pos-

532 3414 760 3469 sideret.
809 3416 872 3471 Et
901 3419 1013 3473 lnec
1068 3420 1157 3473 ille
1193 3430 1288 3486 ;at
1317 3423 1597 3490 copiarum
1630 3425 1821 3478 ductor
1857 3427 2114 3496 princeps

536 3505 1004 3564 Musulmauorum
1042 3511 1273 3580 imperio
1302 3514 1533 3567 audiens
1563 3516 1847 3571 ordinibus
1863 3518 2117 3573 omnibus

535 3596 801 3664 praecipit,
830 3607 888 3651 ut
919 3613 1038 3653 sese
1066 3611 1279 3654 arment
1300 3610 1353 3656 et
1373 3613 1693 3673 apparatum
1727 3620 1941 3660 omnem
1964 3606 2122 3661 belli-

536 3706 553 3737 ι
573 3703 663 3741 um
693 3688 943 3745 manibus
968 3698 1226 3747 tradtent.
1243 3690 1438 3747 Subito
1457 3695 1626 3763 copiae
1645 3694 2118 3753 Musulmanorum

534 3790 592 3837 et
612 3781 850 3836 universi
872 3783 1146 3837 exercitus
1166 3783 1320 3852 jussa
1346 3797 1744 3859 exsequuntur,
1764 3797 1817 3841 et
1841 3803 2116 3843 armorum

534 3889 699 3931 omne
716 3890 888 3945 genus
910 3883 965 3931 et
986 3884 1279 3946 apparatus
1308 3878 1724 3947 cepiosissimos
1749 3888 1805 3934 et
1833 3881 2120 3938 machinas

536 3967 731 4021 ordine
755 3968 1086 4037 disponunt:
1111 3970 1202 4023 alii
1220 3970 1397 4025 scalas
1419 3968 1689 4036 ferebant,
1708 3973 1887 4028 scalas
1916 3974 2119 4042 varias,

544 4072 793 4125 magnas,
823 4072 1041 4125 parvas,
1073 4061 1166 4114 alii
1196 4061 1437 4129 stipites,
1461 4063 1552 4116 alii
1586 4066 1787 4128 trabes,
1815 4066 1904 4120 alii
1938 4065 2118 4136 ignem

537 4167 662 4206 cum
695 4149 1016 4214 mazaladis,
1050 4152 1141 4205 alii
1162 4154 1456 4223 scl0pctos,
1484 4156 1925 4212 aliiarmamenta
1946 4159 2120 4214 ferrea

539 4243 804 4311 iugentia,
825 4244 1006 4297 omnia
1047 4243 1191 4298 ferro
1218 4246 1708 4314 circutnsepta,alii
1740 4250 2004 4315 plocotas,
2025 4250 2119 4303 alii

538 4338 773 4406 pavetia,
834 4337 926 4390 alii
957 4336 1164 4393 ferreos
1180 4353 1349 4392 uncos
1377 4348 1609 4391 etomne
1639 4338 1885 4391 bellicum
1916 4339 2119 4392 instru-

539 4440 807 4491 mrntum,
848 4438 1125 4482 armatura
1155 4428 1393 4495 undique
1423 4426 1616 4481 muniti
1646 4428 1825 4480 valida
1860 4437 1914 4481 et
1941 4427 2117 4481 ferrea

536 4531 591 4574 et
623 4518 934 4589 ingentibus
983 4518 1170 4588 galeis.
1226 4518 1454 4574 Militum
1508 4534 1771 4573 numerus
1801 4520 1854 4573 in
1907 4528 2113 4573 tantum
2149 4542 2193 4599 ι)

536 4622 804 4672 creverat,
836 4622 895 4665 ιιι
946 4611 1013 4664 ab
1070 4625 1178 4664 uno
1244 4620 1491 4665 extremo
1550 4621 1719 4680 portae
1760 4610 2003 4682 Chrysis
2047 4614 2113 4667 ad

537 4706 683 4759 aliud
717 4705 1025 4776 XyIOportae
1054 4703 1237 4758 omnia
1284 4711 1600 4771 occuparet.
1662 4703 1812 4758 Bello
1875 4705 2116 4775 prafecti

534 4797 843 4848 Turcarutn
893 4795 1192 4864 phalanges
1253 4794 1546 4847 ordinatim
1601 4810 1798 4864 prope
1850 4807 2113 4863 castrum,

538 4896 596 4939 nt
626 4888 1094 4955 psrutloprophcta
1118 4886 1447 4939 vaticinatus
1473 4884 1669 4949 fuerat,
1700 4887 2112 4955 disposuerunt.

540 4977 859 5045 Sagittarios
889 4978 1008 5031 illos
1055 4976 1479 5030 innumerabiles
1502 4987 1875 5047 prmcepcrunt
1921 4994 2113 5035 omnes

538 5066 699 5121 simul
732 5069 958 5135 sagittas
999 5066 1261 5133 ejaculari
1313 5081 1475 5136 supra
1536 5082 1775 5121 casn'um
1805 5081 1857 5122 et
1916 5085 2115 5139 propu-

538 5160 787 5230 gnacula,
834 5168 892 5212 ut
924 5160 1229 5212 vulneratis
1260 5161 1563 5231 occisisque
1595 5164 1876 5218 nonnullis
1896 5164 2115 5217 Graeco-

539 5270 685 5315 rum,
719 5255 809 5307 alii
844 5268 953 5324 pra.
984 5263 1127 5306 metu
1160 5253 1211 5307 in
1244 5254 1424 5323 fugam
1446 5271 1503 5311 se
1557 5265 1831 5309 verterent
1887 5266 1941 5313 et
1974 5271 2111 5311 mae-

537 5348 627 5401 nia
659 5347 1041 5405 destituerem.
1075 5345 1213 5402 Hinc
1262 5349 1495 5403 facultas
1545 5348 1653 5406 illis
1704 5348 1869 5404 fuerit
1921 5363 2114 5405 ascen-

535 5428 695 5495 dendi
725 5440 872 5493 nullo
923 5438 1249 5509 impediente
1303 5443 1603 5512 urbemque
1656 5442 1925 5511 capiendi.
1960 5440 2115 5496 Grae-

536 5549 726 5589 corum
757 5532 973 5587 interitu
1002 5533 1290 5587 multitudo
1326 5542 1679 5603 prospectans
1699 5534 1886 5587 bellica
1908 5533 2115 5587 Turca-

535 5640 654 5678 rnm
688 5624 929 5679 facinora
960 5633 1014 5678 et
1057 5635 1371 5694 apparatus,
1430 5641 1639 5680 necnon
1693 5641 1759 5679 ex
1808 5624 2111 5678 innumeris

541 5719 856 5773 nationibus
886 5721 1160 5774 exercitus
1178 5718 1591 5777 abundantiam,
1613 5716 1967 5771 Tartarorum
2008 5717 2109 5768 im-

542 5818 726 5877 petum
758 5818 812 5865 et
843 5810 1315 5869 Musulmanorum
1364 5809 1674 5876 audaciam,
1707 5816 1904 5877 etquae
1934 5807 2099 5876 paulo

2217 3324 2313 3375 καὶ
2361 3324 2483 3391 τρὶς
2510 3323 2611 3393 τῆς
2647 3324 2834 3394 φωνῆς
2869 3343 2973 3394 μου
2997 3329 3293 3399 ἀκούσητε,
3332 3334 3469 3396 μετά
3520 3331 3650 3399 βοῆς
3699 3337 3796 3389 καὶ

2218 3416 2471 3485 κραυγῆς
2506 3417 2602 3469 καὶ
2636 3418 2818 3488 ὁρμῆς
2848 3418 2945 3472 καὶ
2975 3419 3187 3490 κρότων
3222 3421 3316 3473 καὶ
3356 3421 3605 3490 ὁργάνων
3650 3427 3793 3479 κατὰ

2217 3508 2325 3560 τῶν
2361 3509 2651 3578 Ῥωμαίων
2680 3512 2984 3573 είσϐἀλετε.
3020 3516 3114 3567 καὶ
3139 3515 3465 3583 αὐτομάτως
3496 3518 3793 3574 πεσοῦνται

2217 3598 2283 3651 τὰ
2322 3599 2475 3669 τείχη
2500 3600 2598 3670 τῆς
2628 3601 2859 3669 πόλεως,
2885 3604 2977 3656 καὶ
3010 3604 3309 3667 ἀκωλύτως
3347 3606 3604 3672 γενέσθαι
3632 3609 3786 3674 ma;

2219 3692 2313 3741 καὶ
2334 3690 2539 3761 ταύτην
2569 3693 3043 3762 αἰχμαλωτίσατε.
3083 3715 3101 3748 ι
3131 3698 3242 3749 Καὶ
3288 3698 3493 3769 ταύτας
3542 3700 3643 3768 μὲν
3692 3702 3794 3764 τὰς

2219 3778 2546 3852 ληρολογίας
2575 3785 2603 3836 ὁ
2628 3786 2958 3855 Μηρσαῒτης
2994 3787 3069 3849 ὠς
3103 3788 3330 3858 βεϐαίας
3358 3789 3643 3858 ὁμολογῶν
3676 3797 3792 3855 τοῖς

2220 3873 2673 3942 Μουσουλμάνοις
2709 3875 3044 3946 δημηγορῶν
3113 3880 3321 3948 ἔλεγεν,
3392 3880 3469 3943 ὡς
3512 3884 3650 3953 ἔχων
3695 3887 3791 3947 τὰς

2222 3966 2563 4037 προφητείας
2596 3969 2658 4022 ἐκ
2710 3967 2803 4021 τοῦ
2858 3971 3107 4041 Μωάμεθ
3156 3976 3249 4025 καὶ
3297 3973 3525 4028 Ῥασοὺλ
3577 3978 3793 4045 Μαχου·

2223 4061 2360 4131 μέτη
2388 4063 2483 4125 τὰς
2510 4062 2747 4132 βίϐλους.
2776 4066 2887 4118 Καὶ
2920 4068 3082 4130 αὐτὸς
3122 4069 3219 4136 μὲν
3254 4064 3375 4121 εἶπε
3406 4069 3602 4123 ταῦτα’
3658 4076 3684 4125 ὁ
3734 4072 3791 4125 δὲ

2216 4154 2573 4227 ¹στρατάρχης
2603 4157 2697 4206 καὶ
2716 4156 2987 4225 δεσπότης
3012 4158 3119 4209 τῶν
3159 4156 3421 4228 Τούρκων
3471 4162 3531 4213 τὸ
3597 4162 3791 4214 κελευ-

2224 4243 2351 4297 σθεν
2388 4244 2753 4313 ἐκπληρώσας
2788 4246 2880 4298 καὶ
2910 4248 3222 4315 προστάξας
3260 4250 3359 4312 τὰς
3397 4250 3580 4316 τάξεις
3647 4256 3793 4306 ἁπά-

2221 4352 2317 4396 σας
2339 4336 2791 4404 καθοπλισθῆναι,
2824 4341 2916 4390 καὶ
2948 4341 3133 4392 πᾶσαν
3162 4342 3260 4410 τὴν
3291 4338 3651 4416 παρασκευὴν
3693 4348 3790 4400 τοῦ

2220 4426 2459 4493 πολέμου
2482 4427 2742 4494 φέροντες
2760 4426 2864 4481 ἀνὰ
2898 4434 3106 4499 χεῖρας,
3148 4434 3312 4496 εὐθὺς
3344 4436 3413 4487 τὰ
3466 4437 3648 4508 πλήθη
3683 4439 3793 4491 τῶν

2222 4517 2774 4585 Μουσουλμὰνωνκοι“ι⁵
2798 4522 2866 4573 τὰ
2898 4522 3281 4592 στρατεύματα
3318 4527 3493 4578 πάντα
3528 4528 3586 4579 τὸ
3619 4547 3791 4598 προσ-

2218 4607 2421 4676 ταχθὲν
2481 4610 2854 4679 ἐκπληροῦσι,
2936 4614 3031 4666 καὶ
3082 4616 3148 4683 μὲ
3210 4616 3349 4669 ὅπλα
3398 4622 3625 4670 παντοῖα
3695 4623 3791 4672 καὶ

2220 4699 2577 4766 παρασκευὰς
2630 4702 2729 4763 τὰς
2767 4701 3033 4771 μεγίστας
3093 4705 3185 4755 καὶ
3234 4705 3300 4757 τὰ
3368 4710 3793 4777 μηχανικώτατα.

2219 4786 2357 4857 ἔργα
2410 4790 2725 4859 ἐσράπαξαν
2774 4794 2913 4847 κατὰ
2957 4794 3130 4859 τάξιν.
3181 4796 3290 4849 Καὶ
3352 4799 3403 4852 οί
3456 4801 3555 4866 μὲν
3587 4803 3791 4862 σκαλας

2220 4879 2434 4948 ἔφερον,
2468 4884 2562 4936 καὶ
2601 4883 2807 4946 σκάλας
2848 4886 3129 4948 παντοίας.
3164 4888 3366 4957 μικρὰς
3392 4892 3487 4942 καὶ
3519 4892 3786 4957 μεγάλας,

2218 4971 2367 5025 ἄλλοι
2385 4970 2442 5023 δὲ
2473 4971 2719 5039 τζόκους,
2759 4976 2855 5026 καὶ
2882 4976 3062 5046 ἕτεροι
3098 4980 3319 5043 συστάς,
3354 4982 3449 5034 καὶ
3489 4982 3640 5034 ἄλλοι
3677 4984 3789 5051 πῦρ

2222 5062 2361 5130 μετὰ
2396 5062 2749 5132 μαζαλάδων,
2777 5065 2954 5135 ἕτεροι
2976 5068 3029 5119 δὲ
3057 5070 3367 5133 σκλὼπους,
3397 5072 3553 5125 ἄλλοι
3601 5075 3654 5126 δέ
3702 5092 3787 5127 σι-

2217 5153 2359 5225 δηρᾶ
2389 5155 2609 5225 μάχιμα
2644 5156 2785 5207 ὅπλα
2840 5156 3238 5230 δρεπανηφόρα
3301 5164 3439 5230 μετᾶ
3482 5167 3788 5235 κιονταρίων

2220 5248 2480 5315 μακρέων
2536 5246 2604 5300 τὰ
2671 5250 3121 5320 ἐπονομαζόμενα
3176 5254 3432 5323 φάλκας,
3487 5258 3666 5329 ἕτεροι
3730 5261 3788 5313 δὲ

2221 5345 2521 5411 σκουτάρια
2561 5344 2758 5412 στερεὰ
2793 5345 2887 5395 καὶ
2942 5345 3175 5413 μεγάλα,
3210 5348 3398 5400 καὶτὰ
3429 5349 3610 5402 πάντα
3650 5354 3791 5420 μετά

2220 5432 2479 5501 σιδήρων,
2508 5433 2604 5486 καὶ
2637 5432 2907 5496 πλοκοτὰς
2945 5436 3000 5487 δέ
3039 5436 3214 5500 ἄλλοι,
3245 5438 3339 5490 και
3376 5439 3645 5502 παϐέτζια
3700 5424 3803 5496 at!

2215 5524 2323 5589 λοι,
2360 5523 2509 5576 ἄλλοι
2545 5524 2600 5575 δὲ
2631 5525 2881 5595 ἁγγύρας
2923 5527 3202 5597 σιδηρέας,
3242 5530 3335 5581 καὶ
3379 5529 3512 5583 ἄλλο
3558 5532 3792 5600 πολεμι-

2218 5618 2312 5668 κὸν
2368 5616 2529 5685 ἔργον
2581 5616 2779 5687 ἔφερον
2833 5619 2935 5671 ἀνὰ
2980 5624 3193 5690 χεῖρας.
3236 5605 3367 5673 ’Καὶ
3406 5620 3790 5693 κατάφρακτοι

2220 5714 2419 5772 πάντες
2450 5708 2590 5778 μετὰ
2619 5709 2847 5780 ἰσχυρᾶς
2902 5712 2995 5764 καὶ
3033 5713 3260 5783 σιδηρᾶς
3322 5716 3629 5779 πανοπλίας
3696 5720 3793 5768 καὶ

2218 5801 2650 5874 περικεφαλαίας
2684 5804 2970 5871 μεγίστας.
3004 5805 3122 5858 Καὶ
3156 5806 3408 5861 τοσοῦτον
3445 5808 3656 5879 ὑπῆρχε
3692 5809 3791 5879 τῆς
