4144 6282
524 248 599 310 Ἷί)
1839 254 2165 321 JOANNlS
2200 262 2487 323 CANANI

3712 267 3787 334 “.8

512 362 809 431 plausibus
827 373 880 419 et
902 367 1123 437 organis
1148 374 1201 421 et
1230 368 1506 423 sexcentis
1531 369 1651 423 aliis
1682 371 2017 427 clamoribus
2048 384 2101 428 et

2211 377 2404 444 μὲτη,›
2443 376 2851 445 συνανεϐόησαν
2897 378 3011 446 ἄμα
3049 378 3141 431 καὶ
3194 378 3301 432 τῶν
3334 356 3785 451 Μουσουλμάνων

528 453 782 504 tubarum
810 455 990 507 sonitu
1026 455 1091 510 ad
1134 472 1321 511 muros
1348 457 1503 511 urbis
1550 473 1878 527 pervenere,
1923 476 1952 515 a
1996 462 2108 532 Xy-

530 548 739 613 l0p0rta
774 546 838 599 ad
878 547 1162 617 Cbrysiam
1190 564 1294 601 una
1331 550 1632 618 eademque
1654 550 1801 605 illius
1827 553 1929 606 diei
1950 554 2106 618 hora,

516 647 582 691 et
616 650 724 690 tum
762 639 953 693 bellica
996 642 1357 694 instrumenta
1398 642 1649 696 manibus
1673 643 1900 698 advecta
1968 661 2105 700 mm-

526 727 688 781 nibus
729 743 1020 797 apponere,
1051 729 1226 785 scalas
1253 730 1568 798 appingcre,
1595 743 1837 786 castrum
1868 748 2102 789 ascensu

525 828 858 887 pertentare,
894 828 1073 873 turres
1127 821 1444 890 perforare;
1503 839 1603 878 nec
1633 823 1729 877 fuit
1765 828 1855 894 qui
1909 842 2101 880 eorum

526 912 785 979 impetum
816 912 1167 977 amoliretur,
1197 912 1404 967 Graecis
1431 916 1685 969 omnibus
1718 917 1919 987 ingenti
1955 930 2098 971 metu

524 1018 586 1054 ac
629 1012 865 1055 tremore
905 1005 1204 1070 oppressis.
1260 1004 1393 1069 Quis
1421 1006 1565 1058 enim
1627 1022 1688 1060 ea
1730 1009 1858 1062 hora
1894 1025 2100 1066 vacuus

527 1096 722 1150 timore
767 1097 861 1152 fuit
924 1099 1111 1163 ?Quis
1164 1110 1385 1169 aspectu
1425 1102 1519 1155 illo
1580 1104 1764 1157 animo
1814 1109 2100 1173 perculsus

521 1204 630 1241 non
662 1200 741 1243 est
766 1190 792 1243 -?
824 1190 953 1254 Quae
975 1192 1123 1246 auris
1167 1193 1503 1247 auditionem
1537 1184 1817 1261 Sustinuit,
1850 1198 1973 1266 quis
2020 1199 2100 1251 vi-

520 1282 727 1335 sionem
770 1283 962 1337 oculus
993 1282 1313 1338 ?Momento
1354 1297 1596 1356 namque
1624 1288 1883 1356 temporis
1929 1290 2100 1357 sagit-

520 1386 695 1428 tarum
745 1376 1020 1445 myriades
1078 1378 1129 1429 in
1184 1375 1466 1433 Romanos
1520 1379 1781 1433 adversos
1840 1380 2098 1449 proiectae

520 1478 669 1519 extra
715 1469 967 1537 intraque
1026 1484 1215 1523 muros
1285 1470 1434 1524 urbis
1485 1471 1829 1535 ceciderunt,
1873 1474 2097 1527 crebrae

521 1557 737 1609 adeout
764 1573 945 1610 aerem
977 1558 1345 1626 cooperirent,
1380 1558 1560 1612 lumen
1588 1560 1722 1614 solis
1770 1561 2096 1627 obtencbra-r

520 1662 657 1712 rent,
690 1664 893 1716 nosque
922 1649 975 1701 iu
1010 1659 1212 1701 metum
1241 1650 1580 1704 adducerent
1609 1660 1669 1705 et
1699 1653 1900 1706 animis
1920 1653 2095 1708 disso-

2209 472 2276 522 τά
2311 471 2516 541 πλήθη,
2550 472 2646 523 καὶ
2671 470 2813 547 μετά
2832 472 3011 540 ὁρμῆς
3044 470 3141 523 καὶ
3163 472 3415 540 κραυγῆς
3445 476 3539 527 καὶ
3570 476 3784 543 κρότων

2206 564 2300 614 καὶ
2330 563 2582 631 ὀργάνων
2605 563 2698 615 καὶ
2755 566 2965 632 μυρίων
3014 564 3190 617 ἄλλων
3228 564 3629 632 ἀλαλαγμάτων
3687 570 3782 620 καὶ

2206 653 2527 720 σαλπίγγων
2561 654 2805 723 ἔφθασαν
2838 657 2918 718 εἰς
2947 658 3016 709 τά
3047 657 3200 725 τείχη
3228 656 3323 708 τοῦ
3380 658 3621 726 κάστρου
3676 660 3785 712 ἀπὺ

2203 749 2301 814 τῆς
2327 745 2681 816 Ξυλοπὸρτης
2722 748 2824 809 ἕως
2860 750 2951 800 καὶ
2991 748 3090 817 τῆς
3139 749 3407 817 Χρυσίας,
3469 752 3570 817 τὴν
3608 753 3785 822 αὐτὴν

2205 836 2467 905 λέγωκαὶ
2504 840 2634 908 μίαν
2669 841 2822 910 ὥραν
2851 842 2950 910 τῆς
2990 842 3204 911 ἡμέρας
3231 844 3472 912 ἐκείνης.
3513 844 3622 896 Καὶ
3667 846 3781 897 πᾶν

2202 932 2502 1001 πολεμικὸν
2531 932 2764 1002 ὄργανον
2798 934 2996 1003 ἔφερον
3027 934 3131 986 ἀνά
3171 938 3385 1003 χεῖρας,
3440 937 3536 988 καὶ
3572 937 3783 1004 ἡκοὺμ-

2203 1023 2379 1092 ϐησαν
2408 1027 2487 1087 εἰς
2512 1026 2580 1077 τά
2610 1025 2786 1094 τείχη,
2813 1025 3017 1093 ἔθηκαν
3062 1024 3289 1088 σκάλας,
3351 1024 3644 1077 ἀνέϐαιναν
3698 1027 3779 1087 είς

2200 1114 2263 1165 τὸ
2296 1116 2551 1184 κάστρον,
2581 1116 2927 1185 ἐτρυποῦσαν
2953 1116 3082 1175 τοὺς
3115 1116 3386 1183 πόγρους.
3442 1118 3550 1168 Καὶ
3603 1119 3779 1179 οὐδεὶς

2202 1206 2438 1274 εὑρέθην
2468 1210 2494 1259 ό
2526 1208 2828 1276 ἐμποδίσας
2859 1207 3103 1269 ἐκείνους
3135 1209 3200 1260 ἐκ
3238 1206 3359 1259 τοῦ
3388 1210 3647 1277 μεγίστου
3685 1210 3779 1274 φό-

2202 1299 2296 1350 ϐου
2317 1301 2411 1353 καὶ
2426 1298 2626 1361 δειλίας
2658 1299 2850 1361 ὁποίας
2886 1298 3079 1351 ἔλαϐον
3111 1300 3160 1350 οξ
3213 1298 3494 1367 Ῥωμαῖοι.
3523 1301 3619 1362 Τίς
3673 1300 3781 1366 γάρ

2198 1393 2299 1443 οὐκ
2351 1392 2617 1461 ἐτρόμαξε
2672 1394 2773 1461 τὴν
2832 1392 2980 1461 ὤραν
3016 1392 3275 1461 ἐκείνην;
3329 1393 3412 1452 τίς
3458 1393 3558 1444 οὐκ
3589 1392 3776 1462 ἔφριξε
3812 1409 3832 1426 ·

2199 1485 2406 1552 ταύτην
2438 1488 2540 1551 τὴν
2572 1485 2701 1537 θέαν
2726 1502 2740 1549 ;
2770 1484 2851 1546 τίς
2884 1483 3023 1554 ἀκοὴ
3057 1484 3291 1551 φέρειτδ
3326 1486 3602 1553 ἄκουσμα,
3650 1488 3778 1545 ποία

2198 1574 2322 1642 δψις
2355 1574 2415 1625 τὸ
2444 1575 2624 1643 θέαμα
2646 1577 2800 1639 ;‘Ka.l
2830 1576 2939 1644 γὰρ
2972 1577 3029 1626 ὲν
3054 1576 3151 1643 μιᾷ
3174 1573 3369 1642 καιροῦ
3395 1576 3533 1644 ῥοπῇ
3580 1576 3778 1645 μυριά-

2199 1666 2297 1728 δας
2321 1666 2511 1736 βελῶν,
2534 1669 2784 1718 τουτέστι
2818 1667 3107 1732 σαγίττσμς,
3133 1666 3425 1730 ἐτόξευσαν
3456 1667 3644 1718 ἐπάνω
3667 1668 3774 1719 τῶν

522 1742 651 1792 Iutis
718 1742 1076 1795 (h.~terrereut.
1156 1741 1380 1796 Interim
1450 1757 1481 1796 e
1538 1756 1835 1813 conspectu
1904 1760 2093 1800 earum

2216 1755 2526 1824 Ῥωμαίων,
2552 1757 2645 1808 καὶ
2670 1748 2865 1809 ἔπεσον
2899 1758 2979 1819 είς
3014 1758 3082 1808 τὰ
3112 1758 3268 1826 τείχη
3303 1758 3401 1825 τῆς
3436 1761 3648 1821 πόλεως
3677 1763 3776 1811 καὶ

520 1835 800 1901 paululum
829 1835 1211 1901 subducimur,
1247 1852 1353 1890 non
1386 1837 1547 1906 longo
1588 1846 1857 1904 tempore,
1887 1849 1939 1891 et
1972 1849 2096 1907 post

515 1931 923 2000 propugnatitla
974 1930 1334 1997 contegimur.
1373 1928 1444 1984 Ut
1498 1929 1690 1984 Turcae
1741 1932 1942 1985 nudum
2002 1948 2094 1986 ca~

518 2023 1020 2077 strumbomin‘lms
1057 2039 1413 2091 conspexere,
1448 2024 1707 2092 suspicati
1747 2039 1872 2078 esse
1904 2036 2095 2078 custo-

518 2117 678 2169 dibus
711 2116 1050 2179 destitutum,
1086 2115 1290 2184 ingenti
1346 2131 1467 2167 cum
1500 2116 1729 2168 audacia
1794 2116 2092 2179 irruentes,

514 2207 572 2259 ni
609 2207 825 2273 quidem
864 2222 986 2256 cum
1016 2205 1181 2257 scalis
1216 2213 1457 2257 castrum
1487 2205 1813 2267 ascendere,
1858 2205 2095 2257 aliicum

513 2300 757 2357 ancoris,
793 2312 929 2365 quas
990 2295 1162 2351 faleas
1223 2298 1483 2361 diximus,
1524 2297 1617 2350 alii
1673 2297 1839 2367 systis
1915 2306 2097 2350 turres

518 2391 819 2459 perforare,
853 2402 906 2443 et
946 2405 1106 2443 etme
1133 2389 1307 2443 audax
1361 2404 1425 2443 ac
1479 2404 1811 2459 generosum
1874 2387 2098 2442 facinus
2144 2418 2147 2419 ν

520 2484 669 2552 impii
695 2484 767 2537 illi
795 2485 859 2535 ad
892 2497 1150 2536 terrorem
1183 2481 1555 2535 iucutieudum
1583 2481 1808 2536 audere.
1854 2479 1977 2536 Haec
2010 2482 2096 2535 in-

515 2576 702 2631 felices
744 2576 974 2629 Romani
1010 2575 1188 2647 intuiti
1217 2584 1271 2628 ct
1304 2574 1541 2628 fortunis
1575 2576 1692 2629 suis
1719 2574 1902 2639 diilisi,
1932 2574 1984 2626 in
2037 2586 2097 2626 se

520 2672 744 2733 reversi,
780 2680 1059 2737 comperto
1091 2668 1297 2721 uultum
1330 2668 1429 2721 sibi
1467 2666 1687 2722 aliunde
1726 2666 1897 2722 affore
1932 2667 2096 2722 auxi-

515 2765 671 2827 lium,
705 2779 877 2829 neque
925 2761 1017 2827 qui
1063 2761 1317 2829 populum
1350 2762 1629 2814 tremenda
1677 2762 1766 2813 illa
1834 2764 1964 2816 hora
2020 2765 2090 2815 ad

438 2840 441 2843 λ
518 2870 748 2925 pugnam
816 2852 1125 2907 Tui-earum
1190 2852 1458 2905 excitaret
1524 2861 1579 2904 et
1633 2860 2005 2920 promoveret,
2063 2869 2094 2907 e

520 2948 743 3001 latebris
773 2962 831 2999 se
861 2946 1193 3005 eduxerunt,
1243 2944 1307 2995 ad
1348 2945 1516 2997 robur
1558 2951 1613 2995 et
1659 2943 1946 2997 audaciam
1971 2946 2095 2998 ani-

521 3053 754 3093 mantes.
791 3037 1035 3106 Namque
1062 3037 1154 3102 qui
1214 3046 1371 3089 antea
1410 3045 1565 3088 erant
1600 3035 1798 3098 timidi,
1860 3036 2093 3106 fugitivi,

519 3135 759 3187 hostium
791 3130 1167 3184 invasinnibus
1205 3129 1451 3193 obnoxii,
1496 3139 1719 3197 repente
1774 3130 2011 3185 audaces
2042 3139 2096 3184 et
2126 3104 2171 3164 ο

522 3224 770 3291 generosi
858 3231 912 3275 et
995 3221 1204 3275 robusti
1269 3221 1586 3284 bellatores,
1647 3228 1698 3273 et
1730 3220 2006 3290 plagarum
2044 3232 2099 3274 et

522 3317 939 3369 inbonestorum
1011 3313 1295 3365 vulnerum
1353 3320 1406 3364 et
1467 3294 1661 3363 mortis
1719 3326 1880 3364 oume
1926 3328 2098 3381 genus

519 3414 932 3473 contemptores
978 3401 1107 3456 facti
1141 3412 1269 3457 sunt
1300 3421 1312 3468 ;
1345 3410 1401 3455 et
1429 3401 1806 3456 sanctissimae
1858 3401 2099 3471 Virginis

519 3516 624 3568 0pc
671 3500 906 3552 audaces
934 3496 1132 3564 impios
1159 3494 1452 3548 deuudatis
1479 3493 1702 3546 ensibus
1726 3493 1983 3562 saxisque
2012 3494 2097 3546 iu-

524 3592 750 3646 vadunt.
780 3590 843 3643 Et
881 3591 1046 3643 veluti
1081 3591 1232 3641 fumo
1254 3586 1603 3642 examinibus
1623 3585 1928 3654 dissipatis,
1956 3601 2098 3640 unus

526 3694 648 3756 post
689 3684 853 3738 alium
882 3683 1216 3745 concitatur,
1250 3691 1302 3735 et
1342 3680 2007 3746 sexusomuiscoasurgit
2047 3687 2101 3732 et

524 3789 681 3840 tetas.
710 3776 923 3846 singuli
960 3792 1083 3830 cum
1125 3777 1294 3828 armis
1326 3775 1527 3841 quibus
1555 3782 1827 3841 poterant,
1871 3771 2101 3826 aliisiue

492 3892 495 3893 ν
525 3873 714 3935 armis,
740 3872 828 3924 alii
854 3886 978 3924 cum
1006 3868 1228 3922 ensibus
1250 3876 1301 3921 et
1324 3866 1652 3927 liastis.Alii,
1677 3866 1875 3933 quibus
1899 3864 2100 3919 similia

526 3972 579 4017 in
610 3974 860 4032 promptu
889 3977 995 4013 non
1031 3970 1209 4024 erant,
1236 3960 1434 4013 tabulis
1467 3964 1518 4013 in
1554 3958 1756 4028 quibus
1782 3959 1965 4011 cibum
2005 3973 2101 4011 su-

528 4057 767 4117 mebant,
805 4067 855 4107 et
905 4053 1031 4106 dolii
1066 4054 1365 4121 Itympauis
1423 4052 1646 4105 funibus
1704 4052 1941 4122 alligatis
2005 4067 2103 4121 pro

527 4148 699 4203 sentis
740 4145 1056 4199 utebantur.
1095 4142 1327 4209 Quidam
1369 4144 1487 4197 sine
1520 4144 1604 4196 his
1638 4143 1691 4196 iu
1730 4144 1932 4196 bellum
1979 4158 2103 4210 pro-

524 4256 768 4302 cessere,
804 4249 859 4293 ct
893 4238 1166 4307 lapidibus
1201 4235 1547 4290 solummodo
1565 4235 1831 4299 audacter
1862 4250 1927 4287 ac
1967 4234 2101 4286 viri-

525 4333 673 4393 liter,
732 4345 889 4397 :eque
932 4344 995 4381 ac
1043 4328 1088 4380 si
1141 4337 1417 4379 armatura
1477 4325 1626 4377 varia
1657 4335 1840 4378 essent
1882 4324 2101 4389 muniti,

2198 1850 2370 1912 ἐντὸς,
2403 1849 2545 1902 ὥστε
2587 1850 2801 1902 καὶτὸν
2830 1850 3026 1919 αἰθέρα
3067 1849 3347 1917 ἐκάλυψαν
3392 1852 3488 1902 καὶ
3539 1851 3670 1903 αὐτὸ
3717 1851 3776 1902 τὸ

2199 1941 2315 2008 φῶς
2342 1943 2433 1992 τοῦ
2471 1941 2623 2007 ἡλίου
2651 1943 2987 2005 ἐσκέπασαν,
3014 1942 3110 1993 καὶ
3155 1943 3301 2011 ἡμᾶς
3349 1942 3557 2003 πάντας
3612 1942 3776 2009 φόϐος

2196 2032 2473 2102 ἐκράτησε
2505 2033 2600 2083 κοιλ⁵
2624 2032 2798 2084 δειλία
2829 2032 3119 2101 ἐξέπληξε,
3156 2034 3252 2086 καὶ
3298 2034 3498 2100 μικρὸν
3538 2035 3780 2103 ἀπεκρύ-

2197 2122 2400 2191 ϐημεν.
2446 2122 2586 2174 Ἀλλ’
2615 2123 2675 2174 οὐ
2718 2124 2959 2192 μακρὰν.
3011 2123 3126 2176 ἀλλ’
3152 2124 3380 2177 ὄπισθεν
3412 2126 3519 2177 τῶν
3557 2143 3777 2195 προμοι·⁸

2199 2214 2418 2283 χιονίων
2450 2214 2782 2284 ἐστάοημεν.
2835 2213 2925 2277 Ὡς
2971 2216 3028 2269 δὲ
3089 2217 3138 2269 οἱ
3179 2218 3411 2287 Τοῦρκοι
3460 2222 3669 2285 γυμνὸν
3718 2220 3777 2270 τὸ

2198 2308 2440 2375 κάστρον
2477 2308 2587 2359 ἀπὸ
2642 2307 2966 2377 ἀνθρώπους
3005 2308 3209 2371 ἰδόντες
3252 2310 3525 2362 ὑπέλαϐον
3573 2312 3782 2377 ἀφυλά-

2198 2414 2343 2460 κτως
2365 2394 2526 2467 εἶναι,
2561 2400 2657 2452 καὶ
2691 2401 2834 2468 μετὰ
2852 2401 3093 2469 θράσους
3127 2402 3391 2470 μεγίστου
3451 2402 3573 2454 καθ’
3620 2407 3780 2472 ἡμῶν

2198 2492 2785 2555 εἰσϐάλλουσιπάντες.
2820 2495 2927 2545 Καὶ
2968 2496 3016 2545 οἱ
3081 2495 3182 2562 μὲν
3227 2495 3367 2563 μετά
3419 2495 3635 2547 σκαλῶν
3683 2498 3777 2546 ἀνα

2192 2585 2417 2639 έϐαινον
2447 2588 2526 2647 είς
2560 2587 2621 2639 τὸ
2653 2587 2913 2655 κάστρον,
2952 2589 3000 2638 οἱ
3033 2587 3088 2639 δὲ
3125 2588 3217 2639 καὶ
3246 2588 3313 2655 μὲ
3370 2589 3469 2650 τὰς
3525 2588 3779 2659 ἀγγὺρας

2199 2683 2295 2732 καὶ
2322 2680 2419 2741 τὰς
2464 2679 2681 2746 φάλκας
2713 2680 2951 2741 ὲκείνας.
2986 2679 3172 2741 ’Ἄλλοι
3209 2680 3267 2731 δὲ
3313 2681 3656 2750 ἑτρυποῦσαν
3710 2686 3778 2751 μὲ

2200 2772 2401 2833 συστὰς
2422 2773 2550 2832 τοὺς
2582 2770 2849 2839 πύγρους,
2883 2770 3035 2823 ἄλλοι
3072 2771 3402 2840 ἑχαλούσανε
3431 2774 3497 2843 μὲ
3546 2776 3776 2838 τςὸκους

2199 2861 2258 2912 τὸ
2291 2862 2546 2929 κάστρον,
2578 2862 2731 2914 ἄλλοι
2768 2861 2983 2930 ἐκαψαν
3010 2864 3109 2927 τὰς
3146 2864 3357 2934 πόρτας
3383 2866 3477 2919 τοῦ
3512 2867 3618 2934 ἔξω
3676 2872 3779 2921 κά-

2202 2966 2389 3019 στρου,
2419 2953 2515 3006 καὶ
2555 2953 2665 3004 πᾶν
2690 2952 2964 3024 τολμηρὸν
3024 2955 3119 3008 καὶ
3173 2956 3423 3026 ἀνδρεῖον
3460 2960 3510 3010 oi
3563 2959 3781 3019 ἀσεϐεῖς

2201 3041 2483 3095 ἐποιοῦντο
2535 3044 2672 3113 πρὸς
2715 3042 3061 3113 κατάπληξιν
3094 3046 3195 3113 τὴν
3240 3047 3540 3116 ἡμετέραν.
3594 3049 3782 3101 Ταῦτα

2201 3135 2440 3203 ὁρῶντες
2488 3137 2537 3188 ot
2570 3135 2858 3205 δυστυχεῖς
2902 3138 2997 3189 καὶ
3043 3136 3449 3206 ἀπελπισμένοι
3516 3139 3780 3209 Ῥωμαῖιι

2201 3227 2279 3287 είς
2311 3227 2538 3286 ἑαυτοὺς
2585 3226 3067 3294 ὲπανῆλθον,·κα“ι
3116 3229 3621 3296 περιεργασθέντες
3663 3232 3782 3292 πῶς

2203 3319 2389 3382 πόθεν,
2422 3319 2724 3387 ἀλλαχόθεν
2752 3321 2946 3388 χεῖραν
2977 3318 3079 3370 οὐκ
3110 3317 3330 3387 ἔχοντες
3359 3318 3612 3386 βοηθείας
3656 3320 3782 3370 οὔτε

2201 3414 2324 3464 τινά
2371 3411 2510 3480 πρδς
2572 3412 2631 3462 τὸ
2658 3412 2926 3481 διεγεῖραι
2984 3412 3081 3463 καὶ
3123 3408 3465 3480 παροτρῦναι
3501 3407 3592 3460 τὸν
3650 3408 3780 3461 λαὸν

2202 3502 2339 3570 πρὸς
2397 3502 2506 3552 τῶν
2541 3501 2803 3569 Τούρκων
2854 3499 2954 3569 τὴν
3002 3500 3187 3569 μάχην
3246 3498 3346 3567 τὴν
3410 3499 3776 3565 φρικτοτάτην

2201 3592 2350 3662 ὥραν
2384 3592 2626 3661 ἐκείνην.
2668 3595 2779 3646 Καὶ
2818 3592 3202 3659 ἐξενεγκόντες
3229 3590 3380 3643 οὗτοι
3408 3593 3641 3654 ἑαυτοὺς
3670 3592 3777 3644 διε-

2202 3687 2635 3758 γείρονταιπρδς
2676 3688 2930 3757 ἀνδρείαν
2963 3687 3058 3740 καὶ
3112 3686 3343 3757 τόλμην.
3403 3686 3514 3739 Καὶ
3562 3687 3674 3756 γὰρ
3725 3688 3775 3737 oi

2202 3781 2368 3834 δειλοὶ
2402 3781 2462 3833 τὸ
2485 3782 2752 3851 πρότερον
2781 3783 2875 3834 καὶ
2918 3782 3081 3848 φυγοὶ
3110 3781 3205 3832 καὶ
3263 3778 3777 3849 κατατρυπούμενοι

2203 3875 2357 3942 ἄφνω
2387 3872 2652 3944 τολμηροὶ
2674 3872 2981 3944 εὑρέθησαν
3017 3872 3110 3925 καὶ
3156 3874 3404 3941 γενναῖοι,
3451 3870 3777 3937 πολεμισταὶ

2205 3967 2300 4018 καὶ
2347 3966 2583 4035 ἀνδρεῖοι
2621 3965 2718 4018 καὶ
2767 3963 3173 4034 περιφρονηταὶ
3227 3961 3335 4012 τῶν
3407 3960 3632 4029 πληγῶν
3683 3958 3780 4013 κὰ

2203 4056 2393 4109 δεινῶν
2411 4054 2753 4123 λαϐωμάτων
2790 4054 2886 4106 καὶ
2924 4052 3034 4104 τῶν
3057 4050 3333 4103 παντοίων
3365 4048 3636 4101 θανάτων.
3670 4049 3778 4101 Καὶ

2204 4147 2301 4214 τῆς
2330 4146 2603 4211 παναγίας
2634 4149 2700 4213 τῇ
2747 4145 2974 4213 βοηθείᾳ
3000 4147 3063 4212 τῇ
3089 4144 3264 4213 τόλμῃ
3327 4142 3634 4212 ρωσθέντες
3689 4133 3779 4209 δρ-

2206 4234 2351 4303 μῶσι
2374 4236 2627 4302 ξιφήρεις
2658 4235 2802 4285 κατὰ
2822 4233 2932 4285 τῶν
2956 4233 3171 4287 ἀσεϐῶν
3211 4236 3306 4285 καὶ
3336 4233 3402 4301 μὲ
3440 4233 3644 4295 λίθους,
3680 4233 3776 4283 καὶ

2207 4325 2283 4386 ὡς
2315 4324 2523 4376 καπνοῦ
2558 4325 2883 4393 κινήσαντες
2913 4322 3122 4392 σμῆνος
3157 4324 3318 4386 ἀλλος
3352 4323 3443 4375 ὑπ’
3468 4323 3615 4393 ἄλλῳ
3668 4324 3778 4376 διε-

527 4439 653 4477 cum
690 4422 939 4475 hostibus
972 4419 1279 4474 certabant.
1301 4417 1391 4471 Sic
1419 4431 1561 4469 unus
1591 4431 1714 4469 cum
1752 4417 1861 4469 alio
1886 4426 1941 4469 et
1963 4417 2101 4470 inter

2209 4415 2481 4485 γείρεται,
2516 4415 2611 4467 καὶ
2652 4416 2936 4469 ἀνίσταται
2957 4416 3111 4483 γένος
3143 4415 3290 4468 ἅπαν
3318 4416 3413 4469 καὶ
3445 4414 3631 4483 ἡλικία
3670 4416 3778 4467 πᾶα

526 4531 586 4570 se
615 4514 814 4583 singuli
872 4512 1120 4566 animose
1184 4507 1611 4571 contendebant,
1642 4517 1697 4561 et
1736 4507 1805 4561 ad
1864 4521 2101 4575 pugnam

528 4606 1071 4662 vehementissimam
1129 4602 1513 4656 hortabantur.
1554 4620 1572 4652 ι
1615 4601 1775 4671 Agite
1820 4614 1852 4655 0
1884 4600 2047 4655 amici
2082 4602 2097 4655 !

526 4699 784 4753 ot‘ratrcs
826 4699 838 4751 t
878 4712 911 4750 0
965 4695 1115 4750 cives
1151 4696 1164 4747 Σ
1225 4704 1498 4747 certemus
1532 4692 1715 4746 hodie.
1751 4690 2102 4747 Viudicemus

532 4792 692 4846 nobis
742 4791 896 4858 ipsis,
971 4786 1256 4850 uxoribus,
1286 4784 1414 4840 ﬁliis
1485 4783 1768 4853 sanguinis
1821 4784 2017 4853 patriae
2042 4795 2101 4839 et

537 4899 749 4950 magum
798 4881 1025 4949 hujusce
1066 4879 1239 4942 urbis,
1278 4888 1333 4932 et
1388 4877 1536 4946 quod
1588 4876 1762 4944 magis
1814 4888 1922 4941 est,
1960 4892 2106 4932 verte

529 4973 969 5029 Christianorum
1004 4971 1125 5024 ﬁdei
1161 4969 1488 5023 libertatem.
1530 4965 1753 5022 Nosmet
1787 4984 1886 5037 pro
1946 4968 2104 5022 nobis

532 5067 665 5134 ipsis
693 5063 748 5116 iu
780 5061 1087 5132 periculum
1119 5060 1479 5114 adducamus.
1504 5060 1586 5112 An
1612 5058 1660 5113 si
1694 5074 1842 5113 nunc
1864 5066 2099 5111 mortem

532 5172 640 5209 non
670 5155 908 5215 obimus,
940 5154 1050 5207 vita
1082 5152 1136 5206 in
1164 5161 1441 5220 posterum
1476 5166 1581 5205 non
1614 5148 1831 5204 deficiet
1856 5148 1879 5201 τ
1906 5146 2102 5203 Facia—

533 5262 657 5301 mus
683 5254 743 5300 ut
772 5244 888 5299 haec
917 5245 1217 5299 necessitas
1274 5241 1499 5296 honoris
1548 5240 1793 5295 studium
1818 5239 2104 5311 videatur:

533 5352 823 5394 curramus
891 5337 944 5390 iu
1033 5335 1159 5391 belli
1252 5334 1570 5397 discrimen,
1645 5332 2105 5401 quemadmodum

532 5440 802 5502 martyres
821 5432 885 5483 ad
915 5439 1271 5499 tyrannorum
1304 5427 1478 5482 stadia
1501 5425 1885 5479 convolarunt.
1922 5442 1941 5475 ι
1983 5423 2109 5477 llaec

532 5523 768 5577 dicendo
795 5522 936 5575 alius
970 5521 1137 5581 alium
1181 5519 1485 5582 adhortari,
1531 5516 1867 5571 contendere
1892 5531 2105 5584 omnes,

525 5613 834 5677 decertare,
855 5613 1314 5680 quemadmodum
1332 5608 1632 5663 exsaturati
1653 5616 1707 5662 et
1725 5609 1854 5661 vino
1880 5608 2104 5673 madidi,

520 5714 588 5766 ct
615 5718 683 5757 ex
734 5705 1040 5774 composito
1081 5705 1243 5763 simul
1301 5701 1369 5757 ab
1401 5714 1512 5755 uno
1570 5707 1819 5761 extremo
1866 5697 2104 5754 civitatis

2211 4523 2300 4571 σα,
2330 4506 2423 4559 καὶ
2455 4506 2687 4569 ἕκαστος
2717 4501 2932 4575 μεθ’ὧν
2968 4505 3204 4576 ἠδύνατο
3225 4507 3431 4571 ὃπλων,
3487 4507 3667 4577 ἕτεροι
3722 4508 3778 4559 δὲ

2206 4600 2302 4652 καὶ
2332 4601 2463 4654 ἄνευ
2500 4598 2609 4652 τῶν
2639 4598 2842 4664 ὅπλων,
2880 4600 3033 4653 ἄλλοι
3067 4599 3208 4669 μετά
3237 4599 3409 4667 ξιφῶν
3438 4615 3497 4650 τε
3530 4601 3621 4652 καὶ
3652 4616 3781 4652 κον-

2205 4693 2433 4762 ταρίων.
2460 4692 2683 4762 Ἕτεροι
2710 4692 2767 4744 δὲ
2787 4692 2909 4746 οὐδὲ
2940 4693 2998 4759 ἐξ
3030 4693 3212 4747 αὐτῶν
3244 4692 3611 4762 εὐποροῦσαν,
3643 4692 3781 4744 ἀλλά

2206 4786 2304 4847 τὰς
2325 4785 2531 4867 ταύλας
2578 4784 2714 4840 ὀποῦ
2768 4786 3020 4856 ὲτρὼγαν
3076 4787 3172 4841 καὶ
3212 4786 3281 4840 τὰ
3338 4784 3625 4853 τυμπάνια
3670 4778 3780 4838 τῶν

2208 4877 2473 4947 βουτζίων
2539 4878 2738 4947 ἔδησαν
2771 4879 2838 4947 μὲ
2894 4878 3126 4948 σχοινία,
3164 4879 3271 4932 καὶ
3322 4878 3627 4942 ὲϐἀσταζαν
3658 4880 3781 4931 ἀντὶ

2208 4968 2568 5037 σκουταρίων.
2593 4969 2750 5033 Τινὲς
2769 4969 2826 5022 δὲ
2859 4970 2981 5022 οὐδὲ
3018 4973 3143 5038 μετ’
3171 4971 3351 5023 αὐτῶν
3377 4974 3459 5033 είς
3486 4972 3579 5025 τὸν
3619 4972 3782 5025 πόλε-

2210 5076 2310 5129 μον
2340 5056 2526 5130 ἦλθον,
2558 5060 2699 5113 ἀλλά
2726 5060 2794 5131 μὲ
2834 5062 3018 5125 λίθους
3044 5064 3139 5115 καὶ
3162 5062 3322 5131 μόνον
3360 5064 3634 5132 ἐμάχοντο
3657 5067 3781 5115 τολοε

2211 5151 2403 5221 μηρῶς
2432 5152 2529 5203 καὶ
2554 5152 2839 5220 ἀνδρείως,
2876 5152 2953 5215 ὡς
3009 5156 3391 5222 κατάφρακτοι
3457 5156 3593 5223 μετὰ
3654 5172 3784 5207 παν-

2207 5245 2369 5297 τοίων
2398 5245 2508 5297 τῶν
2535 5243 2739 5299 ὅπλων.
2773 5246 2883 5298 Καὶ
2916 5246 3003 5299 ἕτε
3013 5262 3104 5315 ρος
3124 5246 3333 5317 ἓτερον,
3369 5248 3465 5300 καὶ
3492 5246 3654 5309 ἄλλος
3682 5247 3781 5300 ἄλ-

2184 5333 2319 5401 λον,
2359 5337 2454 5391 καὶ
2484 5337 2621 5407 πρὸς
2651 5338 2898 5409 ἀλλήλων
2921 5339 3174 5409 ἀλλήλοις
3204 5340 3463 5410 ἀνδρείως
3516 5341 3614 5392 καὶ
3646 5341 3783 5411 θαρ-

2211 5426 2419 5488 σαλέως
2471 5428 2829 5497 ἠγωνίζοντο,
2878 5431 2973 5483 καὶ
3024 5432 3468 5501 ἐπαροτρύναντο
3499 5432 3638 5500 πρὸς
3684 5435 3783 5499 τὴν

2212 5518 2588 5590 σφοδροτάτην
2622 5521 2800 5592 μάχην
2825 5523 3062 5593 ἐκείνην,
3097 5524 3270 5591 λέγων
3338 5542 3358 5574 l
3388 5523 3497 5575 Nat
3528 5517 3573 5576 ὧ
3595 5523 3737 5590 φίλοι
3765 5526 3779 5576 ι

2210 5601 2256 5661 ὦ
2290 5610 2506 5679 ἀδελφοί
2542 5613 2554 5664 l
2583 5604 2629 5668 ὦ
2652 5613 3100 5685 σνμπατριῶται,
3150 5615 3556 5683 ἀγωνισώμεθα
3610 5616 3783 5681 σήμε-

2214 5720 2330 5775 ρον,
2366 5703 2779 5775 σπουδάσωμεν,
2811 5706 3359 5777 προκινδυνεύςωμεν
3380 5708 3613 5772 ἑαυτοὺς
3640 5707 3779 5779 ὑπὲρ
