4144 6282
374 358 377 363 λ
476 344 549 412 79
880 324 889 331 ⁴
1508 340 1562 407 J.
1598 339 1881 403 CANANI
1914 330 2015 400 DE
2053 332 2269 398 crom
2305 325 2780 398 OPPUGNATA.
3678 314 3753 386 ss

485 480 551 535 pe
588 471 829 521 castrum
871 469 1049 527 erant,
1096 460 1240 530 ipsos
1260 458 1466 514 Graacis
1485 458 1794 527 reliquisse,
1821 454 2061 525 quazlon-

2174 455 2242 507 τὰ
2279 451 2554 521 πολεμήια
2591 451 2686 504 καὶ
2708 440 2924 518 μάχιμα
2963 444 3172 498 τούτων
3198 442 3335 496 ὅπλα
3363 442 3429 495 τὰ
3463 443 3561 512 μὲν
3610 443 3741 512 πλην

484 556 865 626 giusaberant,
891 553 1280 608 inﬁammasse.
1303 550 1365 604 Et
1381 564 1512 604 sane
1534 550 1638 603 hoc
1665 548 1965 617 prodigium
1985 545 2067 598 vi-

487 662 607 702 sum
627 654 711 701 est
729 656 783 701 et
811 645 1132 699 inusitatum
1154 643 1385 697 facinus.
1409 640 1655 705 Quanam
1673 640 1817 695 enim
1836 639 2067 704 ratione,

490 737 586 807 qui
603 746 757 791 antea
779 738 1011 805 superbe
1032 751 1089 789 se
1104 732 1824 800 eﬁ'crebantjactabantque,
1849 739 2071 799 repente

486 830 663 883 Intrasti
709 841 873 897 atque
902 827 1122 882 inutiles
1152 825 1347 879 redditi
1370 824 1537 880 sunt?
1571 822 1638 876 Et
1664 823 1939 891 quomodo
1974 824 2068 890 qui

486 929 645 975 antea
676 921 921 989 impense
950 935 1073 975 cum
1094 918 1299 973 Graecis
1334 918 1530 970 bellum
1568 915 1885 984 cupiebant,
1912 914 2063 968 inex-

483 1020 721 1080 spectata
740 1013 866 1081 fuga
892 1027 948 1067 se
968 1010 1036 1064 ab
1057 1010 1163 1065 illis
1179 1007 1593 1063 subduxerunt?
1613 1007 1905 1061 Enimvero
1929 1021 2067 1075 opus

487 1105 592 1162 hoc
623 1105 806 1159 divina
840 1106 1043 1158 virtute
1096 1117 1268 1171 eaque
1300 1098 1562 1154 invisibili
1587 1094 1909 1153 concessum
1959 1106 2063 1153 est.

483 1197 552 1250 Et
594 1196 765 1250 Graeci
798 1196 851 1250 id
880 1195 1061 1250 intuiti
1129 1195 1329 1248 mirum
1379 1192 1858 1261 obstupescebant,
1910 1200 1966 1245 et
1994 1192 2065 1249 ob

482 1286 724 1342 hostium
752 1286 935 1356 fugam
987 1285 1314 1340 exsiliebant
1353 1282 1574 1353 gaudio,
1618 1282 1674 1336 in
1708 1282 2066 1352 laetitiamque

481 1375 638 1433 cﬁ‘usi
673 1377 964 1431 dicebant:
1010 1394 1029 1428 α
1075 1374 1119 1430 0
1151 1392 1382 1432 suavem
1417 1379 1560 1433 hanc
1586 1377 1729 1429 diem
1759 1386 1815 1431 et
1840 1377 2060 1430 boraml

481 1477 518 1516 ο
561 1463 983 1519 admirandam!
1033 1479 1067 1519 o
1111 1466 1444 1535 insperatam
1490 1466 1976 1523 immutationem!
2030 1478 2063 1519 ο

485 1554 920 1623 inexspectatam
982 1556 1223 1613 laetitiam
1252 1558 1266 1610 l
1302 1573 1335 1610 ο
1366 1560 1706 1615 claritatem!
1739 1573 1772 1613 ο
1816 1558 2064 1626 volupta-

484 1651 617 1708 tem,
649 1661 771 1714 quae
795 1647 975 1701 verbis
994 1648 1226 1716 exprimi
1257 1651 1467 1718 nequit.
1492 1667 1597 1720 qua
1625 1651 1891 1721 quidquid
1910 1652 2061 1703 dixe-

480 1735 559 1789 ris
591 1737 771 1791 minus
822 1739 965 1794 erit!
1000 1757 1019 1792 ι
1064 1741 1161 1796 His
1191 1742 1421 1799 vocibus
1453 1745 1529 1798 illi
1586 1745 1770 1800 multis
1794 1742 2019 1799 certami
2042 1773 2061 1782 -

483 1827 646 1882 nibus
708 1830 950 1886 celebres
1005 1833 1236 1888 Romani
1294 1836 1457 1890 simul
1511 1836 1681 1891 uetari
1714 1877 1729 1900 ,
1788 1837 2063 1906 prosilire,

485 1916 693 1971 alacres
722 1921 931 1988 palmas
958 1923 1198 1990 pulsare,
1225 1933 1279 1979 et
1300 1925 1502 1981 diserte
1533 1927 1641 1982 Deo
1658 1929 1858 1997 gratias
1883 1942 2062 1997 agere.

484 2004 739 2065 laudibus
786 2012 1191 2067 sanctissimam
1228 2012 1502 2086 Virginem
1569 2019 1852 2083 extollere,
1885 2026 1939 2072 et
1997 2038 2064 2077 ex

483 2098 667 2154 animo
693 2102 1059 2170 gloriﬁcantes
1084 2105 1298 2160 dicere:
1338 2126 1354 2159 ι
1387 2108 1500 2163 Hoc
1531 2110 1745 2180 hymnis
1766 2111 2059 2168 abundans

490 2192 1015 2259 nominalissimum,
1064 2206 1452 2263 memoratum,
1504 2200 1803 2268 egregium,
1839 2200 2064 2255 inusita-

484 2290 621 2344 tum,
689 2284 1066 2341 admirandum
1126 2286 1452 2341 miraculum
1507 2304 1634 2344 vero
1685 2298 1741 2345 et
1781 2292 1901 2347 sine
1953 2293 2060 2347 ulla

482 2370 822 2426 dubitatione
850 2375 1211 2430 sanctissimae
1240 2375 1478 2448 Virginis
1505 2388 1611 2437 est.
1644 2398 1663 2432 ›
1697 2382 1762 2436 Et
1813 2383 2057 2438 testimo-

483 2458 574 2512 nia
607 2463 764 2516 nobis
796 2463 863 2517 de
889 2464 994 2518 huc
1019 2475 1313 2544 suppetunt
1347 2471 1565 2529 testium
1613 2470 1763 2524 omni
1791 2475 2065 2543 exceptio-

484 2561 576 2616 ne,
623 2561 683 2605 ut
720 2554 823 2622 pia:
856 2557 1003 2625 leges
1036 2558 1414 2625 praescribunt,
1450 2562 1718 2630 majorum
1762 2582 1776 2617 :
1811 2569 2060 2621 testium.

482 2644 573 2698 nia
598 2645 745 2700 enim
775 2663 895 2717 qua:
928 2651 1199 2706 habentur
1244 2651 1312 2707 ab
1345 2652 1619 2723 hostibus,
1673 2656 1779 2714 ﬁde
1813 2658 2063 2730 digniora

484 2745 634 2794 sunt.
662 2740 799 2797 Cum
830 2757 959 2797 vero
988 2744 1172 2801 hostes
1227 2754 1392 2815 atque
1425 2750 1724 2806 adversarii
1756 2758 1931 2809 nostri
1961 2756 2064 2811 hoc

487 2831 801 2887 testimonio
835 2849 939 2889 suo
982 2839 1472 2903 constabiliverint,
1506 2843 1677 2897 multo
1719 2845 2063 2904 verissimum

483 2930 567 2977 est
598 2923 703 2979 hoc
725 2926 1089 2983 sanctissime
1141 2929 1377 3000 Virginis
1427 2933 1775 2990 miraculum.
1809 2937 2063 3009 Namque

482 3013 737 3070 Mersaita
752 3025 806 3070 et
822 3017 1129 3085 patriarcha
1145 3020 1221 3088 (1)
1242 3021 1540 3077 Turcarum
1562 3024 1863 3083 afﬁrmabat
1876 3042 2067 3100 prepo-

2176 544 2291 597 σίον
2321 543 2416 598 τοῦ
2442 544 2681 612 κάστρου
2707 543 2819 602 τοῖς
2855 538 3151 608 Ῥωμαίοις
3208 537 3434 598 ἄκοντες
3490 537 3741 589 καταλεί-

2173 636 2395 705 ψαντες,
2427 636 2494 688 τὰ
2531 636 2589 689 δέ
2614 634 2931 705 μακρότερα
2958 632 3211 702 εὑρόντες
3260 629 3340 697 τῷ
3390 630 3526 700 πυρὶ
3578 632 3742 701 παρέ-

2174 729 2371 783 δωκαν.
2404 728 2513 781 Καὶ
2554 730 2721 796 τέρας
2755 725 2908 791 ἔδοξε
2936 724 3096 777 τοῦτο
3126 722 3218 775 καὶ
3260 720 3500 785 ἐξαίσιον
3559 720 3743 789 ἔργον,

2174 821 2291 882 πῶς
2337 822 2387 873 oi
2449 817 2753 888 ἐπηρμένοι
2801 817 2897 870 καὶ
2955 815 3321 885 γαυριωμένοι
3356 814 3418 866 τὸ
3476 815 3744 882 πρότερον

2173 913 2330 979 ἀφνω
2360 914 2626 981 κατηφεῖς
2654 909 2959 979 εὑρέθησαν
2988 908 3082 959 καὶ
3109 908 3339 977 ἀχρεῖοι,
3389 908 3487 958 καὶ
3529 906 3647 968 πῶς
3693 906 3743 959 οι

2172 1006 2440 1075 πρότερον
2490 1003 2800 1067 ἐπεθύμουν
2839 1000 2931 1053 τὸν
2973 1000 3209 1068 πόλεμον
3271 1001 3379 1052 τῶν
3424 1000 3733 1067 Ῥωμαίων,

2170 1096 2756 1167 ἁπαραπροσδοκήτως
2784 1095 2846 1148 τὸ
2880 1092 3072 1146 λοιπὸν
3100 1093 3302 1161 ἔφυγον
3351 1092 3459 1144 ἀπὸ
3512 1093 3740 1146 τούτων.

2168 1190 2281 1247 Καὶ
2307 1189 2416 1259 γὰρ
2454 1188 2669 1256 ἀληθῶς
2703 1188 2861 1241 τοῦτο
2889 1187 3055 1256 ἔργον
3090 1185 3338 1257 ἀοράτως
3393 1187 3651 1256 ἐπέμφθη
3679 1189 3742 1239 ἐκ

2167 1278 2453 1345 δυνάμεως
2483 1280 2657 1342 θείας.
2691 1281 2802 1334 Καὶ
2832 1280 2881 1333 οἱ
2922 1279 3192 1346 Ῥωμαῖοι
3224 1279 3383 1332 τοῦτο
3418 1280 3615 1342 ἰδόντες
3636 1279 3745 1331 διε-

2169 1375 2472 1442 πλήττοντο
2499 1374 2597 1443 μὲν
2641 1374 2703 1425 τὸ
2737 1371 2943 1441 θαῦμα,
2977 1371 3198 1441 ἔχαιρον
3224 1371 3279 1425 δέ
3307 1372 3407 1438 τὴν
3439 1372 3630 1447 ’φυγήν
3680 1387 3742 1425 τε

2165 1465 2273 1519 τῶν
2303 1466 2587 1535 πολεμίων
2620 1465 2869 1525 ἐκείνων.
2906 1464 3002 1516 καὶ
3060 1463 3343 1533 χαίροντες
3402 1463 3585 1531 ἔλεγον
3614 1478 3628 1491 ·
3677 1465 3743 1517 Ὠ

2165 1559 2481 1627 γλυκύτητα
2509 1558 2724 1627 ἡμέρας
2747 1556 2952 1630 ταύτης
2977 1557 3073 1610 καὶ
3101 1555 3272 1625 ὥρας,
3318 1554 3364 1607 ὣ
3397 1556 3742 1625 μεταλλαγῆς

2166 1650 2477 1721 θαυμασίας
2504 1653 2598 1702 καὶ
2648 1648 2955 1717 ἐναλλαγῆς
3023 1647 3369 1711 ἀνελπίστου,
3422 1647 3469 1700 ὣ
3522 1648 3740 1717 ἀπαρα-

2168 1742 2541 1811 προσδοκήτου
2572 1740 2895 1809 ἐλευθερίας
2932 1740 3021 1791 καὶ
3062 1739 3427 1810 εὐφροσύνης,
3486 1738 3532 1792 ὣ
3580 1740 3741 1793 εὐθυ-

2173 1834 2302 1904 μίας
2330 1830 2698 1902 ἁνικλαλήτου
2745 1830 2839 1883 καὶ
2867 1830 3060 1899 ἡδονῆς
3102 1831 3525 1898 ἁνεκφράστουῐ
3568 1848 3588 1882 r
3629 1826 3739 1884 Καὶ

2167 1925 2276 1993 γὰρ
2327 1925 2497 1976 ταῦτα
2556 1921 2668 1975 τῶν
2726 1920 3047 1975 πολυάθ).ων
3115 1919 3402 1990 Ῥωμαίων
3470 1921 3741 1989 λεγόντων

2166 2014 2386 2084 ἔχαιρον
2412 2013 2526 2084 ἅμα
2557 2013 2653 2067 καὶ
2689 2014 3023 2081 σκιρτῶντες
3065 2013 3359 2082 εύθύμουν,
3422 2015 3522 2077 τὰς
3566 2014 3737 2067 παλά-

2170 2122 2276 2174 μας
2312 2105 2590 2175 ἐκρότουν,
2624 2106 2718 2158 καὶ
2748 2105 2963 2174 τρανῶς
3017 2104 3111 2157 τὸν
3167 2105 3304 2159 Θεὸν
3352 2106 3738 2176 εὐχαρίστουν,

2166 2199 2261 2251 καὶ
2294 2197 2391 2267 τὴν
2419 2199 2693 2265 παναγῐαν
2718 2197 3041 2264 ἀνέπεμπον
3066 2194 3291 2267 ὕμνους,
3326 2196 3420 2251 καὶ
3463 2200 3528 2252 ἐκ
3560 2198 3739 2268 ψυχῆς

2166 2287 2482 2356 δοξάζοντες
2531 2288 2721 2356 ἔλεγον
2758 2304 2774 2321 ·
2842 2306 2861 2341 ι
2892 2288 3063 2341 Τοῦτο
3117 2288 3177 2340 τὸ
3216 2290 3598 2360 πολυύμνητον
3644 2286 3742 2343 καὶ

2167 2378 2609 2450 πολυθρύλλητον
2633 2381 2727 2432 καὶ
2760 2378 2998 2445 ἐξαίσιον
3023 2379 3117 2432 καὶ
3157 2378 3437 2448 ἐξαίρετον
3476 2382 3572 2434 καὶ
3607 2380 3743 2433 Ouu-

2168 2472 2365 2542 μάσιον
2395 2471 2490 2524 καὶ
2517 2468 2796 2539 θαύματος
2858 2467 3010 2532 ἄξιον
3070 2467 3257 2538 θαῦμα
3313 2470 3411 2537 τῆς
3460 2469 3739 2535 Παναγίας

2164 2564 2380 2633 ἀληθῶς
2436 2563 2531 2616 καὶ
2600 2559 2986 2633 ἀναμφιϐόλως
3048 2561 3319 2631 ὑπῆρχεν,
3373 2560 3449 2623 ὡς
3493 2561 3587 2613 καὶ
3641 2560 3741 2623 τὰς

2169 2654 2479 2726 μαρτυρίας
2505 2654 2703 2724 ἔχομεν
2736 2653 2892 2724 παρὰ
2946 2653 3241 2725 μαρτύρων
3282 2653 3740 2724 ἀπαραγράπτων

2168 2749 2309 2803 κατὰ
2335 2750 2463 2811 τοὺς
2496 2748 2837 2817 φιλευσεὸείς
2867 2748 3088 2815 νόμους.
3153 2748 3459 2811 Φάσκοντες
3506 2750 3614 2818 γὰρ
3677 2748 3741 2799 αἱ

2168 2840 2316 2907 παρὰ
2340 2840 2448 2891 τῶν
2477 2840 2690 2909 ἐχθρῶν
2720 2839 3021 2909 μαρτυρίαι
3068 2839 3509 2911 ἀξιοπιστότεραί
3574 2841 3739 2893 εἰσιν.

2179 2927 2555 2997 Ἐπειδὴδὲοί
2590 2928 2776 2999 ἐχθροὶ
2825 2932 2919 2981 καὶ
2967 2929 3218 2998 πολέμιοι
3274 2931 3435 2999 ἡμῶν
3495 2932 3743 2987 δέδωκαν

2173 3018 2481 3088 μαρτυρίαν
2541 3019 2824 3090 τοιαύτην,
2873 3022 3016 3075 πάνυ
3045 3023 3194 3086 ἐστὶν
3248 3022 3617 3091 ἅληθίστατον
3676 3024 3740 3075 τὸ

483 3106 642 3163 sitam
662 3114 789 3162 tunc
830 3108 936 3164 illis
956 3110 1123 3166 fuisse
1140 3113 1411 3169 civitatem
1433 3116 1495 3171 ad
1516 3123 1773 3186 praedam,
1798 3125 2059 3191 quemad-

2167 3109 2350 3180 θαῦμα
2375 3110 2474 3179 τῆς
2503 3112 2798 3180 παναγίας.
2836 3113 3065 3183 Ἔλεγεν
3110 3113 3220 3183 γὰρ
3268 3116 3296 3167 6
3326 3116 3675 3185 Μηρσαῖτης.
3707 3114 3741 3165 ό

486 3197 707 3252 modum
739 3201 838 3253 viri
874 3202 1016 3256 docti
1050 3203 1227 3260 Persae
1253 3216 1411 3262 artate
1429 3208 1717 3267 Hahometi
1746 3216 2059 3272 calculave-

486 3297 632 3353 rant,
662 3290 1092 3363 invenerantque
1131 3298 1232 3350 hoc
1258 3311 1404 3351 anno
1451 3313 1637 3355 mense
1670 3300 1889 3373 dieique
1922 3305 2060 3361 hora

485 3381 675 3436 urbem
706 3396 736 3436 a
754 3382 916 3438 nobis
933 3384 1307 3440 debellandam
1333 3401 1487 3454 esse;
1518 3398 1571 3443 et
1591 3390 1832 3447 futurum
1871 3394 1923 3449 id
1951 3409 2069 3451 erat

484 3475 709 3529 omnino
729 3485 1001 3531 astrorum
1034 3477 1084 3531 vi
1113 3488 1168 3532 et
1196 3488 1638 3536 astronomorum
1664 3484 1897 3551 artificio
1921 3503 1940 3551 ;
1968 3487 2065 3542 sed

485 3562 771 3618 mulierem
806 3565 953 3620 illam
982 3567 1236 3623 violaceis
1269 3570 1511 3625 vestibus
1541 3572 1798 3626 amictam
1822 3549 1953 3641 .pe'r
1975 3590 2068 3634 ca-

483 3662 660 3709 stram
669 3656 1107 3713 obambulantem
1120 3668 1173 3714 et
1186 3675 1348 3729 super
1362 3663 1763 3731 propugnacula
1780 3666 2069 3735 intrepide,

486 3745 614 3800 dum
632 3761 811 3816 pugna
843 3747 1032 3809 initur.
1053 3751 1160 3803 vim
1181 3761 1449 3805 astrorum
1478 3753 1757 3809 obtudisse
1769 3765 1822 3810 et
1836 3758 2065 3813 astrolo-

439 3870 445 3876 -
487 3850 680 3906 gorum
710 3837 973 3903 artiﬁcia;
1010 3843 1264 3910 quamvis
1297 3842 1387 3896 illa
1415 3856 1522 3897 non
1553 3858 1581 3897 a
1614 3851 1756 3899 terra
1789 3861 1967 3917 neque
1993 3862 2061 3903 ex

487 3929 828 3996 hominibus,
870 3932 1022 3987 sede
1054 3932 1193 3987 caelo
1218 3941 1271 3986 et
1321 3932 1578 3989 invisibili
1630 3945 1899 4005 potestate
1952 3939 2061 3994 vim

488 4017 790 4073 obtinebat.
833 4019 1097 4075 Similiter
1123 4022 1397 4078 exercitus
1451 4023 1692 4081 universi
1752 4027 2058 4084 Turcarum

485 4108 843 4179 jurejurando
901 4108 1167 4166 Mersaitaa
1241 4114 1446 4168 dictum
1504 4117 1946 4184 conﬁrmabant,
2007 4130 2063 4177 et

488 4200 747 4255 omnibus
797 4201 1092 4257 narrabant
1133 4217 1328 4274 pugnae
1389 4206 1544 4271 hora,
1589 4214 1879 4278 postquam
1935 4225 2058 4266 cum

488 4290 715 4345 audacia
745 4298 800 4346 et
830 4292 1053 4363 impetu,
1082 4293 1175 4364 qui
1205 4294 1444 4348 coerceri
1466 4310 1570 4348 non
1591 4304 1824 4364 poterat,
1847 4298 1914 4353 ad
1936 4314 2060 4353 mu-

488 4398 583 4441 ros
616 4384 781 4441 castri
807 4393 1191 4453 pervenerant,
1227 4393 1287 4439 ut
1331 4386 1692 4441 ascenderent
1730 4386 2058 4459 Graecosque

485 4474 739 4544 fugarent
770 4475 1070 4545 urbemque
1121 4487 1396 4546 caperent,
1417 4477 1621 4533 vidisse
1671 4493 1734 4534 se
1766 4479 2053 4536 mulierem

487 4566 1000 4623 violaceis'vestihus
1015 4567 1283 4629 indutam.
1302 4568 1739 4624 deambulantem
1755 4584 1920 4641 super
1929 4585 2057 4641 pro-

486 4660 794 4729 pugnacnla
824 4659 1118 4714 exterioris
1145 4661 1347 4721 castri;
1377 4674 1483 4728 qua
1515 4660 1627 4715 visa
1680 4662 1865 4716 statim
1895 4670 2059 4717 tene—

491 4753 604 4806 bris
634 4752 868 4823 procella
896 4752 1092 4805 timore
1118 4764 1183 4807 ac
1212 4760 1451 4806 tremore
1476 4763 1761 4823 correptos
1782 4767 1974 4808 omnes
2003 4754 2060 4808 in

490 4842 673 4910 fugam
697 4857 757 4898 se
778 4850 833 4896 et
853 4857 961 4897 non
991 4842 1057 4897 ad
1083 4842 1285 4898 bellum
1309 4842 1546 4911 dedisse,
1573 4853 1628 4899 et
1657 4845 1706 4898 vi
1738 4844 2060 4916 inflatuque

490 4932 639 4988 illius
660 4932 898 4989 mulieris
924 4932 1266 4987 formidinem
1294 4933 1398 4989 sibi
1431 4934 1729 4991 immissam
1783 4945 1839 4991 et
1867 4937 2059 4992 urbem

494 5025 805 5080 liberatam.
836 5022 962 5079 Haec
1012 5033 1194 5079 autem
1221 5034 1442 5093 peracta
1476 5035 1606 5079 sunt
1629 5039 1776 5080 anno
1809 5042 2058 5099 nongen-

491 5115 689 5169 tesimo
717 5110 990 5172 tricesimo
1019 5128 1184 5185 supra
1214 5113 1395 5170 sexies
1444 5114 1824 5184 millesimum,
1854 5118 2063 5174 mensis

561 5334 638 5403 (Ι)
662 5331 835 5398 Quem
859 5331 1019 5403 h_odie
1044 5328 1326 5399 Moufu’um
1345 5331 1522 5403 solent
1543 5344 1878 5403 nuncupare;
1896 5331 2059 5403 hunc

485 5399 847 5477 patriar-chum
878 5399 1174 5477 Turcarum
1192 5410 1351 5477 vocat
1364 5401 1527 5477 etiam
1549 5399 1861 5477 sppraicol.
1885 5400 1951 5477 θ’]
2039 5420 2051 5458 :

487 5470 660 5538 λύτὸς
684 5473 741 5526 δέ
772 5475 799 5525 6
844 5470 1101 5539 μέγιστος
1130 5472 1229 5539 καὶ1
1266 5470 1431 5532 πολὺς
1466 5471 1597 5537 παρ’
1637 5470 1870 5531 ἐκείνοις
1899 5472 1928 5522 6
1968 5471 2059 5524 e6-

487 5537 651 5613 γενὴς
679 5537 1050 5613 πατριάρχης,
1092 5537 1746 5613 ὓν-εἷχονήτὲοοωρατιξιὺν
1777 5540 1874 5613 καὶ
1919 5556 2057 5613 τερον

484 5609 664 5683 φήτην
680 5609 919 5683 τοῦνομα
944 5611 1267 5679 Μηρσαῖτης
1292 5612 1355 5678 τῇ
1381 5610 1623 5683 Περεικῇ
1645 5609 1913 5676 διαλέκτῳ
1930 5609 2053 5683 _Sa3-_

489 5678 790 5752 pi'us'idem
839 5678 1097 5733 Cananus
1155 5688 1419 5752 memorat
1482 5678 1785 5752 Turealytn
1852 5680 2075 5752 καλογέυ

494 5748 620 5818 ρους
637 5748 752 5804 sive
782 5752 1099 5808 monachos.
1123 5748 1287 5804 etiam
1313 5762 1420 5802 uno
1435 5749 1654 5803 nomine
1674 5748 2052 5809 Τουρκοκαλο-

2171 3204 2521 3273 πατριάρχης
2552 3203 2661 3257 τῶν
2718 3204 3002 3275 Τούρκων,
3032 3208 3115 3259 ὅτι
3162 3209 3195 3275 ἡ
3250 3208 3404 3269 πόλις
3450 3208 3742 3275 ἐπρνίκειτο

2169 3296 2302 3365 παρ’
2348 3296 2507 3365 ἡμῶν
2535 3295 3073 3365 αίχμαλογτισθῆναι,
3097 3298 3172 3359 ὡς
3204 3298 3252 3348 οι
3278 3299 3432 3365 σοφοὶ
3465 3298 3565 3362 τῆς
3599 3299 3738 3366 Περ-

2172 3388 2292 3450 σίας
2360 3388 2440 3451 ei;
2479 3386 2570 3441 τὸν
2641 3386 2837 3456 καιρὸν
2884 3385 2979 3440 τοῦ
3015 3384 3262 3457 Μωάμεθ
3307 3382 3739 3455 ἐψηφοφόρησαν

2169 3477 2299 3548 περὶ
2321 3477 2539 3539 τούτου,
2568 3479 2661 3531 καὶ
2692 3476 2852 3549 εὗρον
2884 3478 2966 3532 ὅτι
3000 3480 3079 3541 είς
3096 3479 3156 3530 τὸ
3185 3478 3306 3539 ἔτος
3337 3476 3432 3530 καὶ
3457 3477 3550 3530 τὸν
3587 3476 3735 3545 μῆνα

2167 3570 2262 3622 καὶ
2305 3569 2404 3637 τὴν
2463 3568 2677 3639 ἡμέραν
2726 3570 2935 3637 ταύτης
2992 3570 3093 3632 τῆς
3137 3567 3287 3637 ὥρας
3332 3569 3366 3636 ἡ
3418 3567 3572 3629 πόλις
3605 3562 3741 3635 παρ’

2167 3659 2326 3728 ἡμῶν
2346 3659 2629 3728 πρόκειται
2659 3658 3019 3725 κρατηθῆναι.
3053 3657 3160 3711 Καὶ
3194 3655 3387 3724 ἔμελλε
3434 3655 3592 3708 τοῦτο
3642 3673 3739 3723 γε·
3842 3653 3850 3657 “

2166 3749 2357 3805 νέσθαι
2406 3749 2549 3804 κατὰ
2590 3750 2690 3818 τὴν
2732 3749 2963 3820 δύναμιν
3029 3751 3140 3803 τῶν
3190 3749 3440 3819 ἀστέρων
3501 3750 3592 3801 καὶ
3638 3748 3743 3816 τὴν

2167 3843 2364 3912 τέχνην
2392 3841 2501 3895 τῶν
2522 3840 2892 3911 ἀστρονόμων.
2940 3840 3085 3910 Ἀμὴ
3131 3841 3424 3910 ὴγυναίκα
3482 3839 3666 3906 ἐκείνη
3706 3838 3739 3906 ἡ

2165 3931 2292 3997 ὀξέα
2322 3933 2563 4001 φοροῦσα
2618 3931 2712 3984 καὶ
2766 3931 3150 4001 περιπατοῦσα
3206 3929 3303 3984 τοῦ
3357 3930 3599 3999 κάστρου
3646 3931 3738 3981 καὶ

2164 4026 2274 4079 τῶν
2322 4024 2734 4095 προμαχιονίων
2787 4025 2975 4078 ἐπάνω
3012 4024 3228 4091 ἀφόϐως
3244 4023 3339 4076 τοῦ
3364 4023 3608 4090 πολέμου
3637 4020 3742 4091 τὴν

2163 4117 2334 4186 ὥραν.
2362 4117 2547 4184 ἐκείνη
2582 4115 2891 4185 ἁντὲπραξε
2921 4115 3019 4176 τὰς
3054 4115 3313 4180 δυνάμεις
3368 4111 3480 4164 τῶν
3516 4112 3734 4182 ἄστρων

2163 4211 2258 4262 καὶ
2283 4209 2381 4276 τὴν
2409 4208 2606 4277 τέχνην
2628 4208 2738 4259 τῶν
2770 4207 3141 4273 ἀστρολόγων.
3172 4204 3317 4273 Πλὴν
3351 4204 3451 4258 οὐκ
3489 4205 3597 4258 ἀπὸ
3633 4204 3736 4272 γῆς

2161 4295 2285 4349 οὐδὲ
2315 4295 2376 4359 ἐξ
2405 4295 2715 4363 ἀνθρώπων
2744 4296 2841 4363 τὴν
2871 4295 3104 4359 δύναμιν
3149 4292 3316 4364 εἶχεν,
3358 4294 3479 4348 ἀλλ’
3521 4294 3586 4359 ἐξ.
3640 4295 3735 4347 ού·-

2165 4385 2327 4459 ρανοῢ
2359 4386 2453 4439 καὶ
2471 4386 2708 4452 ἀοράτου
2735 4385 3042 4454 δυνάμεως.
3084 4385 3322 4455 Ὁμοίως
3350 4388 3443 4440 καὶ
3468 4387 3535 4438 τὰ
3567 4397 3735 4453 στρα-

2159 4477 2408 4546 τεύματα
2434 4476 2610 4530 πάντα
2642 4475 2751 4529 τῶν
2804 4476 3066 4545 Τούρκων
3108 4477 3583 4547 ἐσυνεμαρτύρουν
3634 4478 3727 4529 ἐν-

2161 4570 2343 4640 όρκως
2372 4567 2462 4622 τὸν
2494 4568 2826 4639 Μηρσαῖτην
2849 4569 3081 4628 ἐκεῖνον.
3123 4568 3217 4622 καὶ
3242 4568 3561 4637 ἐδιηγούντο
3588 4568 3726 4636 πρὸς

2164 4663 2376 4726 πάντας
2406 4662 2487 4715 ὅτι
2509 4661 2605 4714 τοῦ
2638 4662 2877 4731 πολέμου
2908 4662 3006 4732 τὴν
3031 4663 3208 4733 ὥραν,
3239 4663 3370 4714 ὅταν
3396 4662 3463 4730 μὲ
3495 4662 3737 4730 θράσους

2165 4754 2262 4808 καὶ
2287 4754 2465 4824 ὁρμῆς
2496 4753 2806 4823 ἀκρατήτου
2836 4754 3081 4823 ἔφθασαν
3110 4754 3191 4818 είς
3218 4755 3290 4806 τὰ
3317 4754 3470 4823 τείχη
3505 4752 3605 4806 τοῦ»
3632 4753 3736 4805 κόι-

2167 4861 2352 4916 στρου.
2385 4844 2472 4899 ίνα
2497 4844 2772 4898 ἀναϐῶσιν
2799 4846 2983 4899 ἐπάνω
3008 4845 3106 4899 καὶ
3134 4845 3371 4912 διώξωσι
3417 4848 3544 4905 τοὺς
3603 4844 3737 4895 Ῥω-

2170 4934 2363 5006 μαίους
2390 4934 2485 4987 καὶ
2506 4933 2604 5003 τὴν
2635 4933 2792 4987 πόλιν
2814 4934 3281 5003 αἱχμαλωτίσουν,
3304 4934 3423 4987 τότε
3465 4928 3606 4984 εἶδον
3634 4949 3735 4997 γυσ

2166 5028 2329 5081 ναῐκα
2351 5025 2479 5091 ὀξέα
2499 5024 2672 5095 ροὖκα
2695 5024 2970 5095 φοροῦσαν
2995 5024 3089 5077 καὶ
3113 5041 3178 5077 πε
3190 5022 3516 5095 ριτατοῦσαν
3545 5021 3735 5073 ἐπάνω

2165 5117 2276 5170 τῶν
2305 5116 2715 5189 προμαχιονίων
2736 5115 2831 5170 τοῦ
2874 5114 2982 5181 ἔξω
3026 5115 3293 5187 κάστρου.
3360 5114 3471 5167 Καὶ
3525 5111 3735 5182 ταύτην

2166 5335 2384 5405 γέρους.
2407 5332 2671 5405 Similiter
2705 5330 3001 5399 Chaliplias
3031 5329 3339 5405 Turcarum
3394 5333 3702 5405 urspergo‘n
3727 5362 3734 5371 -

2163 5400 2247 5459 sis
2272 5404 2506 5473 appellat
2540 5402 2802 5473 Papasret
2835 5402 3151 5473 apostolicos
3179 5405 3290 5473 ευρ
3320 5400 3519 5470 gemis.
3562 5400 3733 5473 \[iris-

2162 5476 2266 5529 sim
2295 5470 2396 5527 fuit
2418 5473 2511 5526 cui
2540 5471 2678 5541 Papa
2700 5472 2975 5541 diceretur
3000 5471 3043 5523 il
3074 5471 3220 5526 Grai:
3244 5471 3414 5525 Τανεο
3451 5473 3535 5525 dei
3560 5470 3732 5541 ‘Chri-

2160 5545 2347 5608 sliani,
2368 5552 2422 5607 et
2449 5539 2771 5610 Mahoinetis
2806 5539 2871 5593 Ill
2914 5541 3124 5610 legatus
3184 5542 3507 5605 Leoninum,
3543 5539 3734 5595 Galliae

2161 5614 2303 5680 regis
2329 5613 2662 5676 ministrum,
2709 5609 2984 5680 Magnum’
3011 5610 3268 5663 Visirr'um
3301 5611 3615 5680 appellavit,
3672 5617 3732 5664 ut

2154 5679 2322 5739 refert
2343 5682 2480 5739 Tan.
2509 5680 2686 5738 Faber
2705 5680 2773 5736 ad
2803 5679 3106 5751 Longinum
3134 5696 3258 5750 pag.
3287 5681 3377 5733 17.
