4144 6282
317 425 394 489 93

331 887 506 948 valet,
530 895 793 953 quantum
825 897 1066 938 asserere
1091 882 1265 950 ipsam
1299 887 1350 930 te
1389 875 1700 931 Divinitatis
1745 872 1892 925 llam-

335 993 487 1030 mam
516 977 824 1045 suscepisse
859 983 1052 1036 utero,
1107 981 1162 1027 et
1213 969 1521 1040 purissima:
1571 966 1718 1019 illius
1767 963 1905 1015 lucis

335 1085 508 1138 supra
532 1085 722 1144 omnes
747 1079 1026 1122 creaturas
1061 1072 1361 1132 compotem
1409 1061 1605 1114 factam
1631 1097 1646 1119 ,
1693 1056 1899 1110 nullum

339 1170 526 1216 tamen
583 1159 707 1214 inde
759 1159 1144 1214 detrimentum
1193 1153 1446 1225 passam?
1489 1151 1636 1216 Quid
1688 1148 1902 1200 tandem

340 1253 701 1321 fuerikquod
732 1252 890 1320 longe
918 1250 1145 1303 inferius
1179 1262 1284 1300 non
1317 1245 1426 1300 sit?
1463 1242 1643 1307 Quare
1675 1241 1909 1306 appella-

338 1345 493 1396 tione
523 1345 625 1396 hac
664 1342 819 1410 quasi
851 1339 1087 1409 generali
1113 1337 1346 1404 quodam
1381 1333 1566 1393 titulo,
1592 1345 1715 1382 cutn
1743 1325 1907 1379 animi

344 1438 593 1497 studium
625 1446 678 1492 et
704 1435 1038 1489 voluntatem
1073 1431 1204 1485 satis
1243 1423 1702 1480 declaraverimus
1733 1458 1747 1481 ,
1785 1431 1911 1484 spe-

345 1530 580 1582 cialibus
627 1543 735 1581 non
787 1522 1116 1578 abutendum
1175 1519 1542 1572 arbitramur:
1609 1512 1709 1564 hoc
1769 1507 1912 1560 enim

349 1621 511 1687 plane
538 1629 686 1674 esset
740 1612 1144 1677 existimantis,
1191 1607 1461 1678 perveniri
1512 1605 1700 1657 saltem
1753 1612 1913 1667 posse

352 1724 519 1776 prope
549 1709 624 1769 id,
663 1709 808 1776 quod
847 1705 1130 1764 condecet,
1171 1714 1294 1752 cum
1321 1712 1419 1750 nec
1461 1695 1572 1748 ﬁeri
1605 1689 1794 1760 possit,
1815 1701 1913 1740 nec

355 1814 383 1849 a
411 1800 606 1851 mentis
646 1813 792 1852 same
822 1797 936 1849 viro
965 1791 1172 1862 sperari
1195 1833 1206 1850 ,
1243 1788 1467 1858 perinde
1522 1799 1584 1837 ac
1616 1783 1658 1836 si
1693 1782 1814 1850 quis
1845 1777 1909 1830 ad

359 1889 799 1958 restinguendam
831 1883 1356 1940 vehementissimam
1399 1878 1568 1939 sitim,

359 1979 502 2031 xime
549 1986 905 2048 premeretur,
940 1974 1294 2045 persuaderet
1322 1971 1446 2030 sibi,
1472 1980 1631 2036 posse
1662 1961 1918 2016 facillime

358 2085 553 2138 aquam
587 2084 800 2122 omnem
859 2067 1151 2120 exhaurire
1169 2060 1486 2132 pota'bilent,
1510 2069 1565 2110 et
1587 2053 1812 2124 proinde
1835 2052 1919 2104 in-

359 2169 539 2225 tegros
571 2158 874 2225 Euphrates
918 2165 973 2209 et
1007 2156 1194 2223 Tigres
1237 2149 1628 2220 aggrederetur
1679 2143 1919 2197 ebibere.

358 2247 490 2301 Nam
524 2261 622 2300 nec
663 2247 750 2300 ille
777 2247 975 2299 mentis
1009 2257 1234 2311 compos
1288 2240 1582 2292 haberetur
1614 2249 1642 2286 a
1666 2229 1923 2300 sapienti;-

350 2339 484 2401 -bus,
513 2353 610 2391 nec
637 2337 736 2406 ipsi
770 2338 813 2389 si
850 2331 1327 2389 vehementissimo
1359 2344 1484 2395 erga
1510 2335 1564 2378 te
1594 2323 1918 2378 insanientis

365 2429 528 2481 animi
569 2427 750 2481 studio
784 2423 1052 2492 compulsi
1094 2423 1334 2474 laborem
1362 2418 1692 2473 subiremus,
1729 2411 1818 2479 qui
1853 2407 1920 2460 ad

370 2521 526 2573 linem
555 2518 775 2587 perduci
809 2531 912 2568 non
941 2521 1137 2582 potest,
1176 2510 1354 2564 conati
1385 2507 1633 2560 videlicet
1666 2505 1923 2571 hymnum

371 2614 478 2662 tuis
515 2608 717 2661 meritis
773 2605 1186 2672 respondentem
1237 2599 1450 2652 oll‘erre.
1482 2593 1614 2647 Nam
1663 2593 1802 2644 sicut
1840 2604 1928 2639 ve-

370 2701 554 2754 cordis
581 2709 723 2753 «τεερι
757 2696 1012 2750 arbitrari
1062 2692 1355 2747 lucidiores
1396 2687 1506 2742 ﬁeri
1552 2683 1733 2738 radios
1790 2679 1900 2732 mul

371 2802 549 2844 tarum
584 2807 684 2858 ope
710 2791 1078 2848 lucernarum,
1110 2793 1202 2836 aut
1235 2784 1559 2833 immensitm
1581 2777 1683 2828 hoc
1711 2774 1930 2839 pelagus

375 2880 542 2933 unius
595 2889 761 2947 gutta:
793 2875 1098 2944 atljeetione
1129 2870 1334 2938 augeri.
1367 2867 1619 2921 similiter
1649 2873 1702 2915 ct
1741 2859 1929 2915 conari

373 2969 622 3026 laudibus
653 2977 722 3025 te,
756 2964 941 3033 Virgo,
978 2963 1238 3016 extollere
1269 2974 1363 3010 vas
1392 2958 1659 3009 donorum
1687 2951 1926 3003 omnium

372 3051 682 3115 divinarum
718 3057 958 3124 plenum,
989 3063 1245 3116 tantaque
1273 3047 1618 3102 sublimatam
1645 3041 1927 3110 dignitate,

374 3162 434 3208 ut
463 3167 578 3205 eam
609 3149 691 3202 vel
719 3150 917 3216 lingere
946 3145 1100 3197 nulla
1123 3157 1274 3194 mens
1308 3139 1512 3207 possit:
1546 3133 1814 3202 siquidem
1845 3131 1926 3182 ἰη-

376 3241 874 3308 circumscriptum,
898 3237 1061 3289 nullis
1078 3240 1388 3286 contentum
1412 3227 1626 3296 spatiis,
1646 3220 1909 3277 inacccssi
1971 3223 2016 3285 C

376 3332 538 3389 bilem
573 3331 676 3399 ipsi
708 3331 869 3383 etiam
904 3335 1114 3380 natura:
1140 3319 1406 3392 spirituali
1438 3358 1453 3380 ,
1512 3325 1796 3385 postquam
1829 3311 1938 3366 cir-

381 3423 719 3490 cumscripto
785 3428 877 3472 tuo
905 3426 1058 3470 utero
1084 3414 1254 3466 voluit
1278 3406 1678 3468 circumscribi,
1709 3403 1938 3458 circum-

382 3517 639 3581 scriptum
687 3512 898 3565 et‘licere
932 3505 1179 3577 potuisti,
1213 3512 1267 3558 et
1310 3501 1486 3570 spatio
1520 3504 1856 3556 contentum,
1887 3499 1942 3546 et

387 3605 759 3675 accessibilem
808 3599 904 3654 tibi
967 3597 1264 3652 secundum
1335 3589 1688 3662 hypostasim.
1735 3586 1940 3650 Captus

387 3696 531 3749 enim
563 3704 646 3748 est
681 3694 778 3763 (ut
807 3693 879 3744 ita
905 3692 1081 3742 dicam
1110 3691 1125 3745 δ
1160 3686 1352 3738 anima:
1384 3694 1488 3735 tua:
1517 3675 1940 3750 pulchritudine,

390 3790 481 3859 qui
510 3803 616 3841 non
677 3784 920 3850 subiacet
972 3779 1252 3833 aﬂ‘ertibns
1297 3775 1502 3837 animi,
1563 3781 1614 3824 et
1654 3770 1946 3822 conclusus

373 3880 569 3948 spatio
596 3884 678 3930 est
709 3875 760 3927 in
798 3884 869 3935 te,
897 3873 987 3938 qui
1013 3871 1180 3922 nullis
1211 3866 1512 3920 includitur
1544 3861 1792 3915 terminis
1821 3899 1834 3921 ,
1868 3867 1948 3910 te-

391 3986 498 4040 que
524 3983 748 4024 suorutn
782 3965 1047 4018 donorum
1083 3960 1209 4013 fecit
1233 3959 1574 4014 thesaurum,
1609 3959 1662 4003 et
1707 3961 1948 4016 promam

392 4059 647 4114 Condam.
678 4055 788 4107 lloc
811 4065 862 4105 te
893 4049 1233 4120 mysterium,
1265 4055 1323 4098 ut
1351 4060 1471 4109 quae
1495 4041 1663 4094 nullis
1686 4043 1950 4090 arctatum

397 4146 641 4202 terminis
676 4153 830 4196 utero
859 4136 1178 4204 suscepisti,
1211 4144 1264 4186 et
1297 4129 1586 4184 Cherubiut
1623 4128 1745 4178 fecit
1779 4126 1953 4178 hono-

398 4234 730 4294 rabiliorem,
757 4240 810 4284 et
840 4227 1126 4294 Seraphim
1159 4221 1533 4290 gloriosiorem
1564 4259 1577 4279 ,
1622 4217 1700 4269 vel
1732 4227 1957 4280 compa-

402 4329 609 4383 ratione
639 4327 758 4393 ipsa
797 4320 938 4375 haud
975 4317 1137 4371 facili.
1169 4315 1300 4366 Nam
1343 4321 1602 4379 quantum
1655 4309 1794 4359 inter
1847 4305 1957 4373 glo~

404 4419 536 4473 riam
573 4429 746 4474 tuam,
771 4422 1154 4475 summumque
1181 4407 1496 4472 angelorum
1528 4399 1768 4452 ordinent
1791 4397 1958 4448 inter-

407 4511 502 4572 sit,
532 4507 683 4561 solus
717 4501 927 4555 noverit
956 4499 1118 4558 Deus,
1146 4505 1360 4563 captum
1391 4505 1516 4544 vero
1560 4491 1849 4540 hutnannm
1881 4485 1962 4537 [ιι-

408 4599 483 4666 git
509 4593 752 4655 Omnino,
779 4590 912 4642 adeo
944 4585 1194 4654 superior
1229 4597 1287 4635 es
1328 4580 1578 4632 universa
1614 4588 1806 4627 natura
1849 4573 1962 4636 spi-

413 4647 438 4666 υ
471 4647 478 4648 κ
521 4647 528 4648 κ
741 4647 751 4655 .
1016 4647 1028 4654 .

413 4689 633 4738 rituum.
666 4680 842 4733 Taceo
869 4677 1009 4731 enini
1044 4688 1214 4742 genus
1248 4678 1496 4723 nostrum
1546 4665 1768 4716 mortale
1797 4703 1812 4721 ,
1841 4674 1963 4712 cum
2007 4659 2051 4718 D
2084 4674 2136 4718 ei,
2198 4661 2473 4714 Ιυρυιριιιςι
2541 4647 2850 4704 narratione
2876 4681 2890 4704 ,

412 4779 522 4831 Deo
545 4777 620 4827 sis
671 4771 935 4838 proxima,
979 4765 1216 4830 nihilque
1246 4757 1622 4815 intermedium
1655 4755 1802 4807 sinas
1828 4753 1968 4804 inter

417 4881 467 4922 te
496 4878 756 4930 tuumque
791 4858 983 4912 Filium
1015 4897 1027 4919 ,
1053 4855 1197 4921 quod
1225 4847 1692 4904 demonstratione
1730 4843 1832 4894 ulla
1885 4843 1969 4893 in-

416 4960 598 5025 digere
633 4969 738 5012 non
769 4951 1023 5002 arbitror.
1050 4942 1181 4995 Nam
1211 4941 1254 4994 si
1297 4950 1351 4990 tu
1387 4952 1490 4989 uua
1539 4949 1662 4987 cum
1721 4931 1856 4983 Filio
1908 4945 1966 4981 es

422 5047 546 5115 (qui
574 5044 716 5097 enim
750 5036 977 5104 aliter?)
1007 5023 1093 5085 ille
1120 5047 1244 5084 vero
1290 5044 1413 5082 cum
1462 5026 1618 5076 Patre
1643 5063 1656 5083 ,
1711 5031 1765 5074 et
1812 5020 1974 5071 Para-

422 5133 584 5200 clyto,
615 5129 782 5192 liquet
810 5139 928 5176 esse
949 5120 1052 5188 tibi
1088 5118 1260 5169 locum
1293 5113 1433 5180 apud
1465 5113 1604 5171 illos,
1632 5121 1740 5176 quo
1795 5105 1975 5157 nullus

423 5198 492 5274 sit
521 5218 773 5287 dignior;
805 5227 972 5280 quare
998 5219 1050 5261 et
1076 5205 1333 5259 ineﬂ‘ahili
1367 5204 1578 5254 illorum
1632 5198 1814 5265 gloriae
1858 5205 1978 5246 tan-

426 5321 532 5362 tam
561 5308 726 5359 ltabes
759 5301 1112 5355 vicinitatem.
1145 5306 1404 5363 quantam
1440 5306 1536 5342 nec
1570 5288 1838 5338 maximus
1867 5297 1978 5338 ca:—

428 5400 641 5453 lestium
674 5393 932 5446 tuentium
967 5388 1122 5439 ordo.
1152 5384 1299 5443 lianc
1333 5396 1492 5448 porro
1519 5383 1764 5430 assecuta
1799 5386 1858 5424 es
1885 5410 1899 5434 ,
1947 5385 1980 5422 ο

432 5487 796 5543 immaculata,
833 5476 1049 5546 propter
1103 5472 1394 5527 voluntatis
1446 5481 1549 5520 tua:
1600 5463 1978 5532 propositum,

431 5594 548 5649 quae
577 5579 735 5632 etiam
778 5571 1016 5625 ostendit
1047 5578 1292 5620 naturain
1322 5568 1511 5628 suapte
1557 5564 1745 5624 Sponte
1789 5553 1986 5622 perha-

435 5672 592 5723 bilem
624 5666 689 5719 ad
725 5679 912 5719 revera
944 5662 1164 5714 bonum.
1199 5654 1455 5707 Naturam
1488 5649 1632 5703 enim
1675 5665 1796 5703 esse
1831 5663 1990 5713 ange-

373 5811 376 5814 .
438 5763 506 5829 its
535 5743 864 5829 superiorem
913 5754 988 5810 illi
1035 5750 1138 5806 soli
1195 5746 1485 5810 convenit,
1539 5743 1629 5814 qui
1681 5741 1991 5803 universum

1179 416 1459 480 ORATIO
1499 413 1584 475 IN
1629 407 2176 472 DORMITIONEM
2220 390 2746 464 SS.-DE1PAB.-E.
3493 371 3563 431 9-5

323 527 498 591 dixit,
536 519 833 578 laudationi
874 518 1131 587 imposuit
1165 512 1496 584 coronidem.
1560 509 1684 563 Haec
1754 506 1894 561 enim
1919 507 1970 563 Α
2011 487 2261 573 produxit
2292 516 2322 551 e
2347 497 2534 552 nihilo.
2575 495 2652 546 Tu
2690 507 2817 546 vero
2855 505 2972 544 cum
3003 489 3108 542 illis
3156 489 3221 543 de
3275 488 3558 541 nobilitate

321 630 524 669 revera
551 622 636 668 est
667 624 878 667 summa
916 607 1289 661 eneomiorum
1317 644 1333 667 ,
1382 613 1736 671 quacumque
1785 611 1897 649 non

326 706 505 759 modo
528 705 712 773 lingua
749 702 1050 762 hominum,
1092 698 1185 753 sed
1217 699 1458 765 ipsorum
1493 707 1712 761 quoque
1745 691 1812 744 de
1845 699 1896 742 te

285 871 288 878 Ι
327 793 583 861 proferat
612 793 948 858 angelorum.
985 788 1126 854 Quid
1158 788 1303 841 enim
1340 787 1405 839 ad
1435 783 1652 838 laudem
1686 789 1896 834 tantum

2014 602 2224 652 naturae
2255 603 2589 659 nequaquam
2621 585 2910 640 certaveris
2931 625 2945 644 ,
2979 597 3183 634 memor
3221 581 3338 647 eius
3364 623 3377 641 ,
3413 581 3561 646 quod

2012 702 2043 741 a
2082 695 2176 739 tuo
2199 698 2398 753 proavo
2420 683 2617 733 dictum
2646 687 2729 730 est
2758 676 2826 729 de
2875 676 3154 728 Salvatore
3198 681 3404 733 nostro,
3436 684 3561 722 cum

2014 773 2183 832 solam
2233 775 2288 828 in
2326 788 2392 826 eo
2436 771 2715 824 mortalem
2765 776 2970 836 partem
3001 765 3370 818 consideraret
3405 779 3416 813 :
3459 759 3564 811 Mi-

2012 870 2168 921 nuim'
2187 884 2299 920 eum
2323 865 2479 930 paulo
2505 864 2672 915 minus
2699 860 2763 913 ab
2791 857 2985 928 angelis
3011 855 3197 924 (Hebr.
3222 871 3281 918 ll,
3304 855 3334 904 7
3353 855 3395 918 l,
3433 866 3568 916 quo-

2013 974 2132 1010 rum
2166 958 2232 1008 ab
2264 956 2422 1008 initio
2451 961 2639 1005 natura
2671 949 2886 1004 condita
2937 947 3036 999 fuit
3084 944 3430 997 immortalis.
3458 940 3574 992 Cae-

2016 1059 2185 1101 terum
2235 1045 2379 1113 quod
2427 1043 2616 1097 attinet
2669 1041 2734 1094 ad
2787 1039 3010 1108 gloriam
3071 1047 3124 1088 et
3177 1033 3518 1102 splendorem
3552 1071 3567 1092 ,

2014 1152 2170 1206 quem
2205 1136 2370 1188 habes
2400 1135 2454 1186 in
2495 1134 2628 1194 Deo,
2656 1142 3038 1196 summumque
3062 1127 3114 1178 in
3147 1134 3198 1177 te
3224 1120 3568 1180 miraculum,

2014 1227 2138 1281 licet
2177 1225 2576 1278 modestissima
2610 1222 2684 1276 sis
2717 1262 2732 1285 ,
2788 1220 2894 1273 illis
2928 1229 3267 1285 nequaquam
3293 1208 3523 1265 cesseris
3554 1225 3569 1259 :

2019 1333 2141 1370 nam
2178 1319 2220 1370 si
2248 1318 2369 1384 quis
2397 1317 2491 1367 tibi
2525 1314 2771 1367 conferre
2789 1311 2917 1364 velit
2957 1307 3293 1362 substantias
3324 1301 3574 1367 corporis

2020 1413 2286 1474 expertes,
2326 1405 2556 1459 inveniet
2591 1406 2682 1471 (ut
2713 1400 2910 1454 Paulus
2941 1396 3154 1466 inquit)
3193 1409 3289 1449 eas
3315 1407 3438 1446 esse
3483 1392 3578 1444 ad-‘v

2025 1495 2452 1550 ministratorios
2477 1493 2716 1560 spiritus,
2750 1491 2840 1557 qui
2869 1487 2933 1541 ad
2961 1484 3316 1539 ministerium
3347 1481 3577 1532 ntittuno

2024 1599 2136 1651 tur,
2156 1593 2373 1654 propter
2394 1600 2507 1642 eos.
2532 1583 2623 1651 qui
2653 1581 3012 1634 haereditatem
3041 1577 3248 1642 capient
3287 1571 3509 1625 salutis:
3531 1578 3583 1622 te

2025 1687 2204 1733 autem
2237 1719 2252 1744 ,
2293 1693 2326 1730 o
2353 1675 2516 1743 Virgo
2544 1713 2558 1739 ,
2612 1671 2992 1741 primitiarum,
3030 1675 3082 1719 et
3122 1659 3583 1716 reconciliationis

2028 1774 2134 1826 vim
2177 1772 2509 1825 obtinentem
2535 1765 2673 1834 apud
2705 1776 2850 1824 eum,
2893 1758 2983 1827 qui
3012 1756 3262 1824 primitize
3299 1762 3352 1804 et
3393 1764 3583 1801 recon-

1621 1889 1726 1940 qua
1794 1885 1912 1922 ma-
1945 1849 1992 1907 Β
2031 1863 2237 1916 ciliatio
2263 1871 2343 1914 est
2380 1857 2523 1926 apud
2556 1870 2714 1909 suum
2762 1851 2974 1903 Patrem
3035 1850 3272 1899 humano
3311 1839 3580 1893 infensum

2033 1953 2237 2023 generi,
2263 1952 2330 2003 ob
2367 1949 2617 2015 iniuriam
2644 1938 3120 2013 praevaricationis.
3178 1935 3243 1986 Ut
3270 1933 3411 1986 enim
3447 1930 3584 1996 ipse,

2033 2020 2158 2112 quia
2194 2039 2385 2103 Filius,
2421 2036 2564 2105 apud
2592 2035 2898 2090 Genitorem
2935 2026 3262 2098 propitiatio,
3309 2034 3362 2074 tu
3390 2020 3588 2087 pariter

2036 2132 2174 2201 apud
2213 2133 2389 2199 ipsum
2443 2135 2630 2195 utpote
2669 2122 2935 2176 Genitrix.
2979 2116 3194 2181 Quanto
3247 2114 3408 2178 igitur
3455 2123 3590 2175 pra-e—

2038 2224 2270 2280 stantius
2301 2222 2399 2273 hoc
2427 2233 2507 2272 est
2535 2217 2751 2268 illorum
2787 2211 2983 2274 ollicio,
3014 2216 3164 2260 tanto
3195 2213 3250 2256 tu
3284 2203 3410 2254 illis.
3441 2199 3590 2262 Qua-

2039 2319 2264 2379 propter
2291 2307 2496 2372 0ptimo
2525 2302 2755 2355 consilio
2785 2305 3017 2351 mentem
3051 2310 3113 2346 ac
3155 2294 3391 2358 linguam
3424 2286 3594 2339 conli-

2039 2415 2168 2453 nere
2194 2396 2434 2457 decrevi,
2467 2409 2587 2460 qua:
2620 2393 2685 2444 ad
2705 2387 2997 2442 nectendas
3031 2384 3217 2437 laudes
3240 2379 3482 2448 prosilire
3505 2391 3596 2427 ca-

2039 2500 2188 2552 vent,
2217 2497 2271 2540 et
2305 2485 2484 2539 favent
2507 2484 2570 2534 ad
2604 2482 2704 2533 hoc
2736 2479 2868 2530 ntihi
2909 2476 3231 2535 luculenter,
3269 2470 3360 2537 qui
3395 2484 3426 2520 a
3451 2465 3597 2534 prin-

2045 2580 2185 2646 cipio
2215 2591 2391 2642 usque
2422 2573 2597 2624 adhuc
2631 2568 2873 2635 egregias
2921 2565 3018 2617 tibi
3068 2566 3460 2615 contexuerunt
3499 2569 3598 2606 en—

2047 2668 2346 2724 eomiorum
2371 2677 2623 2717 coronas.
2650 2659 2827 2711 Taceo
2870 2655 3178 2722 angelorum
3227 2649 3468 2708 ordines,
3505 2644 3598 2710 qui

2007 2763 2016 2766 ’
2051 2759 2182 2813 mihi
2215 2755 2467 2810 videntur
2507 2747 2952 2820 praeclarissimas
2999 2742 3094 2795 tibi
3150 2741 3380 2808 hymnos
3422 2736 3601 2786 tacitis

2051 2850 2341 2904 concinere
2366 2845 2631 2904 vocibus’,
2685 2835 3072 2905 stupendisque
3122 2826 3443 2897 praeconiis,
3485 2837 3604 2890 quae

2051 2939 2360 2993 mortalium
2386 2948 2535 2988 mens
2561 2935 2754 2998 caper‘e
2779 2943 2883 2980 non
2911 2931 3090 2991 queat.
3118 2918 3436 2972 Interiorum
3457 2928 3606 2963 men-

2053 3034 2250 3086 tionem
2282 3028 2492 3081 l'aeiam.
2514 3024 2740 3089 Quinam
2765 3034 2893 3072 vero
2923 3015 3037 3067 illi?
3064 3011 3362 3077 Protiltetaz,
3384 3015 3606 3074 aposto-

2052 3126 2228 3178 lorum
2280 3129 2473 3180 coetus,
2515 3113 2825 3184 pontiﬁcum
2879 3117 3105 3160 caterva:
3132 3141 3145 3165 ,
3187 3107 3464 3153 oratorum
3515 3109 3606 3146 so-

2057 3216 2465 3287 phistarumqne
2496 3207 2734 3274 ipsorum
2766 3201 2820 3253 in
2866 3214 2924 3250 re
2969 3192 3270 3261 theologica
3319 3184 3607 3242 celeberri-

2061 3319 2312 3366 morum,
2357 3307 2410 3351 et
2456 3298 2507 3349 in
2562 3292 2708 3346 omni
2743 3289 3007 3342 doctrinae
3045 3297 3241 3354 genere
3285 3279 3609 3333 exitniorum

2062 3411 2168 3452 tam
2201 3402 2422 3455 nostrae,
2454 3404 2611 3456 quam
2647 3392 2949 3443 extraneae;
2972 3387 3027 3431 et
3070 3377 3115 3429 si
3149 3379 3373 3426 venuste
3431 3368 3614 3421 dicen-

2063 3493 2186 3544 dum
2228 3494 2308 3540 est
2345 3477 2592 3548 aliquid,‘
2619 3475 2962 3528 confessores
2997 3481 3107 3520 sua:
3156 3465 3276 3516 vitae
3302 3457 3572 3512 curriculo
3597 3495 3613 3518 ,

2067 3591 2328 3648 martyres
2357 3587 2449 3642 per
2477 3585 2560 3626 ea.
2590 3582 2708 3634 quae
2735 3560 2873 3628 passi
2904 3565 3051 3619 sunt,
3085 3567 3246 3609 voces
3275 3566 3338 3605 ex
3371 3562 3463 3601 ore
3497 3547 3616 3597 illo-

2068 3687 2184 3724 rutn
2221 3665 2470 3735 protectae
2515 3657 2688 3710 adhuc
2716 3655 2797 3705 lac
2834 3649 3138 3703 redolentes
3169 3641 3470 3696 clamabant
3507 3632 3617 3685 Ho-

2072 3777 2238 3815 sumta
2262 3773 2278 3808 :
2306 3757 2421 3822 ipse
2452 3752 2591 3804 inter
2641 3753 2796 3796 natos
2830 3739 3115 3792 mulierum
3148 3731 3317 3797 major
3341 3767 3355 3790 ,
3388 3727 3477 3793 qui
3513 3724 3618 3777 sal—

2072 3853 2218 3904 tibus
2249 3817 2597 3900 Conditorem
2628 3832 2938 3891 celebravit,
2965 3827 3140 3879 adhuc
3184 3821 3390 3889 positus
3423 3817 3475 3866 in
3504 3829 3620 3864 ma-

2076 3943 2174 3994 tris
2201 3946 2376 3996 utero,
2403 3943 2526 3984 cum
2558 3926 2730 3979 ollieio
2762 3924 2956 3987 linguae
3003 3916 3078 3966 uti
3129 3927 3236 3964 non
3288 3913 3469 3976 posset
3500 3942 3514 3965 ,
3567 3908 3621 3952 et

2078 3992 2386 4084 summatim
2418 4017 2671 4087 quisquis
2729 4010 2867 4064 Filio
2913 4018 3005 4058 tuo
3057 4000 3329 4070 quidpiam
3382 3992 3616 4049 obtulit.

2081 4123 2205 4174 dtttn
2239 4115 2314 4168 illi
2343 4082 2882 4181 gloriamtribueret,
2915 4106 2966 4151 te
2996 4107 3210 4164 quoque
3239 4088 3423 4158 gloriae
3455 4082 3623 4148 parti-

2080 4213 2249 4277 cipem
2270 4173 2593 4261 declarabat,
2615 4186 3080 4262 quando.qnidem
3106 4184 3170 4236 ad
3197 4175 3445 4251 parentes
3461 4173 3622 4227 etiam

2084 4297 2359 4354 referenda
2397 4296 2523 4345 sunt
2553 4302 2674 4355 quae
2702 4282 2810 4335 nati
2843 4280 3060 4332 habent.

2150 4390 2310 4442 Certe
2340 4383 2543 4436 multos
2563 4353 2616 4430 et
2639 4372 2883 4443 egregios
2912 4370 2964 4422 in
3003 4361 3216 4418 dicendi
3261 4356 3518 4411 facultate
3549 4353 3627 4404 vi-

2085 4485 2274 4536 demus
2307 4479 2578 4542 quotquot
2623 4469 2676 4521 in
2728 4474 2942 4517 tuarum
3000 4453 3214 4510 landum
3262 4449 3483 4518 pelagus
3508 4459 3632 4496 sese

2554 4568 2607 4614 et
2654 4558 2876 4625 optima,
2907 4546 3258 4603 dicendorum
3300 4535 3629 4596 inventione,

2943 4645 3264 4700 summoque
3321 4627 3528 4686 ordine,
3579 4630 3634 4674 et

2087 4752 2390 4810 admirabili
2419 4753 2636 4805 ornatu,
2673 4749 2751 4793 tot
2791 4744 3045 4798 tantaque
3066 4728 3472 4793 congesserunt,
3505 4728 3635 4782 quot

2089 4847 2442 4900 velamento
2528 4833 2759 4887 inveniri
2829 4831 3076 4895 poterant
3135 4813 3358 4869 immuni
3417 4817 3636 4878 peccato

2090 4917 2432 4991 obscurante,
2473 4925 2555 4977 vel
2600 4918 2841 4974 enarrari
2884 4930 2912 4965 a
2947 4913 3127 4979 lingua
3169 4910 3486 4958 cunctarum
3547 4913 3638 4966 pe-

2066 5029 2191 5080 .rita
2225 5021 2635 5088 disciplinarum
2669 5013 2906 5064 climata.
3099 4989 3114 5054 ί

2164 5116 2267 5168 Sed
2304 5081 2492 5164 horum
2525 5107 2900 5158 universorum
2936 5091 3182 5163 quamvis
3213 5081 3369 5141 tanta
3401 5083 3636 5152 polleant

2094 5209 2142 5260 vi
2167 5202 2402 5260 dicendi,
2432 5198 2566 5252 adeo
2589 5188 2714 5246 sunt
2747 5189 3003 5243 inferiora
3045 5196 3134 5236 tuo
3174 5177 3388 5236 merito,
3429 5182 3632 5226 tantum

2097 5308 2154 5350 ttt
2195 5297 2414 5351 distent,
2443 5298 2702 5354 quantum
2743 5297 2769 5333 a
2801 5291 2874 5344 te,
2901 5292 3018 5345 quze
3044 5269 3304 5328 laudaris,
3329 5266 3418 5332 qui
3455 5259 3641 5314 laudes

2053 5374 2057 5378 l
2098 5387 2346 5440 offerunt,
2388 5382 2509 5432 licet
2540 5377 2697 5429 etiam
2733 5370 2975 5423 collectis
3009 5364 3247 5417 omnium
3294 5349 3642 5424 perfectioni—

2103 5481 2202 5532 bus
2235 5491 2338 5527 una
2368 5471 2491 5540 quis
2531 5462 2988 5520 absolutissimam
3014 5455 3299 5508 conﬁceret
3321 5443 3643 5497 orationem.

2107 5566 2248 5617 Adeo
2283 5563 2412 5616 nihil
2451 5557 2692 5612 invenire
2726 5564 2808 5606 est
2849 5550 2956 5602 tuis
2991 5545 3238 5598 laudibus
3267 5531 3600 5589 otl'erendum

2107 5655 2248 5724 quod
2283 5652 2450 5722 possit
2508 5662 2670 5718 prope
2705 5641 2964 5697 accedere
3009 5638 3073 5688 ad
3117 5633 3164 5685 id
3191 5625 3330 5696 quod
3365 5631 3415 5724 te
3443 5619 3647 5671 c0nde-

2109 5754 2211 5798 cet.
2240 5741 2474 5808 Namque
2507 5736 2699 5789 anima:
2729 5742 2834 5784 tuae
2881 5727 3056 5794 fulgor
3098 5729 3258 5784 supra
3310 5708 3514 5763 solal'cs
3556 5722 3643 5759 ra-

2084 4574 2368 4632 dedernnt,
2397 4564 2512 4632 qui,
