4144 6282
614 365 682 428 95
1804 383 2203 447 MANUELIS
2240 387 2683 451 PAL/EOLOGI
3778 397 3849 460 Uti

613 474 733 526 dios
759 515 772 538 ,
809 483 860 528 et
893 476 1002 531 fere
1059 479 1262 532 nullout
1299 479 1504 536 lrahrus
1544 484 1721 549 lim-ru,
1757 489 1870 540 sive
1920 489 2153 545 laudem.
2193 485 2238 545 A
2279 489 2479 551 dicam,
2508 491 2742 547 insertas
2773 494 3048 550 habebunt
3090 499 3263 568 ipsius
3301 503 3512 570 laudes,
3565 509 3665 564 etsi
3702 512 3839 564 nihil

608 567 722 616 sive
759 569 1025 634 plausum,
1060 572 1173 626 sive
1210 575 1536 637 cucomium,
1571 586 1731 646 atque
1761 587 1817 632 ut
1845 595 1956 632 uno
1987 582 2153 635 verbo

603 652 802 713 dicam,
864 657 1127 724 quidquid
1193 660 1259 714 ad
1318 665 1773 720 cohonestandum
1831 669 2152 725 adhibemus

605 744 816 808 plenam
860 750 1050 814 gratiis
1102 751 1358 817 animam,
1403 754 1561 823 leago
1603 767 1820 825 superat
1845 759 2150 825 intervallo,

599 842 652 885 et.
701 835 938 888 laborent
1005 855 1220 894 omnem
1255 845 1487 896 ostendit
1550 848 1785 902 inanem.
1827 850 1906 902 Ad
1940 859 2146 902 tantum

598 940 726 990 ergo
779 928 1154 982 celsitudinis‘
1187 935 1679 1004 magnitudinisque
1741 949 1962 1002 evectae,
2021 941 2146 1007 quid

600 1031 698 1068 nos
729 1018 923 1071 aﬂ'erre
989 1024 1314 1088 poterimus,
1378 1029 1521 1094 quod
1583 1031 1796 1084 sitnon
1833 1031 2153 1100 indignum?

598 1104 774 1159 Vitam
805 1109 950 1162 enim
988 1113 1159 1178 prima
1195 1116 1334 1169 inter
1364 1119 1612 1174 homines
1643 1121 2146 1176 innocentissimam

596 1195 776 1256 egisti,
838 1209 1181 1270 mentemque
1239 1205 1474 1259 habuisti
1517 1210 1666 1262 muni
1712 1225 1939 1277 prorsus
1989 1215 2145 1280 culpa

598 1301 841 1352 vacuam,
877 1298 932 1343 et
987 1308 1186 1361 corpus
1237 1296 1310 1350 illi
1361 1291 1828 1364 consentaneum,
1889 1311 2147 1372 tantaque

594 1375 828 1444 Spiritus
885 1380 1204 1447 radiatione,
1263 1389 1454 1455 gloria,
1517 1399 1570 1442 et
1622 1393 1908 1459 splendore
1955 1405 2142 1447 ornata

591 1467 763 1531 fuisti,
809 1481 865 1522 ut
893 1473 971 1524 vel
1009 1473 1154 1540 ipsas
1185 1481 1530 1542 superaveris
1568 1481 1674 1535 Deo
1713 1483 2138 1551 pretiosiSsimas

588 1571 896 1624 creaturas,
929 1564 1113 1630 idque,
1160 1576 1217 1618 ut
1251 1567 1456 1622 dictum
1482 1580 1584 1631 est,
1623 1574 1939 1641 longissimo
1968 1577 2141 1628 inter-

587 1651 754 1705 vallo.
819 1652 898 1704 Ad
966 1655 1093 1720 quid
1153 1671 1252 1723 ego
1301 1673 1500 1722 moror,
1569 1676 1791 1729 relnque
1825 1671 1990 1716 totam
2027 1681 2138 1718 uno

497 1772 503 1780 -
587 1742 750 1795 verbo
786 1757 890 1794 non
924 1744 1297 1809 complector?
1331 1746 1438 1801 Vas
1477 1748 1616 1803 facta
1656 1767 1714 1805 es
1743 1762 1925 1821 aptum
1966 1754 2139 1808 susci-

584 1833 781 1898 pit-nde
812 1834 1260 1889 consubstantiali
1313 1837 1452 1891 Patri
1507 1852 1779 1896 coa‘eterno
1818 1845 1893 1896 illi
1939 1844 2134 1908 Verbo,

487 1961 492 1963 .
581 1921 726 1981 quod
757 1938 821 1975 ex
858 1923 1016 1976 Patre
1046 1925 1267 1991 quidem
1305 1929 1422 1983 sine
1451 1939 1711 1997 tempore,
1746 1949 1808 1988 ex
1843 1944 1894 1988 te
1922 1952 2051 1999 vero
2079 1938 2131 1990 in

580 2016 844 2075 tempore.
875 2024 926 2065 et
951 2027 1012 2064 ex
1055 2024 1288 2083 utroque
1321 2018 1519 2085 prodiit
1576 2021 1694 2076 siue
1751 2025 1854 2078 ulla
1894 2026 2132 2082 laesione.

579 2092 766 2161 itaque
802 2113 898 2151 nec
925 2100 1030 2154 Deo
1051 2117 1190 2170 opus
1212 2113 1372 2157 erunt
1392 2117 1568 2159 nostra
1587 2111 1849 2166 eucomia.
1874 2111 2130 2180 Quinam,

577 2196 631 2236 et
651 2187 833 2240 unde?
863 2187 968 2242 Nec
999 2191 1094 2244 tibi
1131 2193 1249 2258 ejus
1268 2194 1443 2257 Matri,
1481 2207 1533 2250 et
1565 2199 1637 2252 illi
1675 2201 1891 2267 quidem
1922 2218 1985 2257 eo
2004 2205 2129 2271 quia

579 2285 835 2331 naturam
891 2281 1050 2334 habet
1100 2287 1528 2352 supereminere,
1601 2292 1746 2358 quod
1812 2294 2127 2362 aliquando,

576 2365 799 2420 caducis
827 2369 991 2422 etiam
1036 2373 1220 2435 rebus,
1271 2385 1325 2429 et
1357 2393 1476 2444 quae
1518 2382 1660 2446 apud
1692 2397 1794 2437 nos
1847 2393 1995 2447 sunt,
2030 2385 2129 2439 tri-

577 2456 741 2509 buere
767 2462 1169 2516 consuevimus.
1204 2462 1339 2519 Cum
1375 2466 1464 2521 Dei
1506 2478 1696 2524 natura
1753 2473 2010 2529 inﬁnities
2041 2478 2128 2530 in-

574 2547 724 2600 finita
784 2563 999 2604 omnem
1054 2561 1290 2609 mentem
1353 2559 1500 2612 Omni
1545 2571 1766 2629 stupore
1810 2565 2032 2632 repleat,
2069 2572 2125 2621 et

569 2651 730 2692 oume
781 2639 1046 2697 bonorum
1107 2660 1279 2714 genus
1337 2657 1492 2704 tanta
1541 2654 1767 2708 excellat
1827 2655 2122 2721 alluentia,

571 2738 832 2790 quantum
888 2733 1073 2785 animo
1133 2740 1592 2805 comprehendere
1640 2759 1747 2797 non
1805 2746 1960 2812 licet;
1998 2763 2121 2802 nam

571 2817 660 2868 illa
718 2820 868 2871 nullo
927 2821 1116 2875 linitur
1153 2829 1403 2889 termino,
1431 2845 1532 2883 nec
1571 2832 1712 2884 enim
1747 2843 1944 2900 potest.
1980 2839 2123 2890 sicut

565 2919 620 2959 et
645 2909 879 2978 seipsam
919 2927 1138 2980 negare.
1173 2916 1505 2984 Cujnsenim
1530 2922 1793 2976 terminus
1829 2934 1913 2979 est
1951 2926 2121 2980 inter-

569 3001 921 3064 minabilitas,
985 3011 1041 3056 et
1090 3005 1234 3071 quod
1285 3009 1570 3062 manifeste
1631 3011 1825 3074 scitur,
1879 3022 2118 3071 estesse

563 3091 860 3152 occultum,
915 3108 1020 3156 qua
1071 3096 1281 3148 ratione
1341 3099 1460 3163 quis
1516 3102 1688 3166 possit
1734 3103 1853 3170 ejus
1888 3105 2114 3161 delinire

563 3181 964 3236 substantiam?
1021 3184 1220 3240 Rerum
1279 3204 1406 3241 vero
1438 3190 1489 3242 in
1517 3199 1568 3243 te
1587 3193 2051 3262 admirandarum,
2081 3214 2116 3252 ο

563 3269 748 3338 Virgo.
782 3287 947 3325 causa
996 3286 1080 3328 est
1137 3276 1426 3332 voluntatis
1479 3284 1837 3350 propositum.
1872 3285 2003 3339 Nam
2042 3302 2112 3343 ex

561 3364 886 3418 rectitudine
909 3366 1126 3428 mentis,
1158 3377 1211 3421 et
1239 3370 1512 3436 probitate
1553 3389 1764 3428 morum
1813 3376 1891 3440 lit,
1926 3389 1984 3434 ut
2016 3395 2110 3434 su-

562 3471 717 3523 peres
773 3459 878 3512 vim
909 3463 1304 3527 encomiorum,
1342 3481 1448 3517 non
1507 3469 1649 3534 quod
1693 3469 1793 3526 llos
1827 3480 2031 3528 naturae
2057 3484 2112 3531 et

559 3547 750 3607 honor.
781 3564 844 3601 ac
874 3550 1058 3614 decus,
1094 3559 1147 3605 et
1174 3564 1364 3606 caetera
1398 3555 1447 3608 id
1484 3573 1654 3624 genus
1693 3563 1873 3616 omnia
1903 3572 1956 3616 et
1985 3563 2113 3632 jure

555 3638 772 3704 quidem
832 3639 1056 3706 Optimo,
1110 3657 1343 3706 namque
1369 3645 1439 3700 ob
1498 3655 1706 3702 naturae
1734 3654 2106 3709 excellentiam

556 3728 800 3780 habenda
827 3729 1110 3783 Couditori
1141 3734 1337 3800 gratia,
1393 3736 1462 3789 ob
1493 3737 1658 3792 animi
1708 3757 1834 3794 vero
1858 3744 2109 3812 proposi-

557 3827 667 3869 tum
701 3817 996 3873 laudandus
1025 3822 1117 3890 qui
1151 3827 1232 3877 sic
1259 3825 1448 3878 voluit.
1497 3825 1748 3883 Omittam
1782 3832 1947 3902 igitur
1985 3837 2105 3889 lau-

551 3908 822 3959 dationem
849 3908 1057 3961 meliori
1086 3923 1214 3965 sane
1241 3914 1508 3968 consilio:
1531 3916 1782 3973 vitientur
1801 3925 1946 3976 enim
1973 3925 2104 3979 mihi

551 3993 750 4047 dicturi
813 4011 1025 4059 omnes,
1071 4002 1275 4067 optime
1330 4005 1518 4058 laudes
1557 4020 1587 4058 a
1640 4024 1724 4062 tne
1770 4011 2101 4079 elaboratas,

549 4083 693 4149 quod
725 4083 938 4139 animus
985 4088 1148 4140 fuerit
1191 4106 1260 4144 ne
1291 4097 1557 4161 attingere
1601 4097 1714 4152 fere
1738 4101 1946 4167 laudes,
1975 4105 2102 4160 licet

548 4183 667 4226 uta
696 4162 862 4244 scopo
913 4192 1100 4245 parum
1162 4179 1525 4248 deﬂecterem,
1583 4190 2098 4250 vehementissimus

547 4267 624 4317 tui
660 4279 810 4318 arnor
839 4267 1097 4322 eli'ecerit.
1128 4271 1236 4324 Nec
1280 4275 1498 4338 mirum,
1527 4290 1651 4328 cum
1695 4289 1748 4332 et
1802 4282 2098 4337 inauimata

545 4357 661 4423 ipsa
697 4368 888 4426 sponte
923 4375 1021 4414 sua
1077 4373 1397 4417 moveantur
1427 4366 1479 4418 in
1511 4370 1631 4420 tuas
1666 4370 1872 4426 laudes.
1900 4374 2027 4439 Sed,
2060 4391 2095 4430 ο

542 4460 720 4502 coetus
756 4450 870 4511 Dei,
908 4461 962 4504 et
1016 4451 1324 4508 festivitatis
1373 4471 1585 4519 amans,
1619 4475 1744 4514 nam
1795 4466 2034 4518 secundo
2059 4482 2089 4520 a

543 4540 718 4606 primo
748 4543 965 4609 pendet,
991 4553 1044 4597 et
1066 4546 1166 4598 hoc
1199 4547 1474 4614 praesel‘ert
1517 4550 1678 4613 illud,
1708 4553 1774 4605 ad
1804 4570 1900 4609 vos
1935 4557 2091 4612 dein-

540 4644 669 4697 ceps
691 4635 955 4696 conversi,
990 4637 1265 4690 solvemus
1291 4638 1531 4692 debitum
1567 4644 1740 4707 vobis,
1771 4654 1823 4698 et
1859 4645 2090 4717 Virgini.

542 4718 659 4772 Dixi
719 4731 896 4776 autem
951 4726 1157 4779 meliori
1204 4728 1425 4783 consilio
1465 4732 1532 4784 de
1566 4732 1854 4798 industria,
1881 4753 1948 4792 ne
1983 4739 2092 4792 l'or-

540 4815 689 4863 tasse
719 4811 994 4868 videamur
1023 4817 1074 4869 in
1104 4834 1396 4886 progressu
1424 4824 1692 4878 sermonis
1737 4826 1869 4880 velle
1901 4844 2089 4884 rursus

537 4900 782 4952 etrcomia
829 4917 1067 4971 nectere,
1117 4925 1242 4963 cum
1298 4913 1387 4964 illa
1426 4928 1533 4966 nou
1567 4913 1826 4970 adhibere
1854 4921 2087 4986 amplius

537 4989 958 5049 decreverimus.
998 4998 1106 5051 Hoc
1137 5017 1297 5068 porro
1325 5006 1543 5058 evenire
1571 5006 1826 5062 omnibus
1863 5025 2085 5064 necesse

537 5087 639 5140 est,
681 5081 772 5145 qui
809 5083 1039 5150 aliquem
1083 5088 1150 5142 de
1197 5091 1286 5144 illa
1323 5109 1628 5148 sermonem
1663 5097 1862 5151 habere
1895 5102 2085 5153 volue-

539 5160 666 5213 rint.
706 5164 941 5218 Alterum
968 5169 1110 5221 enim
1143 5189 1172 5224 e
1204 5175 1412 5228 duobus
1434 5181 1533 5230 erit
1557 5181 1797 5244 omnino,
1825 5191 1917 5235 aut
1951 5185 2084 5237 nihil

403 5297 406 5300 .
467 5315 476 5318 _
533 5251 718 5305 dicere
743 5253 808 5308 de
832 5253 1071 5324 Virgine,
1097 5272 1190 5315 aut
1216 5265 1260 5327 si
1295 5266 1444 5322 dicas
1483 5270 1722 5324 laudare.
1749 5270 1904 5325 Nulla
1934 5276 2080 5329 enim

535 5346 746 5398 ratione
783 5348 896 5400 ﬁeri
931 5363 1128 5416 potest.
1172 5367 1227 5407 ut
1253 5357 1487 5424 loquaris
1516 5361 1581 5415 de
1611 5365 1699 5415 illa
1733 5373 1787 5417 et
1822 5367 1939 5418 laus
1972 5381 2078 5420 non

533 5436 623 5494 sit,
701 5438 844 5504 quod
907 5439 1182 5508 loqueris,
1253 5450 1688 5516 quandoquidem
1738 5463 1792 5507 et
1861 5455 1973 5524 ipsa
2025 5466 2081 5509 et

531 5527 797 5594 quidquid
821 5542 1030 5598 spectat
1069 5537 1133 5586 ad
1160 5535 1351 5602 ipsum,
1375 5541 1854 5598 erlebratissimam
1882 5546 2084 5598 habent

529 5618 780 5684 glorianti.
827 5621 1005 5685 Quare
1051 5625 1248 5694 dignus
1310 5629 1464 5695 plane
1497 5634 1651 5685 venia
1681 5651 1821 5698 sum,
1855 5636 1898 5688 si
1932 5637 2080 5691 ince-

529 5715 681 5780 ptum
715 5713 888 5778 primo
909 5718 1138 5773 consilio
1186 5736 1491 5776 sermonem
1535 5729 1926 5795 prosequendo,
1957 5744 2074 5798 qua:

2277 580 2381 634 dici
2411 591 2610 649 potest,
2673 586 2816 654 quod
2851 589 3068 657 dignam
3110 596 3393 649 contineat
3425 597 3793 656 laudationem
3825 621 3843 668 ;

2278 686 2384 726 non
2445 673 2590 728 enim
2646 679 2910 745 permittit
2963 684 3062 735 hoc
3121 687 3439 752 magnitudo
3483 693 3699 758 gratiae,
3733 711 3844 761 qua

2278 761 2464 829 pollet.
2497 761 2631 828 Quis
2683 767 2828 820 enim
2869 771 3045 836 dignis
3079 773 3223 828 illam
3270 778 3526 835 laudibus
3576 783 3840 848 celebret,

2274 869 2395 922 qua:
2445 857 2568 910 caeli
2607 858 2890 915 absidibus
2945 865 3235 930 excelsior,
3293 872 3461 924 radiis
3501 877 3712 942 purior,
3752 892 3844 931 res

2271 955 2354 999 est
2377 948 2619 1002 omnium
2675 954 3073 1020 pretiosissima
3136 959 3287 1015 Deo?
3321 962 3426 1016 Nec
3475 968 3519 1018 si
3553 967 3841 1034 utriusque

2269 1037 2484 1104 generis
2523 1040 2773 1109 quisquis
2811 1045 3149 1115 angelorum,
3196 1051 3445 1120 inquam,
3473 1065 3523 1107 et
3553 1056 3838 1110 hominum

2269 1127 2456 1182 decem
2493 1145 2610 1195 ora,
2639 1131 2829 1188 decem
2856 1137 3065 1207 linguas
3096 1140 3341 1207 haberet,
3374 1154 3470 1199 aut
3501 1149 3688 1200 eadem
3741 1149 3838 1202 de-

2267 1218 2380 1274 cies
2433 1221 2630 1277 millics
2673 1227 3050 1295 multiplicata.
3119 1231 3180 1284 Et
3238 1236 3588 1305 hyperbolice
3612 1241 3831 1306 quidem

2269 1307 2433 1374 hujus
2511 1325 2697 1367 ansam
2781 1315 3077 1373 locutionis
3153 1324 3283 1376 mihi
3309 1325 3459 1378 dedit
3539 1327 3828 1382 Homerus.

2267 1399 2518 1455 Arbitror
2545 1411 2748 1466 tamen.
2778 1410 2921 1473 quod
2953 1426 3073 1466 sum
3126 1415 3398 1478 dicturus.
3429 1419 3686 1486 majorem
3709 1435 3834 1474 esse
3919 1418 3926 1423 ’

2195 1557 2204 1562 _
2265 1491 2618 1561 hyperbolen,
2650 1513 2754 1551 non
2789 1508 2966 1555 tantcu
3000 1517 3028 1555 a
3062 1506 3288 1561 veritate
3335 1509 3573 1562 alienum
3598 1526 3611 1574 ;
3635 1525 3756 1562 nam
3779 1511 3828 1564 si
3885 1556 3896 1565 .

2264 1585 2516 1639 universa
2567 1591 2891 1657 angelorum
2926 1596 3241 1661 multitudo,
3270 1609 3325 1654 et
3365 1601 3681 1656 universum
3723 1602 3826 1656 ho-

2263 1674 2470 1728 minum
2519 1692 2690 1744 genus
2741 1683 2792 1736 in
2859 1702 3023 1739 unam
3083 1691 3307 1743 omnino
3350 1693 3563 1768 coirent
3605 1709 3739 1757 rem,
3771 1705 3828 1749 et:

2260 1763 2487 1829 proinde
2523 1783 2690 1821 trnum
2736 1787 2799 1826 os
2845 1785 2898 1826 et
2955 1792 3116 1831 unam
3150 1763 3630 1851 eomes—linguam
3659 1785 3823 1838 habe-

2174 1853 2221 1912 B
2259 1865 2400 1919 rent,
2429 1872 2492 1912 ac
2518 1869 2687 1912 totum
2723 1864 2824 1917 hoc
2857 1867 3059 1921 animal
3117 1881 3464 1942 compactum
3519 1878 3821 1930 resolvere-

2257 1955 2346 2000 tur
2376 1949 2430 2004 in
2458 1968 2618 2006 unam
2657 1955 2936 2015 Stentoris
2964 1977 3170 2029 vocem,
3201 1967 3317 2020 sive
3357 1969 3520 2022 etiam
3570 1971 3659 2022 illa
3701 1972 3818 2025 sine

2253 2043 2607 2106 preportione
2657 2046 3057 2114 t-larnosioreru,
3116 2062 3170 2107 et
3219 2057 3333 2109 haec
3379 2056 3488 2112 illis
3519 2058 3711 2110 darent
3749 2058 3822 2111 ad

2251 2134 2620 2199 peragendum
2671 2135 2760 2189 Dei
2809 2138 2961 2194 Matri
3015 2144 3296 2210 hymnum,
3353 2147 3464 2202 fieri
3510 2166 3614 2202 non
3651 2165 3817 2218 posse

2250 2227 2402 2282 puto,
2467 2222 2555 2275 illa
2611 2225 2854 2294 dignum,
2914 2240 3008 2284 aut
3047 2233 3215 2304 digno
3259 2239 3568 2306 proximum
3602 2243 3813 2295 :satius

2247 2322 2378 2376 ergo
2406 2321 2490 2364 est
2554 2320 2834 2381 praeterire
2898 2323 3141 2390 silentio,
3191 2344 3354 2397 quam
3392 2334 3530 2386 velle
3557 2348 3811 2389 sermone

2246 2396 2407 2469 longo
2461 2404 2602 2458 illam
2659 2409 2960 2478 celebrare,
3025 2433 3146 2485 qme
3181 2396 3288 2474 tam
3316 2423 3623 2478 illuSIribus
3654 2427 3812 2481 lat-tis

2247 2492 2508 2564 gloriosa,
2541 2507 2651 2553 tam
2705 2505 3064 2574 admirandis,
3103 2526 3167 2567 ac
3227 2530 3394 2584 supra
3429 2518 3675 2573 ordinem
3712 2536 3808 2573 na-

2247 2589 2384 2658 turae
2440 2589 2634 2657 eluxit,
2689 2599 2913 2663 perinde
2967 2615 3029 2655 ac
3097 2604 3141 2658 si
3203 2622 3326 2675 quis
3382 2623 3484 2676 cpe
3534 2613 3810 2665 scalarum

2244 2680 2405 2733 vellet
2429 2687 2623 2739 ctelum
2643 2695 3040 2751 conscendere.
3067 2696 3127 2751 Et
3151 2702 3261 2754 haec
3279 2701 3496 2770 quidem
3520 2704 3806 2759 hactenus.

2243 2770 2400 2833 Quod
2451 2787 2640 2839 restat,
2695 2792 2752 2833 ut
2781 2787 3088 2853 ostendam,
3154 2807 3313 2846 unam
3341 2810 3404 2848 ex
3430 2797 3690 2851 omnibus
3713 2797 3807 2850 Dei

2243 2858 2467 2916 Matrem
2497 2868 2700 2923 obiisse
2731 2874 3078 2940 gaudentem,
3105 2891 3160 2933 ut
3186 2885 3520 2940 exordiendo
3543 2889 3804 2956 disintus,

2243 2947 2345 3003 hoc
2401 2965 2551 3008 certe
2607 2961 2880 3020 succedet.
2939 2965 3052 3032 ipsa
3087 2983 3250 3023 sunra
3299 2971 3443 3025 vires
3474 2982 3688 3028 nostras
3724 2973 3803 3025 la-

2239 3046 2401 3093 vente
2455 3041 2758 3111 laboribus,
2810 3053 2970 3120 Cujus
3021 3057 3225 3111 auxilio
3253 3059 3374 3115 freti
3409 3063 3531 3118 illos
3558 3063 3802 3130 suscepi-

2240 3141 2379 3183 mus.
2415 3132 2527 3188 lloc
2557 3147 2736 3193 autem
2776 3153 2832 3194 ιιι
2866 3147 3153 3209 probetur,
3194 3167 3301 3204 non
3347 3169 3486 3220 opus
3509 3170 3632 3210 esse
3657 3155 3801 3208 arbi-

2154 3217 2195 3277 C
2236 3227 2353 3274 tror
2397 3226 2716 3295 ambagibus
2769 3241 2824 3284 et
2875 3234 3232 3304 labyrinthis;
3287 3217 3398 3294 sed
3425 3253 3604 3297 vestra
3634 3258 3804 3298 causa

2235 3308 2426 3368 isthmc
2442 3315 2686 3370 dicemus
2709 3337 2722 3372 :
2746 3319 2836 3374 Dei
2861 3323 3037 3385 Matri,
3055 3344 3175 3392 qttzc
3195 3331 3372 3394 ipsum
3384 3342 3490 3384 met.
3510 3335 3798 3398 gaudium,

2237 3399 2342 3454 hoc
2379 3415 2462 3457 est
2488 3403 2724 3462 Verbum
2757 3411 2877 3465 sine
2898 3421 3142 3481 tempore
3159 3421 3556 3477 cetttube'rnale
3580 3441 3802 3494 semper

2233 3489 2490 3558 habebat,
2513 3498 2642 3564 quid
2683 3503 2935 3556 morienti
2977 3514 3161 3572 posset
3202 3510 3389 3562 acerbi
3446 3489 3796 3582 contingere,

2232 3589 2451 3650 autqua
2487 3586 2534 3638 vi
2565 3601 2649 3640 res
2673 3589 2777 3643 ulla
2803 3595 3025 3646 omnino
3043 3599 3295 3666 gaudium
3327 3601 3448 3667 ejus
3472 3616 3794 3670 perpetuum

2230 3678 2289 3723 et
2313 3672 2432 3726 sine
2461 3674 2870 3758 intermissione
2907 3688 3480 3760 potuissetittfrittgerc
3501 3695 3522 3745 ’ἶ
3546 3694 3796 3750 Profecto

2229 3761 2375 3814 enim
2419 3749 2868 3837 illarelinqucbat
2891 3749 3160 3843 abeundo,
3191 3783 3388 3849 quibus
3423 3790 3794 3842 uoueratalli-

2229 3857 2354 3917 gata
2379 3853 2635 3920 vivendo,
2662 3859 3136 3932 imoveroqnilrus
3166 3872 3510 3934 tristabatur.
3535 3875 3661 3929 dum
3692 3895 3790 3946 pro

2228 3944 2544 4001 conditione
2608 3958 2815 4006 natura:
2843 3956 2908 4009 iis
2949 3959 3023 4009 uti
3059 3971 3364 4024 cogeretur.
3415 3964 3787 4035 Migrationem

2227 4048 2358 4102 ergo
2417 4040 2727 4106 exoptabat.
2777 4044 2947 4109 Quam
2979 4063 3110 4117 ergo
3139 4051 3281 4104 diem
3335 4058 3472 4111 votis
3535 4055 3788 4114 omnibus

2223 4135 2486 4190 perpetuo
2517 4131 2795 4197 cupiebat,
2815 4150 2919 4201 qua
2949 4138 3162 4191 ratione
3196 4142 3574 4198 advenientem
3605 4149 3780 4201 liberi-

2195 4212 2435 4270 'tissinté
2475 4237 2578 4272 non
2614 4228 2938 4291 excepisset,
2995 4247 3087 4296 per
3118 4248 3278 4300 quaen
3320 4236 3504 4300 fiebat,
3549 4251 3606 4293 ttt
3641 4258 3784 4294 sem-

2222 4319 2316 4368 per
2370 4321 2491 4358 cum
2525 4307 2660 4362 Filio
2692 4315 2894 4366 vit-tura
2931 4330 3093 4383 esset,
3135 4338 3255 4374 cum
3309 4321 3445 4377 Filio
3483 4331 3784 4398 eodemque

2219 4393 2330 4446 Deo
2371 4412 2433 4448 ac
2473 4399 2809 4456 (Intulitot'e?
2839 4405 3005 4471 Cedo,
3050 4414 3485 4477 persuademus?
3524 4421 3778 4474 arbitror.

2217 4482 2356 4545 Quid
2385 4485 2569 4540 enim?
2604 4491 2711 4541 hu:
2738 4511 2918 4548 annon
2952 4480 3278 4556 cont-ludant
3309 4513 3656 4564 necessario?
3688 4531 3783 4564 au-

2134 4562 2180 4620 Π
2217 4587 2323 4625 non
2345 4576 2680 4632 vcritatisint
2705 4598 2947 4639 consona
2973 4589 3079 4642 ?illi
3112 4581 3223 4646 tuto
3244 4598 3364 4649 vitae
3387 4607 3627 4666 tempore
3648 4604 3780 4655 nilul

2207 4665 2462 4734 contigit,
2495 4669 2562 4722 de
2598 4687 2706 4737 quo
2740 4683 2886 4729 esset
2918 4679 3233 4745 dolendum,
3277 4703 3375 4739 cur
3402 4706 3529 4758 ergo
3568 4694 3777 4746 doluis-

2203 4762 2289 4806 set
2340 4758 2651 4826 advenisse,
2677 4779 2784 4832 quo
2806 4767 3032 4822 venturo
3057 4772 3402 4831 vehementer
3444 4781 3729 4835 laetabatur
3753 4784 3780 4836 ’ἓ

2201 4844 2443 4912 quoruni
2495 4853 2638 4906 enim
2693 4856 2932 4923 jucunda
2984 4871 3070 4916 est
3099 4871 3453 4935 cupectatio,
3485 4873 3776 4939 jucundis-

2204 4937 2339 5014 sima
2379 4949 2463 4995 est
2496 4959 2722 5011 prorsus
2766 4953 3072 5014 praesentia.
3106 4954 3259 5020 Quod
3295 4975 3422 5013 vero
3451 4975 3532 5018 est
3562 4967 3771 5033 perspi-

2201 5042 2303 5081 cue
2351 5032 2832 5103 jucuudissimu'u,
2891 5045 3123 5110 probare
3155 5051 3296 5113 quod
3330 5067 3436 5104 non
3489 5055 3559 5108 sit
3601 5060 3771 5110 mole—

2205 5132 2378 5187 stum,
2404 5126 2630 5180 omnino
2689 5139 2767 5182 cst
2803 5147 3225 5198 supervacuum.
3267 5138 3382 5194 Utta
3428 5159 3513 5196 res
3565 5146 3770 5200 beatam

2205 5209 2351 5266 illius
2404 5216 2639 5268 animatn
2702 5220 2929 5275 viventis
2989 5229 3234 5296 pupugit,
3275 5247 3379 5283 non
3427 5233 3597 5289 fuisse
3644 5252 3766 5288 cum

2209 5299 2491 5357 Salvatore
2525 5307 2684 5362 simul
2713 5324 2878 5366 carne
2906 5330 3122 5382 passam
3160 5329 3212 5373 et
3244 5333 3534 5391 mortuam,
3561 5342 3622 5380 ex
3659 5345 3769 5393 quo

2209 5390 2389 5454 ﬂebat,
2439 5408 2496 5448 ut
2537 5399 2645 5451 vita
2698 5401 2799 5467 ipsi
2858 5403 3076 5470 longior
3121 5425 3225 5463 non
3261 5415 3576 5478 permittens
3602 5433 3765 5484 quam

2208 5485 2440 5552 priuzum
2468 5488 2545 5542 ire
2574 5490 2638 5543 ad
2673 5491 2845 5556 illum,
2879 5495 3170 5552 haberetur
3216 5503 3570 5560 intolerabilis
3597 5511 3766 5562 multo

2205 5577 2400 5643 magis,
2460 5596 2622 5646 quam
2685 5585 2840 5639 nobis
2891 5604 3074 5650 mors;
3109 5592 3179 5644 ita
3217 5593 3382 5661 igitur
3412 5597 3662 5651 aliectam
3698 5617 3765 5654 ne

2204 5667 2392 5723 dolore
2444 5688 2665 5726 vacuam
2721 5678 2986 5746 migrasse
3034 5682 3239 5750 liquet;
3285 5687 3386 5739 nisi
3442 5692 3564 5756 quis
3619 5692 3764 5746 dicat

2204 5761 2343 5815 illud
2397 5762 2566 5819 fuisse
2616 5767 2808 5832 dolori,
2865 5775 3011 5839 quod
3069 5789 3166 5828 nec
3208 5775 3378 5830 Filius
3417 5780 3754 5849 detrectavit,
