4144 6282
273 371 344 440 97
1157 359 1438 426 okmo
1479 359 1560 425 1N
1598 350 2142 424 DORMITIONEM
2184 361 2266 420 ss
2330 327 2698 417 omnium.
2725 407 2740 420 ,.
3466 361 3533 426 gs

282 487 551 542 nimirum
600 494 809 538 summe
863 479 1138 533 unitorum
1172 472 1618 541 disiunctionem,
1666 481 1860 520 animm
1905 457 1953 512 A
1982 463 2122 516 sicut
2179 474 2231 517 et
2272 465 2584 529 illusiones,
2645 477 2700 520 et
2751 473 2992 527 crucem.
3029 476 3079 521 et
3133 478 3358 524 mortem
3395 476 3539 537 eius.

273 583 416 635 dico
463 586 517 632 et
581 573 873 645 corporis;
914 571 1017 623 hoc
1044 579 1223 621 autem
1257 581 1381 621 cum
1419 574 1615 621 natura
1671 572 1862 612 neces-

271 671 498 726 sarium
557 669 649 728 sit,
702 665 944 720 dolorem
1007 661 1162 715 alIert
1211 673 1318 712 non
1344 657 1666 710 diuturnum
1699 668 1714 704 :
1752 664 1859 702 non

275 765 435 818 enim
488 761 622 812 adeo
653 749 1010 825 praeteritum,
1045 766 1206 821 quam
1269 750 1469 802 absens
1509 753 1558 798 et
1613 742 1858 796 futurum

279 857 501 914 terret;
541 846 652 901 fere
701 847 842 899 enim
873 843 1058 912 ellugit
1107 845 1316 894 instans
1357 847 1410 891 et
1457 829 1861 904 quodammodo

212 980 218 984 -
283 955 517 995 sensum
571 938 702 989 latet
749 918 1025 986 momento
1055 930 1331 987 eveniens,
1359 935 1412 981 et
1437 933 1731 991 antequam
1770 919 1863 971 fiat

285 1045 532 1100 prmsens
555 1029 733 1080 avolat
764 1042 777 1078 :
813 1022 1242 1081 licet’allirmare,
1274 1015 1588 1071 volentibus
1615 1021 1862 1078 tempore

287 1138 402 1174 nou
433 1119 759 1178 mensurari,
790 1119 923 1169 adeo
955 1115 1105 1166 velox
1131 1111 1400 1195 est.\Quin
1432 1109 1592 1160 etiam
1623 1106 1859 1157 humana

287 1214 474 1266 omnia
516 1212 662 1278 justa
699 1206 1102 1278 quodammodo
1159 1212 1310 1265 sunt,
1361 1215 1459 1254 uec
1509 1196 1746 1266 reperire
1775 1200 1862 1245 est

290 1305 628 1370 voluptatem
677 1302 784 1354 ulla
841 1300 893 1352 in
941 1313 1000 1350 re
1033 1299 1153 1352 sine
1191 1292 1434 1352 tristitia,
1472 1297 1526 1344 et
1557 1295 1768 1345 contra,
1805 1290 1864 1334 ut

291 1397 515 1464 sapiens
547 1393 765 1462 quidam
802 1405 867 1444 ex
898 1389 1138 1457 antiquis
1172 1386 1304 1439 dixit
1326 1402 1341 1437 :
1363 1383 1484 1437 Non
1517 1379 1683 1445 estin
1721 1387 1861 1443 quo-

256 1503 456 1560 .quam
514 1485 756 1551 reperire
808 1483 974 1535 vitam
1031 1481 1152 1534 sine
1190 1472 1706 1532 tristitia.'Dixisset
1737 1479 1865 1518 vero

289 1585 348 1633 et
385 1579 716 1648 oppositum,
766 1575 812 1630 si
867 1588 1002 1639 opus
1063 1570 1259 1624 fuisset
1296 1587 1310 1622 :
1347 1567 1462 1619 Non
1512 1572 1594 1617 est
1634 1562 1686 1614 iu
1725 1571 1866 1648 tho-f

291 1683 458 1738 quam
477 1669 714 1736 reperire
763 1669 931 1718 vitam
977 1659 1274 1727 volup'atis
1317 1663 1613 1725 expertem.
1646 1648 1784 1715 Quid
1816 1647 1860 1698 si

289 1751 584 1828 praevaleat
609 1759 751 1827 quod
779 1755 970 1813 vincit.
994 1753 1220 1807 omnino
1245 1762 1469 1804 necesse
1495 1752 1576 1800 est
1602 1741 1857 1796 inferius,

286 1861 350 1905 et
387 1852 624 1905 debilius
660 1850 843 1905 statim
881 1849 1036 1916 plane
1080 1844 1237 1899 ce-lat
1286 1837 1495 1893 fortiori
1537 1843 1700 1902 atque
1749 1844 1862 1882 ma-

284 1942 423 2012 jori.
451 1943 590 1997 Cum
625 1942 740 1995 haec
774 1941 846 1994 ita
877 1940 1008 1999 sint,
1041 1936 1232 2006 quidni
1276 1930 1564 1986 dicendum
1615 1925 1857 1979 dolorem

292 2043 430 2090 tunc
457 2035 526 2088 ab
555 2032 646 2087 illa
684 2031 988 2085 vehementi
1043 2026 1252 2089 laetitia,
1288 2037 1393 2092 qua
1427 2019 1515 2073 Dei
1545 2017 1862 2112 Mater-per.-

291 2127 624 2182 l‘undebatur
659 2124 769 2178 vita
816 2122 1108 2180 excedens,
1141 2118 1308 2172 fuisse
1342 2103 1858 2179 absorptum?Nam

295 2222 342 2276 si
393 2235 514 2290 quze
566 2233 594 2270 a
637 2215 775 2270 Filio
824 2213 1056 2282 reposita
1101 2210 1203 2266 sibi
1261 2214 1418 2263 erant
1470 2204 1525 2256 in
1573 2198 1710 2254 rmlo
1740 2202 1860 2264 post

297 2317 461 2367 vitam
513 2313 654 2365 hanc
695 2306 945 2366 fruenda,
1014 2304 1220 2357 habens
1279 2303 1542 2367 perpetuo
1589 2301 1858 2346 summam

299 2407 626 2472 voluptatem
701 2397 1031 2468 percipiebat
1070 2410 1084 2446 :
1145 2406 1245 2445 cur
1292 2382 1705 2472 praeferendum
1748 2392 1860 2431 non

299 2471 445 2551 esset
497 2492 753 2546 omnibus
791 2489 933 2558 quod
997 2485 1144 2545 fecit,
1194 2490 1253 2535 ut
1285 2479 1465 2545 reipsa
1515 2473 1623 2526 l‘rui
1673 2471 1864 2522 liceret

301 2588 408 2641 illis
446 2600 541 2653 prr
571 2596 733 2635 omne
780 2576 992 2632 aevum?
1023 2573 1138 2627 Hoc
1165 2583 1332 2623 unum
1373 2565 1450 2620 illi
1478 2569 1596 2618 erat
1622 2559 1863 2660 eor-dine

301 2648 468 2731 rebus
496 2672 752 2726 humanis
777 2669 905 2723 hinc
938 2664 1240 2723 discedere,
1269 2657 1412 2728 quod
1448 2670 1572 2709 cum
1604 2651 1673 2706 ab
1706 2648 1864 2701 initio

301 2766 549 2821 innatum
582 2760 910 2816 desiderium
940 2763 1083 2836 esset
1106 2768 1204 2824 per
1229 2760 1396 2806 totam
1423 2744 1588 2799 vitam
1623 2753 1770 2842 vere,
1798 2750 1863 2842 ac

298 2871 569 2930 germana!
626 2852 987 2921 sublimisque
1016 2832 1393 2918 philosophiae
1437 2852 1604 2933 sensu
1658 2832 1862 2933 indesi-

298 2925 492 3005 nenter
513 2947 793 3013 irrigatum
819 2941 1048 3011 vigebat.
1091 2945 1281 3006 utpote
1315 2931 1458 3003 quod
1490 2925 1718 2983 fruenda
1748 2925 1864 2989 spi-

296 3040 514 3096 ritualia
565 3054 623 3094 se
661 3037 796 3105 ipsis
834 3032 1106 3092 tradebat,
1162 3041 1268 3081 non
1326 3021 1688 3077 obumbrante
1740 3028 1858 3068 ant-

297 3133 440 3204 plius
472 3130 778 3189 intuentem
829 3125 1071 3178 animum
1101 3130 1363 3187 corporea
1395 3112 1562 3204 mole.
1578 3108 1728 3162 Adeo
1765 3115 1862 3158 cor

295 3201 417 3292 eius
457 3222 563 3304 h‘oc
609 3215 882 3272 desiderio
908 3212 1246 3269 tabescebat,
1272 3216 1325 3263 ut
1362 3202 1584 3304 aboleri
1604 3213 1708 3254 non
1901 3201 1945 3262 (ζ

297 3284 380 3368 set
407 3330 420 3376 ;
452 3291 632 3364 ortum
666 3321 826 3378 porro
857 3302 990 3358 illud
1018 3316 1085 3355 eo
1123 3309 1366 3368 tempore
1395 3307 1503 3363 quo
1541 3288 1709 3343 Natus
1743 3284 1863 3352 ejus

297 3405 363 3458 ad
425 3404 638 3457 Patrem
684 3396 1030 3468 ascenderat,
1085 3391 1361 3444 caelestem
1420 3386 1566 3439 illam
1622 3379 1858 3434 animam

294 3507 572 3562 nunquam
598 3487 858 3544 deseruit.
881 3483 993 3539 lloc
1017 3483 1179 3536 etiam
1205 3479 1308 3533 fuit
1340 3490 1476 3545 pons
1499 3473 1564 3526 ad
1587 3473 1862 3524 immorta-

297 3587 400 3638 lem
451 3583 617 3635 vitam
677 3590 728 3634 et
767 3575 1235 3645 incorruptionem
1289 3569 1388 3635 illi,
1434 3581 1555 3636 qum
1595 3563 1694 3616 fuit
1725 3571 1862 3628 pons

299 3673 544 3728 liberatis
570 3687 597 3722 a
660 3669 1028 3738 corruptione.
1080 3664 1203 3719 "ac
1241 3663 1346 3716 fuit
1395 3659 1537 3715 scala
1571 3655 1635 3707 ad
1660 3651 1859 3706 Filium

298 3765 462 3820 scala:
492 3760 898 3816 ascendentium
931 3772 1055 3813 eum
1079 3756 1255 3810 salute
1277 3753 1343 3808 ad
1372 3767 1516 3811 eum,
1539 3748 1630 3816 qui
1661 3745 1859 3801 caelum

299 3857 464 3911 habet
493 3851 698 3912 sedem,
738 3857 793 3904 et
841 3865 998 3918 quem
1030 3842 1196 3914 Virgo
1256 3843 1482 3912 peperit,
1524 3847 1577 3892 et
1619 3836 1861 3905 quicum

296 3944 483 3998 animo
542 3953 754 4006 semper
788 3937 1129 3997 versabatur,
1179 3934 1323 4001 quod
1352 3940 1408 3984 et
1439 3932 1557 3998 ipse
1585 3933 1862 3990 nunquam

297 4049 405 4086 non
456 4029 672 4098 agebat,
732 4041 856 4080 nam
899 4031 1025 4094 post
1075 4021 1196 4089 eius
1247 4010 1406 4074 etiam
1470 4025 1760 4069 ascensum
1796 4007 1863 4062 ad

295 4123 474 4178 Patris
511 4122 716 4180 sinum,
752 4117 896 4171 unde
927 4120 1150 4168 venerat
1171 4111 1236 4164 ad
1257 4125 1380 4170 nos,
1417 4105 1607 4160 Matris
1638 4099 1864 4170 spiritus

298 4213 365 4264 ab
397 4225 461 4263 eo
495 4221 771 4275 nunquam
827 4203 1086 4265 distabat,
1139 4201 1184 4256 si
1215 4200 1370 4254 enim
1406 4196 1495 4250 ubi
1547 4193 1862 4248 thesaurus,

301 4301 372 4355 ibi
413 4308 466 4354 et
499 4314 618 4361 cor,
650 4307 706 4350 ut
746 4295 895 4349 illius
942 4302 1025 4347 est
1055 4289 1345 4350 sententia,
1391 4287 1480 4354 qui
1513 4281 1750 4352 Virginis
1779 4286 1864 4334 est

301 4392 616 4451 thesaurus,
677 4396 732 4440 et
788 4385 1076 4454 pretiosior
1134 4379 1350 4434 cunctis
1403 4372 1700 4435 thesauris,
1753 4382 1861 4438 qua

301 4482 512 4534 ratione
542 4493 648 4531 non
679 4484 823 4530 esset
867 4473 940 4528 illi
965 4472 1300 4540 coniunctus
1333 4465 1584 4520 Parentis
1610 4461 1859 4530 spiritus.

1982 559 2337 614 Conlideutcr
2367 558 2512 609 enim
2543 555 2868 610 afﬁrmarent
2887 572 3039 623 aeque
3064 573 3126 612 ac
3149 561 3366 626 quidvis
3394 563 3541 615 aliu'l

1984 669 2087 706 nou
2123 654 2304 705 minus
2332 650 2569 702 animant
2597 649 2714 717 ejus
2745 664 2904 717 qttam
2936 648 3057 704 Filii
3084 653 3370 719 pertulisse
3388 654 3537 706 dolo-

1984 760 2069 796 res
2096 783 2110 805 ,
2153 742 2372 808 quando
2405 741 2651 794 divinum
2695 739 2823 792 lllttd
2861 755 3061 809 corpus
3100 759 3127 796 a
3174 744 3396 798 nefariis
3437 747 3542 798 iliis

1983 847 2035 888 et
2073 833 2439 901 sanguinariis
2497 833 2758 900 ligehatur
2787 834 3104 888 vulneribus
3131 851 3144 897 ;
3173 842 3228 888 ct
3270 838 3390 901 jure
3423 839 3545 905 qui-

1981 927 2125 989 dem,
2151 940 2273 979 eum
2302 924 2372 978 ob
2397 932 2619 976 caeteras
2643 938 2834 976 omnes
2872 939 3088 987 causas,
3119 935 3233 978 tutu
3258 927 3328 980 ob
3359 929 3502 980 illam
3527 971 3541 990 ,

1982 1033 2104 1070 nam
2131 1019 2272 1070 sicut
2309 1029 2374 1067 eo
2413 1015 2600 1067 mundi
2633 1015 2934 1083 principem
2965 1031 2992 1068 a
3026 1018 3328 1084 principatu
3360 1031 3547 1074 extur-

1983 1109 2143 1159 bante
2172 1107 2463 1176 gaudebat,
2506 1107 2578 1158 ita
2614 1115 2664 1156 ct
2698 1107 2933 1174 patiente
2983 1105 3287 1174 patiebatur
3335 1110 3456 1176 jure
3489 1117 3546 1162 ut

1985 1196 2153 1250 Mater
2183 1198 2424 1249 omnium
2455 1198 2564 1249 nati
2588 1197 2985 1260 amantissima,
3017 1199 3159 1251 sicut
3188 1208 3241 1251 et
3273 1200 3542 1268 vinginum

1983 1287 2385 1340 ﬂorentissima.
2440 1287 2673 1341 Pertulit
2708 1289 2873 1354 igitur
2921 1289 3233 1342 charissiuti
3282 1306 3546 1360 corpora-

1982 1381 2090 1432 lem
2124 1378 2548 1443 disiunctionem
2577 1378 2642 1431 ad
2673 1386 2910 1446 tempus,
2959 1397 3064 1432 non
3102 1382 3222 1434 sine
3252 1383 3540 1452 lacrytuis:

1984 1467 2253 1536 gaudebat
2285 1475 2464 1519 tamen
2492 1483 2597 1520 una
2629 1483 2749 1520 cum
2775 1469 2866 1521 illo
2897 1481 3199 1524 reverti-nte
3231 1473 3282 1525 in
3323 1476 3543 1540 omium,

1982 1567 2034 1611 et
2069 1572 2190 1609 cum
2220 1558 2310 1610 illo
2336 1559 2547 1610 vivebat
2583 1558 2778 1627 spiritu
2824 1560 3297 1628 conjunctissima,
3358 1575 3548 1634 utpote

1983 1647 2172 1711 Mater,
2221 1649 2360 1701 sicut
2392 1659 2444 1702 et
2492 1649 2578 1702 ille
2611 1666 2730 1701 cum
2763 1651 2878 1720 ipsa
2901 1669 2916 1713 ς
2942 1654 3071 1717 quin
3108 1655 3266 1707 etiam
3292 1657 3451 1709 simul
3482 1671 3544 1709 ac

1983 1745 2107 1790 nata
2139 1737 2258 1797 fuit,
2293 1738 2521 1790 dixt‘rim
2565 1755 2782 1807 quoque
2818 1742 3148 1810 simulatque
3183 1755 3444 1813 concepta
3483 1746 3542 1800 Β.

1899 1829 1944 1887 Β
1984 1825 2172 1896 Virgo,
2200 1843 2298 1881 sua
2329 1829 2476 1880 illam
2512 1833 2683 1897 gratia
2717 1833 2994 1900 implebat,
3044 1835 3134 1903 qui
3175 1836 3278 1888 sibi
3308 1836 3544 1891 futuram

1980 1919 2349 1986 praestitucrat
2395 1919 2644 1982 Matrem.
2673 1923 2782 1975 imo
2817 1941 2946 1978 vero
2973 1940 3096 1978 cum
3135 1926 3221 1980 illa
3257 1938 3373 1982 erat
3407 1930 3544 1997 ipse.

1983 2017 2272 2076 antequam
2302 2021 2444 2064 esset
2471 2021 2592 2063 nata
2617 2030 2631 2076 ;
2657 2013 2855 2066 factum
2893 2017 3091 2082 quippe
3121 2026 3172 2070 ct
3203 2030 3542 2085 compactum

1981 2105 2064 2149 est
2088 2097 2163 2149 illi
2197 2112 2398 2166 corpus
2420 2103 2757 2168 temporibus
2785 2105 2921 2165 suis,
2963 2115 3019 2158 ut
3049 2107 3288 2174 loquitur
3319 2108 3542 2173 Paulus,

1981 2185 2050 2240 de
2076 2189 2436 2256 sanguinibus
2475 2191 2859 2258 ltumaculattr,
2891 2213 3166 2267 nunquam
3209 2209 3384 2254 tamen
3431 2218 3541 2255 nou

1981 2275 2081 2329 fuit
2121 2277 2196 2330 illi
2230 2279 2574 2347 coniunctus,
2613 2284 2794 2336 statim
2826 2294 2989 2353 atque
3029 2288 3080 2340 iu
3118 2291 3319 2343 sterilis
3353 2295 3546 2344 matris

1982 2376 2139 2422 utero
2167 2371 2330 2438 coepit
2362 2387 2501 2426 csse.
2545 2373 2657 2427 Cur
2686 2376 2828 2428 enim
2863 2376 3020 2431 aliter
3052 2379 3122 2432 sit
3157 2382 3545 2436 sentiendum?

1984 2472 2108 2511 nam
2143 2461 2189 2510 si
2223 2461 2479 2514 eximium
2516 2461 2777 2520 Joannem
2807 2467 3016 2523 scimus
3049 2470 3102 2522 in
3141 2481 3296 2524 utero
3325 2474 3538 2541 plenum

1981 2559 2171 2600 sancto
2218 2551 2420 2616 Spiritu
2485 2555 2677 2617 fuisse,
2708 2560 2977 2612 cur.idcm
3007 2560 3073 2614 de
3107 2565 3397 2627 purissima
3423 2565 3542 2618 Vir-

1981 2636 2105 2701 gine
2144 2653 2250 2690 non
2313 2641 2384 2692 sit
2434 2644 2628 2696 merito
2677 2645 3094 2703 amrmandum?
3134 2652 3246 2708 llnc
3291 2656 3391 2709 sibi
3428 2661 3543 2710 vult

1987 2725 2118 2778 illud
2175 2728 2466 2796 Gabrielis,
2503 2733 2758 2790 Dominus
2815 2749 2979 2792 tecum
3011 2756 3030 2794 :
3054 2743 3196 2810 quod
3238 2747 3353 2813 ipse
3386 2749 3543 2803 docet

1980 2815 2362 2887 distinguendo
2393 2834 2606 2892 tempus
2641 2827 2692 2880 in
2725 2829 2867 2884 hunc
2902 2832 3121 2886 modum
3154 2852 3166 2887 :
3202 2852 3323 2891 nam
3351 2841 3543 2894 volens

1980 2904 2365 2978 Conceptionis
2401 2917 2618 2970 modum
2648 2919 2983 2976 intemeratae
3015 2923 3222 2994 Virgini
3258 2928 3540 2986 declarare

1981 2995 2360 3070 interroganti,
2403 3012 2645 3076 tempore
2682 3026 2814 3066 usus
2860 3024 2944 3067 est
2980 3030 3088 3070 nou
3126 3021 3401 3086 pt‘msettti,
3447 3023 3543 3077 scd

1981 3086 2189 3157 futuro,
2212 3101 2266 3145 et
2284 3105 2530 3149 sanctum
2553 3101 2770 3166 quidem
2793 3103 3052 3172 Spiritum
3083 3123 3544 3182 superventurum

1978 3178 2032 3233 in
2077 3181 2250 3249 ipsam
2277 3222 2292 3247 ,
2329 3187 2586 3243 Altissimi
2611 3206 2737 3246 vero
2769 3195 3022 3251 virtutem
3069 3178 3541 3269 obumbraturam,

1978 3270 2080 3370 ipsi
2115 3274 2440 3341 praedicebat
2473 3297 2486 3332 :
2514 3281 2802 3337 salutando
2836 3297 3014 3341 autem
3036 3287 3308 3357 Virginem
3339 3294 3538 3358 aiebat,
3609 3353 3621 3370 \

1980 3361 2106 3425 Ave,
2144 3374 2197 3418 et
2226 3368 2394 3434 gratia
2423 3370 2634 3438 plenam
2677 3377 2977 3443 appellans,
3019 3390 3071 3431 et
3112 3383 3450 3438 heuedictam
3483 3387 3540 3438 in

1981 3452 2317 3519 mulieribus,
2347 3462 2666 3527 pra-dicatis,
2709 3477 2963 3536 tanquam
2997 3487 3160 3540 super
3186 3475 3318 3527 alias
3339 3476 3534 3528 bonam

1977 3557 2040 3596 ett
2075 3543 2162 3603 iis.
2189 3562 2309 3612 qua:
2341 3551 2439 3618 ipsi
2471 3553 2684 3608 inerant
2713 3558 2924 3612 laudem
2961 3575 3230 3630 pangeus;
3262 3580 3365 3615 non
3392 3565 3539 3618 enim

1977 3633 2144 3699 gratia
2170 3636 2379 3708 plenam
2413 3643 2566 3710 quasi
2617 3643 2880 3706 futuram.
2939 3649 3031 3702 sed
3085 3662 3140 3704 ut
3187 3654 3536 3707 exsistentcm

1975 3724 2123 3788 quod
2179 3735 2314 3790 erat,
2375 3735 2684 3799 appellavit,
2739 3745 2793 3790 ct
2853 3739 3190 3796 benedictam
3259 3746 3533 3807 salutavit,

1978 3814 2130 3903 quasi
2177 3817 2382 3872 diceret
2411 3822 2583 3876 :Cuut
2614 3827 2785 3892 gratia
2827 3829 2902 3884 sis
2946 3832 3122 3898 plena.
3158 3848 3191 3883 ο
3218 3834 3397 3903 Virgo.
3432 3835 3538 3888 Do-

1978 3915 2154 3956 1111111111
2215 3915 2422 3972 tecum;
2486 3913 2611 3978 quia
2656 3931 2786 3969 vero
2832 3918 2982 3970 illum
3035 3921 3199 3974 habes
3228 3925 3280 3974 in
3333 3926 3536 3990 anima,

1977 3989 2248 4046 benedicta
2294 4010 2347 4048 es
2399 3999 2453 4050 in
2488 4001 2817 4061 mulieribus.
2861 4007 2925 4060 Et
2956 4008 3070 4063 luce
3113 4012 3329 4073 quidem
3365 4016 3435 4068 ita
3476 3989 3536 4070 se

1921 4121 1940 4128 -.
1979 4075 2217 4170 habent:
2245 4097 2365 4150 qua:
2405 4098 2536 4142 vero
2582 4103 2888 4159 sequuntur
2927 4098 2992 4150 ad
3034 4100 3214 4154 futura
3262 4117 3532 4170 Spectaut,

1982 4177 2031 4258 et
2057 4169 2344 4226 subsecuta
2361 4187 2489 4230 sunt
2511 4194 2834 4238 consensum
2861 4188 3008 4254 prius
3037 4169 3306 4258 praebente
3329 4197 3531 4251 illibata

1975 4256 2196 4327 Virgine
2247 4267 2614 4333 gratissimum
2678 4273 2785 4329 Deo
2840 4294 3036 4335 muntts
3086 4292 3140 4336 1-1
3179 4301 3284 4350 quo
3323 4289 3529 4341 nullum

1976 4351 2166 4447 potius
2187 4356 2368 4447 oderri
2402 4370 2614 4428 poterat
2640 4382 2656 4430 ;
2688 4369 2818 4434 quid
2852 4371 2995 4423 enim
3025 4374 3098 4426 illi
3126 4387 3392 4443 a-quetur,
3419 4395 3532 4447 _quo

1974 4436 2117 4531 Deus
2153 4442 2400 4512 iudiguit,
2459 4458 2516 4502 ut
2546 4465 2612 4505 eo
2658 4463 2920 4521 uterctttr,
2955 4462 3111 4527 quasi
3155 4436 3526 4531 fundamento,

301 4530 428 4637 quae
450 4530 601 4620 illum
643 4579 807 4634 supra
839 4530 1199 4631 capacitatem
1235 4556 1434 4612 mentis
1465 4551 1696 4623 peperit,
1719 4549 1863 4604 sicut
1892 4560 1939 4619 ι)
1971 4530 2199 4637 fidi?“
2236 4539 2507 4637 "‘j_)'318':ii.
2566 4557 2662 4611 Per
2683 4548 2824 4614 quod
2862 4561 3119 4605 renovata
3162 4555 3341 4609 omnia
3385 4530 3525 4610 mut.

299 4668 354 4712 et
412 4659 636 4725 spiritus
665 4657 784 4724 eius
810 4669 939 4723 _cum
983 4653 1094 4715 illa,
1143 4659 1202 4704 ut
1243 4664 1342 4705 nec
1379 4656 1624 4714 tempore
1653 4642 1858 4709 disjun-

298 4760 537 4818 geretur,
572 4761 671 4800 uec
702 4745 810 4798 ulla
844 4745 893 4798 vi
931 4758 1092 4798 casus
1119 4736 1568 4796 abstraheretur?
1599 4734 1660 4787 Et
1691 4735 1734 4789 si
1771 4732 1858 4788 ubi

298 4843 437 4906 ipse,
464 4838 574 4893 illic
601 4838 770 4892 eritet
805 4837 1075 4898 minister,
1108 4835 1382 4903 quomodo
1409 4845 1516 4884 non
1545 4826 1857 4882 necessario

299 4932 514 4986 Mater?
542 4929 808 4985 Cteterum
848 4929 1038 4982 relicta
1072 4927 1174 4981 fuit
1200 4927 1253 4980 in
1291 4933 1456 4990 terra,
1486 4931 1541 4977 et
1589 4935 1714 4973 cum
1744 4917 1859 4972 suis

298 5037 407 5076 non
463 5029 548 5075 est
572 5019 793 5087 abrepta
824 5017 1169 5088 _viseeribus,
1229 5029 1351 5069 cum
1401 5009 1716 5066 ascenderet
1764 5018 1860 5074 per

298 5115 519 5174 nubem,
583 5125 652 5164 ne
695 5108 1124 5164 subducentibus
1157 5121 1277 5162 sese
1320 5110 1544 5172 repente
1593 5098 1857 5154 ambobus

297 5203 695 5271 discipulorum
749 5199 956 5261 oculis,
1018 5198 1095 5252 illi
1157 5203 1443 5250 manerent
1496 5189 1854 5248 semimortui.

297 5292 486 5362 Nuper
513 5290 657 5346 enim
704 5289 1024 5357 compactis,
1056 5296 1112 5342 et
1142 5286 1496 5354 imperfectis,
1521 5284 1663 5352 quod
1689 5284 1850 5352 perli-

295 5385 446 5438 ciens
468 5380 705 5451 Spiritus
733 5380 968 5433 nondum
994 5380 1048 5434 in
1071 5395 1166 5434 eos
1193 5378 1523 5440 advenisset,
1553 5375 1598 5429 si
1627 5385 1856 5441 utroque

291 5475 468 5528 orbati
509 5471 764 5538 fuissent,
797 5472 869 5526 ob
917 5472 992 5526 rei
1014 5473 1305 5526 novitatem
1336 5470 1448 5523 vita
1478 5467 1584 5522 illis
1613 5467 1854 5521 acerbis-

202 5597 206 5601 -
295 5565 433 5619 sima
462 5565 575 5628 visa
616 5573 786 5629 esset,
833 5572 888 5618 et
920 5562 1150 5618 fortasse
1178 5563 1298 5618 sine
1324 5560 1520 5617 solatio
1568 5565 1849 5614 manentes

293 5655 456 5710 etiam
493 5655 712 5709 omnino
732 5655 1154 5737 desperassent;
1186 5661 1242 5708 at
1272 5653 1361 5708 illa
1400 5652 1700 5707 discessum
1723 5647 1848 5704 Filii

293 5745 573 5814 aagerrime
605 5759 785 5815 passa,
845 5753 905 5800 ut
932 5746 1164 5816 putatis,
1222 5745 1293 5799 ita
1333 5745 1481 5800 illum
1519 5739 1696 5798 tamen
1725 5742 1850 5796 tuitt

1972 4624 2136 4688 teque
2185 4625 2378 4680 melius
2433 4629 2755 4698 instaurata,
2801 4652 2960 4704 quam
2989 4641 3114 4694 olim
3159 4645 3528 4713 essent?qua:

1972 4711 2317 4777 perspicuum
2357 4718 2546 4778 estita
2592 4735 2731 4786 esse,
2770 4727 3024 4792 quoniam
3079 4731 3242 4784 simul
3294 4747 3356 4786 ac
3411 4711 3524 4801 ipsa

1971 4809 2092 4851 sese
2123 4811 2314 4868 sponte
2348 4806 2564 4873 obtulit,
2589 4820 2641 4864 et
2671 4826 2922 4883 prompto
2949 4819 3128 4873 animo
3155 4820 3266 4874 lieri
3297 4828 3523 4893 optat-it,

1969 4890 2112 4978 quod
2159 4890 2268 4946 Deo
2300 4896 2553 4961 placitum
2602 4914 2737 4966 erat,
2797 4905 2947 4971 Ecce,
3001 4909 3276 4978 inquiens,
3330 4890 3524 4968 ancilla

1974 4977 2208 5046 Domini,
2244 4984 2339 5049 ﬁat
2372 4987 2499 5041 mihi
2525 4993 2808 5048 secundum
2836 4998 3041 5050 verbum
3068 4977 3236 5067 tuum,
3266 5002 3522 5071 beucpla-

1969 5068 2081 5122 cito
2145 5071 2318 5130 Patris
2367 5091 2695 5147 cooperante
2746 5085 2976 5156 Spiritu,
3037 5068 3523 5149 consulxstautialis

1969 5156 2096 5223 illis,
2125 5171 2448 5230 cozeternus,
2487 5179 2541 5224 et
2571 5183 3084 5243 contemporaueus.
3117 5180 3258 5235 Deus
3288 5183 3519 5240 Verbum
3571 5204 3588 5211 ο

1969 5262 2291 5322 conceptum
2324 5258 2375 5311 in
2405 5269 2556 5314 utero
2589 5261 2824 5332 Virginis
2864 5282 2970 5320 non
3007 5279 3242 5336 experta:
3274 5275 3516 5340 nuptias,

1971 5341 2141 5397 induit
2195 5346 2335 5402 hanc
2387 5361 2626 5407 nostram
2655 5357 3010 5410 substantiam
3055 5361 3172 5412 siue
3202 5364 3362 5414 sorde
3392 5377 3518 5430 pro-

1972 5431 2152 5496 diens,
2183 5450 2304 5504 quas
2336 5453 2460 5492 cum
2509 5453 2783 5512 assumpta
2837 5457 3052 5513 natura,
3083 5449 3221 5502 duas
3251 5465 3354 5502 non
3387 5465 3517 5502 cou-

1965 5522 2201 5580 fundens
2231 5538 2453 5585 naturas
2475 5546 2770 5601 ereantem,
2802 5545 2855 5591 et
2875 5549 3132 5602 creatam,
3172 5555 3336 5591 unum
3373 5543 3518 5605 quo-l

1967 5617 2192 5681 exstitit,
2245 5623 2543 5678 secundum
2585 5627 2914 5696 hypostasim
2951 5630 3208 5683 deiilcaus
3252 5629 3393 5697 quod
3431 5646 3520 5681 as-

1975 5710 2226 5779 sumpsit,
2255 5726 2456 5784 perque
2502 5717 2630 5772 illud
2674 5718 2889 5774 salvans
2937 5718 3242 5773 universam
3284 5733 3517 5773 tuasszuu
