4144 6282
548 299 618 359 99
1706 291 1761 350 Μ
1771 285 1866 349 ΛΝ
1875 283 2023 348 ΠΕῘ,
2036 289 2047 344 i
2061 288 2101 344 S

2253 281 2583 350 L.E0l.0ﬂl

3685 268 3788 341 “too

562 407 712 462 velut
762 409 815 462 in
883 408 1169 463 fermento.
1218 391 1260 460 0
1318 407 1746 475 magnitudinem
1776 410 2029 476 puritatis
2063 413 2117 463 in
2151 402 2192 461 Α
2224 415 2346 460 nata
2401 417 2518 458 erat
2545 419 2640 456 vas
2675 403 2892 471 plenum
2924 395 3338 458 benedictionis,
3375 393 3441 447 de
3471 407 3576 462 qua
3606 395 3781 460 prima

564 496 654 554 Dei
699 501 889 560 Matre,
935 501 1004 553 ob
1043 515 1203 568 quam
1239 500 1463 552 Creator
1507 500 1626 565 ejus
1660 499 1981 563 dedignatus
2012 515 2119 555 non

559 600 663 651 est,
707 591 758 642 in
792 599 998 654 ventre,
1038 605 1198 657 quem
1259 588 1598 650 condiderat,
1645 588 1866 641 formari
1901 592 1914 642 !
1947 587 1990 642 Ο
2029 604 2123 656 ge-

565 697 818 735 nerosum
851 681 1066 734 Sensum
1111 681 1162 731 in
1200 680 1371 746 puella
1402 680 1536 731 adeo
1562 687 1743 732 tenera
1770 679 1782 732 !
1811 681 1852 732 0
1883 682 2120 732 animum

564 772 616 823 in
653 772 899 830 muliebri
930 785 1160 840 corpore
1192 765 1582 824 immutabilem
1618 772 1630 823 Ξ
1665 769 1802 834 Quid
1834 773 1980 824 enim
2011 773 2122 822 sin-

563 864 763 923 cerius,
792 862 1000 929 purius,
1028 862 1341 929 generosius
1369 862 1545 914 anima
1579 862 1954 916 salutationem
1986 863 2124 914 hanc

566 954 829 1005 arbitrata
895 968 1001 1004 non
1056 951 1474 1015 fraudulentam,
1539 953 1630 1004 sed
1701 954 1952 1004 credente
2009 952 2121 1004 ﬁeri

567 1051 728 1103 posse
786 1037 1050 1090 materiali
1085 1046 1273 1090 ventre
1327 1039 1530 1105 suscipi
1573 1047 1742 1092 totum
1781 1039 1958 1107 fulgur
1990 1040 2128 1092 divi-

571 1128 778 1188 nitatis,
817 1128 1116 1195 eodemque
1161 1139 1412 1206 “tempore
1448 1128 1681 1182 Verbum
1714 1131 1832 1182 sine
1865 1132 2126 1199 temporis

570 1217 837 1284 principio
861 1219 912 1271 in
933 1221 1054 1273 sinu
1085 1219 1260 1274 Patris
1291 1220 1556 1287 principio
1592 1219 1834 1271 carentis
1867 1212 2128 1272 exsistere

571 1319 733 1376 atque
769 1310 823 1362 in
858 1311 1020 1379 hujus
1052 1311 1334 1378 temporali
1369 1318 1522 1363 utero
1545 1310 1780 1379 gestari?
1809 1308 2036 1374 Horum,
2068 1321 2128 1362 ιιι

571 1416 686 1453 mea
723 1401 822 1453 fert
853 1402 1060 1469 opinio,
1093 1417 1256 1456 causa
1297 1412 1379 1455 est
1414 1401 1740 1470 assignanda
1775 1401 1863 1454 Dei
1901 1400 2129 1453 (leniti-i-

571 1492 651 1543 cis
709 1493 1242 1561 conscierrtia,.quae
1299 1500 1507 1545 tantum
1567 1492 1807 1545 animum
1864 1493 2128 1557 addebat;

576 1584 688 1634 fieri
717 1585 857 1636 enim
901 1600 1002 1635 non
1042 1593 1272 1652 poterat,
1307 1599 1366 1636 ea
1395 1585 1680 1650 puritatem
1712 1598 1815 1636 non
1856 1593 2130 1647 servante,

573 1683 620 1724 et
671 1677 1046 1727 acrredentem
1090 1691 1196 1726 non
1237 1675 1512 1742 prmbente
1544 1675 1971 1736 animositatem,
2019 1692 2133 1728 mae

2225 513 2421 564 parens
2468 497 2742 550 exciderat
2797 503 2851 547 et
2889 508 3049 562 quam
3087 493 3185 559 ipsi
3226 489 3439 542 Gabriel
3488 501 3516 538 a
3571 501 3786 539 summo

2227 587 2337 640 Deo
2398 587 2740 640 nuntiaverat
2784 600 2906 640 esse
2974 583 3201 637 omnino
3247 580 3460 648 qualem
3521 576 3782 627 diximus.

2227 679 2427 744 Quidni
2461 680 2606 730 enim
2657 693 2798 738 eam,
2833 692 2952 745 qttze
2987 675 3070 726 sui
3107 682 3295 743 partus
3329 671 3565 723 novitate
3595 669 3788 720 salutis

2227 769 2308 821 sui
2365 767 2580 835 generis
2644 767 2890 818 ministra
2946 764 3065 826 fuit,
3106 777 3228 815 eum
3263 761 3419 828 plane
3465 758 3787 826 pra-finitum

2229 870 2375 913 esset
2433 868 2556 911 ante
2610 857 2932 926 produt-tum
2989 855 3131 907 hunc
3181 852 3466 912 mundum,
3498 861 3789 914 antequam

2233 964 2420 1006 essent
2477 953 2705 1016 angelici
2771 951 3012 1010 ordines.
3082 948 3185 1000 hoc
3236 956 3479 1012 tempore
3540 934 3788 1009 impleri?

2229 1046 2594 1098 Conveniebat
2629 1044 2811 1107 etiam,
2861 1043 3118 1099 arbitror,
3159 1041 3369 1093 Patrem
3423 1050 3637 1103 quoque.
3669 1033 3794 1084 Filii

2231 1145 2505 1202 perpetuzr
2562 1133 2798 1202 Virginis
2853 1132 3282 1184 incarnationem
3345 1128 3427 1181 sui
3492 1139 3554 1180 ac
3604 1124 3794 1176 Matris

2235 1223 2510 1287 linigeniti
2569 1239 2666 1276 suo
2735 1226 3123 1288 comprobante
3193 1217 3553 1285 beneplacito,
3618 1217 3793 1284 ipsum

2233 1325 2492 1383 praeterea
2529 1315 2621 1382 qui
2682 1315 3114 1367 incarntztionem
3163 1311 3332 1363 obivit
3375 1307 3609 1362 Verbum
3645 1306 3797 1374 geni-

2233 1407 2368 1459 toris
2403 1407 2555 1474 puris
2585 1407 2788 1458 editum
2825 1404 2890 1456 de
2938 1402 3261 1459 visceribus.
3301 1409 3508 1452 necnon
3567 1397 3798 1450 sanctiss

2235 1498 2432 1548 sitnon:
2453 1504 2507 1547 et
2537 1494 2892 1563 perfectionis
2925 1494 3237 1560 largitorem
3272 1490 3556 1556 Spiritum,
3585 1490 3796 1540 beatam

2238 1586 2485 1638 \‘itleliCt‘l
2506 1585 2852 1647 Trinitatem,
2897 1585 3118 1638 conscia
3152 1583 3316 1634 etiam
3351 1578 3572 1647 Virgine
3606 1593 3795 1630 assen-

2238 1692 2469 1742 sumque
2508 1676 2782 1743 praebente
2810 1676 3126 1742 mysterium
3152 1672 3408 1740 perficere
3435 1668 3800 1735 benignitatis.

556 1779 732 1829 gnum
800 1763 900 1816 hoc
961 1779 1119 1830 opus,
1181 1773 1230 1817 et
1286 1779 1608 1827 generosum
1652 1766 1719 1818 ab
1753 1781 1812 1818 ea
1851 1767 2128 1833 praestari:
2160 1767 2207 1826 Β
2239 1777 2291 1820 et
2327 1769 2552 1834 justitizr
2603 1767 2843 1835 plenum,
2894 1775 2953 1818 ιιι
2992 1775 3045 1819 et
3093 1767 3313 1818 libertas
3365 1761 3572 1814 arbitrii
3627 1760 3799 1810 locum

570 1871 738 1918 quare
769 1863 821 1907 et
853 1857 1011 1906 verba
1044 1856 1178 1917 ipsa,
1231 1857 1429 1923 quibus
1467 1870 1559 1908 usa
1592 1864 1674 1908 est
1716 1859 1996 1923 perspicue
2041 1873 2135 1911 os-

571 1946 824 2007 tendunt,
877 1947 1045 2013 ipsam
1095 1963 1152 1999 se
1214 1962 1318 1999 non
1356 1946 1628 2015 indignam
1669 1957 1816 2000 tanto
1859 1949 2134 2014 judicasse

573 2040 860 2100 beneficio,
904 2049 961 2092 ut
1012 2039 1198 2098 .‘later,
1260 2041 1500 2107 inquam,
1542 2041 1662 2106 ejus
1712 2043 1860 2094 ﬁeret
1892 2043 1980 2108 qui
2014 2051 2133 2093 stu-

577 2129 808 2194 pendum
847 2129 946 2181 hoc
997 2143 1137 2194 opus
1169 2129 1438 2194 patrabat.
1471 2127 1608 2190 Non,
1647 2144 1778 2179 non.
1801 2129 1873 2180 sit
1906 2127 2132 2188 Manum,

576 2234 681 2269 non
721 2217 948 2278 Danieli,
973 2233 1284 2284 quanquam
1311 2219 1374 2267 de
1401 2218 1612 2270 visione
1635 2231 1822 2270 eorum
1847 2216 1976 2283 quid
2007 2231 2136 2269 sen-

576 2308 820 2360 tiendum
857 2307 1063 2365 nescio.
1099 2308 1141 2360 si
1188 2317 1439 2361 accurate
1476 2309 1872 2369 consideretur,
1904 2321 1996 2362 aut
2027 2324 2136 2375 quo

577 2399 794 2452 tandem
824 2399 982 2450 modo
1005 2397 1068 2449 ad
1103 2398 1225 2451 illos
1257 2399 1548 2451 accesserit
1577 2399 1666 2466 qui
1688 2402 1957 2467 apparuit.
1979 2397 2138 2453 Certe

576 2506 684 2542 non
732 2490 1024 2541 obscurum
1060 2497 1162 2550 est,
1198 2488 1296 2556 ipsi
1347 2500 1506 2554 atque
1534 2489 1637 2542 illis
1665 2504 1769 2540 non
1795 2504 1945 2556 :eque
1975 2503 2142 2556 appae

577 2580 751 2633 ruisse
789 2581 1030 2632 habitum
1070 2591 1120 2632 et
1162 2579 1503 2646 ςριρηιίιιι-υηι
1537 2579 1860 2647 angelicum,
1899 2580 2056 2632 sicuti
2091 2589 2143 2632 et

576 2674 904 2740 colloquium
937 2687 1061 2725 cum
1089 2671 1144 2724 Β.
1172 2672 1392 2734 Virgine
1418 2686 1524 2724 non
1548 2672 1790 2735 ejusdem
1812 2679 1927 2724 erat
1968 2671 2143 2725 hono-

525 2833 531 2848 ‘
579 2766 674 2820 ris,
707 2765 864 2828 cujus
899 2774 951 2816 et
979 2779 1255 2816 sermones
1286 2764 1454 2815 babiti
1495 2778 1618 2815 cum
1667 2763 1798 2824 illis;
1850 2761 2138 2828 siquidem,

583 2855 628 2905 is
649 2855 800 2915 dixit,
835 2853 1124 2916 Periimus,
1152 2854 1315 2906 Deum
1335 2853 1593 2914 vidimus,
1629 2852 1856 2903 alterum
1884 2867 2009 2905 vero
2032 2853 2146 2905 fere

582 2943 782 2996 defecit
834 2943 1070 3003 animus,
1111 2950 1432 3010 penetrante
1465 2943 1721 2994 nimirum
1769 2941 1964 3011 timore
1989 2940 2141 2995 dere-

586 3047 744 3102 peutc
790 3034 842 3085 in
877 3049 1072 3086 sensus
1115 3033 1352 3095 intimos,
1378 3042 1432 3086 et
1463 3033 1565 3084 nisi
1601 3034 1668 3086 ab
1697 3042 1931 3100 utroque
1964 3047 2145 3086 reces-

2245 1861 2490 1921 haberet,
2520 1871 2573 1912 et
2604 1860 2746 1912 nulla
2783 1874 3009 1927 prorsus
3048 1857 3406 1910 intercederet
3439 1853 3711 1911 violentia,
3733 1865 3798 1903 ex

2242 1967 2350 2018 quo
2392 1968 2490 2005 nec
2517 1966 2746 2019 serpens
2782 1953 3039 2019 antiquus
3073 1959 3328 2003 assuetus
3358 1945 3654 1998 calumniis
3681 1955 3801 2011 pos-

2243 2054 2328 2098 set
2364 2046 2463 2097 boc
2487 2044 2830 2103 insimulare.
2867 2059 2930 2096 ac
2970 2043 3132 2094 veluti
3163 2049 3344 2094 notam
3382 2037 3670 2105 quamdam
3699 2036 3802 2088 im-

2244 2139 2468 2205 pingere
2509 2135 2852 2206 bcnig'nitati,
2898 2145 2950 2189 et
2981 2135 3212 2202 justitia:
3257 2132 3369 2194 Dei,
3407 2130 3548 2198 quod
3587 2135 3800 2196 operata

2245 2237 2390 2279 esset
2422 2228 2735 2295 mysterium
2773 2227 2908 2279 citra
2945 2238 3271 2278 consensum
3308 2218 3661 2274 imtnacitlata:
3685 2217 3807 2269 Vir-

2247 2320 2424 2388 ginis;
2469 2321 2728 2374 clamaret
2760 2320 2926 2380 enim,
2953 2317 3247 2372 convenire
3279 2317 3384 2368 Deo
3412 2311 3612 2364 nemini
3641 2309 3805 2362 bene-

2248 2412 2428 2466 facere
2485 2412 2711 2471 nolenti.
2761 2425 2858 2464 nec
2907 2409 3048 2462 dona
3087 2423 3180 2474 per
3231 2407 3336 2458 vim
3362 2403 3609 2458 Conferre
3641 2417 3654 2461 ;
3689 2413 3806 2451 esse.

2246 2486 2403 2558 enim,
2423 2519 2650 2572 prorsus
2695 2505 2804 2556 ba‘c
2863 2502 2935 2556 illi
2990 2501 3208 2554 inimica
3264 2499 3318 2551 et
3365 2495 3576 2546 odiosa.
3611 2491 3805 2544 Verum

2248 2599 2448 2652 dixerit
2479 2597 2618 2650 forte
2651 2597 2920 2664 quispiam
2955 2594 3036 2646 vir
3081 2592 3251 2646 scitus
3284 2588 3508 2642 alterius
3550 2585 3661 2636 brec
3689 2596 3806 2633 esse

2253 2693 2579 2746 festivitatis.
2651 2688 3064 2757 Respondemus
3117 2701 3128 2736 :
3180 2681 3419 2736 Alterius
3477 2678 3734 2746 quidem,
3778 2685 3810 2723 o

2251 2787 2444 2845 amice,
2480 2798 2584 2836 non
2610 2793 2787 2835 tamen
2813 2782 3022 2840 alienze,
3061 2775 3428 2831 sedmaximae
3465 2771 3589 2822 huic
3616 2767 3808 2828 allinis,

2251 2892 2375 2932 nam
2401 2890 2660 2929 connexa:
2695 2882 2824 2926 sunt
2857 2872 2998 2924 inter
3027 2884 3086 2922 se
3126 2867 3380 2929 invicem,
3405 2873 3459 2916 et
3483 2863 3650 2914 altera
3681 2875 3807 2928 pen-

2250 2969 2342 3024 det
2369 2969 2619 3022 abaltera
2647 2967 2925 3035 cujusdam
2960 2963 3131 3015 instar
3167 2970 3366 3012 catena!
3394 2971 3579 3010 revera
3608 2970 3808 3007 aurem:

2251 3062 2450 3132 quippe
2465 3075 2584 3128 quae
2609 3059 2812 3128 pariter
2835 3056 3181 3111 celebrantur
3199 3053 3264 3107 ad
3287 3052 3515 3120 gloriam
3543 3049 3808 3114 gloriosae.

585 3125 748 3176 sisset
779 3125 940 3176 citius
983 3125 1155 3175 visum
1193 3123 1322 3176 illud
1367 3123 1675 3183 insolitum,
1716 3123 1950 3178 fortasse
1981 3123 2143 3195 vitam
2180 3125 2224 3184 ο
2255 3123 2401 3206 Μὰ·
2427 3123 2560 3219 ριζΒΟ
2610 3123 2670 3202 'm
2708 3148 2955 3202 indomiti
2999 3146 3122 3214 equi
3173 3145 3397 3204 facium.
3453 3141 3700 3208 dimgam
3735 3145 3815 3189 es,

589 3224 815 3281 uterque.
863 3214 1127 3266 citissime
1161 3215 1528 3266 terminasset.
1585 3211 1718 3264 Nam
1777 3222 1831 3262 et
1856 3227 2045 3265 omnes
2089 3212 2145 3264 iu

589 3306 904 3358 universum
959 3311 1232 3370 quotquot
1275 3302 1582 3355 visionibus
1621 3302 1824 3370 dignati
1877 3311 2020 3362 sunt,
2059 3315 2147 3355 ea-

591 3397 712 3446 dem
737 3396 877 3462 passi
905 3402 1060 3454 snnt,
1093 3408 1210 3460 quze
1241 3401 1291 3445 et
1324 3393 1448 3455 isti;
1475 3403 1526 3444 at
1559 3391 1720 3457 Virgo
1742 3391 1950 3443 turbata
1977 3392 2148 3459 primo

549 3519 554 3522 -
588 3488 639 3540 in
678 3501 952 3548 sermone,
983 3486 1157 3551 inquit
1189 3500 1202 3536 :
1235 3499 1341 3536 non
1383 3482 1525 3534 enim
1568 3491 1625 3533 ιιι
1659 3483 1734 3534 illi
1766 3481 1836 3534 ob
1867 3491 2146 3548 aspectum

590 3577 789 3642 angeli,
835 3575 991 3641 idque
1027 3586 1078 3626 ιιι
1110 3591 1174 3627 ne
1211 3575 1506 3633 videretur,
1543 3581 1742 3639 quanta
1777 3588 1861 3624 res
1893 3583 2037 3625 esset
2064 3588 2148 3625 sa-

591 3667 802 3726 lutatio,
828 3666 1111 3734 ignorare;
1146 3679 1268 3716 mox
1312 3678 1429 3716 sese
1458 3662 1653 3716 obtulit
1687 3661 1872 3729 Opifici
1906 3662 2008 3713 fide
2039 3661 2140 3712 sin»

591 3759 871 3811 cerissima
922 3757 1157 3824 plenam,
1222 3765 1278 3807 ut
1313 3753 1609 3807 materialis
1655 3762 1839 3816 venter
1881 3753 2158 3819 exciperet

592 3850 765 3915 ignem
800 3844 1233 3898 immaterialem.
1264 3843 1536 3909 Quantum
1566 3858 1691 3898 vero
1727 3843 1828 3895 hoc
1859 3853 1963 3904 est,
2005 3841 2149 3910 quod

593 3954 701 4012 non
757 3938 896 3990 Deus
941 3947 1061 4005 agat
1109 3952 1229 4003 qua:
1279 3949 1441 4003 supra
1507 3944 1750 3988 naturam
1791 3944 1846 3995 et
1889 3935 2148 3987 rationem

593 4039 742 4089 sunt,
787 4043 978 4091 magna
1031 4043 1117 4079 res
1171 4035 1275 4084 est,
1324 4041 1446 4078 nam
1487 4035 1540 4078 et
1573 4042 1752 4079 rerum
1801 4036 2046 4077 naturam
2101 4031 2152 4076 et

597 4117 859 4169 rationem
893 4117 1004 4184 ipse
1033 4117 1295 4170 condidit.
1319 4119 1385 4170 At
1418 4115 1691 4182 Virginem
1730 4131 1788 4168 se
1819 4116 2148 4166 conlidenter

597 4207 864 4260 obtulisse
904 4208 1060 4259 talem
1100 4208 1402 4261 ministram
1429 4216 1480 4260 et
1529 4206 1708 4259 verbis
1737 4206 2005 4258 Gabrielis
2054 4205 2149 4255 ha-

597 4299 781 4352 buisse
802 4300 981 4358 fidem,
1015 4314 1097 4352 res
1120 4307 1201 4352 est
1233 4298 1388 4364 plane
1409 4296 1650 4347 omnium
1679 4296 1932 4346 maxima.
1963 4293 2145 4346 Osten-

595 4389 671 4438 dit
693 4388 850 4454 igitur
877 4403 932 4439 sc
953 4388 1120 4454 ipsam
1147 4385 1252 4437 Deo
1277 4384 1640 4452 gratissimam
1659 4383 1840 4446 Virgo,
1861 4383 1984 4433 dum
2011 4379 2153 4448 quod

599 4478 814 4544 utrique
853 4486 1172 4530 naturarum
1217 4489 1374 4542 posse
1401 4473 1717 4539 contingere
1769 4470 1983 4524 dimcile
2035 4485 2147 4522 cre-
2190 4476 2236 4534 1)

597 4569 710 4622 ditu
740 4577 842 4630 est,
913 4569 1037 4636 ipsa
1095 4568 1160 4619 de
1207 4581 1267 4619 se
1311 4566 1479 4619 credit
1521 4576 1585 4615 ac
1631 4564 1694 4615 de
1729 4559 1858 4623 Deo,
1892 4560 2156 4614 creaturis

598 4664 974 4724 excelsiorem,
1024 4675 1145 4714 cum
1212 4667 1388 4710 tamen
1439 4664 1687 4706 creatura
1745 4662 1888 4705 esset
1933 4662 1985 4703 et
2018 4652 2154 4718 ipsa.

601 4753 786 4820 Itaque
836 4766 961 4805 cum
997 4751 1165 4804 multa
1193 4759 1244 4802 et
1279 4761 1467 4813 magna
1505 4745 1636 4806 sint,
1667 4758 1786 4807 quae
1819 4743 1904 4794 Dei
1936 4740 2155 4793 Matrem

603 4843 750 4895 illam
787 4841 1052 4904 fecerunt,
1080 4840 1282 4892 nullum
1318 4847 1399 4889 est
1441 4836 1563 4888 huic
1589 4820 1846 4886 oblationi
1874 4832 2159 4900 praeferen-

605 4933 771 4984 dum:
808 4932 949 4998 quod
1003 4932 1127 4984 inde
1176 4931 1376 4996 liquet;
1414 4942 1538 4980 nam
1581 4940 1755 4991 neque
1801 4921 2158 4989 arebangelus

607 5021 871 5083 ascendit,
928 5035 1028 5072 nec
1083 5019 1224 5072 Deus
1276 5016 1665 5070 descendit-ut
1718 5012 1993 5082 praefixum
2037 5018 2160 5062 ante

609 5111 804 5162 szccula
868 5108 1183 5175 mysterium
1234 5108 1300 5158 ad
1361 5105 1520 5158 finem
1564 5119 1659 5170 pro
1714 5103 1887 5154 salute
1919 5100 2159 5152 onmium

610 5180 952 5272 perduceret,
1008 5198 1110 5250 nisi
1167 5207 1450 5264 postquam
1494 5193 1809 5246 admiranda
1867 5191 1956 5242 illa
2001 5187 2160 5240 verba

609 5309 673 5346 ex
715 5293 832 5359 ejus
867 5288 968 5343 ore
1000 5289 1206 5356 prolata
1241 5293 1391 5346 sunt,
1419 5297 1468 5337 et
1499 5286 1622 5352 jure
1649 5284 1866 5349 quidem
1907 5281 2111 5346 optimo
2146 5294 2158 5329 :

611 5382 891 5452 oportebat
937 5380 1078 5431 enim
1143 5375 1486 5442 purissimam
1545 5371 1841 5440 Virginem,
1892 5370 2050 5434 cujus
2113 5374 2168 5419 et

611 5476 791 5528 anima
823 5482 874 5524 et
926 5483 1125 5536 corpus
1148 5467 1296 5519 omni
1337 5465 1455 5517 labe
1492 5464 1774 5524 carebant,
1812 5473 1929 5528 qua:
1959 5473 2062 5511 una
2097 5455 2166 5509 ab

614 5565 762 5619 omni
796 5563 1110 5616 :etcrnitate‘
1140 5558 1279 5610 inter
1325 5555 1570 5608 homines
1614 5553 1898 5606 sublimior
1936 5548 2162 5609 exstitit,

616 5661 781 5710 veteri
825 5654 1131 5717 insit-dioto,
1165 5663 1218 5703 et
1247 5651 1484 5702 humano
1509 5644 1688 5716 generi
1728 5656 1924 5707 coaevo,
1957 5650 2014 5695 nt
2045 5654 2164 5708 qua

2255 3242 2451 3305 oratio,
2493 3254 2602 3308 quo
2637 3254 2743 3291 non
2793 3225 3046 3296 debebat,
3080 3235 3173 3287 sed
3209 3232 3335 3284 illuc
3368 3228 3559 3287 tendit,
3596 3238 3704 3295 quo
3739 3223 3819 3275 di-

2256 3333 2452 3403 rigitur
2483 3339 2500 3384 ε
2535 3345 2657 3382 nam
2723 3327 2824 3380 etsi
2869 3327 2984 3378 visa
3015 3331 3097 3377 est
3129 3320 3360 3388 digredi,
3396 3326 3577 3368 tamen
3621 3318 3673 3368 in
3715 3317 3819 3367 illis

2258 3434 2395 3486 erat,
2425 3438 2518 3492 per
2556 3435 2676 3489 qua
2704 3419 3058 3477 inferebatur,
3089 3414 3231 3482 quod
3265 3409 3607 3466 volebamus,
3638 3414 3692 3458 ct
3716 3407 3822 3455 hoe.

2260 3517 2334 3569 ita
2363 3531 2483 3568 esse
2515 3510 2825 3566 ostendam.
2861 3508 3002 3572 Quid
3029 3505 3196 3574 igitur
3223 3517 3289 3556 ex
3322 3501 3408 3554 bis
3438 3494 3824 3549 concluditur?

2264 3607 2444 3670 Illum,
2478 3620 2636 3673 quem
2693 3604 2852 3657 beata
2887 3599 3054 3664 Virgo
3089 3597 3210 3650 sine
3257 3594 3374 3646 viro
3425 3588 3654 3658 peperit.
3695 3603 3824 3640 con-

2256 3701 2507 3765 iunctum
2545 3697 2618 3748 illi
2677 3707 2891 3762 semper
2926 3691 3094 3744 fuisse
3139 3687 3348 3740 intime.
3384 3682 3451 3736 Et
3493 3679 3624 3748 quid
3660 3677 3822 3731 inde?

2263 3792 2419 3858 Quod
2454 3789 2804 3857 ipsissimum‘
2843 3782 3123 3852 gaudium,
3150 3776 3372 3834 Filium,
3405 3775 3649 3839 inquam,
3686 3781 3823 3820 semo

2266 3900 2360 3954 per
2394 3880 2786 3935 inhabitantern
2831 3876 2884 3927 in
2935 3888 2993 3926 se
3047 3871 3254 3924 habens
3287 3878 3445 3921 suum
3481 3875 3603 3914 cum
3631 3856 3825 3925 gaudio

2265 3976 2515 4044 spiritum
2551 3971 2804 4023 manibus
2840 3965 2960 4034 ejus
2991 3957 3408 4017 commendavit.
3447 3950 3581 4004 Etsi
3609 3949 3719 4001 haec
3754 3948 3824 3998 ita

2266 4083 2324 4122 se
2359 4068 2580 4122 habent.
2612 4064 2663 4115 id
2697 4061 2841 4129 quod
2879 4071 3069 4110 omnes
3109 4063 3238 4119 puto
3264 4049 3648 4101 aliirmaturos.
3684 4039 3825 4116 digni

2267 4172 2468 4211 smnus
2522 4155 2701 4209 venia,
2767 4149 2909 4217 quod
2945 4145 3120 4199 simile
3152 4138 3279 4208 quid
3323 4139 3478 4192 nobis
3518 4131 3827 4201 contigerit,

2271 4256 2432 4312 atque.
2460 4243 2560 4302 illi,
2593 4243 2682 4309 qui
2718 4240 2857 4292 forte
2887 4238 2939 4288 iu
2975 4242 3184 4301 pratum
3211 4230 3454 4298 cujusvis
3495 4227 3708 4296 generis
3739 4220 3831 4273 llo-

2269 4338 2421 4392 ribtts
2462 4317 2714 4386 ornatum
2759 4328 3055 4396 profectus,
3090 4325 3218 4376 dum
3251 4323 3410 4375 vellet
3446 4334 3612 4373 unum
3638 4316 3827 4382 legere,

2271 4428 2338 4482 al)
2361 4429 2466 4480 alio
2491 4427 2703 4478 illectus
2739 4421 2888 4472 illum
2930 4417 3223 4483 decerpsit,
3266 4415 3442 4465 victus
3476 4411 3733 4463 nimirum
3766 4404 3831 4454 ab

2270 4521 2390 4590 ejus
2437 4513 2844 4584 pulchritudine
2868 4519 2920 4562 et
2956 4509 3278 4576 fragrantia.
3312 4505 3438 4557 Scio
3477 4510 3702 4552 da'uros
3733 4511 3828 4547 ve-

2271 4615 2417 4669 niam
2450 4625 2634 4678 aequos
2671 4607 2969 4666 auditores,
3009 4602 3052 4655 si
3089 4615 3280 4670 parum
3349 4595 3580 4665 digressi
3644 4602 3831 4644 Sttlntls

2273 4723 2301 4760 a
2329 4702 2551 4758 materia
2586 4695 2871 4768 praesentis
2931 4692 3288 4748 celebritatis.
3329 4696 3386 4742 et
3441 4688 3507 4737 iis
3567 4680 3830 4741 dicendis,

2275 4810 2395 4866 qua:
2449 4793 2513 4846 ad
2585 4804 2746 4842 unam
2789 4786 2961 4855 ipsam
3031 4782 3322 4850 pertinent.
3376 4775 3563 4843 itaque
3601 4780 3834 4825 reverta-

2277 4865 2401 4942 mur
2428 4885 2492 4937 ad
2536 4870 2745 4936 nostra.
2775 4887 2827 4929 et
2863 4890 2987 4928 eum
3013 4874 3123 4940 jam
3169 4865 3577 4939 probaverimus
3609 4874 3832 4913 consen-

2279 4989 2496 5033 taneum
2529 4980 2582 5026 et
2612 4970 2942 5026 conwnieus
2984 4966 3174 5024 fuisse,
3202 4972 3432 5012 mortem
3472 4954 3679 5022 Virgini
3714 4951 3834 5004 nul-

2276 5073 2387 5126 lum
2445 5066 2694 5120 attulisse
2728 5062 2994 5120 dolorem,
3037 5057 3139 5109 hoc
3178 5056 3320 5108 idem
3349 5051 3536 5108 etiam.
3566 5048 3610 5102 si
3643 5046 3834 5114 placet,

2279 5159 2649 5216 necessarium
2684 5153 3063 5207 ostendamus.

2350 5247 2486 5303 Cum
2519 5245 2664 5299 enim
2695 5254 2881 5293 verum
2924 5236 3178 5305 gaudium
3210 5230 3302 5283 Dei
3341 5227 3494 5282 Matri
3537 5231 3683 5279 esset
3704 5235 3836 5276 con-

2280 5343 2549 5412 junrtum.
2589 5347 2696 5404 quo
2729 5331 2870 5384 malo
2902 5334 3088 5397 posset
3132 5323 3278 5375 illam
3315 5319 3526 5372 aflicere
3559 5316 3717 5367 dolor
3745 5325 3836 5363 vo.

2284 5402 2459 5485 catam
2492 5441 2519 5478 a
2541 5402 2676 5479 Filio
2694 5421 2758 5474 ad
2789 5420 2954 5472 vitam
2978 5413 3342 5469 immortalem
3377 5409 3473 5462 illo
3501 5402 3839 5472 migrationis

2287 5519 2486 5576 modo?
2509 5530 2631 5570 nam
2649 5523 2703 5578 et
2720 5515 2833 5580 ipsa
2866 5521 3050 5562 revera
3069 5505 3404 5574 ipsissimum
3421 5504 3541 5553 erat
3563 5494 3836 5565 gaudium;

2289 5628 2397 5668 non
2443 5608 2605 5662 modo
2662 5603 2787 5673 quia
2827 5617 2857 5655 e
2889 5598 3101 5654 cunctis
3148 5592 3468 5649 mulieribus
3505 5589 3618 5640 sola
3663 5583 3842 5651 effugit

2289 5667 2692 5758 damnationem
2736 5692 2806 5746 ob
2857 5677 3136 5756 peccatum
3175 5687 3226 5736 et
3274 5687 3486 5748 partum
3541 5675 3596 5727 in
3651 5667 3845 5722 dolori-
