4144 6282
3445 218 3465 248 ﬁ

332 320 430 384 lt‘l
1062 359 1064 361 ν
1176 329 1458 390 ORATIO
1499 328 1579 390 ΙΝ
1627 325 2171 392 DORMiTlONEM
2217 334 2316 392 SS.
2363 329 2736 394 DEIPARE.
2813 387 2818 392 .
3499 340 3598 408 10?

315 431 456 496 bus,
485 432 581 487 sed
616 433 743 501 quia
777 434 944 487 Mater
974 433 1136 488 etiam
1166 437 1374 490 exstitit
1399 436 1657 503 ipsissimi
1689 438 1890 504 gaudii.
1933 430 1977 488 Α
2023 435 2164 491 tur?
2196 437 2348 502 Quod
2393 437 2438 490 si
2496 440 2576 489 Vel
2635 440 2839 506 optimo
2893 446 3322 509 temperamento
3382 455 3595 498 natura

319 523 493 575 Dolor
524 540 654 593 ergo
707 525 888 580 omnis
918 524 1118 578 abfuit.
1157 523 1308 592 Quod
1348 528 1394 582 si
1429 529 1656 581 omnino
1695 531 1890 597 placet,

316 624 446 669 esto
516 615 675 669 dolor
719 617 1036 679 accesserit,
1093 619 1186 670 sed
1219 618 1404 672 statim
1437 619 1598 672 etiam
1645 621 1894 682 recessit,

314 709 436 772 vix,
469 716 525 762 ut
551 709 622 761 ita
655 709 859 769 dicam‘,
885 725 995 763 suae
1017 712 1318 778 prasentize
1347 726 1568 765 sensum
1611 713 1879 778 praebens.

314 797 595 863 Quoniam
615 813 745 865 ergo
759 799 945 852 dolore
982 815 1152 854 vacua
1172 810 1288 854 erat
1313 800 1503 868 Virgo,
1545 803 1887 868 persnicuum

315 898 431 953 est,
463 890 887 945 sincerissimam
915 893 1157 949 adfuisse
1182 895 1444 947 laetitiam.
1483 895 1674 950 Certus
1711 906 1888 948 autem

320 998 676 1046 sum,omnes
699 984 830 1037 mibi
855 986 1107 1039 assentiri
1126 987 1456 1048 rationibus,
1478 989 1677 1056 quibus
1704 1002 1892 1042 verum

321 1074 849 1137 demonstravimus.
885 1092 1202 1144 persuasus,
1246 1079 1380 1132 nihil
1417 1081 1726 1148 purissimae
1780 1078 1896 1133 Vir-

320 1166 435 1232 gini
469 1167 763 1243 optabilius
799 1167 992 1229 fuisse,
1027 1184 1186 1237 quam
1220 1184 1285 1223 ex
1310 1171 1412 1224 hac
1449 1172 1554 1224 vita
1585 1172 1847 1226 decedere
1876 1189 1892 1236 ;

322 1253 460 1308 adeo
482 1265 634 1322 grata
668 1264 785 1308 erat
820 1255 896 1308 illi
927 1270 1094 1318 mors,
1123 1272 1230 1324 qua
1265 1272 1364 1311 nos
1387 1259 1669 1311 tristamur
1694 1267 1745 1311 et.
1772 1259 1897 1323 jure

321 1349 545 1416 quidem
576 1350 806 1416 optimo.
840 1348 975 1402 Nam
1027 1352 1155 1418 quia
1183 1353 1328 1405 nulla
1364 1363 1481 1406 erat
1514 1354 1618 1405 alia
1673 1353 1755 1404 via
1789 1366 1895 1419 qua

324 1446 512 1504 posset
553 1439 704 1494 abire
725 1441 788 1493 ad
821 1439 1041 1504 Filium,
1070 1442 1175 1495 nisi
1215 1442 1343 1496 hinc
1375 1443 1748 1510 demigrando,
1772 1456 1894 1494 eum

325 1527 450 1583 Filii
507 1531 966 1585 consuetudinem
1031 1541 1339 1600 exeptaret,
1387 1542 1652 1600 quantum
1718 1531 1896 1586 verbis

326 1621 632 1688 exprimere
676 1636 838 1674 nemo
869 1634 1056 1688 queat,
1098 1625 1419 1678 necessario
1477 1624 1606 1677 illud
1681 1639 1895 1691 quoque

327 1714 761 1780 exoptabat,per
787 1715 929 1780 quod
965 1717 1180 1783 assequi
1217 1725 1447 1784 poterat,
1481 1716 1621 1783 quod
1655 1723 1713 1767 ut
1744 1731 1894 1768 sum-

332 1817 456 1856 mus
491 1803 611 1856 finis
645 1804 1046 1873 optatissimum
1071 1815 1187 1858 erat
1219 1822 1232 1870 ;
1269 1805 1372 1858 hoc
1398 1815 1576 1859 autem
1606 1820 1765 1859 nemo
1791 1804 1891 1857 mi-
1924 1804 1971 1862 B

325 1901 518 1956 retur;
553 1908 662 1946 non
695 1895 843 1947 enim
876 1896 1032 1962 quasi
1067 1895 1227 1949 linem
1259 1896 1727 1964 optabat'sejungi
1770 1899 1894 1948 anl-

327 1998 470 2035 matn
495 1999 522 2035 a
549 1999 796 2050 corpore.
817 1985 1061 2051 Quorum
1087 1987 1228 2041 ‘llmc
1249 1987 1392 2040 enim
1423 1986 1613 2040 fuisset
1640 1987 1896 2040 aberrare

323 2089 353 2127 a
381 2074 610 2127 veritate
643 2090 657 2126 :
696 2074 786 2128 illa
821 2090 948 2129 vero
989 2075 1056 2129 ab
1085 2077 1232 2130 omni
1267 2085 1490 2144 peccato
1526 2091 1741 2144 semper
1793 2074 1896 2128 fuit

322 2166 589 2220 immunis
624 2187 636 2219 :
670 2168 765 2220 sed
812 2167 1086 2236 cupiebat,
1132 2167 1378 2231 ardebat,
1421 2167 1714 2234 exoptabat
1744 2182 1893 2220 mor-

321 2265 452 2320 tem,
482 2258 640 2326 quasi
673 2259 980 2312 vehiculum
1012 2260 1308 2328 quoddam,
1343 2269 1437 2313 aut
1460 2260 1755 2328 navigium.
1781 2273 1893 2327 quo
1915 2289 1942 2303 κ

320 2350 599 2403 transvebi
637 2359 823 2416 posset
855 2352 919 2404 ad
966 2353 1274 2404 immortale
1328 2367 1578 2420 regnum.
1609 2359 1664 2406 et
1699 2352 1889 2413 vitam,

321 2436 521 2491 Filium
559 2454 622 2492 ac
646 2437 836 2500 Dettm,
867 2441 930 2492 ad
955 2455 1114 2508 quem
1135 2443 1318 2494 omnia
1343 2441 1614 2494 desideria
1641 2441 1892 2504 tendunt,

325 2529 466 2588 ultra
493 2544 654 2596 quem
683 2544 794 2581 non
829 2529 956 2582 licet
987 2530 1238 2597 progredi
1266 2536 1361 2582 aut
1388 2531 1690 2599 quidquam
1713 2533 1891 2585 velle:

262 2642 270 2649 -
326 2633 439 2670 non
467 2620 612 2671 enim
643 2628 823 2688 potest
852 2635 972 2673 esse
1000 2621 1226 2674 satietas
1257 2619 1374 2686 Dei,
1406 2629 1459 2675 et
1487 2622 1752 2675 bonorum
1776 2622 1896 2675 illo-

324 2723 470 2770 rum,
504 2719 556 2761 ut
580 2710 635 2764 in
672 2711 773 2764 bac
801 2711 907 2763 vita
937 2711 1209 2779 contingit
1234 2709 1574 2779 necessario,
1603 2711 1656 2765 in
1682 2725 1786 2781 qua
1808 2727 1896 2768 res

321 2797 496 2854 ﬂuxas
528 2815 796 2864 amamus,
828 2810 880 2855 et
912 2817 1019 2856 non
1054 2802 1218 2858 ﬂuxis
1245 2803 1694 2872 praeferimusmt
1723 2805 1892 2871 enim,

320 2903 380 2944 ut
425 2909 550 2946 eum
588 2893 751 2948 rebus
774 2893 1078 2964 ﬂuentibus
1107 2895 1435 2950 desiderium
1466 2911 1685 2965 quoque
1719 2893 1892 2950 animi

317 2984 555 3049 vacillet,
583 3000 707 3040 cum
736 2987 1035 3054 praesertim
1088 2987 1220 3041 illud
1255 2988 1364 3041 cito
1392 2987 1642 3056 capiatur
1671 2989 1893 3042 satieta-

299 3083 390 3153 _te.
434 3066 598 3128 Nulla
647 3076 816 3144 igitur
866 3091 955 3130 res
1007 3085 1220 3146 poterat
1271 3078 1438 3131 solari
1487 3076 1606 3145 ejus
1651 3077 1888 3132 animam

2025 528 2264 596 praeditis
2305 530 2433 580 dum
2502 539 2672 580 morte
2723 530 3034 592 solvuntur,
3070 533 3288 600 aliquod
3325 537 3591 588 molestiae

2027 621 2314 686 vestigium
2347 619 2671 672 brevissimo
2711 629 2954 684 tempore
2987 623 3194 685 subest,
3239 641 3343 677 nou
3370 634 3452 678 est
3492 627 3596 679 mi-

2029 709 2253 762 randum
2279 727 2291 762 :
2313 709 2473 762 homo
2509 711 2653 764 enim
2692 707 2852 779 Virgo
2879 722 3016 776 erat,
3048 724 3098 767 et
3127 718 3411 781 oportebat
3449 717 3592 769 illam

2031 811 2237 853 natura:
2275 803 2669 870 congruentem
2717 819 2884 866 esse,
2938 819 3043 856 non
3095 805 3462 860 adversariam
3518 807 3592 860 illi

2028 892 2219 952 videri,
2250 893 2395 960 quod
2431 893 2623 948 fuisset
2653 903 2705 948 et
2733 910 2914 948 serum
2947 911 3206 964 pugnare.
3245 893 3462 952 Naturae
3495 899 3597 966 igi-

2029 991 2117 1034 tur
2161 984 2405 1038 debitum
2453 985 2634 1039 divina
2689 983 2850 1052 Virgo
2890 988 3108 1056 penitus
3159 1005 3266 1040 non
3326 1000 3595 1047 aversata,

2025 1088 2148 1126 cum
2179 1075 2221 1128 si
2254 1076 2410 1130 aliter
2441 1074 2640 1130 factum
2672 1089 2838 1140 esset,
2878 1094 2963 1131 res
2999 1080 3334 1132 absurditate
3368 1091 3472 1134 non
3504 1096 3596 1132 ra-

2025 1174 2187 1221 reret.
2231 1177 2415 1219 secuta
2460 1167 2618 1234 plane
2652 1178 2733 1223 est
2766 1185 2946 1222 rerum
2983 1179 3229 1222 naturam
3260 1179 3312 1224 et
3345 1172 3596 1238 aliquan-

2026 1257 2223 1318 tttlttm,
2287 1258 2361 1310 uti
2407 1259 2516 1325 jam
2583 1261 2844 1321 diximus,
2895 1261 3204 1315 molestiam
3257 1264 3420 1331 cepit.
3483 1263 3594 1319 Nec

2029 1357 2208 1400 tamen
2245 1364 2310 1400 ex
2349 1349 2450 1401 boc
2479 1348 2664 1402 videor
2705 1351 2842 1402 meis
2871 1351 3005 1418 ipsis
3039 1353 3382 1406 sermonibus
3405 1353 3597 1407 adver-

2029 1439 2158 1494 sari,
2189 1439 2343 1504 qttasi
2381 1442 2654 1492 contraria
2701 1440 3117 1508 afﬁrmantibus,
3150 1461 3257 1498 non
3293 1447 3438 1498 enim
3470 1463 3596 1513 pos-

2027 1539 2153 1580 sunt
2205 1531 2340 1580 velle
2399 1531 2775 1596 impossibilia.
2827 1532 2930 1586 Sed
2987 1534 3267 1588 exordium
3319 1538 3593 1592 sermonis

2023 1620 2149 1680 mei,
2180 1629 2230 1672 et
2254 1621 2498 1689 quietiam
2525 1624 2702 1676 addita
2737 1626 3077 1691 postmodum
3107 1629 3335 1680 exordio
3363 1645 3592 1696 corona,

2026 1710 2297 1765 luculenta
2337 1713 2464 1765 mibi
2514 1715 2756 1769 defensio
2787 1726 2934 1770 sunt.
2988 1716 3196 1771 Etenim
3238 1720 3450 1787 probari
3484 1737 3591 1774 non

2022 1811 2260 1866 poterat.
2296 1804 2697 1860 immaculatam
2735 1808 3012 1877 Virginem
3069 1813 3216 1864 omni
3263 1813 3452 1867 dolore
3497 1831 3594 1869 ca-

2019 1894 2217 1958 ruisse,
2243 1895 2335 1949 sed
2380 1913 2476 1964 pro
2510 1908 2714 1950 naturae
2753 1899 2961 1967 legibus
3006 1911 3281 1955 momento
3332 1905 3593 1972 temporis

2023 1987 2331 2040 communis
2359 1987 2520 2054 hujus
2545 1990 2737 2042 mortis
2765 1993 3071 2058 percepisse
3108 1993 3375 2055 dolorem,
3399 2010 3588 2048 verum

2027 2088 2174 2130 tanta
2207 2079 2510 2133 afﬂuentem
2540 2082 2720 2135 lartitia
2746 2093 2802 2134 ιιι
2829 2099 3054 2151 prorsus
3074 2087 3140 2139 ab
3163 2101 3225 2141 ea
3254 2103 3454 2142 mceror
3475 2104 3594 2140 om-

2022 2169 2108 2222 nis
2164 2170 2434 2240 efl'ugerit,
2481 2174 2649 2228 cessit
2690 2176 2832 2228 enim
2881 2192 2940 2231 se
2979 2161 3211 2233 fortiori.
3266 2180 3344 2234 lta
3389 2190 3441 2232 et
3471 2180 3592 2242 ejus

2021 2258 2217 2324 Filius,
2269 2272 2549 2333 assumpta
2600 2276 2802 2319 nostra:
2852 2270 3035 2323 carnis
3075 2287 3274 2333 massa.
3326 2274 3496 2326 noluit
3526 2276 3593 2328 iis

2017 2365 2227 2416 carere,
2282 2371 2400 2422 quae
2427 2358 2610 2411 carnis
2633 2367 2760 2413 sttnt
2806 2363 3180 2429 propria,sine
3203 2365 3404 2433 quibus
3429 2367 3590 2421 bene

2020 2441 2071 2494 iu
2098 2443 2211 2496 sn-is
2243 2446 2585 2500 naturalibus
2629 2465 2751 2503 esse
2781 2451 3018 2516 perfecte
3055 2469 3160 2508 non
3196 2466 3376 2523 potest
3420 2477 3432 2510 :
3485 2460 3587 2510 tri-

2019 2540 2194 2585 status
2227 2543 2330 2595 est,
2362 2535 2550 2590 dolore
2598 2538 2849 2601 allectus,
2888 2558 2993 2595 non
3041 2545 3215 2597 solum
3245 2547 3297 2599 in
3335 2564 3497 2602 cruce
3537 2559 3590 2602 et

2019 2620 2299 2688 Passione,
2318 2625 2410 2678 sed
2424 2627 2586 2679 etiam
2603 2630 2821 2696 quando
2837 2629 3074 2686 Lazarus
3095 2645 3339 2688 mortuus
3354 2648 3457 2701 est,
3474 2640 3590 2707 lege

2019 2723 2222 2768 nostra:
2253 2725 2461 2772 natura;
2484 2718 2752 2788 lacrymas
2783 2724 3044 2777 emisitex
3069 2727 3244 2779 oculis
3272 2743 3362 2780 :ex
3398 2731 3590 2784 itinere

2019 2805 2346 2877 defatigatus
2377 2818 2482 2874 est,
2513 2811 2744 2881 ciboque
2770 2814 3020 2884 indiguit,
3048 2827 3099 2871 et
3129 2835 3322 2873 somno
3348 2837 3410 2874 ae.
3435 2833 3586 2889 potu,

2022 2913 2085 2951 ac
2143 2904 2459 2956 summatim
2517 2904 2603 2965 iis.
2657 2906 2854 2972 quibus
2895 2908 3246 2964 ﬂuxanostra
3275 2916 3588 2969 continetur

2015 2991 2148 3053 vita,
2182 3009 2406 3062 qumque
2443 2995 2496 3048 in
2531 3011 2588 3049 se
2638 3013 2836 3066 corpus
2882 3017 2988 3055 non
3026 3004 3236 3071 recipit,
3277 3006 3380 3059 nisi
3434 3011 3586 3076 prius

1959 3114 1961 3119 ι
2015 3097 2080 3135 ex
2113 3098 2300 3137 eorum
2347 3086 2635 3156 indigentia
2668 3092 3040 3147 rondoleseat.
3079 3095 3228 3148 Adeo
3273 3095 3377 3151 fttit
3415 3102 3585 3156 nostri

316 3182 535 3220 summo
554 3168 828 3222 desiderio
849 3168 1319 3229 aestuantemmisi
1346 3183 1409 3222 ex
1439 3169 1540 3222 hac
1563 3169 1670 3221 vita
1697 3168 1890 3222 deccs-
1935 3162 1978 3223 C
2017 3189 2206 3228 amans
2266 3176 2518 3231 Salvator
2552 3196 2565 3241 ;
2625 3197 2733 3234 non
2783 3185 2924 3237 enim
2976 3189 3160 3242 carnis
3201 3197 3252 3242 et
3302 3195 3585 3261 sanguinis

312 3260 418 3312 sio.
469 3259 611 3324 Quid
648 3259 693 3314 si
736 3258 798 3312 Β.
836 3259 1035 3313 Paulus
1080 3261 1341 3327 cupiebat
1393 3261 1647 3323 dissolvi,
1685 3268 1892 3314 etesse

312 3366 434 3404 cum
467 3349 745 3404 Christo?
785 3349 873 3404 cui
916 3350 1079 3403 etiam
1119 3349 1284 3403 David
1325 3364 1386 3403 ac
1433 3349 1653 3404 Simeon
1699 3365 1890 3420 preces

243 3456 246 3458 ·
314 3440 592 3495 fundendo
638 3439 998 3508 congruentia
1048 3439 1215 3492 locuti
1253 3439 1508 3493 videntur
1557 3458 1578 3494 :
1632 3440 1722 3494 ille
1753 3439 1888 3491 dum

312 3534 389 3587 ait
428 3551 442 3586 :
480 3532 627 3585 Educ
669 3534 732 3585 de
761 3533 1003 3585 custodia
1047 3533 1289 3585 animam
1311 3548 1519 3595 meam,-
1555 3541 1626 3596 et,
1669 3530 1890 3595 Quaado

314 3623 513 3673 ueniam
536 3630 586 3674 et
613 3623 874 3689 apparebo
894 3631 1016 3675 ante
1047 3621 1232 3685 [aciem
1258 3621 1350 3674 Dei
1371 3621 1590 3689 ?('Psal.
1618 3637 1761 3682 σιω,
1793 3619 1847 3690 8)
1871 3636 1887 3684 ;
1945 3637 1949 3640 '

316 3711 406 3762 bic
454 3721 632 3763 autem
661 3726 785 3764 cum
819 3712 958 3765 dixit
994 3728 1008 3764 :
1050 3711 1208 3764 Nunc
1242 3711 1472 3766 dimittis
1501 3727 1706 3766 servum
1743 3720 1891 3764 tuum

315 3798 470 3868 (Luc.
509 3813 566 3861 ll,
591 3799 728 3867 29);
773 3801 970 3867 quibus
1009 3802 1201 3869 utique
1232 3802 1462 3856 vocibus
1510 3802 1592 3854 usi
1635 3801 1887 3864 fuissent,

313 3891 576 3952 arbitror,
623 3891 666 3944 si
726 3905 866 3958 opus
920 3889 1132 3956 fuisset,
1162 3891 1236 3945 iiIi
1273 3893 1437 3947 etiam
1467 3893 1558 3960 qui
1592 3905 1752 3946 suum
1794 3903 1893 3958 pro

308 3987 532 4041 Christo
555 3985 876 4053 effuderunt
898 3985 1240 4052 sanguinem,
1264 3996 1316 4039 et
1345 3987 1560 4040 dolores
1587 3984 1891 4038 intoleran-

308 4080 412 4133 dos
458 4078 776 4133 sustinuere
811 4093 826 4129 :
858 4083 912 4131 et
957 4076 1030 4129 illi
1081 4076 1310 4143 pariter,
1355 4076 1446 4144 qui
1498 4076 1551 4128 in
1589 4074 1893 4144 spiritualia

315 4171 614 4225 certamina
673 4167 1100 4231 descenderunt,
1155 4167 1535 4221 confessorum
1585 4173 1780 4224 cattus.
1841 4174 1895 4219 et

312 4261 539 4313 omnino
562 4259 765 4326 quibus
789 4257 868 4310 uti
893 4271 1103 4325 scoptts
1134 4256 1476 4324 propositum
1507 4263 1612 4318 est,
1643 4255 1788 4324 quod
1811 4263 1894 4312 est

311 4350 604 4417 optimum,
631 4355 686 4400 et
720 4348 896 4400 solum
935 4345 1063 4399 illud
1095 4351 1369 4414 spectant.
1403 4344 1461 4398 Si
1490 4341 1652 4413 igitur
1685 4345 1797 4400 haec
1818 4346 1891 4398 ita

309 4457 371 4494 se
403 4441 622 4503 habent,
671 4440 972 4505 auditores,
1028 4455 1136 4508 qua
1175 4440 1390 4494 ratione
1448 4439 1540 4495 Dei
1604 4440 1774 4494 Mater
1806 4439 1892 4494 di-

307 4535 483 4586 cenda
515 4523 621 4585 non
652 4533 722 4584 sit
745 4532 906 4600 longe
934 4532 1176 4586 maximo
1204 4528 1397 4584 aﬂ‘ectn
1432 4531 1484 4584 in
1508 4532 1608 4584 hoc
1635 4531 1890 4586 laudabili
1919 4525 1968 4584 D

303 4624 580 4676 desiderio
595 4623 880 4690 plusquam
901 4622 990 4674 alii
1009 4621 1180 4676 fuisse
1201 4622 1224 4674 ?
1246 4622 1404 4676 Certe
1429 4622 1480 4674 in
1496 4621 1777 4676 illisetiam
1798 4636 1890 4676 ve-

310 4713 756 4766 hementissimus
787 4711 890 4765 fuit
921 4712 1024 4765 iste
1055 4712 1312 4776 affectus;
1342 4727 1440 4766 nec
1465 4712 1608 4765 aliud
1634 4711 1890 4779 optabant

308 4819 494 4872 quam,
513 4803 559 4856 si
593 4803 724 4871 quid
751 4804 1087 4871 praecipuum
1125 4810 1265 4865 erat,
1297 4803 1725 4871 conferebatque
1749 4819 1882 4857 sua-

311 4905 405 4963 pte
442 4902 640 4947 natura
674 4894 740 4946 ad
771 4893 896 4956 hoc,
933 4902 995 4947 ut
1029 4903 1218 4947 essent
1249 4908 1373 4947 cum
1411 4893 1655 4949 Christo.
1685 4895 1884 4948 Verum

311 4986 419 5036 illis
451 4983 614 5053 Virgo
636 4992 790 5038 tanto
816 4983 1178 5038 excellentius
1213 4985 1443 5052 optavit,
1473 4994 1741 5050 quantum
1769 4985 1884 5038 dis-

301 5077 551 5131 criminis
607 5084 692 5131 est
759 5075 904 5131 inter
963 5074 1240 5144 ipsam'et
1306 5075 1472 5130 illos:
1524 5087 1636 5127 tum
1673 5076 1884 5129 ratione

302 5168 612 5224 sanctitatis
661 5175 716 5220 et
785 5165 1052 5218 virtutum
1121 5165 1334 5224 oﬂiciis.
1394 5174 1881 5232 quantamcunque

299 5260 426 5328 quis
472 5259 656 5312 animo
700 5257 995 5326 praefixerit
1033 5257 1200 5325 hujus
1242 5257 1319 5311 rei
1376 5273 1712 5322 mensuram,
1763 5265 1876 5311 tum

298 5351 514 5402 ratione
544 5345 958 5416 coniunctionis
985 5361 1109 5400 cum
1142 5345 1273 5409 Deo,
1291 5363 1413 5400 cum
1458 5348 1501 5401 is
1535 5359 1687 5402 satus
1711 5349 1879 5416 ipsius

298 5441 571 5496 exstiterit
611 5455 625 5503 ;
672 5452 778 5506 qua
811 5436 1031 5506 quidem
1078 5437 1134 5490 in
1169 5452 1228 5491 re
1255 5437 1460 5492 nullam
1509 5446 1593 5491 est
1638 5439 1879 5493 invenire

299 5530 636 5586 mensuram.
683 5531 820 5585 Cum
877 5529 1049 5599 igitur
1095 5537 1246 5582 tanto
1292 5528 1568 5584 desiderio
1621 5529 1876 5600 ﬂagraret

297 5621 642 5689 migrationis
665 5636 694 5676 e
722 5629 868 5677 terra
903 5622 954 5673 in
999 5618 1223 5682 etclam,
1257 5618 1347 5672 ubi
1387 5629 1602 5688 tempus
1633 5621 1873 5688 advenit,

296 5712 444 5778 quod
469 5715 692 5781 optabat
733 5722 1019 5783 perpetuo,
1049 5709 1240 5774 quidni
1275 5711 1538 5783 gauderet
1580 5719 1635 5767 ct
1669 5713 1872 5767 laetare—

2017 3266 2291 3334 particeps
2315 3268 2490 3322 factus
2520 3281 2809 3328 contentus
2843 3275 2963 3339 fuit,
2992 3288 3045 3330 et
3075 3279 3287 3334 collatis
3317 3283 3367 3335 in
3393 3300 3584 3340 omnes

2017 3359 2318 3422 beneficiis,
2356 3379 2460 3414 non
2511 3365 2738 3419 ulterius
2786 3369 3060 3438 progredi,
3102 3371 3196 3424 sed
3249 3375 3404 3442 quasi
3467 3376 3580 3428 fieri

2021 3465 2126 3502 non
2164 3456 2370 3516 poss’et.
2416 3454 2614 3508 salvari
2663 3457 2956 3520 hominem,
2996 3462 3112 3529 ipso
3158 3479 3264 3517 non
3324 3469 3582 3534 patiente,

2012 3541 2330 3601 Passiouem
2394 3556 2447 3600 et
2505 3558 2739 3602 mortem
2805 3553 3030 3617 optavit,
3089 3563 3196 3608 tam
3259 3559 3581 3613 exuberanti

2014 3631 2206 3686 affectu
2241 3642 2299 3687 ut
2332 3650 2436 3688 non
2477 3639 2648 3705 possit
2705 3641 2939 3707 exprimi
2976 3661 2989 3706 ;
3028 3653 3081 3697 et
3121 3653 3355 3700 testatur
3399 3648 3530 3702 illud
3566 3664 3580 3702 :

2013 3719 2284 3789 Baptisnto
2312 3723 2476 3778 habeo
2505 3727 2786 3792 baptizari,
2819 3741 2870 3782 et
2919 3736 3177 3797 quomodo
3211 3748 3454 3790 coarctor
3491 3757 3581 3792 ns-
3664 3783 3670 3790 .

2012 3826 2108 3876 que
2143 3811 2265 3864 dum
2293 3815 2597 3880 perficiatur
2627 3817 2778 3887 (Luc.
2817 3838 2910 3885 xtl,
2942 3823 3055 3892 50).
3086 3825 3266 3890 Quare
3292 3838 3346 3881 et
3371 3833 3584 3882 contri-

2015 3908 2192 3956 status
2225 3912 2330 3966 est,
2365 3905 2696 3973 doloresque
2728 3925 2983 3976 expertus
3025 3916 3077 3968 in
3106 3931 3289 3974 cruce.
3319 3919 3581 3977 Caeterum

2017 3991 2222 4048 doloris
2254 4002 2467 4063 tempus
2497 3999 2900 4064 brevissimum,
2934 4013 2989 4056 ιιι
3012 4008 3206 4061 merito
3238 4025 3303 4065 ne
3321 4012 3428 4068 dici
3455 4018 3581 4083 qui-

2018 4084 2134 4136 dem
2203 4083 2432 4140 Fortasse
2491 4097 2705 4156 tempus
2741 4095 2958 4160 possit;
3005 4099 3098 4150 sed
3153 4102 3334 4170 gaudii
3370 4113 3584 4172 tempus

2015 4175 2185 4228 dolori
2217 4180 2562 4233 succedentis
2586 4193 2635 4234 et
2661 4183 2933 4239 ineffabile
2964 4203 3046 4242 est
3074 4200 3127 4244 et
3153 4194 3578 4253 interminabile.

2013 4267 2165 4333 Quod
2197 4268 2239 4322 si
2262 4271 2372 4324 lttec
2403 4273 2467 4326 de
2486 4271 2767 4329 Salvatore
2799 4279 2941 4332 dicta
2965 4297 3088 4335 vera
3110 4291 3255 4349 sunt,
3277 4301 3454 4340 annon
3477 4293 3582 4344 erit

2014 4359 2191 4412 minus
2217 4362 2314 4429 pia:
2339 4365 2620 4420 mentis-de
2644 4367 2810 4423 Matre
2832 4371 2947 4437 ejus
2974 4372 3184 4427 diversa
3204 4378 3445 4432 sentire?
3473 4379 3581 4432 De-

2013 4451 2178 4505 cebat
2214 4467 2342 4506 sane
2371 4451 2462 4506 Dei
2506 4453 2627 4509 Filii
2663 4457 2884 4511 Matrem
2923 4460 3056 4514 Filio
3088 4473 3141 4516 et
3172 4467 3433 4521 manibus‘
3457 4468 3578 4533 ejus

2011 4556 2131 4592 rum
2184 4541 2366 4594 lmtitia
2425 4549 2810 4602 commendare
2860 4552 3137 4618 spiritum,
3190 4554 3330 4608 sicut
3362 4558 3475 4625 ipse
3519 4559 3572 4614 in

2012 4645 2202 4684 manus
2237 4631 2432 4688 Patris.
2470 4637 2608 4700 Quin
2633 4639 2762 4691 illttd
2795 4642 2956 4693 etiam
2994 4643 3216 4697 decebat
3242 4646 3392 4700 Matri
3426 4650 3574 4716 plus-

2009 4737 2167 4790 quam
2201 4727 2408 4779 cacteris
2437 4730 2689 4783 omnibus
2720 4731 2773 4784 in
2799 4736 2993 4800 quavis
3027 4737 3260 4791 ltumana
3287 4756 3344 4794 re
3372 4757 3572 4798 convc-

2012 4813 2126 4865 nire
2144 4830 2265 4868 cum
2286 4815 2444 4872 Filio.
2466 4819 2579 4873 Etsi
2616 4831 2773 4878 natus
2805 4825 2923 4893 ejus
2951 4844 3046 4895 pro
3079 4831 3272 4895 gaudio
3301 4833 3404 4886 sibi
3445 4852 3593 4904 pro-,

2014 4907 2208 4973 posito,
2237 4917 2295 4960 ut
2321 4909 2520 4965 Paulus
2562 4913 2658 4980 ait,
2685 4929 2782 4984 ego
2815 4933 2941 4972 vero
2977 4920 3208 4975 dixerim
3240 4941 3336 4992 pro
3373 4927 3572 4995 gaudio

2011 5006 2138 5053 tunc
2156 5005 2439 5067 przesente,
2460 5006 2716 5060 sustinuit
2733 5024 2974 5076 erucem,
2994 5014 3312 5071 confusione
3328 5028 3572 5074 contem-

2012 5100 2098 5157 pta
2135 5093 2322 5160 (Hebr.
2356 5112 2452 5159 ιιι,
2488 5095 2565 5163 2),
2594 5109 2647 5151 et
2673 5101 2817 5153 omni
2856 5103 3040 5156 dolore
3063 5116 3271 5171 atnato,
3301 5116 3358 5160 ut
3411 5112 3572 5177 paulo

2011 5193 2134 5234 ante
2162 5195 2440 5239 ostensum
2477 5199 2600 5251 est;
2648 5206 2744 5258 par
2787 5206 2934 5248 certe
2969 5197 3070 5248 erit
3100 5209 3153 5250 et
3187 5215 3425 5266 aequum.
3463 5203 3572 5253 imo

2010 5275 2171 5324 etiam
2210 5275 2495 5347 plusquam
2528 5297 2624 5348 par
2661 5283 2762 5335 erit
2812 5284 3031 5339 Matrem
3061 5304 3275 5356 quoque
3299 5291 3419 5355 ejus
3452 5307 3570 5342 mo-

2011 5360 2234 5413 rientem
2282 5379 2379 5430 pro
2425 5381 2520 5433 spe
2564 5373 2864 5437 proposita,
2909 5390 3029 5442 qua:
3066 5378 3224 5444 plane
3265 5376 3426 5428 dubia
3462 5393 3570 5430 non

2013 5459 2151 5513 erat,
2179 5455 2384 5507 nullum
2416 5456 2524 5510 fere
2547 5459 2785 5514 dolerent
2820 5466 3079 5517 sensisse.
3117 5466 3236 5517 llate
3264 5481 3425 5531 porro
3448 5483 3570 5518 esse

2013 5541 2207 5594 rationi
2242 5560 2501 5608 consona,
2551 5565 2649 5602 nec
2696 5552 2990 5608 abhorrere
3037 5570 3064 5606 a
3116 5570 3276 5607 sensu
3314 5553 3567 5618 pietatem

2011 5631 2191 5684 colere
2217 5634 2539 5701 volentium,
2565 5649 2844 5694 ostensum
2875 5659 2993 5696 esse
3023 5643 3257 5694 arbitror
3287 5658 3348 5692 ex
3384 5643 3568 5696 dictis.

2015 5716 2208 5777 Verum
2239 5733 2298 5777 ut
2327 5726 2680 5784 imntorantes
2737 5743 3045 5799 pergratum
3081 5731 3344 5784 faciamus
3377 5733 3440 5786 iis
3476 5735 3569 5797 qui
