4144 6282
411 233 522 296 105

1270 212 1553 276 ORATIO
1597 209 1667 266 iN
1710 201 2258 266 DORMITHNEM
2302 199 2383 253 Si
2443 191 2816 253 DElPARzE.
3578 171 3641 242 Ῑὶ)

3612 173 3677 231 0‘3

409 361 483 400 tu
503 357 582 400 ret
611 348 892 399 decessum
915 346 980 395 ab
1005 342 1070 397 iis
1099 355 1327 410 quorum
1359 339 1505 391 nullo
1539 336 1820 390 tenebatur
1846 333 1974 387 aﬂ'e-
2020 326 2064 382 Λ
2121 334 2178 380 ut
2209 336 2368 379 suum
2394 327 2608 371 uterum
2637 309 2939 366 exhibuerit
2964 308 3036 361 lo.
3052 319 3140 358 um
3171 303 3431 358 universa
3452 301 3678 402 impleri.

408 442 548 494 ctu?
583 448 675 493 aut
702 453 799 489 cur
839 442 1128 504 angeretur
1157 435 1222 486 ab
1257 433 1335 485 eis
1365 431 1583 499 quibus,
1618 444 1738 481 cum
1773 435 1978 496 posset,

415 547 528 584 non
548 528 943 589 oblectabatur,
977 526 1072 580 sed
1106 527 1283 576 valere
1312 522 1544 581 dicebat,
1579 522 1902 588 voluptates,
1930 531 1982 572 et

415 621 546 673 lalsi
580 617 813 669 nominis
844 615 1155 684 gloriam,et
1185 614 1328 680 quod
1365 611 1637 664 hominem
1672 611 1981 662 hominibus

415 711 638 762 videtur
667 707 894 762 reddere
921 704 1316 765 sublimiorem,
1351 718 1474 757 cum
1515 718 1578 756 ex
1617 703 1732 756 luto
1793 703 1983 755 eodem

422 809 478 856 et
522 815 702 854 massa
755 806 1066 865 compactos
1100 795 1218 848 sit?
1249 795 1462 848 Diceret
1497 793 1571 846 illi
1612 793 1983 862 theologorum

426 905 718 957 supremus
739 898 860 956 post
890 887 1200 954 theologum
1242 885 1464 938 tonitrui
1499 884 1666 938 ﬁlium
1695 883 1986 952 Gregorius

429 981 831 1040 Nazianzenus,
869 987 920 1032 et
974 977 1345 1031 blandimenta
1380 975 1792 1029 consuetudinis
1822 976 1987 1028 etiam

432 1089 496 1126 cx
525 1087 580 1125 re
603 1081 812 1134 nostra,
843 1078 893 1123 et
926 1071 1113 1122 haberi
1148 1084 1176 1121 a
1207 1068 1364 1122 nobis
1397 1067 1450 1120 in
1482 1070 1674 1136 pretio,
1714 1066 1805 1134 qui
1836 1081 1985 1118 ama-

430 1169 552 1216 mus
594 1174 646 1217 et
678 1162 1036 1222 admiramur,
1091 1158 1355 1226 quidquid
1409 1159 1660 1212 deorsum
1711 1156 1905 1217 fertur,
1937 1166 1990 1209 et

431 1252 602 1318 serpit
633 1251 809 1304 instar
843 1248 1053 1302 colubri
1090 1263 1102 1298 :
1138 1256 1191 1299 at
1219 1247 1419 1314 quibus
1447 1245 1686 1299 studium
1720 1251 1801 1297 est
1829 1244 1993 1311 spiri-

431 1344 594 1393 tnalia
651 1327 896 1408 Quaerere
953 1348 1007 1391 et
1055 1339 1334 1401 sublimia,
1401 1344 1566 1404 caput
1611 1350 1733 1403 qua:
1778 1335 1996 1403 erigunt

432 1447 675 1493 Sursum,
735 1431 866 1485 illud
916 1430 983 1482 ad
1037 1427 1298 1482 inferiora
1347 1426 1565 1482 ﬂectere
1614 1440 1839 1480 exosum
1889 1434 1995 1478 est.

435 1524 590 1576 Dolet
642 1524 805 1592 igitur
855 1521 1176 1590 repentibus
1230 1520 1380 1573 humi
1431 1533 1610 1573 rerum
1668 1520 1996 1572 caducarum

437 1615 681 1668 amissio.
712 1613 815 1679 Qui
849 1615 1049 1667 etcn‘lm
1085 1613 1268 1666 futura
1302 1626 1409 1664 non
1453 1610 1818 1680 ncgligebant,
1862 1623 1997 1678 quo--

437 1705 596 1758 modo
651 1707 944 1774 praesentia
993 1703 1455 1772 spernerent?At
1510 1703 1596 1756 cui
1657 1712 1996 1756 tcrrenorum

437 1811 567 1848 cura
621 1796 1062 1864 postponebatur,
1104 1802 1250 1849 certe
1295 1794 1513 1864 abjnngi
1572 1794 1733 1848 etiam
1788 1793 1856 1847 ab
1891 1792 1998 1848 illis

442 1888 587 1938 nulla
613 1896 728 1939 erat
756 1885 1091 1940 sollicitudo.

512 1973 693 2037 Quare
721 1974 957 2027 triStitia:
1005 1974 1162 2028 nobis
1205 1983 1254 2027 et
1292 1974 1547 2028 terricula
1581 1987 1772 2045 suapte
1805 1986 1999 2033 natura

441 2064 710 2126 accidunt,
759 2071 811 2116 et
873 2063 1274 2131 quodammodo
1336 2067 1588 2134 utrinque
1670 2064 1997 2136 appe’timur,

440 2164 550 2208 tum
588 2155 934 2220 prmscnliuln
995 2155 1316 2219 amissione,
1362 2157 1710 2236 ut_diaimus,
1762 2169 1874 2213 tum
1907 2175 1999 2229 pa-

444 2262 567 2299 vore
597 2247 931 2310 futurorum,
963 2253 1021 2298 ut
1051 2245 1161 2314 jam
1189 2247 1531 2302 ostendimus
1561 2263 1830 2317 :quornm
1863 2266 2000 2305 neu-

446 2348 526 2390 tro
566 2339 720 2391 beata
769 2336 932 2406 Virgo
965 2338 1133 2406 petita
1179 2345 1281 2391 est.
1312 2336 1606 2407 Oportebat
1633 2341 1777 2394 enim
1807 2343 2002 2409 migra-

446 2431 650 2478 tionem
705 2439 919 2494 quoque
976 2426 1094 2493 ejus
1130 2439 1252 2479 esse
1299 2435 1511 2479 natura:
1555 2429 1910 2495 superiorem,
1951 2439 2004 2482 et

450 2524 648 2568 uestra:
687 2531 794 2568 non
861 2514 1154 2568 assimilem
1190 2531 1204 2566 :
1238 2530 1361 2568 cum
1409 2516 1463 2568 in
1504 2532 1568 2571 ea
1615 2519 1872 2586 quidquid
1907 2519 2006 2572 fuit

453 2617 640 2656 natura
671 2605 960 2658 sublimius
1008 2603 1192 2658 fuerit.
1232 2603 1307 2657 Ita
1341 2605 1520 2673 plane.
1552 2607 1818 2660 Caeterum
1855 2609 2008 2663 dolo-

456 2709 566 2746 rem
594 2696 764 2757 illum,
796 2694 885 2761 qui
913 2692 1178 2762 profunde
1217 2695 1450 2749 animam
1503 2698 1716 2766 attingit
1749 2701 1800 2750 in
1838 2709 2010 2753 morte

453 2787 619 2854 (quod
669 2787 888 2839 tertium
922 2796 974 2839 et
1008 2796 1345 2854 postremum
1401 2791 1504 2856 est)
1539 2803 1880 2844 comnmnem
1916 2793 2010 2845 ha-

454 2879 580 2931 bere
605 2893 707 2930 non
740 2876 1030 2946 dedignata
1079 2885 1164 2932 est
1199 2878 1352 2931 beata
1397 2879 1558 2948 Virgo
1597 2896 1721 2932 cum
1756 2881 2011 2935 universo

452 2967 764 3021 mortalium
799 2981 1028 3036 genere;
1061 2967 1184 3019 licet
1211 2982 1319 3020 non
1351 2982 1502 3035 reque
1547 2982 1608 3021 ac
1637 2971 1816 3022 eat-teri
1843 2969 2010 3023 fuerit

453 3063 603 3115 ilium
644 3071 888 3130 experta.
925 3061 994 3114 At
1039 3061 1167 3129 quid
1225 3076 1322 3132 ego
1350 3064 1545 3115 abutor
1566 3062 1892 3130 aequalitatis
1919 3076 2014 3116 uo-

457 3155 622 3213 mine,
654 3150 742 3204 ubi
775 3150 922 3202 nulla
949 3164 1227 3211 mensura,
1259 3151 1405 3203 nulla
1429 3165 1656 3218 prorsus
1693 3151 1805 3205 fieri
1836 3161 2016 3220 potest

457 3242 796 3309 comparatio
828 3241 850 3292 ?
885 3248 1040 3293 tanto
1074 3241 1216 3292 enim
1252 3241 1533 3295 intervallo
1569 3243 1770 3296 distant
1802 3259 1828 3294 a
1856 3244 2014 3299 nobis

456 3349 577 3403 qua:
649 3341 899 3404 spectant
949 3335 1013 3388 ad
1070 3333 1368 3402 Virginem,
1401 3346 1611 3403 quanto
1659 3335 1890 3404 amplius
1935 3346 2017 3391 est

459 3431 599 3484 bulla
646 3431 868 3483 caelum.
933 3428 1051 3481 Non
1083 3444 1214 3497 ergo
1276 3429 1423 3482 illam
1464 3444 1630 3491 mors,
1683 3430 1783 3483 etsi
1827 3445 2017 3484 omnes

461 3521 708 3574 homines
759 3535 883 3574 eum
948 3518 1138 3573 dolore
1193 3519 1353 3579 tollit,
1418 3521 1524 3573 alio
1571 3519 1731 3574 modo
1772 3522 2015 3586 sustulit,

462 3625 620 3676 quam
651 3626 758 3678 quo
790 3611 1050 3675 diximus,
1103 3611 1360 3664 nimirum
1405 3611 1550 3664 sicut
1593 3611 1792 3664 Filium
1820 3629 1836 3678 ;
1867 3623 1920 3667 et
1950 3616 2019 3666 ad

379 3781 388 3785 _
468 3701 569 3752 hoc
615 3709 847 3765 tantum,
902 3709 960 3754 ut
1007 3703 1169 3755 homo
1196 3717 1313 3756 esse
1354 3703 1783 3770 dignoscerctur.
1819 3702 1922 3756 Sed
1955 3708 2021 3756 de

467 3790 554 3844 his
586 3791 744 3854 Satis,
804 3792 942 3858 quod
986 3792 1177 3845 attinet
1219 3792 1282 3844 ad
1316 3793 1713 3857 separationem
1750 3794 1943 3845 animae
1972 3804 2023 3846 et

464 3883 714 3950 corporis
779 3881 1104 3935 beatissimte
1164 3882 1441 3950 Virginis;
1483 3897 1605 3934 nam
1655 3884 1863 3935 caelesti
1906 3883 2022 3950 ejus

465 3977 662 4027 animai
691 3987 928 4043 superna
966 3988 1028 4026 ac
1058 3975 1237 4026 divina
1263 3977 1576 4044 pervaganti
1607 3977 1755 4027 omni
1785 3985 2026 4044 tempore

465 4081 614 4120 mors
668 4066 907 4134 jucunda
940 4066 1124 4135 potius
1156 4069 1235 4134 (ut
1265 4065 1533 4133 principio
1565 4067 1835 4120 sermonis
1867 4068 2024 4134 dixi),

463 4171 625 4224 quam
661 4156 885 4208 molesta
907 4156 1098 4222 procul
1123 4156 1290 4208 dubio
1314 4166 1593 4216 censetur,
1626 4167 1682 4208 ut
1715 4171 1874 4225 quam
1903 4159 2026 4211 iliuc

465 4246 894 4309 transmittebat,
919 4261 1028 4312 quo
1051 4247 1204 4300 abire
1227 4247 1500 4314 cupiebat,
1538 4247 1602 4300 ad
1624 4261 1779 4300 suum
1806 4247 2024 4312 Filium,

465 4337 532 4389 ad
571 4336 689 4406 ejus
741 4335 975 4401 Patren),
1018 4339 1086 4390 ad
1126 4336 1466 4390 Paracletum
1510 4337 1793 4406 Spiritum,
1843 4353 2027 4393 sacro-

471 4437 712 4481 sanctam
743 4427 913 4496 ipsam
943 4427 1264 4480 Trinitatem
1300 4428 1438 4496 apud
1473 4444 1632 4496 quam
1663 4440 1746 4483 est
1772 4445 1895 4483 vera
1933 4431 2023 4484 lux
2061 4433 2109 4490 D
2154 4461 2166 4496 ς

472 4519 891 4585 inaccessibilis,
943 4519 1259 4572 indeliciens
1309 4521 1554 4588 voluptas
1599 4521 1717 4574 sine
1755 4524 2023 4583 satietate,

472 4622 673 4661 corona
719 4607 1213 4674 immarccscibilis,
1244 4609 1350 4663 vita
1385 4621 1620 4673 azterna;
1651 4612 1901 4673 beatitas,
1937 4611 2026 4663 ubi

472 4701 631 4768 plene
662 4699 848 4752 liceret
880 4700 958 4752 illi
992 4701 1314 4769 participem
1361 4717 1483 4756 esse
1527 4703 1676 4770 regni
1711 4712 1764 4756 et
1803 4705 2026 4756 honoris

475 4790 596 4843 Filii
637 4791 1011 4843 excellentiori
1037 4791 1216 4854 modo,
1245 4802 1428 4860 utpote
1471 4792 1650 4860 Matii,
1681 4810 1840 4864 quam
1867 4796 2026 4864 potiri

473 4885 704 4950 possint,
731 4883 822 4950 qui
866 4882 1081 4936 virtutis
1123 4886 1340 4937 nomine
1380 4886 1582 4953 primas
1643 4889 1885 4942 omnium
1947 4887 2027 4941 fc-

473 4983 617 5027 runt.
669 4975 806 5038 Quid
863 4973 984 5027 illos
1033 4973 1179 5036 dico,
1227 4974 1663 5043 quandoquidem
1719 4985 1773 5030 et
1822 4985 2029 5030 mentes

474 5068 830 5131 incorporeas
865 5078 962 5115 sua
1001 5063 1168 5131 gloria
1226 5064 1387 5132 longe
1420 5065 1738 5133 superavit?
1768 5067 1842 5120 Eo
1867 5083 2028 5136 porro

478 5152 869 5221 magnitudinis
923 5162 1108 5205 evecta
1169 5163 1273 5216 est,
1326 5163 1383 5206 ut
1423 5170 1587 5223 supra
1631 5157 1888 5219 diximus,
1921 5159 2028 5209 imo

478 5262 605 5297 vero
659 5255 716 5295 ut
758 5245 937 5296 nullus
988 5244 1261 5312 explicare
1289 5247 1428 5298 valet
1461 5261 1661 5309 sermo,
1709 5264 1812 5301 non
1852 5253 2026 5302 solum

477 5338 602 5404 quia
647 5337 857 5403 peperit
907 5336 1134 5388 salutem
1167 5347 1219 5390 et
1252 5338 1676 5405 redemptionem
1707 5349 1759 5392 et
1792 5345 2033 5395 sanctili-

477 5429 746 5479 cntionem
788 5430 1087 5479 animarum
1138 5436 1190 5480 et
1221 5443 1510 5498 carporum
1551 5440 1884 5495 nostrorum,
1933 5435 2026 5485 sed

479 5517 602 5583 quia
635 5519 795 5569 etiam
832 5517 1065 5584 puritate
1113 5533 1274 5586 supra
1310 5523 1524 5574 modum
1574 5532 1626 5575 ct
1678 5524 2028 5577 inenarrabili

481 5619 605 5674 erga
628 5607 792 5660 Deum
828 5607 1021 5660 all'ectu
1051 5610 1360 5663 animamct
1386 5626 1585 5680 corpus
1609 5613 1733 5666 talia
1772 5613 2026 5676 reddidit,

799 5698 1065 5756 PATROI.
1109 5701 1220 5759 Gn.
1320 5705 1360 5764 (Σ
1378 5705 1531 5767 LVI.

2120 417 2211 479 tis,
2247 424 2299 467 et
2322 410 2470 464 nullo
2495 400 2896 469 circumscripti
2937 398 3079 451 loco.
3128 396 3373 449 Arbitror
3400 393 3542 445 enim
3575 392 3679 441 iru-

2122 517 2365 560 mensam
2405 499 2598 552 anima:
2625 493 2742 562 ejus
2771 481 3244 560 pulchritudinem
3264 499 3293 538 e
3323 483 3522 537 virtute
3553 493 3680 548 pro-

2122 595 2428 648 venientem
2491 600 2598 640 non
2658 582 2825 635 fuisse
2865 576 3220 647 posteriorem
3273 585 3516 632 causam,
3582 583 3682 621 cur

2121 701 2184 738 ex
2216 699 2279 738 ea
2312 682 2455 734 Deus
2493 689 2715 732 carnem
2758 675 3088 724 assumeret.
3123 663 3378 729 Quinimo
3405 662 3542 728 ipse,
3586 658 3677 726 qui

2126 777 2449 828 incarnatus
2517 776 2620 829 est,
2687 762 3020 815 voluntatem
3075 755 3195 823 ejus
3237 750 3468 806 ducendi
3513 749 3678 800 vitam

2127 861 2236 915 Deo
2265 860 2588 929 placentem,
2639 849 3019 913 mandatisque
3046 835 3168 911 ejus
3205 839 3552 892 inhzercntem
3582 848 3680 886 an—

2125 923 2364 1018 teposuit
2390 943 2600 999 muneri
2631 937 2877 1009 gestandi
2903 935 3055 987 illum
3079 933 3131 984 in
3157 938 3346 984 ventre
3366 938 3419 980 et
3443 923 3680 978 Iactandi

2121 1014 2408 1094 uberibus.
2439 1033 2572 1085 Nam
2623 1044 2744 1082 cum
2773 1027 2864 1078 illa
2926 1029 3142 1092 propter
3178 1020 3290 1072 haec
3315 1017 3471 1069 beata
3501 1014 3685 1066 excla-

2127 1139 2386 1192 maretur,
2440 1127 2574 1194 ipse,
2626 1119 2900 1184 Quinirno,
2964 1112 3161 1181 inquit,
3208 1110 3360 1162 beata
3411 1111 3515 1168 est,
3558 1105 3683 1169 quia

2125 1224 2350 1276 verbum
2385 1218 2478 1270 Dei
2524 1214 2694 1277 audit,
2745 1220 2798 1263 et
2837 1207 2969 1260 illud
2998 1202 3272 1259 custodit:
3322 1215 3386 1251 ex
3433 1211 3542 1267 quo
3572 1197 3686 1264 pla-

2126 1327 2251 1364 num
2277 1307 2532 1362 omnibus
2565 1303 2712 1365 fecit,
2745 1307 2927 1352 utrum
2957 1311 3023 1350 ex
3051 1295 3265 1348 duobus
3285 1287 3684 1360 praeferendum

2126 1402 2218 1465 sit,
2255 1409 2307 1454 et
2339 1395 2700 1463 beatiusjure
2729 1389 3062 1455 habendum,
3089 1392 3279 1455 partus
3313 1381 3585 1441 videlicet,
3620 1393 3684 1428 an

2129 1491 2324 1544 virtus.
2370 1486 2540 1539 Nemo
2562 1483 2707 1537 enim
2759 1479 2894 1532 adeo
2927 1472 3238 1543 desipuerit,
3275 1479 3476 1524 utcum
3509 1465 3688 1536 puris-

2127 1580 2264 1635 siina
2314 1578 2477 1646 Virgo
2532 1575 2690 1627 beata
2745 1570 2816 1624 ob
2866 1576 3078 1636 partum
3109 1561 3492 1621 aﬂirmarctur,
3523 1555 3684 1607 alium

2126 1668 2405 1722 existimet
2463 1661 2761 1717 beatiorem
2807 1672 2834 1708 a
2889 1657 3170 1708 Salvatore
3221 1650 3419 1702 dictum
3468 1651 3686 1714 propter

2127 1771 2327 1810 mores.
2370 1752 2569 1806 Verum
2612 1748 2842 1818 probata
2889 1741 3138 1798 mulieris
3184 1753 3336 1801 voce,
3386 1735 3686 1805 agnitione,

2128 1841 2506 1900 benevolentia
2536 1848 2586 1892 et
2621 1838 2889 1906 probitate
2916 1847 3012 1902 per
3038 1831 3201 1885 verba
3242 1827 3353 1889 illa,
3407 1824 3685 1889 Quinimo,

2098 1937 2334 1989 dictum
2387 1933 2508 2000 ejus
2558 1925 2976 1995 sapientissimae
3021 1917 3429 1988 comprobavit;
3490 1912 3690 1966 deinde

2131 2023 2378 2094 sequenti
2435 2031 2691 2074 sermone
2722 2015 2876 2084 quasi
2911 2011 3133 2063 Matrem
3187 2021 3309 2060 cum
3348 2003 3516 2056 Matre
3553 2016 3688 2054 con-

2135 2113 2340 2174 ferens,
2378 2109 2564 2164 verbis
2607 2106 2714 2159 illis
2767 2116 2901 2156 usus
2947 2107 3030 2154 est
3071 2111 3189 2166 qua
3224 2096 3445 2163 dignum
3475 2094 3690 2144 eratab

2132 2220 2239 2258 uno
2290 2205 2409 2271 ejus
2457 2215 2552 2254 ore
2604 2195 2856 2266 proferri.
2906 2191 3044 2244 Dum
3090 2187 3234 2242 enirn
3281 2184 3506 2238 docebat
3543 2182 3688 2232 illam

2131 2295 2434 2356 mulierem,
2466 2304 2657 2343 omnes
2693 2286 2746 2339 in
2769 2281 3142 2338 sublimiorem
3163 2276 3425 2331 evehebat
3447 2286 3686 2326 sensum.

2132 2385 2384 2437 Arbitror
2407 2390 2616 2446 autem,
2649 2377 2695 2430 si
2722 2389 2858 2445 opus
2885 2380 3031 2428 esset
3055 2368 3379 2424 clarioribus
3407 2364 3585 2418 verbis
3602 2376 3692 2413 ex-

2135 2477 2356 2539 planare
2415 2467 2765 2526 sententiam,
2819 2465 2892 2517 ita
2926 2462 3074 2514 illum
3115 2458 3337 2517 dixisse,
3389 2453 3482 2523 qui
3533 2453 3690 2504 homo

2137 2568 2251 2619 ﬁeri
2284 2565 2455 2616 voluit
2485 2580 2496 2614 :
2527 2559 2572 2615 Ο
2605 2560 2824 2624 mulier,
2863 2571 2984 2624 quas
3011 2555 3224 2608 beatam
3256 2550 3540 2620 praedicas,
3567 2564 3694 2602 vere

2139 2656 2350 2709 beatam
2382 2650 2672 2720 oportebat
2726 2647 2950 2699 Matrem
3003 2657 3124 2698 esse
3170 2643 3300 2696 mihi
3335 2643 3502 2703 illam,
3534 2640 3692 2708 cujus

2138 2744 2320 2795 anima
2371 2735 2675 2793 incredibili
2723 2733 3124 2804 pulchritudine
3171 2739 3316 2785 esset
3365 2739 3579 2790 ornata,
3637 2738 3692 2780 et

2138 2833 2352 2900 qualem
2410 2829 2557 2882 nulla
2612 2839 2848 2895 unquam
2904 2823 3145 2876 habuere
3199 2830 3462 2885 tempora.
3505 2817 3692 2884 Itaque

2139 2921 2341 2991 praevio
2387 2921 2441 2972 in
2476 2921 2591 2986 ipsa
2624 2929 2839 2971 summo
2889 2913 3128 2967 candore
3150 2910 3220 2964 ob
3248 2910 3499 2964 eximiam
3530 2909 3696 2960 animi

2052 3026 2096 3086 ί]
2139 3014 2535 3080 integritatem,
2563 3009 3066 3072 sublimitatemque
3101 3017 3162 3056 ac
3195 3003 3540 3065 modestiam,
3573 3000 3701 3052 sul)-

2139 3113 2386 3160 secutum
2439 3112 2544 3168 est,
2581 3109 2639 3153 ut
2678 3112 2796 3152 mea
2831 3097 2982 3150 fieret
3007 3095 3194 3159 Mater,
3230 3092 3542 3159 factumque
3593 3100 3698 3151 est,

2141 3206 2199 3250 ut
2229 3195 2294 3248 ad
2355 3195 2531 3247 lucem
2560 3231 2574 3255 ,
2624 3205 2744 3260 quae
2790 3189 2909 3258 ejus
2953 3187 3187 3240 animam
3229 3183 3583 3243 inhabitabat,
3619 3195 3704 3233 me

2141 3289 2315 3342 lucem
2345 3287 2566 3354 insuper
2585 3284 2888 3351 acquireret
2913 3279 3154 3332 omnium
3182 3277 3443 3329 luminum
3475 3273 3701 3328 creatri-

2140 3395 2282 3433 cem.
2321 3379 2520 3430 Amant
2552 3377 2696 3430 enim
2723 3375 2928 3438 omnia,
2965 3385 3085 3440 quae
3125 3370 3381 3423 aliinitate
3411 3366 3701 3434 conjuncta

2141 3482 2291 3537 sunt,
2320 3473 2578 3526 accedere
2609 3471 2676 3524 ad
2713 3469 2912 3523 alIinia.
2950 3467 3027 3522 Ita
3059 3480 3212 3521 sane.
3249 3463 3382 3517 Cum
3412 3474 3542 3514 vero
3569 3471 3698 3510 exe-

2139 3567 2308 3636 gisset
2375 3563 2694 3626 necessitas,
2752 3571 2811 3614 ut
2872 3557 3226 3628 impassibilis
3270 3565 3324 3608 et
3380 3549 3704 3604 immortalis

2145 3655 2457 3726 passibilem
2497 3663 2552 3708 et
2601 3652 2886 3707 mortalem
2925 3655 3230 3704 assumeret
3262 3657 3500 3705 carnem,
3536 3649 3592 3693 ut
3633 3642 3703 3708 (si

2142 3745 2529 3812 explicandum
2563 3743 2694 3795 mihi
2728 3749 2812 3795 est
2841 3755 2947 3793 non
2981 3738 3153 3804 magis
3191 3733 3538 3791 sermonibus
3577 3729 3700 3782 Tri-

2147 3833 2332 3885 nitatis
2368 3833 2469 3883 hac
2501 3831 2568 3883 de
2624 3845 2681 3891 re
2724 3831 3014 3883 consilium
3067 3827 3373 3892 antiquum,
3419 3833 3607 3873 Verum
3651 3827 3704 3870 et

2152 3918 2472 3981 maximum)
2524 3930 2779 3984 suscepta
2838 3916 3116 3975 Passione,
3160 3922 3210 3964 et
3248 3917 3441 3972 morte,
3485 3918 3534 3960 et
3569 3921 3704 3974 qua-
3793 3973 3796 3978 Ι

2150 4012 2272 4063 dam
2305 4003 2551 4077 corporis
2575 4015 2790 4076 gustata
2831 4004 3203 4072 corruptione,
3235 4015 3424 4054 omnes
3457 3998 3703 4051 homines

2153 4101 2200 4151 si
2239 4101 2460 4161 vellent,
2487 4113 2515 4150 a
2553 4094 2901 4166 passionibus
2947 4104 2998 4146 et
3030 4100 3202 4145 morte
3255 4099 3309 4143 et
3356 4086 3703 4154 corruptione

2151 4190 2455 4242 liberaret:
2501 4203 2606 4241 non
2647 4187 2790 4238 enim
2851 4191 2970 4237 erat
3018 4181 3287 4234 aﬂerenda
3330 4179 3432 4241 vis,
3479 4175 3573 4230 sed
3607 4191 3702 4227 νο·
3785 4196 3790 4200 ·

2151 4280 2388 4333 lentibus
2439 4275 2770 4332 conferenda
2811 4275 3000 4329 salus:
3040 4272 3187 4326 dedit
3237 4277 3554 4338 potestatem
3593 4266 3703 4334 (in-

2150 4370 2287 4437 quit)
2342 4367 2614 4436 prmcipuo
2648 4366 2880 4418 dilectus
2911 4363 2990 4415 illi
3029 4374 3214 4413 amore
3246 4359 3311 4411 iis
3349 4357 3442 4425 qui
3477 4356 3706 4407 credunt

2153 4461 2208 4515 in
2239 4476 2386 4522 eum,
2415 4458 2553 4512 ﬁlios
2626 4456 2716 4509 Dei
2778 4455 2913 4509 ﬁeri.
2966 4453 3146 4517 Quare
3179 4446 3432 4502 Trinitati
3485 4445 3704 4514 quidem

2156 4562 2268 4605 tum
2301 4553 2373 4604 ob
2400 4549 2687 4603 consilium
2717 4545 2862 4600 istud
2911 4559 3009 4614 pro
3042 4542 3199 4595 nobis
3224 4540 3296 4591 illi
3332 4546 3660 4591 coarternum
3691 4551 3704 4585 :

2154 4657 2330 4712 neque
2367 4643 2508 4695 enim
2549 4639 2709 4690 habet
2745 4634 3072 4704 principium
3107 4630 3366 4699 temporis
3396 4626 3487 4678 Dei
3527 4626 3709 4678 consi-

2068 4768 2072 4770 -
2155 4737 2310 4797 lium,
2339 4732 2433 4786 sed
2469 4733 2535 4783 ab
2585 4729 2731 4782 Omni
2773 4728 3074 4781 aiternitate
3101 4734 3388 4776 commune
3419 4729 3503 4772 est
3533 4717 3707 4770 tribus

2155 4821 2714 4880 consubstantialibus
2783 4817 3052 4887 personis,
3119 4829 3238 4883 qua:
3284 4809 3706 4880 proprietatibus

2157 4917 2568 4982 distinguuntur
2595 4929 2608 4964 :
2652 4918 2763 4962 tum
2799 4910 2924 4976 quia
2955 4905 3085 4958 illud
3113 4919 3213 4958 suo
3243 4910 3484 4969 tempore
3513 4900 3705 4964 imple-

2159 5007 2254 5070 vit,
2283 5005 2503 5074 agenda:
2531 5009 2657 5054 sunt
2685 5001 2903 5068 gratim;
2936 4995 3255 5049 beatissima:
3276 5002 3452 5045 autem
3476 4989 3705 5056 Virgini,

2161 5105 2275 5148 tum
2304 5099 2373 5148 ob
2404 5091 2618 5145 virtutis
2647 5091 2842 5152 ollicia,
2880 5101 2989 5141 tum
3027 5086 3096 5139 ob
3134 5083 3257 5138 inde
3302 5080 3704 5150 provenientem

2165 5189 2282 5241 vita:
2335 5183 2884 5244 commendationem,
2933 5189 3149 5246 promer
3191 5187 3352 5242 quam
3401 5170 3494 5223 Dei
3540 5167 3708 5219 Mater

2158 5289 2243 5331 est
2295 5275 2456 5327 facta.
2522 5271 2622 5325 Sed
2651 5273 2758 5339 jam
2819 5279 3030 5339 tempus
3073 5267 3306 5320 arbitror
3348 5257 3705 5314 contrahendi

2159 5366 2510 5428 desiderium,
2566 5378 2632 5416 ne
2695 5361 2856 5416 simul
2901 5375 3024 5413 cum
3083 5352 3405 5410 immorandi
3452 5349 3708 5401 aviditate

2163 5459 2513 5527 protrahatur
2567 5471 2674 5509 non
2725 5456 2982 5508 delicieus
3035 5450 3234 5505 oratio.
3281 5443 3533 5497 Evenit-et
3562 5437 3705 5490 enim

2164 5532 2322 5605 nobis
2359 5552 2484 5604 dum
2507 5546 2832 5603 'satislacere
2857 5547 2929 5598 illi
2963 5553 3244 5601 conamur,
3267 5531 3409 5603 quod
3440 5539 3490 5582 ct
3523 5541 3708 5596 pueris

3249 5669 3284 5726 ιι
