4144 6282
436 258 532 320 107

1594 249 1646 306 Μ
1659 250 1695 304 Α
1711 249 1754 305 .‘I
1767 247 1987 307 ITELIS
2032 249 2117 307 PA
2130 251 2173 308 L
2187 248 2475 308 :EOIDGI

3561 256 3674 328 ’108

434 371 523 438 qui
552 386 700 424 suam
735 369 786 422 in
811 384 965 422 muro
992 370 1234 422 umbram
1264 370 1509 421 ttiltttttur
1551 377 1977 437 apprehendere.
2025 368 2065 420 Α
2115 367 2272 434 dixit,
2309 369 2353 422 si
2379 368 2628 422 conferre
2655 369 2802 424 licet.
2840 370 2895 425 Si
2931 372 3146 439 quidem
3179 373 3250 427 illi
3285 387 3430 428 mors
3456 385 3664 444 ιιι-πων

506 463 851 528 Quapropter
894 460 1173 527 suspensis
1206 461 1479 527 prioribus
1511 461 1676 512 animi
1731 461 2004 531 sensibus,

436 551 502 604 ad
545 562 758 620 portum
824 550 1023 604 silentii
1061 565 1364 604 sermonem
1414 559 1658 605 nostrum
1714 552 1981 605 deducere

431 643 539 709 jam
575 642 1007 707 annitemur,ncc
1036 642 1323 695 audiemus
1356 643 1590 710 amplius
1613 643 1779 694 animi
1806 653 1980 695 motus

434 732 744 793 suadentes,
812 740 869 782 ut
916 733 1282 785 eneomiorum
1336 730 1575 799 Virginis
1614 733 1836 787 satietas
1887 749 1982 786 nos

434 823 632 888 capiat.
672 821 1053 887 Deponendum
1078 822 1243 889 igitur
1275 821 1404 874 illud
1442 823 1796 883 desiderium,
1841 825 1982 890 quod

434 913 635 963 nullutn
669 912 862 966 alferre
909 912 1160 965 solatium
1201 921 1393 979 potest,
1434 920 1481 964 et
1507 913 1744 966 studiqu
1768 915 1984 966 assidue

432 1005 609 1070 auget.
671 1003 1013 1056 Gaudeamus
1071 1003 1298 1064 aliatim,
1331 1020 1362 1057 0
1411 1015 1609 1067 (ταεῐιιε,
1640 1003 1768 1068 Πιο,
1823 1005 1984 1062 addo.

430 1095 594 1145 etiam
647 1095 776 1145 mihi
820 1094 1164 1156 charissima,
1223 1105 1272 1147 et
1319 1096 1651 1162 gratulemur
1700 1095 1787 1148 liei
1827 1094 1982 1146 Matri

431 1186 496 1236 ad
527 1183 720 1238 Filium
756 1202 877 1237 cum
919 1186 1096 1236 laetitia
1127 1187 1476 1238 comnteanli.
1503 1186 1717 1251 Tragici
1750 1194 1802 1239 et
1839 1187 1986 1252 lugu-

431 1276 542 1327 bris
581 1274 716 1326 nihil
748 1274 1084 1339 admittatur,
1122 1292 1218 1328 nec
1254 1277 1416 1328 ullius
1453 1277 1635 1327 vultus
1675 1275 1984 1343 praesel'erat

432 1365 666 1417 tristitiae
685 1365 994 1433 vestigium,
1014 1366 1104 1418 sed
1123 1365 1298 1418 omnia
1318 1381 1504 1432 puram
1524 1366 1829 1432 exprimant
1847 1366 1984 1418 laeti-

431 1451 589 1510 tiam,
640 1450 989 1514 hilaritatem,
1044 1452 1460 1520 jucunditalem,
1517 1461 1566 1504 et
1613 1453 1802 1522 ingens
1853 1468 1984 1520 {tau-

430 1539 598 1590 dium.
661 1537 884 1608 Oportet
919 1541 1062 1594 enim
1103 1541 1391 1592 benevolos
1430 1541 1660 1594 famulos
1698 1557 1818 1594 cum
1877 1535 1982 1594 Do-

436 1628 578 1679 mina
612 1631 877 1694 gaudente
903 1633 1159 1698 gaudere,
1195 1642 1252 1682 ut
1291 1632 1452 1683 etiam
1489 1632 1647 1683 simul
1682 1633 1908 1694 trislari,
1939 1634 1984 1686 si

435 1722 765 1773 tristaretur.
801 1720 1000 1784 Quidni
1031 1722 1173 1774 enim
1221 1721 1341 1786 jure
1376 1723 1577 1787 optimo
1623 1723 1984 1776 cxsiliendum

433 1809 525 1872 sit,
576 1806 629 1861 et
677 1811 1080 1874 exsultandum,
1139 1811 1406 1880 hilarique
1442 1812 1616 1877 vultu,
1649 1823 1701 1866 et
1733 1813 1987 1881 tripudiis
2029 1823 2070 1877 Β

432 1897 738 1951 canendum
789 1898 1006 1952 abeunti
1069 1897 1299 1968 Virgini,
1358 1915 1462 1954 una
1512 1915 1633 1954 cum
1686 1901 1891 1970 angelis
1937 1911 1987 1954 et

436 1990 781 2056 martyribus,
831 1998 883 2044 et
929 1990 1305 2045 confessorum
1371 1992 1597 2046 choris?
1641 1992 1991 2060 Quandoqui-

433 2085 550 2135 dem
573 2083 712 2152 quod
741 2086 954 2138 caeteris
975 2085 1226 2137 omnibus
1250 2084 1585 2138 intolerabile
1609 2084 1734 2137 fecit
1767 2093 1982 2146 natura,

435 2176 536 2227 hoc
587 2175 1040 2229 vehementissimi
1101 2176 1350 2229 materies
1417 2175 1598 2244 gaudii
1649 2184 1702 2230 et
1741 2176 1982 2229 oblecta-

434 2264 598 2316 menti
646 2278 808 2330 SUpra
857 2265 1076 2315 modum
1135 2266 1215 2332 (ut
1275 2265 1610 2317 exordiendo
1644 2261 1982 2328 dicebamus)

435 2353 847 2420 gloriosissimze
901 2353 1111 2422 Virgini
1166 2355 1414 2419 exstitit;
1467 2356 1734 2408 exstincta
1774 2355 1855 2425 (ut
1895 2355 1983 2406 ~ita

432 2445 631 2510 dicam)
698 2444 911 2498 ﬂamma
977 2446 1222 2499 diuturni
1296 2445 1578 2511 desiderii,
1646 2448 1984 2518 migratiouis

435 2533 720 2602 (inquam)
764 2549 826 2586 ex
896 2536 996 2586 hac
1047 2535 1176 2587 vita.
1238 2536 1502 2603 Cupiebat
1552 2537 1696 2589 enim
1759 2535 1982 2589 dissolvi

431 2634 482 2705 et
511 2641 630 2680 esse
669 2641 791 2679 cum
826 2625 1065 2694 Christo,
1102 2628 1273 2697 magis
1301 2643 1462 2698 quam
1503 2629 1721 2694 Paulus,
1757 2629 1846 2698 qui
1881 2629 1982 2682 hoc

2116 460 2203 520 tit,
2237 466 2294 511 ut
2321 460 2497 512 oculis
2539 461 2733 532 animm
2766 461 3138 517 desideratum
3174 466 3275 517 sibi
3321 466 3528 518 videret
3563 466 3667 518 ito-

2115 551 2440 602 mm-talihus
2512 551 2874 605 immortalem
2941 552 3099 622 longe
3151 555 3367 623 quidem
3430 554 3668 620 felicius,

2111 655 2272 708 quam
2302 640 2428 693 dtnu
2489 642 2631 694 ulnis
2682 650 2918 710 gestaret
2953 644 3128 709 illum,
3161 653 3214 697 et
3240 645 3380 698 lacte
3413 648 3667 700 nutriret.

2113 731 2227 784 Non
2251 739 2458 783 tantum
2485 731 2647 798 igitur
2678 734 3011 798 gratulemur
3045 732 3520 802 gaudentiVirgiui
3552 737 3668 789 iue-

2112 821 2383 874 narrabile
2432 822 2706 886 gaudium,
2773 821 2865 875 sed
2923 823 3054 876 illud
3117 837 3329 891 quoque
3380 824 3660 878 addamus.

2115 912 2168 962 In
2208 911 2401 964 coelum
2445 913 2555 976 ipsa
2589 919 2749 963 eunte
2773 911 2932 964 simul
2967 922 3016 964 et
3046 926 3144 964 nos
3171 913 3527 965 ascendamus
3554 915 3665 965 ala—

2114 1000 2278 1051 criter
2308 1009 2572 1067 quotquot
2622 1001 2849 1053 ardente
2882 1000 3002 1068 ejus
3038 1000 3314 1054 desiderio
3353 1001 3661 1070 ﬂagramus,

2112 1095 2162 1138 et
2225 1089 2336 1140 lieri
2385 1088 2484 1139 hoc
2538 1089 2753 1155 poterit,
2807 1088 2850 1142 si
2890 1099 3114 1157 purgata
3161 1096 3339 1142 mente
3373 1099 3425 1142 et
3457 1091 3661 1142 ratione

2113 1180 2176 1228 ad
2209 1177 2382 1231 lucem
2438 1179 2555 1244 ejus
2587 1181 3016 1246 contemplatin
3059 1179 3253 1232 animae
3289 1180 3360 1240 vi,
3401 1189 3659 1248 quantum

2113 1265 2192 1318 fas
2243 1279 2344 1332 est,
2394 1283 2557 1335 prope
2610 1255 2951 1321 accedamus.
3012 1267 3162 1334 Quod
3197 1269 3240 1322 si
3286 1270 3460 1322 taliter
3489 1269 3659 1322 affecti

2113 1357 2336 1421 erimus,
2389 1358 2603 1422 rejectis
2664 1357 3038 1420 tenebriwsis,
3070 1357 3188 1423 puri
3227 1373 3346 1412 cum
3385 1373 3513 1425 pura
3545 1374 3662 1426 per-

2111 1455 2272 1516 petuo
2298 1447 2524 1510 erimus,
2556 1463 2756 1515 perque
2793 1449 2961 1515 ipsam
3005 1462 3126 1498 cum
3158 1451 3276 1513 ejus
3315 1446 3452 1500 Filio
3473 1464 3534 1501 ac
3562 1449 3660 1501 l’a-

2114 1544 2194 1588 tre
2244 1544 2297 1588 et
2355 1537 2556 1603 Spiritu
2612 1549 2826 1600 sancto,
2869 1537 3134 1589 Triuitate
3185 1538 3527 1600 beatissima;
3583 1538 3661 1592 fas

2113 1625 2314 1693 quippe
2347 1641 2452 1677 non
2506 1635 2588 1680 cst
2625 1627 2839 1692 imputo
2871 1635 2923 1676 et
2958 1640 3062 1676 non
3103 1635 3326 1692 purgato
3358 1642 3546 1694 purum
3585 1636 3661 1679 at-

2115 1697 2346 1784 tingere.
2388 1716 2555 1769 Porro
2585 1718 2868 1769 tenebrosa
2895 1717 3206 1783 rejiciemus
3230 1725 3283 1767 et
3312 1717 3546 1781 sordida,
3582 1719 3658 1770 Iu-

2117 1809 2332 1876 cidique
2378 1808 2582 1861 erimus
2634 1815 2687 1861 et
2741 1807 2882 1874 puri,
2919 1808 2984 1868 si,
3020 1817 3075 1859 ut
3116 1807 3435 1874 compendio
3465 1809 3658 1877 dicam,

2115 1897 2451 1951 declinantes
2481 1896 2548 1950 ab
2581 1899 2724 1949 omni
2757 1898 2896 1949 male
2933 1899 3013 1965 (ut
3052 1900 3224 1968 inquit
3259 1899 3444 1968 David)
3480 1899 3659 1952 feceri-

2115 2003 2236 2041 mus
2267 2003 2425 2041 omne
2473 1988 2692 2050 bonum,
2721 1997 2776 2038 ut
2808 2002 2904 2054 per
2931 1988 3044 2041 hare
3090 1990 3235 2040 velut
3285 1991 3662 2048 instrumenta.

2111 2089 2162 2134 et
2192 2081 2245 2132 in
2289 2078 2541 2147 praesenti
2587 2078 2696 2131 Vita
2741 2077 2979 2132 favorem
3020 2078 3136 2146 ejus
3183 2090 3234 2131 et
3279 2080 3504 2147 gratiam
3556 2093 3656 2131 mc-

2109 2190 2362 2236 rcamur,
2407 2183 2460 2226 et
2507 2173 2807 2227 emlcstium
2884 2173 3077 2226 ﬁamus
3133 2173 3398 2225 bonorum
3445 2186 3651 2239 compo-

2109 2271 2191 2319 tes
2239 2265 2494 2318 maternis
2528 2265 2776 2333 precibus
2806 2262 3043 2332 Virginis
3091 2266 3480 2332 potentissima:
3521 2262 3686 2332 apud'

2110 2354 2327 2416 Filium,
2361 2369 2518 2422 quem
2551 2355 2705 2409 decet
2737 2354 2915 2408 omnis
2941 2356 3136 2424 gloria,
3176 2356 3350 2407 honor
3380 2361 3431 2407 ct
3472 2353 3657 2406 adora-

2114 2446 2188 2498 tio
2221 2461 2340 2497 cum
2376 2447 2612 2513 ingenito
2661 2445 2778 2512 ejus
2809 2446 2988 2508 Patre,
3031 2461 3092 2498 ac
3134 2446 3482 2498 sanctissimo
3521 2445 3658 2498 bono

2109 2546 2162 2591 et
2218 2538 2432 2592 viviﬁco
2481 2537 2685 2606 Spiritu
2742 2553 2887 2592 nunc
2937 2549 2986 2591 et
3023 2553 3236 2606 semper
3272 2545 3325 2590 et
3372 2537 3422 2590 in
3466 2537 3655 2592 saecula

2107 2633 2449 2686 saeculorum.
2483 2633 2676 2687 Amen.

905 3009 1891 3255 MANUELIS
2008 3009 3167 3168 PAL/EOLOGI

1274 3244 1677 3387 cit-NON
1786 3297 2790 3385 DEPRliCA—TORIUS

628 3503 729 3562 Al)
775 3501 1348 3564 SANCTISSIMAM
1373 3498 1736 3559 DOMINAM
1780 3495 2175 3556 DEIPARAM
2216 3496 2366 3557 PRO
2403 3499 2963 3564 PRESENTIBUS
3019 3504 3448 3570 PERICULIS,

1103 3825 1217 3881 Ode
1255 3827 1296 3881 1.

2790 3833 2902 3888 Ode
2926 3835 2986 3890 ΙΙ.

489 3913 680 3968 Omnis
704 3915 838 3990 ordo
867 3926 1032 3988 atque
1058 3927 1192 3974 mtas
1212 3920 1482 3986 ﬁdelium,
1512 3923 1578 3978 ad
1610 3923 1836 3981 Matrem
1866 3925 1984 3993 Dei,
2027 3917 2067 3973 ο
2173 3909 2440 3976 Quoniam
2464 3917 2652 3973 multis
2668 3921 3093 3994 calamitatibus,
3115 3939 3466 4003 utuunquam
3484 3950 3664 4005 antea,

420 4004 665 4059 ninnium
736 4010 1121 4075 moderatoris,
1155 4028 1318 4069 voces
1373 4016 1666 4082 tollamus,
1724 4021 1983 4088 pepulum

418 4099 572 4146 tuum
599 4094 764 4149 libera
792 4113 821 4152 a
849 4101 1273 4169 calamitatibus,
1310 4114 1526 4178 tuaique
1560 4109 1770 4162 civitati
1808 4113 1984 4165 vieto.

418 4185 554 4240 riam
586 4187 853 4246 adversus
893 4193 1077 4248 hostes
1110 4197 1368 4250 concede.

492 4273 677 4341 Vides,
713 4276 900 4350 Virgo,
934 4279 1250 4352 Chaganum
1285 4287 1450 4338 alium
1481 4285 1691 4339 hostem
1749 4289 1987 4357 graviter

417 4377 750 4430 prementem
783 4372 1156 4428 hereditatem
1198 4383 1345 4428 tuam
1380 4391 1394 4427 :
1428 4383 1486 4427 ut
1520 4390 1669 4440 eum,
1710 4379 1802 4446 qui
1841 4379 1985 4432 hunc

415 4460 592 4522 ipsqu
636 4465 951 4529 progenuit,
999 4464 1072 4516 ita
1121 4466 1288 4518 istum
1328 4471 1383 4517 et
1418 4464 1565 4518 illius
1593 4467 1828 4522 asscclas
1857 4468 1982 4521 fun-

413 4548 560 4602 ditus
589 4551 722 4604 Jele.

481 4639 654 4704 Quam
698 4645 882 4698 multis
915 4646 1160 4701 molestis
1205 4660 1268 4702 ac
1311 4648 1468 4704 duris
1510 4649 1743 4719 populus
1774 4659 1921 4713 tuus,
1951 4667 1984 4706 0

414 4732 638 4784 omnino
679 4734 1052 4803 iuculpabilis,
1084 4738 1318 4794 amictus
1351 4749 1454 4804 est,
1500 4751 1554 4796 et
1583 4744 1689 4796 nisi
1723 4745 1982 4800 velociter

412 4818 522 4882 ipsa
556 4823 812 4887 precibus
854 4834 963 4880 tuis
1023 4843 1335 4896 succurras,
1386 4821 1765 4899 pessumihunl
1799 4837 1980 4890 omnia

408 4909 732 4977 gravissima
758 4914 996 4980 jactura.

479 4998 524 5052 0
562 4997 746 5070 Virgo,
777 5020 894 5072 qua:
925 5009 1045 5063 cceli
1083 5017 1367 5082 terraeque,
1409 5026 1462 5070 et
1495 5017 1738 5071 omnium
1773 5035 1893 5086 qua:
1924 5021 1977 5074 in

409 5089 490 5144 eis
513 5100 640 5144 sunt
667 5091 1018 5154 Conditorem
1046 5103 1337 5174 omnisque
1365 5109 1552 5162 carnis
1573 5109 1976 5165 moderatorem

2099 4013 2308 4069 oumes,
2343 4019 2374 4056 ο
2401 4016 2631 4074 augusta
2661 4008 2864 4078 Puella,
2897 4019 3198 4083 premimur
3235 4013 3464 4091 populus
3504 4039 3662 4091 tuus;

2100 4098 2156 4144 tu
2203 4109 2349 4147 nunc
2407 4098 2653 4154 studiose
2705 4112 2831 4158 ante
2865 4104 3028 4161 linem
3080 4114 3418 4178 praeveniens
3450 4131 3478 4168 a
3509 4120 3663 4175 malis

2101 4197 2204 4238 nos
2235 4202 2403 4253 eripe.

2171 4276 2298 4330 Sola
2336 4280 2425 4333 Dei
2463 4283 2840 4339 misericordia
2870 4302 2966 4355 per
3000 4298 3122 4346 tuas
3156 4294 3594 4362 intercessiones,
3629 4292 3662 4353 o

2096 4362 2280 4435 Virgo.
2306 4368 2582 4424 conlidere
2613 4375 2769 4444 nobis
2802 4377 2979 4440 datur,
3019 4383 3217 4436 etenim
3268 4387 3374 4437 vita
3422 4387 3472 4438 iu
3502 4391 3661 4442 malis

2097 4467 2366 4521 versatur,
2413 4471 2472 4513 ut
2524 4461 2711 4518 famuli
2746 4465 2929 4523 ﬁdeles
2974 4485 3098 4540 spes
3149 4485 3369 4530 nostras
3399 4491 3661 4545 assequa-

2095 4563 2237 4612 mur,
2275 4564 2306 4601 o
2340 4553 2491 4604 omni
2530 4553 2688 4610 laude
2729 4556 3073 4626 dignissima.

2162 4637 2264 4698 Tu,
2298 4656 2329 4690 ο
2360 4643 2674 4711 purissima,
2720 4643 2914 4703 Portus
2947 4652 3106 4706 nobis
3151 4667 3211 4709 es
3246 4665 3300 4710 et
3340 4657 3654 4726 Propugna-

2089 4730 2296 4795 culum,
2336 4735 2389 4784 iu
2423 4743 2474 4787 te
2506 4751 2628 4804 spes
2658 4748 2876 4795 nostras
2910 4743 2996 4809 pie
3026 4744 3425 4800 collocautibus
3459 4763 3472 4798 :
3509 4762 3656 4800 nunc

2088 4823 2256 4889 igitur
2310 4825 2433 4878 talis
2523 4841 2741 4896 appare,
2797 4833 3119 4899 gravissima
3169 4836 3390 4904 jactatis
3450 4849 3654 4906 tempe-

2087 4923 2250 4970 State.

2158 5005 2388 5074 Praeses,
2448 5019 2504 5065 et
2551 5019 2766 5080 tegmen
2808 5014 2967 5080 forte,
3017 5028 3069 5073 et
3119 5021 3513 5075 munimentum
3561 5036 3652 5092 ap-

2085 5111 2245 5166 pares
2303 5109 2383 5165 tu,
2431 5101 2680 5170 Deipara,
2715 5106 2972 5160 omnibus
3021 5108 3088 5160 ad
3132 5116 3183 5163 te
3237 5113 3650 5167 accurrentibus

410 5183 714 5237 secundum
749 5201 972 5244 carnem
999 5198 1277 5263 peperisti,
1311 5199 1451 5268 apud
1483 5199 1656 5268 ipsum
1696 5217 1794 5270 pro
1821 5203 1979 5257 nobis
2012 5211 2050 5266 D
2086 5189 2195 5244 είιο
2231 5192 2362 5246 “ne?
2401 5207 2582 5261 Opem-

412 5271 744 5332 t‘iducialiter
776 5278 1079 5338 intercede.

479 5362 524 5418 Ο
562 5363 748 5438 Virgo,
781 5385 900 5438 qua:
929 5373 1095 5429 Deum
1119 5377 1466 5433 ineﬂ‘abiiiter
1490 5385 1767 5453 peperisti,
1799 5383 1978 5438 Advoé

406 5465 580 5511 catam
613 5475 777 5526 agens
807 5464 948 5532 apud
970 5481 1092 5520 eum
1128 5485 1225 5538 pro
1255 5471 1344 5535 iis,
1369 5489 1600 5540 quorum
1625 5477 1824 5545 gratia,
1859 5475 1977 5545 ipse

405 5557 885 5610 commiseratione
912 5569 1116 5625 motus,
1156 5566 1403 5619 mortalis
1425 5565 1599 5622 factus
1634 5577 1739 5635 est,
1789 5578 1972 5623 votum

407 5650 734 5713 assequeris.
765 5649 890 5705 Ideo
925 5667 1025 5708 nec
1058 5656 1288 5709 lliOI‘CI‘iS

2747 5286 2862 5343 Ode
2890 5288 2979 5344 ill.

2155 5372 2356 5427 Natura
2386 5384 2572 5431 nostra
2595 5379 2846 5446 primaava
2875 5381 3332 5448 praevaricatione
3359 5385 3648 5441 vulnerata

2084 5474 2188 5520 est.
2238 5465 2600 5523 Nihilominus
2635 5469 2775 5524 Deus
2801 5470 2912 5535 ille,
2943 5472 3032 5524 cui
3087 5481 3166 5538 tu,
3218 5473 3423 5537 Puella,
3476 5475 3648 5531 Mater

2083 5571 2165 5620 cs,
2216 5558 2387 5610 multa
2431 5559 2860 5615 misericorditer
2898 5575 3092 5629 passus
3126 5572 3178 5618 et
3209 5565 3504 5620 cruciﬁxus
3535 5568 3646 5635 jam

2083 5655 2241 5702 antea
2298 5649 2471 5718 ipsam
2507 5666 2540 5706 a
2575 5651 2931 5721 corruptione
2990 5661 3044 5706 et
3106 5651 3324 5709 inferno
3372 5655 3644 5715 liberavit.
