4144 6282
526 299 626 363 109

1681 311 1935 374 CANON
1981 313 2634 378 DEPRECATUitiUS.

3682 333 3784 392 lli.)

525 420 708 472 Eidem
739 430 868 488 ergo
915 437 1056 476 nunc
1097 426 1362 494 supplica,
1395 435 1452 484 ut
1516 426 1705 484 liberet
1739 438 1806 486 ab
1839 437 2084 495 hostibus
2131 440 2172 494 A
2212 439 2488 492 nzultoties
2526 440 2687 493 Deum
2743 448 3224 511 commoverimus,
3290 465 3520 521 quantas
3586 474 3777 528 pmnas

522 519 572 563 te
603 510 830 564 fideliter
859 513 1160 569 laudantes.

1183 605 1297 661 Ode
1328 608 1418 661 IV.

590 693 876 750 Sescentis
907 697 1188 750 erroribus
1221 699 1408 753 lassati
1458 703 1510 754 in
1541 706 1708 758 altum
1747 722 1912 776 caput
1944 713 2077 764 sub-

519 787 697 838 levare
717 787 936 840 omnino
953 802 1060 840 non
1084 803 1400 856 possumus.
1427 791 1506 845 Tu
1532 809 1680 864 ergo,
1705 813 1736 850 o
1759 802 2073 868 purissima,

520 879 626 932 Deo
649 880 917 933 ferventer
954 882 1197 949 supplica
1230 897 1326 950 pro
1365 885 1544 940 nobis.

585 971 768 1023 Coetus
810 977 862 1024 te
909 970 1272 1039 laudantium,
1301 989 1331 1027 ο
1368 977 1748 1045 mundissima,
1794 984 1860 1036 ad
1918 996 2070 1039 tuum

512 1060 773 1129 templum
809 1061 1042 1114 fideliter
1071 1075 1444 1128 accurrentes,
1478 1076 1643 1138 atque
1699 1073 2068 1142 ingruentium

510 1153 878 1204 calamitatum
951 1153 1422 1223 propulsationem
1502 1175 1880 1230 exposcentes,
1947 1185 2068 1236 spes

508 1253 639 1294 suas
670 1253 1056 1309 assequantur.

577 1330 922 1401 [inpossibile
949 1350 1051 1401 est,
1081 1354 1113 1392 ο
1159 1340 1532 1405 immaculata,
1567 1345 1882 1410 praesidium
1913 1358 2063 1401 tuum

507 1423 844 1487 invocantes,
874 1427 1027 1480 irrito
1069 1438 1193 1482 voto
1227 1430 1518 1485 frustratos
1538 1436 1755 1503 reverti.
1777 1435 2060 1499 Quamob-

507 1525 621 1569 rem
658 1526 782 1573 ante
808 1526 859 1573 te
895 1521 1267 1588 procidentes,
1310 1525 1363 1573 te
1396 1521 1581 1576 fideles
1611 1537 1885 1592 rogamus,
1925 1538 1981 1577 ut
2012 1529 2076 1578 ab

503 1605 755 1663 hostibus
786 1611 993 1664 nostris
1025 1611 1378 1666 redimamur.

2212 533 2339 582 dare
2383 534 2621 599 oportet!
2664 532 2768 586 Sed
2801 535 3000 589 liberes
3033 547 3087 591 tu
3123 557 3243 595 nos.

2281 617 2388 672 Nec
2428 623 2708 688 propheta,
2745 640 2843 678 nec
2900 630 3175 700 princeps,
3208 652 3308 689 nec
3352 639 3456 692 dua
3512 644 3770 698 auxiliari

2211 711 2363 762 nobis
2393 712 2552 765 bodic
2586 724 2783 781 potest,
2819 733 2915 770 nec
2955 722 3096 776 ullus
3124 735 3227 785 est.
3268 731 3358 795 qui
3399 733 3649 787 cohibeat
3684 752 3771 790 res

2207 803 2488 867 adversas,
2513 819 2706 858 omnes
2745 809 2890 859 enim
2925 809 3032 864 Deo
3081 826 3207 868 sunt
3242 821 3464 874 obnoxii
3499 826 3766 881 criminis.

2203 894 2246 943 Ο
2274 909 2435 960 quam
2466 912 2659 964 graves
2695 912 2882 966 pinnas
2917 916 3231 970 exspectare
3265 925 3477 979 aequum
3512 925 3617 981 est,
3662 921 3765 972 nisi

2202 993 2281 1045 tu,
2320 999 2350 1035 o
2385 986 2695 1051 purissima,
2739 992 3017 1059 praeripias
3048 996 3060 1047 !

2273 1071 2493 1142 Mystice
2521 1090 2618 1128 nos
2645 1075 2909 1144 baptisma
2961 1097 2989 1133 e
3046 1086 3218 1140 servis
3251 1091 3407 1144 malis
3437 1092 3526 1146 Dei
3560 1110 3759 1162 pueros

2198 1161 2396 1226 effecit,
2435 1174 2712 1230 peccatum
2746 1177 2927 1223 tamen
2967 1172 3220 1229 fiduciam
3256 1195 3354 1234 nos
3388 1161 3591 1238 habere
3647 1203 3756 1240 non

2200 1255 2352 1306 sinit.
2391 1255 2706 1324 Propterea,
2740 1275 2770 1311 ο
2800 1264 3172 1330 sanctissima,
3211 1272 3578 1328 calamitatum
3615 1282 3757 1331 mul-

2201 1343 2430 1397 titudine
2462 1347 2831 1402 circumdatos
2866 1352 3358 1415 intercessionibus
3388 1365 3494 1417 tuis
3533 1367 3720 1420 libera.

2270 1431 2621 1502 Nequaquam
2651 1451 2916 1508 praecepta
2941 1444 3051 1507 Dei,
3075 1451 3316 1504 omnium
3339 1452 3624 1525 Principis,
3643 1473 3756 1514 ser-

2197 1524 2466 1584 vavimus,
2497 1541 2528 1578 ο
2558 1530 2850 1593 purissima
2880 1548 2894 1594 ;
2935 1536 3174 1604 undique
3226 1540 3390 1608 igitur
3424 1524 3616 1599 contra
3654 1563 3756 1600 nos

2198 1613 2300 1665 hoc
2341 1615 2729 1679 adversitatum
2794 1621 3063 1678 flammam
3107 1631 3475 1685 vehementem
3530 1637 3752 1692 excitat.

574 1695 833 1752 Plurimis
887 1700 1078 1768 gratiis
1133 1700 1242 1753 tuis
1294 1708 1450 1753 antea
1514 1700 1693 1768 potiti,
1739 1717 1771 1755 ο
1825 1702 2072 1770 Deipara,

2199 1717 2304 1773 Sed
2345 1718 2454 1773 tuis
2507 1718 2575 1772 ad
2618 1718 2812 1773 Filium
2847 1728 2998 1772 tuum
3055 1721 3306 1789 precibus
3361 1721 3506 1773 illam
3553 1720 3762 1774 exstin-

503 1787 614 1840 Ave
643 1788 740 1842 tibi
765 1791 1134 1844 acclamamus
1204 1802 1363 1860 teque
1392 1793 1773 1855 obsecramus,
1807 1807 1838 1846 ο
1868 1795 2075 1862 glorio-

504 1877 746 1945 sissima,
781 1890 842 1934 ut
891 1871 1159 1936 adversus
1196 1883 1382 1938 hostes
1427 1893 1478 1935 te
1518 1882 1933 1948 inhonorantes,
1966 1886 2075 1938 tuis

501 1968 786 2025 victoriam
824 1972 1094 2044 largiaris.

1185 2085 1299 2140 Ode
1332 2087 1391 2138 ν.

573 2170 811 2241 Spiritus
845 2174 1065 2242 Quidcm
1091 2177 1243 2229 carni
1282 2177 1461 2241 malae,
1495 2193 1625 2232 caro
1653 2190 1832 2233 autem
1867 2182 2075 2248 passio-

501 2264 685 2329 nibus,
716 2265 820 2318 heu
846 2266 1002 2327 mihi,
1027 2269 1263 2334 turpiter
1284 2269 1530 2336 subjecta
1554 2281 1658 2333 est,
1683 2286 1713 2322 o
1735 2273 2068 2339 purissima:

503 2355 856 2421 quamobrem
889 2371 991 2409 nos
1022 2357 1076 2409 in
1116 2359 1382 2412 malorum
1420 2364 1716 2415 multorum
1753 2364 2078 2417 discrimine

503 2445 838 2499 constitutos
913 2447 1109 2513 libera,
1158 2447 1253 2502 Dei
1319 2449 1513 2512 Mater,
1587 2452 2079 2507 intercessionibus

506 2533 637 2586 tuis.

576 2625 789 2694 Corpus
819 2629 1060 2692 peccatis
1111 2630 1330 2700 plenum
1389 2643 1494 2696 est,
1540 2638 1719 2692 anima
1759 2655 1887 2695 vero
1921 2643 2079 2696 malis

507 2716 705 2784 gaudet
745 2734 760 2770 :
803 2733 1006 2784 sermo,
1060 2735 1175 2784 cor,
1214 2739 1370 2779 mens
1404 2727 1469 2780 ad
1519 2728 1702 2796 pejora
1745 2730 1991 2799 inclinat,
2025 2744 2080 2787 et

506 2817 652 2855 nunc
686 2803 738 2856 in
788 2805 955 2859 rebus
1007 2807 1345 2865 calamitosis
1407 2827 1710 2878 versamur,
1746 2826 1803 2871 tu
1844 2834 1994 2885 vero,
2041 2835 2074 2874 o

506 2892 691 2964 Virgo,
717 2897 787 2950 ab
826 2897 910 2951 bis
937 2899 1108 2954 libera
1138 2917 1328 2957 servos
1363 2913 1505 2960 tuos.

572 2985 876 3044 Prasvcniat
921 3006 1042 3055 nos,
1083 3007 1114 3046 ο
1144 2995 1285 3048 bona
1325 2994 1578 3062 Domina,
1641 3011 1900 3080 consueta
1949 3004 2067 3058 Filii

503 3077 582 3132 tui
644 3079 1001 3150 omniumque
1071 3083 1440 3144 Dominatoris
1492 3077 1890 3158 misericordia,
1955 3111 2077 3165 qua:

505 3168 733 3225 molesta
789 3172 974 3225 omnia
1028 3174 1187 3230 nobis
1228 3175 1490 3232 instantia
1531 3180 1788 3250 depellat,
1821 3195 1872 3238 et
1905 3185 2111 3252 libera,

505 3273 603 3313 nos
643 3261 712 3315 ab
753 3263 1062 3328 erroribus,
1098 3265 1592 3324 intercessionibus
1626 3273 1760 3329 tuis.

575 3347 680 3404 Res
709 3364 904 3419 graves
937 3353 1288 3407 multifariam
1319 3371 1466 3412 nunc
1518 3359 1680 3416 nobis
1737 3362 2072 3431 impendent.

508 3439 612 3492 llas
643 3449 696 3493 tu
731 3443 863 3505 cito,
889 3457 920 3496 ο
961 3443 1169 3510 Puella,
1204 3446 1412 3518 dissipa
1443 3449 1494 3502 in
1535 3466 1738 3507 morem
1771 3454 1928 3519 fumi,
1955 3471 2078 3509 ven-

506 3534 543 3582 ti
609 3534 949 3590 vehementis
1033 3535 1299 3606 impetum
1374 3541 1527 3595 nullo
1583 3543 1745 3598 modo
1801 3547 2079 3602 sustinere

508 3624 758 3680 valentis.

1175 3721 1289 3777 Ode
1327 3722 1420 3780 Vl.

581 3823 716 3881 Vitas
751 3832 1065 3896 commotio,
1095 3848 1128 3887 ο
1158 3833 1345 3904 Virgo,
1380 3838 1616 3893 animam
1640 3843 1850 3908 turbat,
1881 3847 2078 3899 turba-

509 3921 684 3972 tiones
712 3934 1107 3989 usquequaque
1163 3924 1413 3979 inferunt
1466 3928 1703 3982 difﬁcilia
1757 3933 1914 3987 nobis
1973 3935 2076 3988 hoc

505 4017 770 4076 tempore,
807 4009 920 4064 haec
948 4013 1278 4079 quantocius
1311 4017 1569 4083 precibus
1623 4020 1730 4074 tuis
1795 4025 2073 4092 propulsa.

503 4098 704 4152 Rerum
736 4100 1088 4155 molestarum
1124 4102 1326 4158 fluctus
1381 4107 1561 4159 navim
1591 4107 1738 4162 illam
1765 4112 2077 4182 demergere

488 4176 800 4253 minantur,
851 4195 1010 4260 cujus
1060 4199 1137 4254 tu,
1172 4192 1266 4247 Dei
1300 4193 1493 4257 Mater.
1531 4211 1692 4250 manu
1730 4207 1818 4254 tua
1870 4176 2074 4270 guber-

500 4281 694 4334 nacula
734 4283 1061 4348 moderaris,
1093 4283 1193 4338 hos
1225 4285 1391 4358 igitur
1423 4293 1628 4353 sterne,
1657 4296 1712 4343 et
1760 4297 2068 4364 tranquilli-
2098 4332 2137 4384 Β

501 4379 665 4417 tatem
690 4374 944 4417 “renibus
973 4375 1084 4417 tuin
1119 4377 1367 4417 ρηηρμδρ
2173 4362 2236 4417 pr

501 4379 665 4424 tatem
690 4374 944 4440 precibus
973 4375 1084 4430 tuis
1119 4377 1389 4431 concede.

568 4459 752 4515 Multis
816 4463 1075 4534 lacrymis
1133 4480 1274 4536 opus
1322 4468 1702 4541 est,oVirgo,
1757 4473 1916 4529 nobis
1974 4477 2066 4545 qui

501 4549 705 4605 Christi
740 4565 1007 4624 praecepta
1043 4558 1321 4625 aspernati
1375 4576 1589 4623 sumus,
1645 4573 1869 4634 propter
1923 4570 2065 4634 quod

501 4655 622 4694 cum
676 4641 842 4696 rebus
897 4643 1142 4698 sinistris
1186 4646 1476 4716 luctamur,
1511 4652 1580 4707 ab
1615 4652 1698 4708 bis
1729 4669 1832 4710 nos
1867 4658 2074 4712 redime

501 4730 568 4782 ad
601 4733 859 4798 optimam
897 4733 1020 4786 vita:
1057 4737 1328 4792 rationem
1355 4741 1676 4800 traducens.
2069 4777 2077 4795 .-

573 4819 630 4874 Si
664 4829 810 4886 tuos,
847 4837 882 4875 ο
915 4825 1291 4893 sanctissima,
1340 4846 1489 4886 nunc
1514 4834 1584 4888 ab
1625 4836 1878 4894 hostibus
1938 4840 2074 4894 libe-

501 4911 732 4976 raveris,
781 4911 914 4966 nihil
969 4914 1074 4968 erit
1138 4918 1311 4986 novi;
1354 4924 1528 4991 magis
1581 4934 1760 4981 autem
1822 4930 1930 4984 erit
1978 4939 2070 4986 tua

502 5011 656 5058 vetus
680 5005 1044 5071 consuetudo,
1074 5022 1106 5061 o
1135 5019 1320 5065 vertex
1357 5013 1650 5083 bonitatis;
1679 5017 1853 5073 abhis
1884 5021 2070 5092 itaque

503 5103 564 5148 ut
587 5095 886 5152 liberemur
906 5098 1160 5155 celeriter
1187 5101 1407 5172 largire.

1153 5213 1267 5270 Ode
1299 5213 1410 5270 Vll.

2195 1825 2348 1881 guas.

2839 1925 2951 1975 Ode
2993 1922 3128 1974 Vill.

2263 2035 2600 2090 Salvatorem
2662 2036 2845 2088 mundi
2879 2038 3158 2104 peperisti,
3192 2053 3223 2089 ο
3255 2036 3504 2098 Domina,
3554 2037 3756 2090 bonum

2193 2142 2256 2181 ac
2317 2128 2620 2182 beneficum
2673 2137 2722 2180 te
2778 2127 3229 2196 gloriﬁcautibus.
3279 2127 3430 2182 lluuc
3470 2143 3598 2197 ergo
3643 2127 3754 2195 jam

2192 2235 2351 2273 manu
2376 2235 2561 2282 exora,
2600 2230 2652 2271 ut
2687 2219 2754 2270 ab
2780 2205 3031 2285 itoslibus
3057 2220 3245 2272 liberet
3272 2230 3416 2284 tuos,
3439 2220 3564 2272 dum
3600 2220 3753 2272 multi

2185 2323 2400 2368 exstant.
2436 2314 2639 2367 fideles.

2260 2406 2430 2461 Filius
2482 2416 2629 2468 tuus,
2666 2421 2696 2458 ο
2747 2404 2933 2471 Virgo,
2971 2401 3218 2455 liberatit
3272 2410 3382 2454 tres
3436 2416 3633 2468 pueros
3687 2403 3754 2454 ab

2189 2497 2311 2564 igne
2339 2496 2716 2556 voracissimo,
2745 2495 2924 2546 omnia
2950 2492 3152 2559 quippe
3175 2500 3369 2557 potest.
3401 2490 3577 2560 Hujus
3609 2491 3755 2560 ejus-

2186 2585 2307 2636 dem
2339 2598 2500 2635 manu
2531 2583 2700 2636 libera
2731 2597 2828 2634 nos
2857 2596 3068 2643 omnes,
3099 2595 3129 2632 o
3151 2575 3360 2648 Sponsa
3381 2580 3498 2646 Dei,
3524 2597 3552 2633 a
3575 2583 3753 2651 gentis

2190 2674 2603 2727 immanissima:
2647 2675 2852 2725 furore.

2259 2767 2540 2836 Deus'per
2587 2766 2876 2834 plurimam
2943 2761 3374 2816 misericordiam
3431 2762 3750 2818 incarnatus

2184 2865 2266 2912 est
2299 2873 2360 2910 ex
2395 2866 2467 2918 te,
2494 2873 2528 2910 ο
2578 2855 2762 2908 Puella
2791 2855 3072 2908 universos
3102 2854 3314 2908 saltare
3353 2855 3563 2907 volens.
3592 2854 3749 2908 Hunc

2181 2964 2336 3012 vero,
2373 2963 2404 3002 ο
2424 2948 2737 3018 purissima,
2773 2945 3050 3000 erroribus
3082 2945 3284 3000 nostris
3305 2947 3596 3016 propitium
3622 2947 3747 3001 red-

2101 3018 2142 3072 C
2179 3041 2308 3095 dere
2339 3055 2521 3108 posse,
2555 3036 2940 3092 confidentiam
2983 3037 3147 3092 babes
3177 3054 3189 3090 :
3220 3038 3460 3092 accelera
3498 3039 3681 3110 igitur,
3714 3055 3747 3093 o
3801 3045 3811 3056 ‘

2179 3131 2273 3185 Dei
2299 3131 2488 3185 Mater.

2251 3222 2346 3276 Ille
2380 3236 2539 3290 quem
2593 3221 2849 3290 genuisti,
2904 3221 3080 3288 magis
3122 3221 3316 3288 gaudet
3363 3220 3569 3275 donare
3620 3237 3744 3291 gra-

2178 3313 2308 3365 tiam
2343 3327 2506 3381 quam
2558 3313 2618 3372 ii,
2670 3311 2873 3381 quibus
2937 3309 3052 3378 ipsa
3091 3309 3272 3376 datur,
3300 3312 3573 3380 gaudeant
3601 3313 3743 3364 acci-

2179 3420 2324 3472 pere.
2365 3402 2604 3456 Proinde
2630 3411 2684 3454 tu
2741 3402 2884 3470 apud
2922 3401 3074 3454 illum
3114 3415 3212 3470 pro
3263 3403 3423 3456 nobis
3475 3401 3745 3470 legatione

2175 3499 2406 3566 fungens
2462 3495 2716 3547 universa
2771 3491 3056 3561 expedias.
3112 3488 3280 3560 Perge
3311 3489 3517 3558 itaque,
3550 3506 3582 3545 ο
3616 3490 3740 3544 Dei-

2177 3602 2324 3656 para.

2837 3695 2951 3750 Ode
2982 3695 3072 3748 ΙΧ.

2247 3811 2436 3873 Deum,
2459 3824 2494 3862 o
2523 3807 2711 3876 Virgo,
2741 3809 3044 3860 secundum
3099 3821 3318 3859 carnem
3354 3805 3612 3874 genuisti,
3641 3808 3735 3875 qui

2174 3901 2336 3953 etiam
2381 3912 2478 3965 pro
2511 3898 2669 3950 nobis
2693 3896 3004 3949 voluntarie
3031 3910 3224 3964 passus
3261 3904 3364 3949 est.
3392 3894 3527 3949 Cum
3569 3898 3737 3950 susti-

2176 3992 2388 4043 nuisset
2446 3994 2624 4041 autem
2656 3994 2907 4051 mortem,
2956 3987 3147 4041 mortis
3177 3987 3412 4043 vinculis
3438 4003 3532 4042 eos
3555 3989 3736 4043 absol-

2174 4084 2249 4133 vit
2277 4082 2365 4148 qui
2392 4085 2548 4132 erant
2580 4077 2636 4131 in
2669 4076 2905 4131 inferno.
2947 4076 3085 4130 Huic
3123 4078 3289 4147 igitur
3321 4081 3571 4149 supplica
3609 4088 3667 4132 ut
3696 4081 3731 4134 ii

2174 4171 2264 4241 qui
2295 4180 2346 4225 te
2377 4169 2620 4230 laudant,
2652 4179 2680 4218 a
2717 4165 2880 4220 rebus
2905 4167 3145 4220 sinistris
3177 4170 3396 4222 valeant
3445 4171 3673 4224 exsolvi.

2241 4257 2530 4312 Hominum
2573 4270 2745 4324 genus
2795 4254 2905 4307 Deo
2963 4257 3227 4324 peccavit,
3259 4264 3313 4309 et
3361 4257 3535 4326 usque
3583 4274 3733 4312 nunc

2240 4348 2496 4410 ocedunt,
2537 4359 2570 4397 ο
2601 4343 3104 4408 intemeratissima,
3139 4341 3234 4398 sed
3267 4359 3374 4398 non
3396 4355 3525 4400 sunt
3555 4348 3733 4402 benti-

2173 4449 2301 4488 num
2329 4447 2544 4488 errores
2584 4430 2918 4500 bujusmodi,
2952 4436 3089 4500 ques
3125 4429 3218 4485 Dei
3268 4433 3491 4502 sanguis
3537 4449 3728 4490 eorum

2171 4528 2342 4596 gratia
2360 4524 2568 4580 effusus
2589 4523 2852 4576 mundare
2869 4537 2976 4576 non
3003 4532 3207 4590 posset.
3231 4523 3358 4579 Ideo
3383 4539 3529 4580 nunc
3549 4525 3726 4594 ipsum

2169 4632 2266 4686 pro
2297 4616 2475 4682 nobis,
2501 4629 2534 4668 ο
2558 4615 2808 4678 Domina,
2847 4629 3030 4668 exora.

2239 4708 2421 4763 lloStis
2456 4705 2670 4774 tyranni
2732 4705 2938 4774 antiqui
2989 4706 3282 4774 potentiam
3336 4707 3638 4778 disperdas,
3691 4729 3725 4765 ο

2168 4803 2484 4872 purissima,
2513 4798 2661 4854 velut
2697 4799 2913 4852 mollem
2941 4807 2993 4852 et
3020 4813 3270 4853 enervem
3307 4799 3719 4858 intercessioni-

2167 4894 2265 4948 bus
2301 4888 2434 4954 tuis,
2469 4898 2631 4956 atque
2677 4886 2826 4940 illius
2859 4883 3060 4940 fastum
3113 4885 3168 4940 in
3217 4887 3386 4941 altum
3447 4890 3718 4944 sublatum

2162 4980 2406 5050 dejicias,
2442 4991 2475 5032 o
2524 4975 2704 5045 Virgo,
2746 4982 2981 5044 tuosque
3027 4990 3211 5032 servos
3237 4992 3362 5032 cum
3399 4979 3563 5034 rebus
3596 4995 3720 5048 gra—

2164 5065 2642 5120 vibusiunumeris
2674 5065 2942 5118 luctantes
2972 5063 3233 5118 velociter
3271 5064 3469 5120 invise.

2231 5157 2336 5211 Eos
2363 5156 2455 5224 qui
2486 5169 2586 5209 nos
2623 5154 2723 5208 hoc
2773 5161 3016 5222 tempore
3065 5161 3291 5220 terrent,
3325 5171 3356 5207 ο
3399 5155 3712 5224 purissima.

2161 5261 2215 5302 tu
2244 5250 2486 5317 trepidos
2515 5262 2578 5300 ac
2619 5246 2839 5300 timidos
2873 5247 2927 5299 in
2964 5247 3146 5316 fugam
3191 5247 3401 5316 conjice
3431 5255 3485 5300 et
3517 5247 3709 5299 borum

573 5319 755 5375 Unum
783 5323 1056 5392 quoddam
1081 5335 1414 5398 prmeeptum
1447 5336 1828 5402 transgressus
1859 5347 1967 5400 est,
1993 5356 2069 5392 va:
2163 5354 2476 5409 prosperum
2510 5353 2729 5391 cursum
2765 5337 2881 5406 ipsa
2934 5353 3139 5392 reseca.
3183 5335 3258 5390 Da
3300 5347 3478 5391 autem
3509 5337 3708 5406 populo

501 5413 688 5478 nobis,
727 5427 760 5468 ο
791 5412 1038 5481 Domina,
1076 5417 1286 5486 primus
1336 5430 1490 5488 pater
1515 5421 1709 5488 Adam,
1738 5433 1793 5478 et
1820 5425 1946 5481 facti
1981 5431 2066 5483 sui

437 5543 447 5555 κ
503 5518 715 5572 pinnam
784 5506 972 5564 statim
1027 5507 1174 5563 dedit
1234 5508 1366 5564 Deo.
1426 5509 1560 5567 Cum
1627 5529 1756 5570 vero
1818 5517 1883 5572 ad
1930 5519 2064 5574 iram

2159 5440 2277 5495 tuo,
2325 5441 2381 5484 ut
2415 5439 2654 5484 statuere
2703 5431 2877 5498 possit
2933 5444 2998 5482 ex
3052 5429 3185 5496 ipsis
3232 5439 3451 5494 tropa‘a,
3492 5437 3548 5480 ut
3577 5425 3706 5479 olim

2170 5518 2474 5588 majoribus
2534 5523 2736 5577 nostris
2763 5531 3005 5582 statuere
3029 5524 3248 5579 dedisti.

1937 5704 2305 5727 m-
