4144 6282
651 381 754 444 ῙΪἾ

1797 392 2063 452 ΜΛΝΗΕ
2078 392 2191 450 LIS
2238 389 2324 447 ΡΑ
2341 392 2684 452 LAZOLOGI

3809 405 3907 467 ιειε

655 508 735 551 ter
769 495 1091 555 charissime
1121 519 1134 556 :
1174 514 1225 558 et
1252 503 1373 561 illos
1403 507 1622 570 docere,
1658 509 1746 576 qui
1780 509 1963 576 priore
2006 509 2060 560 in
2098 522 2222 560 sen-

2334 508 2644 574 περίεργον·
2671 509 2763 560 καὶ
2790 507 2847 561 τὸ
2867 509 3146 564 διδάσκειν
3167 512 3427 580 ἐκείνους,
3452 512 3502 567 οἳ
3527 517 3640 578 ταῖς
3661 519 3907 586 πρόσθ-ν

656 589 844 654 tentia,
873 593 1034 645 etiam
1068 604 1357 664 postquam
1396 598 1650 652 falsitatis
1680 602 1931 654 convicta
1958 610 2060 664 est,
2096 615 2224 666 per-

655 691 895 742 manent,
922 686 1300 744 vanissinmm.
1342 689 1496 744 Unde
1529 692 1786 745 stolidum
1821 695 2225 760 quodammodo

653 772 824 842 videri
858 777 1050 842 possit,
1086 792 1210 832 cum
1249 781 1583 848 quibuslibet
1616 785 1679 838 de
1705 783 2004 838 Turcarum
2041 788 2227 840 inlide-

653 862 802 916 litate
830 865 916 918 vt-l
942 865 1082 921 falso
1138 870 1413 924 nominata
1465 872 1566 926 ﬁde
1604 876 1866 944 colloqui.
1908 877 2146 940 Etenim,
2179 878 2225 932 si

653 951 777 1017 quis
806 952 870 1004 de
903 953 1002 1006 ista
1047 969 1170 1009 cum
1207 957 1308 1025 piis
1354 968 1498 1026 agat,
1524 977 1646 1015 cum
1687 963 1753 1016 iis
1779 964 1980 1030 quibus
2005 981 2228 1034 persua-

653 1056 773 1094 sum
811 1051 896 1097 est
946 1045 1291 1114 colloquetur
1349 1067 1364 1103 :
1417 1051 1498 1103 sin
1536 1067 1666 1106 vero
1703 1069 1826 1107 cum
1877 1055 2059 1124 impiis
2095 1058 2223 1123 illis,

655 1147 758 1185 non
792 1135 1170 1202 persuadebis,
1208 1140 1420 1195 etiamsi
1452 1147 1814 1211 persuaseris,
1855 1156 1912 1200 ut
1945 1150 2017 1200 ait
2045 1150 2228 1204 Comi-

654 1238 774 1276 cus.
807 1221 940 1278 Nam
969 1230 1162 1292 errori,
1199 1232 1284 1282 cui
1323 1247 1441 1286 sese
1478 1235 1723 1290 volentes
1749 1239 1850 1305 ipsi
1879 1238 2224 1306 dediderunt,

652 1317 955 1383 adhaerent,
981 1329 1041 1374 ut
1084 1324 1262 1393 polypi
1305 1327 1494 1394 petris.
1526 1329 1579 1383 ld
1607 1347 1730 1385 cum
1760 1348 1822 1388 ex
1860 1335 2046 1391 multis
2085 1353 2228 1392 sem-

654 1424 750 1476 per
785 1411 1084 1478 audissem,
1121 1431 1293 1484 nuper
1321 1417 1435 1488 ipsa
1461 1421 1641 1474 rerum
1670 1427 2006 1493 experientia
2042 1429 2226 1485 videre

655 1500 786 1552 mihi
823 1504 1072 1574 contigit.
1126 1505 1260 1559 Cum
1301 1509 1468 1575 enim,
1511 1513 1653 1580 quod
1705 1517 1870 1570 rebus
1919 1521 2122 1576 nostris
2153 1523 2226 1577 ita

653 1594 964 1649 conducere
1037 1600 1212 1664 magis
1272 1601 1579 1668 videbatur,
1641 1608 1904 1662 auxilium
1962 1613 2225 1670 adversus

653 1679 884 1750 Scythas
914 1685 988 1738 illi
1010 1685 1231 1755 ferrem,
1252 1691 1343 1758 qui
1364 1694 1650 1761 acquisitis
1678 1705 1790 1750 tum
1817 1709 2008 1754 nostro
2039 1703 2226 1758 labere

653 1781 708 1832 et
766 1775 1012 1839 periculo
1049 1779 1246 1846 opibus
1279 1791 1470 1837 contra
1513 1801 1610 1841 nos
1662 1803 1809 1843 nunc
1844 1794 2014 1846 utitur
2047 1812 2060 1847 :
2099 1803 2228 1850 tunc

654 1862 822 1930 igitur
875 1872 1106 1936 Ancyra:
1153 1872 1203 1925 in
1263 1874 1397 1929 urbe
1426 1877 1556 1930 olim
1591 1879 1809 1947 quidem
1862 1885 2054 1947 nobili,
2085 1903 2229 1944 nunc

654 1968 783 2009 vero
825 1975 931 2012 non
973 1961 1122 2026 item,
1164 1967 1364 2036 quippe
1408 1985 1530 2039 quae
1586 1972 1659 2025 sit
1722 1974 2018 2043 impietatis
2051 1978 2224 2046 dives,

653 2050 745 2103 ubi
777 2051 982 2110 diutius
1034 2061 1366 2114 commorari
1417 2064 1731 2132 Oportebat,
1793 2083 1957 2122 senex
2009 2086 2094 2123 me
2133 2072 2231 2126 ho-

654 2141 822 2207 spitio
848 2148 1083 2213 excepit,
1111 2151 1203 2218 qui
1233 2156 1482 2219 quamvis
1512 2157 1622 2224 ipse
1642 2161 1802 2211 etiam
1831 2177 2020 2216 recens
2046 2180 2233 2219 acces-

655 2232 820 2288 sisset
849 2237 1069 2307 (quippe
1107 2241 1385 2312 Babylone
1425 2254 1538 2298 tum
1608 2257 1852 2318 venerat)
1889 2292 1904 2317 ,
1931 2268 2124 2322 magna
2153 2266 2231 2309 ta-

655 2339 779 2377 men
814 2326 867 2379 in
903 2331 1102 2396 oppido
1154 2341 1270 2386 erat
1303 2336 1586 2404 dignitate.
1648 2340 1782 2394 Nam
1829 2346 2135 2411 pendebant
2165 2365 2229 2404 ex

653 2416 774 2484 ejus
795 2431 891 2473 ore
917 2421 1232 2493 quicunque
1273 2425 1486 2495 jndiees
1551 2443 1731 2495 erant,
1768 2443 1821 2486 et
1862 2437 2102 2502 ipsorum
2144 2457 2232 2494 sa-

653 2511 874 2576 pientiae
905 2515 1174 2584 magistri.
1206 2520 1253 2574 Is
1291 2520 1559 2580 Muderris
1598 2529 1940 2585 vocabatur:
1982 2533 2087 2589 hoc
2131 2551 2230 2588 n0-

655 2619 778 2659 men
818 2617 902 2663 est
950 2611 1307 2677 praesidentia;
1337 2628 1390 2671 et
1445 2617 1695 2675 honoris.
1733 2624 1946 2693 itaque,
1982 2643 2077 2695 per
2119 2630 2232 2683 hie-

655 2713 798 2751 mem
827 2701 999 2755 otium
1025 2714 1240 2768 nactus,
1268 2706 1320 2759 in
1355 2709 1579 2763 multam
1605 2727 1746 2780 saepe
1774 2727 1984 2770 noctem
2018 2736 2140 2771 cum
2169 2736 2232 2775 eo

654 2795 1007 2864 colloquebar
1038 2803 1220 2868 :quod
1251 2811 1306 2855 ut
1330 2801 1575 2858 .l‘acerem
1605 2807 1721 2876 ipse
1757 2825 1840 2862 me
1874 2813 2114 2880 regabat,
2136 2831 2234 2867 au-

656 2884 838 2938 diendi
866 2889 1167 2944 studiosus.
1195 2893 1328 2946 Erat
1367 2907 1547 2951 autem
1582 2901 1663 2952 vir
1690 2901 1884 2968 hortus,
1921 2915 1979 2956 ιιι
2011 2907 2234 2959 videba-

657 2984 782 3028 tur:
823 2992 923 3032 nec
945 2980 1091 3033 enim
1131 2986 1486 3040 contentione
1537 2991 1825 3055 gaudebat,
1863 2993 1957 3047 Sed
1997 3011 2122 3049 vera
2153 2998 2232 3050 di-

655 3069 822 3130 centi,
855 3070 1071 3124 etiamsi
1121 3089 1228 3126 non
1284 3075 1355 3129 ita
1385 3078 1542 3132 facile
1578 3083 1722 3148 (nam
1758 3085 2063 3153 anticipate
2117 3089 2233 3157 opi-

658 3159 852 3213 niones
884 3162 1078 3215 mirum
1111 3173 1377 3234 quantum
1411 3167 1465 3222 in
1495 3173 1748 3228 omnibus
1781 3176 2066 3248 resistunt)
2096 3223 2108 3244 ,
2143 3197 2227 3236 as-
2258 3178 2303 3239 C

656 3247 993 3305 sentiebatur
1015 3259 1216 3307 tamen.

729 3340 778 3393 2.
824 3341 956 3396 Illud
992 3359 1121 3398 vero
1155 3347 1518 3405 admiratione
1551 3364 1638 3407 est
1666 3355 1911 3424 dignum,
1936 3364 2100 3430 quod,
2129 3367 2228 3420 etsi

657 3432 820 3489 dictis
845 3436 1180 3501 assentiens,
1208 3443 1406 3507 partim
1441 3454 1653 3510 sponte,
1682 3449 1879 3515 partim
1907 3452 2133 3521 invitus,
2159 3461 2231 3512 ob

655 3539 718 3579 ea
755 3541 876 3592 quae
905 3527 1260 3596 interroganti
1295 3536 1682 3600 respondebat,
1714 3539 1944 3595 ulterius
1975 3547 2228 3614 progredi

658 3617 845 3670 nollet.
878 3617 1013 3672 Nam
1055 3635 1245 3674 eorum
1285 3623 1530 3690 quidem,
1571 3642 1690 3695 quae
1733 3628 2083 3697 dicebantur,
2117 3652 2232 3690 ma-

657 3723 761 3776 gna
794 3723 916 3762 eum
944 3710 1162 3763 tenebat
1180 3711 1492 3778 admiratio,
1517 3717 1751 3784 plusque
1775 3723 2025 3790 capiebat
2044 3727 2228 3794 gaudii

659 3816 783 3864 vera
807 3801 1227 3871 discens,quam
1252 3803 1427 3860 vietus
1457 3809 1730 3865 mearet-is.
1760 3811 1863 3866 Sed
1895 3830 2014 3882 quae
2042 3817 2230 3872 mirari

660 3894 1008 3964 dignabatur,
1046 3895 1298 3964 amplecti
1325 3911 1385 3950 ea
1412 3913 1519 3952 non
1552 3903 1854 3958 sustinebat
1881 3923 1893 3959 :
1917 3906 2233 3976 religiones-

659 4002 766 4055 que
798 4002 925 4042 suas
974 4003 1083 4042 non
1126 3989 1281 4042 valde
1319 3989 1606 4047 videbatur
1636 3996 1920 4064 admirari,
1963 4007 2015 4053 et
2049 4009 2229 4056 tamen

659 4081 863 4132 malum
902 4082 1163 4137 daemonis
1201 4084 1508 4154 depositum
1546 4089 1904 4146 nihilominus
1953 4095 2231 4149 custodire

661 4171 935 4227 studebat.
956 4171 1190 4239 Etenim,
1224 4175 1442 4246 Opinor,
1476 4178 1924 4234 absurdissimam
1961 4199 2081 4237 esse
2113 4200 2228 4238 rem

661 4264 906 4334 putabat,
944 4265 997 4318 in
1035 4274 1180 4320 tanta
1229 4279 1505 4323 senectute
1539 4281 1852 4341 naturaeque
1885 4274 2230 4328 decrementa

659 4371 688 4408 a
722 4357 894 4424 prima
917 4355 1195 4425 impietate
1229 4359 1557 4414 desciscere.
1583 4361 1723 4426 Quin
1759 4363 1921 4416 etiam
1950 4364 1993 4416 si
2017 4380 2230 4418 sermo-

665 4448 750 4500 nis
827 4448 997 4502 nostri
1051 4447 1211 4502 ﬁnem
1265 4449 1333 4503 ab
1370 4450 1489 4519 ipso
1528 4454 1710 4506 statim
1754 4454 1938 4517 initio,
1986 4455 2229 4524 ipsisque

2262 1831 2309 1892 B

2327 599 2558 661 ἐννοίαις
2601 600 2903 666 ἐμμένουσι
2933 604 3023 654 καὶ
3064 605 3199 671 μετὰ
3245 605 3302 657 τὸ
3340 608 3538 670 ταύτας
3575 609 3908 679 ἐλεγχθῆναι,

2325 691 2560 757 ψευδεῖς,
2595 692 2718 744 λίαν
2752 695 3002 760 μάταιον.
3025 696 3188 748 Ὅθεν
3213 697 3516 752 κινδυνεύει
3547 719 3656 762 πως
3686 705 3910 756 ἀϐέλτε-

2332 797 2423 846 ρον
2457 777 2597 834 εἷναι
2637 784 2836 848 δοκεῖν,
2868 787 3193 841 οἱστισινοῦν
3240 790 3585 856 διαλέγεσθαι
3637 795 3772 860 περὶ
3813 799 3908 860 τῆς

2325 875 2434 925 τῶν
2494 875 2753 944 Τούρκων
2805 878 3065 943 ἀπιστίας
3131 881 3163 949 ἢ
3221 882 3578 950 ψευδωνύμου
3637 889 3905 949 πίστεως.

2330 964 2452 1017 Εἴτε
2506 969 2611 1036 γὰρ
2663 969 2912 1021 εὐσεϐέσι
2964 988 3046 1031 τις
3104 974 3231 1041 περὶ
3275 979 3501 1044 ταυτησὶ
3561 977 3905 1044 διαλέγοιτο,

2331 1060 2720 1126 πεπεισμένοις
2744 1060 2808 1112 ἂν
2832 1061 3150 1130 διαλέγοιτο·
3173 1065 3278 1117 εἴτε
3303 1067 3542 1118 τουτοισὶ
3563 1071 3674 1130 τοῖς
3702 1070 3904 1134 ἀθέοις,

2327 1145 2386 1195 οὐ
2424 1146 2653 1208 πείσεις,
2699 1148 2805 1199 οὐδ’
2844 1149 2910 1216 ἢν
2966 1153 3180 1221 πείσῃς,
3227 1157 3389 1221 φησὶν
3421 1157 3448 1208 ό
3503 1159 3764 1224 Κωμικᾶς
3806 1162 3902 1229 (1)-

2333 1235 2584 1301 Ἔχονται
2631 1237 2736 1306 γὰρ
2782 1239 2879 1308 τῆς
2921 1241 3153 1310 ἀπάτης,
3262 1247 3401 1314 σφᾶς
3451 1247 3644 1310 αὐτοὺς
3682 1251 3907 1313 ἑκόντες

2327 1325 2601 1390 ἐξέδοσαν,
2651 1331 2899 1400 καθάπερ
2936 1334 2983 1384 οἱ
3036 1335 3337 1399 πολύποδες
3391 1339 3497 1390 τῶν
3551 1343 3773 1409 πετρῶν
3808 1343 3906 1408 (Ξ).

2327 1419 2500 1472 Τοῦτο
2525 1419 2580 1473 δὲ
2624 1422 2835 1476 πολλῶν
2872 1424 2970 1491 μὲν
2989 1426 3081 1476 ἀεὶ
3109 1425 3374 1492 λεγόντων
3406 1432 3640 1499 ἀκήκοα,
3672 1433 3907 1502 ἔναγχος

2325 1507 2382 1560 δέ
2435 1527 2523 1578 μοι
2576 1512 2769 1580 ξυνέϐη
2823 1514 2915 1565 καὶ
2957 1515 3124 1586 πείρᾳ
3175 1518 3322 1570 ίδεῖν.
3352 1520 3480 1572 ’Ὀτε
3534 1523 3642 1587 γάρ
3676 1523 3906 1591 ἄμεινον

2329 1595 2464 1650 εἶναι
2497 1600 2678 1666 δόξαν,
2706 1603 2849 1656 κατὰ
2891 1604 3000 1659 τῶν
3048 1607 3272 1659 Σκυθῶν
3313 1611 3656 1680 συνεμάχουν
3696 1612 3779 1681 τῷ
3817 1614 3906 1665 καὶ

2328 1689 2514 1750 αὐτοῖς
2561 1689 2624 1760 δὴ
2671 1695 2882 1756 τούτοις
2937 1697 3059 1750 καθ’
3091 1698 3246 1767 ἡμῶν
3294 1699 3388 1751 νῦν
3442 1703 3738 1772 χρωμένῳ,
3780 1703 3814 1756 ά
3849 1704 3908 1755 τὸ

2335 1782 2636 1848 τηνικαῦτα
2662 1784 2842 1848 πόνοις
2872 1788 3156 1857 ήμετέροις
3183 1792 3276 1843 καὶ
3306 1792 3572 1855 κινδύνοις
3599 1798 3908 1862 προσεκτή-

2339 1888 2485 1925 σατο’
2519 1873 2638 1926 τότε
2671 1876 2850 1928 τοίνυν
2881 1879 2940 1930 ὲν
2978 1881 3242 1951 Ἀγκύρᾳ,
3270 1887 3332 1952 τῇ
3370 1901 3496 1936 ποτε
3539 1886 3636 1954 μὲν
3671 1890 3906 1955 εὐγενεῖ,

2332 1963 2426 2016 νῦν
2458 1963 2503 2016 δ’
2533 1967 2634 2018 οὐκ
2684 1967 2784 2032 ἔτι,
2820 1970 3073 2023 ἀσέϐειαν
3126 1973 3452 2045 πλουτούσῃ,
3487 1977 3689 2042 δεῆσαν
3747 1978 3908 2031 αὐτοῦ

2331 2057 2612 2127 διατρίψαι
2665 2062 2856 2129 χρόνον
2909 2064 2968 2113 οὐ
3022 2064 3162 2116 πάνυ
3219 2064 3448 2135 βραχὺν,
3499 2068 3690 2138 ἔτυχον
3749 2072 3908 2130 αὐτὸς

2335 2149 2600 2212 ξενισθεὶς
2645 2155 2795 2219 παρὰ
2839 2154 3057 2221 γέροντε
3092 2172 3218 2221 τινι,
3267 2159 3480 2226 νεήλυδι
3517 2161 3616 2226 μὲν
3668 2163 3757 2229 (ὲκ
3804 2162 3908 2228 γὰρ

2334 2239 2652 2304 Βαϐυλῶνος
2687 2243 2807 2295 τότε
2840 2245 3060 2312 ἀφῖκτο)
3099 2248 3260 2316 τιμῆς
3292 2250 3338 2300 δ’
3370 2251 3446 2319 (5)
3484 2252 3649 2303 αὐτοῦ
3682 2269 3910 2320 τετυχη-

2334 2328 2453 2380 κότι
2485 2328 2582 2396 τῆς
2634 2329 2900 2398 μείζονος.
2939 2334 3139 2387 Τούτου
3190 2338 3298 2407 γὰρ
3341 2340 3440 2407 τῆς
3470 2340 3717 2412 γλώττης
3752 2341 3910 2412 ἐξήρ-

2331 2435 2517 2488 τηντο,
2550 2421 2663 2474 ὅσοι
2703 2423 2977 2490 δικασταὶ,
3016 2429 3105 2479 καὶ
3143 2429 3256 2481 ὅσοι
3290 2431 3390 2498 τῆς
3431 2434 3549 2485 κατ’
3583 2435 3787 2498 αὐτοὺς
3821 2453 3908 2487 σο-

2335 2513 2461 2578 φίας
2494 2513 2826 2573 διδάσκαλοι.
2862 2520 3208 2591 Μουτερίζης
3247 2517 3400 2587 οὗτος
3440 2529 3904 2598 προσηγορεύετο·

2332 2605 2506 2672 ὄνομα
2538 2607 2593 2658 δὲ
2622 2607 2784 2661 τοῦτο
2817 2609 2917 2677 τῆς
2952 2613 3246 2680 προεδρίας
3285 2633 3341 2667 τε
3377 2617 3469 2668 καὶ
3502 2621 3687 2686 τιμῆς.
3722 2621 3909 2688 Τούτῳ

2334 2696 2644 2761 τοιγαροῦν,
2675 2699 2942 2765 χειμῶνος
2988 2702 3186 2772 σχολῆς
3220 2706 3537 2775 λαϐόμενος,
3570 2710 3761 2781 πόρρω
3807 2727 3907 2762 που

2335 2787 2546 2837 νυκτῶν
2592 2789 2849 2846 πολλάκις
2893 2791 3234 2864 διελεγόμην·
3265 2798 3449 2850 ἐδεῖτο·
3475 2801 3581 2870 γάρ
3615 2819 3720 2870 μου
3753 2801 3908 2854 τοῦτο

2337 2877 2529 2937 ποιεῖν,
2562 2879 2820 2946 φιλήκοος
2854 2880 2946 2935 ὢν.
2981 2883 3170 2954 Ἐῴκει
3209 2889 3252 2940 δ’
3278 2889 3384 2957 ἄρα
3421 2891 3749 2963 εὐγνώμονι·
3790 2893 3910 2946 οὐδὲ

2336 2965 2444 3032 γὰρ
2475 2966 2688 3036 ἔχαιρεν
2714 2970 2875 3039 ἔριδι,
2906 2974 3020 3027 ἀλλ’
3049 2979 3097 3028 εί
3129 2979 3221 3031 καὶ
3255 2981 3328 3048 μὴ
3360 2981 3559 3053 ῥᾳδίως
3585 2985 3750 3053 ἀληθε
3764 2989 3909 3038 ύοντι

2339 3058 2587 3112 ἐπείθετο
2614 3061 2691 3130 (at
2726 3063 2834 3133 γάρ
2868 3067 3164 3139 προλήψεις
3191 3071 3364 3126 δειναὶ
3390 3075 3643 3146 κατέχειν
3675 3079 3732 3130 ὲν
3769 3077 3910 3132 ᾶπα-

2338 3150 2463 3219 σιν),
2500 3153 2750 3207 ἐπείθετο
2774 3156 2819 3210 δ’
2843 3153 2957 3213 οὖν.

2413 3355 2476 3422 β’.
2517 3358 2581 3408 Ὃ
2609 3357 2664 3408 δὲ
2695 3357 2998 3426 θαυμάζειν
3039 3360 3210 3427 ἄξιον,
3244 3365 3348 3429 ὅτι,
3374 3366 3576 3434 καίπερ
3603 3371 3718 3433 τοῖς
3752 3373 3909 3440 λεγο-

2342 3447 2523 3514 μένοις
2567 3448 2867 3515 ὁμολογῶν,
2922 3450 2997 3518 πῆ
3053 3452 3151 3520 μὲν
3187 3451 3347 3517 ἑκὼν,
3390 3453 3466 3522 πῆ
3513 3454 3568 3507 δὲ
3611 3456 3790 3524 ἄκων,
3836 3455 3909 3522 οἷς

2339 3536 2694 3604 ἐρωτώμενος
2733 3539 3081 3608 ἀπεκρίνετο,
3130 3543 3441 3612 περαιτέρω
3479 3545 3766 3612 προελθεῖν
3816 3552 3908 3604 οὐκ

2338 3626 2614 3682 ἐϐούλετο.
2654 3630 2811 3681 Ἀλλὰ
2860 3632 3026 3694 πολὺς
3061 3633 3162 3700 μὲν
3208 3629 3274 3703 ἦν
3311 3635 3603 3705 θαυμάζων
3647 3641 3718 3692 τὰ
3753 3642 3910 3710 λεγό-

2341 3737 2501 3783 μενα,
2530 3721 2623 3773 καὶ
2654 3722 2856 3787 μᾶλλον
2886 3723 3046 3790 ἥδετο
3079 3725 3368 3793 μανθάνων
3396 3728 3626 3799 τάληθῆ,
3655 3731 3684 3800 ἢ
3716 3735 3907 3802 ἠνιᾶτο

2339 3813 2668 3882 ἡττώμενος.
2697 3817 2764 3868 ’Ἀ
2797 3818 2839 3870 δ’
2870 3813 2961 3870 οὖν
2998 3819 3298 3888 θαυμάζειν
3329 3821 3502 3891 ἠξίου,
3537 3826 3748 3888 τούτοις
3781 3846 3905 3880 συν-

2336 3906 2577 3960 τίθεσθαι
2599 3907 2699 3960 οὐκ
2721 3909 2985 3979 ἠνείχετο·
3008 3910 3122 3963 ἀλλ’
3142 3913 3351 3978 ἑωρᾶτο
3379 3915 3475 3983 μὲν
3498 3917 3630 3968 αὐτὸ
3654 3918 3712 3970 τὸ
3742 3918 3904 3977 σέϐας

2337 4001 2397 4054 οὐ
2431 4001 2570 4052 πάνυ
2595 4001 2910 4071 θαυμάζων,
2939 4003 3087 4056 οὐδὲν
3107 4005 3150 4056 δ’
3174 4002 3266 4058 οὖν
3288 4007 3436 4074 ὅμως
3459 4002 3620 4078 ⁴ἧττον
3647 4011 3739 4062 καὶ
3765 4009 3902 4079 μετά

2335 4090 2496 4143 τοῦτο
2527 4092 2624 4158 τὴν
2659 4094 2836 4160 κακὴν
2874 4093 2968 4146 τοῦ
3007 4094 3224 4148 Σατανᾶ
3259 4098 3550 4164 φυλάττειν
3587 4117 3904 4170 παρακατα-

2339 4181 2514 4250 θήκην
2547 4183 2864 4246 ὲσποέδαζε.
2895 4183 3012 4235 Τῶν
3043 4186 3413 4239 ἀτοπωτάτων
3438 4189 3568 4258 γὰρ,
3599 4189 3673 4252 ὠς
3701 4191 3895 4252 ἔοικεν,

2339 4273 2582 4337 ἐνόμιζεν
2615 4268 2776 4332 εἶναι,
2812 4275 2858 4324 εἰ
2893 4275 2951 4325 ὲν
3000 4275 3140 4327 οὕτω
3174 4276 3463 4345 βαθυτάτῳ
3493 4280 3570 4349 τῷ
3619 4281 3764 4351 γήρᾳ
3812 4278 3898 4331 καὶ

2336 4365 2403 4430 τῇ
2437 4363 2534 4430 τῆς
2562 4363 2774 4431 φύσεώς
2808 4368 3074 4435 παρακμῇ
3113 4369 3175 4420 ὲκ
3207 4367 3285 4437 (4)
3324 4373 3419 4440 τῆς
3451 4371 3675 4439 πρώτης
3714 4373 3896 4429 desint;

2337 4456 2584 4523 ἐκσταίη.
2615 4457 2722 4508 Καὶ
2764 4460 2813 4510 εί
2843 4458 2923 4510 δεῖ
2965 4478 3030 4526 με
3063 4462 3124 4513 τὸ
3171 4463 3341 4530 τέλος,
3375 4467 3458 4532 ἐφ’
3487 4459 3530 4532 ᾧ
3559 4468 3621 4533 δὴ
3656 4467 3756 4534 τῆς
3792 4468 3901 4517 δια-

662 4541 996 4606 carccribus,
1024 4552 1080 4596 ut
1108 4542 1279 4607 aiunt,
1300 4544 1482 4612 eloqui
1515 4555 1749 4612 oportet,
1783 4561 1893 4600 non
1925 4556 2095 4611 tanto,
2116 4549 2231 4616 opi-

2336 4547 2532 4613 λέξεως
2561 4548 2770 4617 ἔληξεν,
2821 4551 2980 4612 εὐθὺς
3031 4555 3092 4605 ὲκ
3139 4557 3439 4624 προοιμίων
3471 4558 3771 4626 ἀρχόμενον
3811 4555 3899 4608 καὶ

663 4650 782 4700 nor,
807 4634 1020 4689 tuendae
1038 4635 1318 4704 religionis
1333 4637 1920 4702 tenebaturdesiderio,
1942 4647 2228 4707 postquam

664 4727 876 4792 saltem,
907 4743 1027 4795 quae
1060 4725 1272 4789 didicit,
1304 4727 1607 4792 didicisset,
1648 4737 1854 4797 quanto
1887 4730 2228 4794 divitiarum,

664 4818 1094 4890 deliciarumque
1124 4830 1177 4874 et
1199 4820 1596 4890 prastigiarum
1638 4822 1762 4877 inde
1785 4821 2087 4887 ﬂuentium,
2112 4825 2233 4878 vin-

665 4911 792 4964 culo
823 4915 1316 4982 constringebatur.
1345 4912 1554 4978 Quibus
1587 4915 1750 4970 rebus
1783 4917 2077 4973 accedebat
2109 4931 2230 4974 mo-

671 5001 806 5054 lesta
837 5003 926 5055 illa
955 5005 1303 5069 verecundia,
1336 5021 1500 5074 quam
1533 5021 1632 5074 ego
1661 5007 2060 5076 intempestiva:
2105 5029 2237 5067 con-

669 5093 928 5146 tentionis
971 5105 1195 5149 matrem
1251 5096 1600 5164 potissimum
1645 5097 1905 5162 dixerim,
1976 5115 2237 5171 vanmque

674 5183 859 5249 gloria:
887 5184 1152 5255 deceptio,
1186 5202 1292 5256 qua
1335 5188 1469 5241 nihil
1495 5197 1577 5243 est
1617 5189 1850 5246 validius
1882 5192 1946 5246 ad
1978 5208 2240 5261 superan-

673 5274 802 5328 dum
839 5276 1081 5328 animum
1105 5292 1210 5330 non
1239 5289 1383 5333 recte
1417 5279 1794 5349 philosophari
1820 5281 2111 5339 scientem.
2147 5284 2243 5341 llis

677 5368 815 5424 adde
858 5383 1064 5434 mores,
1097 5369 1299 5438 quibus
1327 5381 1446 5426 erat
1485 5373 1805 5438 innutritus,
1846 5383 1900 5428 et
1933 5374 2236 5442 fortunam,

751 5533 828 5597 (Ι)
859 5532 1196 5605 Aristophan.
1230 5533 1396 5600 Plut.,
1417 5545 1520 5589 act.
1541 5536 1625 5596 11,
1645 5554 1718 5593 sc.
1746 5535 1807 5599 V,
1825 5555 1934 5590 vers
1953 5537 2076 5605 600,
2103 5542 2234 5594 edit.

678 5604 1158 5676 BruuckLArgattt.
1195 5606 1351 5676 1785,
1375 5607 1541 5676 iit-8.,
1573 5619 1612 5660 ι.
1638 5608 1675 5660 ί.
1709 5625 1828 5676 pag.
1863 5608 1987 5662 “259.

748 5676 824 5733 (ἓ)
867 5673 1074 5728 ΛΞΙὶιιη.
1112 5674 1231 5727 Var.
1270 5674 1410 5729 Ηὶςι..
1436 5675 1526 5727 lib.
1564 5677 1609 5738 l,
1636 5695 1676 5728 ε.
1711 5673 1796 5731 ἸῘ
1821 5679 1944 5733 edit.
1982 5679 2186 5734 Gronov
2223 5721 2235 5745 ,

684 5745 846 5809 Luq'l.
885 5745 1004 5797 "at.
1039 5745 1193 5802 ΠΜ,
1229 5749 1279 5798 in
1315 5748 1348 5799 4
1379 5785 1391 5802 ,
1416 5763 1537 5812 pars
1577 5747 1623 5798 I.
1660 5765 1708 5814 ρ.
1739 5751 1787 5801 ί.

755 5819 828 5885 t3)
865 5819 938 5868 (ἷι)
963 5820 993 5869 '.
1031 5817 1190 5870 (ἶυιδί.
1227 5817 1422 5871 Otttillit
1455 5817 1482 5870 δ

2338 4640 2446 4690 ἀπὸ
2485 4641 2748 4710 γραμμῆς
2786 4641 2860 4710 (ὃ)
2897 4643 2943 4708 (ὃ
2991 4646 3174 4714 φασιν)
3225 4645 3481 4709 ἐξειπεῖν’
3515 4650 3577 4701 οὐ
3629 4649 3898 4710 τοσοῦτον,

2338 4727 2515 4799 οἶμαι,
2573 4733 2670 4800 τῆς
2727 4736 3023 4801 θρησκείας
3058 4729 3212 4799 οὗτος
3270 4740 3608 4792 ἀντεποιεῖτο
3649 4741 3789 4809 μετὰ
3844 4737 3900 4788 τὸ

2344 4823 2558 4892 μαθεῖν,
2593 4823 2627 4878 ἆ
2661 4824 2736 4894 (6-)
2775 4827 3117 4894 μεμάθηκεν,
3160 4829 3284 4882 ὅσον
3322 4831 3602 4899 ὲδεσμεῖτο
3635 4833 3710 4902 τῷ
3741 4831 3899 4884 πλού-

2337 4933 2436 4984 τῳ,
2466 4915 2558 4967 καὶ
2601 4919 2717 4978 ταῖς
2744 4917 2850 4970 ἀπὸ
2890 4919 3078 4972 τούτου
3124 4923 3353 4991 τρυφαῖς
3393 4924 3485 4975 καὶ
3524 4925 3898 4992 μαγγανείαις.

2341 5008 2557 5076 Προσῆν
2581 5008 2639 5060 δὲ
2682 5009 2774 5060 καὶ
2816 5010 2876 5061 τὸ
2907 5012 3211 5080 πρόσαντες
3236 5013 3336 5081 τῆς
3376 5013 3661 5084 αἰσχύνης,
3689 5015 3756 5084 ἦν
3795 5013 3900 5080 ἐγὼ

2341 5100 2507 5167 φαίην
2541 5098 2605 5152 ἂν
2639 5099 2873 5167 μάλιστα
2911 5101 3128 5154 πάντων
3159 5098 3298 5156 εἶναι
3330 5103 3503 5174 ἔριδος
3535 5106 3764 5173 ἀκαίρου
3802 5120 3899 5174 μη·-

2341 5187 2497 5258 τέρα·
2528 5189 2619 5241 καὶ
2649 5190 2681 5258 ἡ
2716 5188 2824 5240 ἀπὸ
2857 5189 2954 5257 τῆς
2989 5191 3221 5259 ματαίας
3245 5191 3402 5260 δόξης
3429 5193 3634 5262 ἀπάτη,
3664 5186 3731 5261 ἦς
3754 5191 3899 5242 οὐδὲν

2341 5281 2642 5350 δεινότερον
2697 5276 3081 5350 περιγενέσθαι
3129 5282 3308 5353 ψυχῆς
3347 5285 3420 5354 μὴ
3472 5283 3652 5345 καλῶς
3707 5282 3900 5339 εἰδυίας

2347 5376 2680 5446 φιλοσοφεῖν.
2713 5377 2819 5430 Καὶ
2848 5377 2984 5446 πρός
3016 5393 3077 5444 γε
3113 5376 3212 5447 μὲν
3234 5377 3294 5430 τὺ
3325 5377 3619 5448 σύντροφον
3650 5376 3792 5440 ἔθος,
3813 5371 3898 5428 καὶ

2422 5543 2497 5608 (4)
2544 5542 2637 5594 Ἐκ
2670 5544 2819 5596 deest
2853 5544 2904 5595 in
2938 5542 2978 5597 C
3011 5543 3064 5597 ιι.
3101 5560 3213 5610 reg.

2419 5612 2856 5735 (i§)rf’7t'0t-erbior.
2893 5612 3104 5667 Erasm.
3149 5614 3378 5668 Chiliad.
3403 5614 3444 5680 l,
3481 5615 3633 5670 Cent.
3680 5631 3753 5678 \‘l,
3785 5629 3899 5681 pra-

2363 5700 2482 5735 ἐν».
2512 5703 2544 5733 θ
2591 5722 2600 5733 .

2347 5684 2482 5736 vcrb.
2512 5684 2600 5735 57.

2421 5754 2493 5822 (6)
2542 5755 2603 5804 "A
2643 5752 2788 5806 deest
2821 5753 2870 5805 in
2901 5753 3123 5807 Cnislitt.
