4144 6282
327 343 426 405 12‘.)

1375 346 1690 406 DI.\I.OGI
1724 347 1884 406 CUM
1926 347 2199 405 ΜΟΙΙΑΜ
2219 347 2482 409 ΕΤΑΝΟ.

3467 349 3572 417 I‘I‘O

324 461 400 519 τὺ,
434 460 492 511 τὸ
527 459 680 526 γένος
712 459 908 527 ἐκείνῳ
939 459 1039 528 μὲν
1073 459 1341 529 εὐτυχεῖν,
1377 461 1509 530 ἡμῖν
1547 461 1602 512 δε
1636 461 1730 514 νῦν
1763 460 1892 512 δυσ-

1998 476 2101 528 qua
2137 462 2311 529 gentis
2342 462 2489 515 illius
2523 461 2774 515 homines
2798 477 3052 531 prospera
3082 472 3450 529 utuntur,nos
3478 475 3572 518 ad.

327 554 576 620 πραγεῖν·
603 552 638 606 ἃ.
663 551 727 621 δὴ
762 552 940 605 πάντα
983 552 1082 620 τὴν
1128 551 1341 603 ἐκείνου
1368 552 1594 620 γνώμην
1625 551 1893 604 ἁνθεῖλκε.

325 649 528 716 Χεῖρας
559 646 668 713 γὰρ
700 647 795 698 καὶ
824 645 992 707 πόδας
1025 645 1121 714 (ὡς
1155 646 1221 697 ἂν
1263 645 1406 696 εἴποι
1436 643 1544 711 τις)
1587 644 1895 711 δεδεμένος,

321 740 434 800 τοῖς
471 737 807 806 εἰρημένοις,
837 729 911 790 ὧν
945 737 1042 804 μὲν
1068 735 1187 788 λίαν
1211 737 1480 804 κατέγνω,
1508 736 1718 794 τούτοις
1743 731 1899 797 αὖθις

323 830 603 898 ἐνέμενεν·
631 827 667 881 δι
697 829 739 880 δ’
763 827 950 898 ἐπῄνει
976 828 1092 888 πῶς
1119 829 1218 881 οἴει
1250 828 1348 897 (1),
1375 828 1469 880 καὶ
1498 827 1588 880 διὰ
1618 826 1898 897 θαύματος

322 915 446 988 ἦγε,
484 923 579 971 καὶ
615 919 714 984 τῆς
765 917 999 987 ἀληθοῦς
1041 919 1259 989 μερίδος
1313 920 1426 982 τοῖς
1477 919 1621 982 ὅλοις
1656 918 1896 987 νομίζων

327 1013 602 1079 ἐφαίνετο,
636 1009 722 1062 ἐπ’
753 1010 892 1062 αὐτὰ.
943 1009 1186 1078 βαδίζειν
1220 1011 1372 1079 ὅμως
1423 1012 1522 1080 οὐχ
1556 1009 1666 1074 οἷός
1696 1012 1743 1064 τ’
1776 1009 1842 1083 ἦν
1870 1015 1898 1064 ὀ

328 1104 573 1172 σχέτλιος
602 1102 804 1172 γέρων.
842 1102 934 1164 Ὠς
967 1101 1079 1172 γὰρ
1113 1101 1283 1164 ἔοικε,
1318 1105 1608 1174 κακοδοξίᾳ
1645 1105 1899 1169 καθάπαξ

324 1194 670 1264 αἰχμάλωτος
721 1191 984 1260 γεγονὼς,
1045 1194 1142 1264 οὐχ
1197 1194 1231 1248 ἃ
1295 1195 1576 1264 προείλετο
1635 1197 1896 1266 πράττειν

327 1289 514 1356 κύριος
538 1273 625 1354 ἦν·
658 1287 704 1338 εί
740 1284 793 1336 δὲ
828 1284 1035 1352 βούλει,
1074 1287 1173 1355 τῆς
1205 1287 1441 1354 ἀληθοῦς
1477 1287 1790 1358 ἐλευθερίας
1823 1287 1898 1357 μὴ

324 1378 677 1445 γεγευμένος,
711 1375 820 1427 οὐδ’
852 1375 975 1427 ὅσον
1004 1370 1071 1445 ἦν
1103 1377 1424 1444 γιγνόμενον
1459 1378 1558 1448 (‘2),
1588 1378 1697 1429 οὐδ’
1731 1379 1899 1445 ἐγγὺς

327 1469 507 1519 ποθῶν
545 1467 748 1536 ταύτην
779 1461 866 1538 ἧν.
895 1467 1079 1530 Ὅθεν,
1111 1469 1249 1537 ὅπερ
1292 1469 1462 1540 ἔφθην
1493 1468 1686 1531 εἰπὼν,
1722 1472 1904 1523 κινδυ-

325 1559 469 1610 νεύει
504 1559 700 1627 μικροῦ
749 1558 861 1611 δεῖν
892 1557 1085 1628 εὓηθες
1135 1556 1275 1612 εἶναι
1323 1561 1528 1622 δοκεῖν,
1558 1560 1898 1628 διαλέγεσθαι

327 1652 456 1719 περὶ
487 1653 584 1718 τῆς
617 1649 728 1702 τῶν
766 1648 1026 1718 Τούρκων
1056 1649 1313 1712 ἀσεϐείας
1345 1650 1438 1703 καὶ
1459 1651 1565 1703 τῶν
1594 1650 1723 1719 παρ’
1757 1650 1899 1702 ὲκεί-

326 1759 434 1802 νοις
483 1737 798 1810 δογμάτων,
834 1734 910 1794 ὧν
964 1739 1025 1792 τὸ
1082 1742 1333 1810 κρεῖττον
1380 1741 1462 1794 ὅτι
1521 1757 1628 1812 περ
1681 1741 1894 1808 γέλωτα

330 1835 632 1922 παρασχεῖν
668 1830 829 1885 ίκανά
867 1833 978 1896 τοῖς
1013 1831 1324 1887 ἀκούουσιν.

911 1946 1313 2001 ΠΡΟΟΙΜΙΟΝ.

395 2040 462 2094 α’.
499 2039 570 2092 Τδ
602 2037 704 2109 μὲν
734 2034 828 2093 οὖν
853 2038 952 2108 τὴν
979 2039 1342 2108 παραπλῆγος
1389 2039 1634 2109 Μωάμεθ
1677 2038 1894 2107 ἐξελέγ-

320 2149 436 2201 χειν
472 2132 674 2198 μανίαν
705 2129 944 2199 σπουδὴν
978 2131 1126 2198 ἡμᾶς
1166 2129 1262 2182 νῦν
1292 2130 1588 2197 ποιεῖσθαι,
1625 2131 1762 2194 ὅλως
1803 2148 1893 2200 μοι

318 2225 470 2276 δοκεῖ
498 2222 793 2292 περίεργον
833 2217 997 2286 εῖναι,
1032 2221 1220 2292 ἐπειδὴ
1270 2222 1366 2274 καὶ
1417 2224 1518 2275 οὐκ
1571 2223 1743 2290 ὀλίγοι
1775 2239 1896 2276 του-

319 2318 435 2368 τονὶ
488 2315 581 2367 τὸν
637 2315 852 2369 δίαυλον
905 2315 1152 2386 ἔφθησαν
1198 2316 1482 2386 ἡνυκότες·
1511 2319 1570 2370 ὲν
1623 2312 1704 2380 οἷς
1743 2317 1837 2370 καὶ
1867 2317 1895 2369 ὁ

322 2409 599 2470 θειότατος
630 2408 854 2471 πάππος
887 2410 1041 2477 ἡμῖν,
1075 2409 1101 2459 ὁ
1136 2409 1506 2478 παντάριστος
1538 2411 1632 2463 καὶ
1681 2410 1894 2480 θαυμά-

323 2517 436 2562 σιος
465 2498 741 2568 βασιλεύς·
777 2498 835 2561 ὃς
867 2497 1146 2561 εὐσεϐείας
1170 2499 1245 2553 ὢν
1274 2499 1474 2565 κανὼν,
1509 2502 1605 2553 καὶ
1631 2501 1738 2554 τῶν
1766 2502 1896 2554 ταύ-

320 2601 420 2660 της
448 2592 613 2644 ἓνεκα
644 2593 824 2644 πόνων
853 2589 1048 2660 μηδενὶ
1074 2590 1182 2643 τῶν
1207 2590 1494 2660 πρωτείων
1525 2593 1893 2662 παραχωρῶν,

323 2683 493 2736 πολλὰ
546 2683 648 2751 μὲν
696 2684 793 2737 καὶ
848 2684 987 2737 ἄλλα
1017 2683 1108 2735 τὸν
1144 2682 1358 2737 ἐκείνου
1392 2684 1553 2754 ζῆλον
1605 2686 1737 2754 ἡμῖν
1769 2688 1897 2755 περὶ

320 2776 419 2845 τὴν
443 2774 612 2846 ὀρθὴν
642 2774 827 2828 πίστιν
850 2775 1122 2845 λαμπρῶς
1152 2775 1598 2845 ἀνακηρύττοντα
1630 2777 1894 2844 συνεγρά-

320 2868 482 2935 ψατο·
513 2869 724 2931 τούτοις
754 2869 809 2922 δὲ
841 2869 1153 2940 προσέθηκε
1178 2868 1446 2922 τελευτῶν
1473 2869 1568 2923 καὶ
1593 2862 1638 2938 ᾧ
1660 2871 1760 2938 τὴν
1787 2870 1896 2923 τῶν

318 2964 629 3034 εἰρημένων
675 2964 1065 3035 Ἀχαιμενιδῶν
1099 2964 1358 3034 λατρείαν
1397 2964 1561 3034 λῆρον
1596 2965 1895 3032 ἀποφαίνει

323 3057 490 3124 σαφῆ.
522 3055 742 3126 Ἐπειδὴ
772 3056 829 3108 δέ
866 3073 923 3108 σε
950 3053 1119 3126 ᾔδειν,
1153 3055 1246 3109 τὸν
1283 3057 1356 3118 ὡς
1390 3055 1609 3126 ἀληθῶς
1639 3056 1889 3124 ἀδελφὸν,

2003 569 2155 606 versa
2189 571 2200 605 :
2257 569 2373 620 qua:
2408 563 2559 607 certe
2591 555 2773 607 omnia
2801 560 2917 621 ejus
2951 556 3189 626 animum
3239 558 3306 611 ad
3355 559 3573 613 diversa

2001 645 2372 698 retrahebant.
2398 645 2678 714 Siquidem
2700 646 2955 700 manibus
2974 648 3308 717 pedibusque
3332 651 3576 720 (utqu's-

2003 736 2144 804 piam
2183 735 2414 804 dixeret)
2465 737 2701 800 vinctus,
2737 753 2799 791 ex
2831 738 2989 792 dictis
3021 755 3142 807 qure
3164 741 3381 808 quidem
3416 745 3574 796 valde

1997 829 2311 891 damnabat,
2335 829 2525 883 iisdem
2555 829 2912 884 nihilominus
2934 831 3233 886 inbmrebat
3259 850 3272 886 ε
3297 849 3416 902 quae
3446 851 3573 888 veru

1999 919 2138 972 mire
2183 919 2441 974 laudabat
2492 920 2997 990 admirabaturque,
3041 924 3408 993 omnibuSque
3445 941 3570 979 vera

1999 1025 2058 1062 ea
2093 1023 2216 1064 esse
2241 1010 2496 1064 arbitrari
2526 1011 2836 1077 videbatur,
2869 1011 2934 1065 ad
2968 1027 3030 1066 ea
3079 1021 3259 1067 tamen
3305 1017 3569 1069 accedere

2000 1100 2166 1153 miser
2196 1100 2284 1154 ille
2303 1114 2471 1154 senex
2497 1115 2605 1154 non
2631 1103 2827 1169 potuit.
2861 1101 3018 1167 Nam,
3057 1112 3115 1155 ut
3143 1103 3435 1158 verisimile
3465 1118 3567 1169 est,

1999 1205 2179 1259 prava:
2211 1192 2453 1258 opinioni
2490 1193 2657 1245 semel
2692 1193 3057 1259 mancipatus,
3086 1193 3207 1258 ejus
3231 1194 3374 1262 quod
3408 1196 3572 1248 vellet

2001 1283 2232 1336 faciendi
2276 1293 2596 1350 potestatem
2646 1299 2754 1336 non
2793 1285 3065 1337 habebat:
3117 1297 3229 1348 aut,
3274 1287 3319 1339 si
3373 1288 3568 1351 mavis,

2002 1387 2182 1426 veram
2213 1373 2517 1427 libertatem
2547 1389 2668 1426 cum
2701 1391 2978 1443 nunquam
3011 1386 3302 1442 gustasset,
3343 1377 3568 1430 multum

2005 1463 2192 1517 aberat
2225 1474 2421 1518 uteam
2454 1475 2716 1534 quantum
2744 1482 2842 1535 par
2863 1479 2980 1520 erat
3012 1469 3363 1522 desideraret.
3398 1469 3568 1535 Unde,

2001 1556 2144 1622 quod
2173 1554 2283 1622 jam
2313 1554 2442 1618 dixi,
2462 1571 2654 1623 parum
2683 1556 2820 1611 forte
2847 1558 3002 1612 abest
3030 1560 3160 1627 quin
3183 1559 3422 1628 ineptum
3450 1578 3572 1616 esse

2002 1646 2268 1708 videatur,
2306 1647 2374 1700 de
2420 1648 2726 1702 Turearum
2778 1649 3055 1716 impietate
3091 1652 3418 1721 illorumque
3454 1657 3573 1721 opi-

2003 1736 2255 1789 nionibus
2291 1737 2546 1805 colloqui,
2603 1754 2727 1806 qua:
2778 1739 2910 1793 nihil
2947 1741 3149 1795 habent
3196 1747 3564 1812 prmstautius,

1997 1841 2159 1894 quam
2183 1827 2326 1895 quod
2350 1829 2521 1882 risum
2549 1830 2896 1885 audientibus
2924 1833 3131 1900 possint
3162 1837 3427 1903 praebere.

2589 1939 2978 1996 PRIEFATIO.

2071 2028 2123 2082 1.
2161 2026 2349 2096 Itaque
2383 2028 2570 2082 vesani
2606 2029 2926 2088 Muhometis
2969 2014 3212 2087 furorem
3247 2035 3572 2105 redarguere

1999 2135 2144 2174 nunc
2178 2123 2391 2184 conari,
2429 2135 2892 2190 supervacaneum
2923 2137 3147 2191 prorsus
3175 2142 3295 2182 esse
3335 2130 3465 2182 mihi
3496 2133 3572 2182 vi-

1998 2210 2178 2274 detur,
2204 2211 2461 2279 quoniam
2501 2212 2604 2265 hoc
2636 2213 2872 2266 stadium
2899 2214 3010 2280 jam
3061 2225 3217 2270 antea
3261 2233 3368 2272 non
3413 2224 3571 2290 pauci

1997 2303 2404 2358 decurrerunt:
2453 2304 2743 2375 inquibus
2787 2305 3007 2362 divinus
3040 2309 3120 2362 vir
3173 2325 3307 2366 avus
3361 2324 3570 2378 noster,

1997 2396 2237 2465 optimus
2267 2406 2320 2450 et
2344 2396 2688 2453 admirabilis
2715 2397 3011 2467 Imperator
3039 2399 3152 2475 (3):
3187 2406 3283 2475 qui
3312 2422 3435 2461 eum
3462 2410 3574 2477 pie-

2000 2489 2128 2544 tatis
2172 2497 2320 2542 esset
2344 2489 2554 2555 regula,
2588 2499 2640 2543 et
2670 2491 2725 2544 in
2760 2495 3028 2560 susceptis
3062 2511 3158 2563 pro
3201 2508 3264 2550 ea
3290 2499 3572 2554 laboribus

2001 2582 2206 2650 primas
2245 2581 2452 2634 nemini
2505 2587 2854 2646 concederet,
2897 2596 3009 2640 tum
3047 2589 3149 2640 alia
3205 2591 3400 2655 multa,
3451 2609 3573 2660 qua:
3624 2645 3628 2650 .

2002 2671 2202 2727 ardens
2237 2671 2386 2725 illius
2420 2685 2550 2739 erga
2588 2683 2795 2727 rectam
2828 2675 2986 2728 fidem
3019 2679 3260 2732 studium
3296 2663 3574 2737 luculente

2003 2762 2164 2816 nobis
2204 2762 2508 2828 declarant,
2563 2765 2937 2834 conscripsit:
2994 2775 3108 2820 tum
3166 2769 3295 2822 illud
3347 2770 3570 2825 demum

2001 2869 2138 2924 opus
2186 2854 2271 2909 bis
2309 2856 2581 2923 adjunxit,
2637 2871 2744 2926 quo
2781 2857 3291 2915 Achaemenidnrum
3342 2865 3570 2919 istorum

2000 2945 2287 3016 religiones
2327 2947 2471 3000 aliud
2500 2948 2632 3001 nihil
2659 2950 2919 3004 esse-uisi
2954 2965 3131 3007 meras
3155 2969 3326 3022 nugas
3346 2955 3570 3009 eviden-

2001 3038 2213 3093 tissime
2246 3040 2604 3095 demonstrat.
2651 3040 2757 3095 Sed
2807 3043 2930 3112 quia
2965 3059 3178 3111 noram,
3216 3056 3268 3101 te
3299 3063 3424 3102 vere
3459 3048 3572 3101 fra-

317 3143 524 3213 ταύτην
550 3143 613 3212 δὴ
647 3143 746 3213 τὴν
780 3143 889 3198 τῶν
923 3145 1231 3214 εἰρημένων
1258 3145 1437 3198 ἀθέων
1465 3145 1726 3198 ἀσέϐειαν
1754 3147 1893 3215 ὑπὲρ

2000 3139 2137 3184 trem
2187 3131 2328 3186 hanc
2364 3132 2682 3200 impiorum,
2729 3140 2866 3203 quos
2911 3136 3042 3199 dixi,
3083 3138 3324 3192 fraudem
3358 3143 3573 3211 egregie

318 3236 417 3296 τὶς
449 3235 618 3295 ἄλλας
650 3235 936 3303 μισοῦντα·
975 3237 1229 3305 καὶπρὸς
1259 3253 1321 3302 γε
1351 3236 1430 3288 ἔτι
1468 3237 1532 3305 δὴ
1564 3237 1777 3307 τρυφὴν
1806 3238 1898 3290 καὶ

318 3320 430 3378 οἷον
478 3325 702 3394 ἄθυρμά
755 3343 808 3378 τι
865 3325 1209 3396 ποιούμενον,
1255 3327 1309 3379 εί
1356 3328 1408 3380 τί
1459 3344 1542 3389 τις
1595 3327 1746 3396 λέγοι
1799 3328 1896 3396 τῆς

320 3417 547 3469 ἐκείνων
602 3417 873 3486 φλυαρίας
922 3418 1188 3487 διήγημα,
1247 3418 1338 3470 καὶ
1397 3416 1634 3485 μάλισθ’,
1684 3418 1814 3470 ὅταν

318 3507 476 3558 τοῦτο
506 3523 568 3574 γε
610 3507 719 3559 τῶν
755 3507 986 3569 ἐκείνοις
1031 3509 1366 3577 ἀπορρήτων
1413 3509 1510 3561 καὶ
1556 3508 1796 3577 σεμνῶνο
1837 3509 1896 3562 τὸ

328 3598 426 3664 μὲν
464 3599 538 3660 ὼς
575 3599 736 3667 ἔργον
780 3602 876 3652 καὶ
906 3600 992 3652 διὰ
1025 3599 1248 3653 πάντων
1293 3601 1528 3670 γράφειν
1561 3602 1713 3670 ἡμᾶς
1757 3603 1897 3655 κατὰ

323 3690 422 3752 τῆς
449 3691 558 3742 τῶν
593 3691 854 3760 Τούρκων
891 3691 1114 3759 μανίας,
1146 3693 1258 3745 δεῖν
1288 3692 1460 3760 ἔγνων
1491 3691 1892 3762 παραδραμεῖνέ

323 3781 431 3832 εἰσὶ
470 3779 597 3848 γὰρ,
645 3782 806 3848 εἰσιν,
853 3781 1040 3851 ὥσπερ
1084 3779 1260 3847 εἷπον,
1309 3783 1358 3835 οἳ
1394 3785 1658 3836 κάλλιστά
1702 3800 1765 3850 γε
1802 3786 1896 3837 καὶ

324 3871 528 3934 ἱκανῶς
561 3869 706 3924 τοῦτ’
736 3873 1078 3941 εἰργάσαντο·
1126 3876 1220 3928 καὶ
1248 3875 1424 3928 ἔνεστί
1465 3893 1547 3928 σοι
1585 3875 1898 3944 βουλομένῳ

323 3962 810 4033 θριαμϐευομένην
846 3964 972 4015 ἰδεῖν
1020 3965 1118 4035 τὴν
1155 3966 1362 4020 τούτων
1415 3966 1798 4034 μελαγχολίαν,
1833 3965 1898 4033 ἢν

321 4060 435 4117 τοῖς
481 4057 795 4125 εἰρημένοις
843 4055 1111 4128 ἐθελήσῃς
1165 4059 1596 4127 συγγράμμασιν
1631 4059 1894 4126 ἐντυχεῖν.

321 4147 490 4208 Αὐτὸς
525 4146 712 4214 μέντοι
747 4162 829 4198 σοι
865 4146 957 4198 τὸν
990 4147 1174 4214 κόρον,
1209 4146 1285 4209 ὡς
1316 4141 1428 4198 οἷόν
1453 4162 1535 4211 τε,
1567 4146 1895 4214 διαφεύγων,

322 4235 530 4302 ὅσαπερ
575 4234 914 4304 καιριώτερα
952 4235 1046 4287 καὶ
1093 4233 1290 4303 βελτίω
1344 4233 1591 4286 δοκοῦσιν
1643 4234 1897 4304 εἰρῆσθαι

322 4321 430 4375 τῶν
462 4322 539 4392 τῷ
573 4325 889 4396 Μουτερίζῃ
923 4324 1247 4395 λεχθέντων,
1287 4326 1495 4395 φράσαι
1532 4327 1890 4396 πειράσομαι,

322 4415 396 4475 ὼς
435 4415 491 4467 δὲ
536 4416 630 4468 καὶ
659 4409 845 4487 ὧνπερ
877 4416 942 4470 ἂν
989 4417 1290 4487 μνησθείην
1320 4418 1430 4471 τῶν
1463 4419 1613 4486 ἐμῶν
1647 4437 1710 4487 γε
1758 4419 1891 4489 πρὸς

321 4501 414 4555 τὸν
461 4505 690 4574 γέροντα
733 4507 932 4574 λόγων.
967 4509 1232 4563 Τάκείνου
1276 4511 1377 4580 μὲν
1413 4512 1520 4581 γὰρ
1550 4513 1683 4582 ἐρῶ,
1737 4515 1894 4582 χαρί-

324 4594 516 4657 ζεσθαί
577 4610 662 4650 σοι
731 4599 1074 4667 βουλόμενος·
1127 4602 1375 4672 ἀδικοίην
1431 4603 1542 4672 γὰρ
1592 4604 1680 4669 ἂν,
1713 4605 1762 4656 εί
1809 4594 1892 4667 οἷς

321 4687 516 4757 παρὼν
545 4688 621 4757 (4)
652 4687 918 4758 ἐτρύφας,
951 4691 1124 4746 ταῦτα
1152 4694 1392 4764 δηλῶσαι
1423 4695 1599 4764 παρὸν
1630 4697 1688 4749 ἐν
1715 4696 1896 4766 γράμ-

324 4794 460 4843 μασι
489 4779 882 4848 παραλίποιμι.

395 5024 470 5101 (Ι)
492 5025 617 5101 Πῶς
650 5028 774 5094 οῐει,
814 5027 954 5085 sicut
978 5031 1096 5093 πῶς
1126 5029 1322 5098 δοκεῖς,
1350 5033 1678 5101 peculiarem
1721 5034 1886 5088 habet

320 5097 628 5163 emphasin,
656 5109 709 5152 et
738 5101 1189 5167 significationem
1215 5104 1308 5154 τοῦ
1337 5097 1482 5156 κατὰ
1524 5105 1680 5164 πολὺ,
1737 5108 1884 5158 vehe-

319 5175 528 5241 menter
547 5168 836 5241 plurimum
865 5186 884 5223 :
918 5171 1192 5241 profertur
1248 5174 1403 5241 quasi
1469 5173 1914 5228 admirabunde..

317 5235 476 5306 Apud
502 5235 929 5306 aristophanem’
979 5239 1126 5292 Plut.
1163 5258 1216 5295 ν.
1250 5235 1351 5295 749.
1393 5242 1689 5296 Glossator.
1759 5244 1882 5304 Πῶς

317 5305 520 5376 δοκεῖς]
558 5305 934 5373 θαυμαστικόν
972 5325 985 5338 ·
1023 5310 1141 5363 λίαν
1177 5327 1191 5342 ·
1223 5313 1330 5366 vid.
1380 5312 1615 5366 Brttnck.
1648 5313 1712 5364 ad
1763 5316 1814 5366 h.
1845 5317 1879 5369 I.

316 5375 444 5452 edit.
470 5378 805 5452 Argeutorat.
869 5378 990 5441 785,
1012 5380 1154 5452 ἱιςὸ.
1181 5391 1308 5434 tam.
1332 5381 1379 5447 1,
1398 5401 1500 5451 pag
1533 5381 1882 5452 2θ5.”ῐισθην

319 5444 455 5522 aut:
472 5447 596 5522 3:5,;
628 5446 1022 5522 oi’stLSynes.
1048 5448 1215 5522 Epist.
1249 5453 1340 5516 τε,
1369 5444 1490 5506 "ed:
1525 5451 1746 5522 Dioiiys.
1781 5444 1882 5507 eé-

319 5520 426 5587 tav.
453 5513 633 5587 Latet.
677 5513 1044 5587 I7!2,jn-fol.
1167 5521 1289 5574 I75.
1328 5513 1335 5516 ⁷
1665 5513 1681 5522 ’
1807 5537 1819 5550 ·

391 5583 468 5651 ('2)
500 5583 640 5640 Voce
679 5587 802 5641 ὅσον
833 5583 899 5658 ἦν
941 5583 1264 5660 γιγνόμενον
1303 5592 1354 5645 id
1383 5592 1700 5662 significari,
1739 5599 1882 5662 quod

2001 3233 2198 3292 prteter
2231 3231 2459 3278 eteteros
2490 3225 2615 3278 odio
2649 3227 2942 3294 prosequi:
2984 3229 3319 3298 insuperque
3349 3231 3573 3298 delicia-

2000 3330 2120 3370 rum
2150 3330 2215 3370 ac
2247 3317 2392 3369 velut
2435 3317 2820 3372 oblectamenti
2854 3319 2972 3373 loco
3007 3321 3225 3384 ducere,
3260 3322 3305 3377 si
3346 3324 3471 3393 quis
3509 3326 3574 3377 de

1999 3409 2214 3463 illorum
2255 3409 2476 3479 ineptiis
2511 3411 2714 3479 aliquid
2745 3425 2984 3477 enarret,
3031 3424 3082 3467 et
3112 3415 3178 3469 de
3213 3415 3278 3470 iis
3314 3419 3568 3484 maxime,

1999 3516 2120 3569 qua:
2151 3516 2349 3555 arcana
2375 3504 2789 3573 venerandaque
2816 3506 2955 3574 apud
2986 3506 3118 3566 illos
3144 3508 3453 3562 habentur:
3485 3509 3571 3563 his

1997 3593 2064 3645 de
2087 3593 2270 3646 causis
2298 3593 2512 3663 integro
2534 3596 2752 3664 quidem
2780 3597 3066 3668 solidoque
3098 3598 3360 3654 adversus
3385 3603 3570 3655 omnia

1998 3683 2248 3740 Turcica:
2288 3687 2513 3741 insania:
2535 3687 2713 3756 capita
2749 3705 2910 3757 uperc
2944 3691 3344 3748 conscribendo
3381 3710 3573 3763 super-

2000 3779 2301 3832 sedendum
2350 3794 2470 3834 esse
2501 3781 2756 3836 decrevi:
2789 3785 3104 3847 suntenim,
3148 3795 3297 3850 sunt,
3352 3795 3411 3839 ut
3439 3789 3572 3853 dixi,

2000 3867 2092 3935 qui
2120 3867 2325 3934 optime
2344 3869 2464 3932 hoc,
2488 3879 2539 3922 et
2563 3880 2826 3937 quantum
2855 3872 2990 3926 satis
3009 3882 3150 3934 erat,
3170 3875 3416 3928 exsecuti
3455 3876 3574 3930 fue-

2000 3957 2145 4010 rint:
2185 3973 2418 4027 quorum
2455 3962 2657 4027 scripta
2697 3963 2871 4028 legere
2897 3963 2942 4016 si
2971 3965 3344 4035 volueris,per
3380 3967 3573 4022 trium-

2001 4049 2166 4116 phum
2198 4049 2417 4103 ductam
2452 4049 2636 4104 videre
2668 4051 2848 4106 licebit
2883 4055 2978 4108 tibi
3014 4058 3215 4112 volenti
3260 4058 3571 4120 Turearutn

1981 4140 2354 4194 dementiam.
2397 4143 2511 4211 Ipse
2548 4152 2726 4197 tamen
2778 4145 3105 4213 satietatem,
3140 4161 3405 4219 quantum
3456 4155 3572 4208 fieri

1999 4234 2216 4301 poterit,
2245 4232 2532 4302 effugiens,
2567 4250 2910 4305 quaecunque
2940 4244 3334 4306 opportuniora
3369 4254 3421 4296 et
3456 4261 3574 4299 me-

2002 4327 2138 4380 liora
2185 4326 2388 4380 dixisse
2421 4325 2638 4379 videtur
2694 4327 3003 4390 Muterizes,
3043 4346 3103 4382 ea
3137 4333 3232 4385 tibi
3271 4334 3452 4389 verbis
3485 4353 3573 4389 ex-

1998 4419 2234 4487 primere
2262 4420 2523 4482 conabor,
2580 4418 2723 4474 sicut
2765 4419 2930 4473 etiam
2982 4436 3321 4492 quaecunque
3359 4426 3456 4480 abs
3489 4444 3574 4482 me

1998 4509 2114 4564 seni
2145 4509 2290 4563 dicta
2328 4508 2496 4562 fuisse
2530 4510 2849 4564 meminero.
2885 4510 3034 4565 Illius
3067 4513 3212 4566 enim
3244 4515 3402 4568 verba
3439 4516 3575 4571 refe-

1995 4617 2132 4667 ram,
2162 4601 2451 4672 gratiﬁcari
2476 4601 2568 4655 tibi
2599 4603 2786 4658 volens
2818 4621 2832 4656 :
2870 4605 3138 4673 siquidem
3165 4607 3216 4659 in
3256 4615 3308 4661 te
3342 4609 3574 4676 iniurio-

1998 4710 2092 4748 sus
2123 4709 2322 4756 essem,
2350 4695 2393 4748 si
2451 4710 2517 4748 ex
2549 4695 2748 4770 quibus
2791 4711 3029 4763 prtesens
3076 4682 3200 4762 ipse
3235 4700 3569 4768 voluptatem

1997 4787 2264 4855 cepisses,
2296 4802 2359 4841 ea
2427 4787 2480 4840 in
2531 4787 2774 4855 scriptis,
2834 4787 3036 4856 quibus
3086 4788 3245 4843 facile
3302 4792 3573 4848 declarari

2001 4886 2252 4945 possunt,
2296 4879 2791 4948 praetermitterem.

1991 5035 2452 5109 estconveuﬂens,
2496 5051 2826 5106 congruum,
2863 5047 3006 5106 patet
3047 5039 3296 5109 pluribus
3354 5042 3488 5098 locis
3519 5048 3571 5100 in

1993 5104 2737 5184 §tepbani__Th_esa_uro,tum
2759 5124 2822 5184 es
2847 5104 3029 5162 multis
3050 5104 3324 5184 similibus
3346 5113 3574 5184 loquen-

1992 5176 2046 5228 di
2080 5175 2330 5246 formulis
2363 5176 2415 5228 in
2451 5177 2685 5246 decursu
2718 5178 2880 5246 hujus
2916 5181 3119 5246 operis.

2065 5245 2440 5318 l5)_.|oannem
2477 5245 2920 5302 Cantacuzeumn
2949 5245 3144 5316 imper.
3176 5252 3433 5318 intelligit
3464 5252 3566 5318 (zz),

1995 5315 2168 5369 nostri
2229 5316 2496 5370 Manuelis
2564 5327 2869 5372 maternum
2925 5315 3082 5372 avum
3123 5337 3136 5373 :
3180 5337 3304 5373 nam
3330 5315 3569 5372 Joannes

1994 5384 2331 5456 Palaeologns
2373 5385 2639 5456 Mannelts
2692 5398 2840 5456 pater
2897 5389 3156 5443 Helenam
3204 5389 3568 5442 Cantacuzeni

1995 5455 2159 5530 filiam
2189 5455 2631 5530 (luxer‘:i_t.__Vide
2669 5455 2913 5530 Dueang,
2950 5458 3152 5512 Famil.
3203 5457 3425 5524 August.
3455 5457 3568 5518 Bg-

1995 5526 2195 5577 zuntin.
2234 5540 2354 5592 pag.
2386 5526 2512 5579 259.

2066 5596 2141 5663 (4)
2170 5594 2282 5648 Cod
2295 5633 2307 5647 .
2328 5611 2442 5664 reg.
2487 5613 2561 5648 πα
2573 5598 2682 5666 ρόν.

377 5725 446 5786 (ιι)
473 5725 620 5789 Cujus
653 5732 828 5792 scripta
870 5739 1037 5781 contra
1068 5733 1394 5782 Mahamelezn
1420 5743 1468 5783 et
1497 5736 1606 5795 ejus
1630 5735 1848 5783 ass-eclas
1878 5731 2118 5807 edidimus
2147 5737 2191 5782 in
2218 5741 2349 5784 tomn
2373 5735 2526 5783 (ῖῌν.
2570 5736 2706 5784 Ιέυιτ.
