4144 6282
522 291 614 354 131
1633 285 2030 348 MANUEIJS
2069 279 2524 343 PALEOIDGI

3754 269 3886 331 ῙλΞ

589 402 638 451 *2.
679 398 941 464 Quamvis
994 395 1138 452 enim
1180 395 1423 451 umbrosi
1459 405 1674 451 montes
1723 405 1777 450 et
1822 411 2082 451 sonorum

2264 391 2329 460 β’.
2365 394 2425 444 Εἰ
2453 390 2558 460 γὰρ
2604 389 2669 460 δὴ
2699 390 2793 442 καὶ
2824 387 2991 458 οὔρεά
3028 399 3085 438 τε
3119 385 3390 449 σκιόεντα,
3423 380 3758 438 θάλασσά
3802 403 3878 437 τε

520 506 670 543 mare
701 505 928 558 corpora
961 500 1151 542 nostra
1175 489 1335 557 longo
1366 498 1620 555 separent
1657 487 1970 551 intervallo,
2000 495 2081 538 ta-

517 597 639 634 men
673 581 726 634 in
774 595 904 635 vero
941 579 1300 634 fraternitatis
1339 579 1538 632 all‘ectu
1575 578 1792 633 edicere
1833 578 1938 631 hoc
1975 591 2081 630 non

520 679 746 740 possunt
779 672 860 725 :is
893 672 1037 724 enim
1071 671 1183 724 ullo
1217 671 1442 724 omnino
1477 671 1640 724 modo
1673 669 1929 724 claustris
1955 683 2084 723 con~

524 765 680 818 lineri
714 768 918 833 nequit.
959 764 1116 819 Unde
1145 763 1444 832 splendidae
1467 764 1610 818 illius
1640 776 1831 827 omum,
1857 775 1958 830 qua
1985 776 2086 815 nos

524 858 788 931 convivas
841 858 1054 926 excepit
1106 872 1296 920 senex,
1339 856 1657 926 participem
1699 867 1748 910 te
1786 856 1900 909 ﬁeri
1941 853 2084 907 velo.

528 945 660 998 Nam
684 947 818 1001 forte
839 948 935 1000 tibi
969 947 1235 1000 videbitur
1260 947 1348 1000 illa
1377 947 1680 1011 delicatior,
1704 961 1864 1014 quam
1889 945 2088 1014 smpius

527 1038 685 1090 nobis
715 1039 996 1105 apparavit
1023 1039 1280 1106 Satrapes
1319 1037 1408 1091 ille
1436 1037 1794 1105 gravissimus
1823 1046 1875 1090 et
1906 1035 2087 1103 perdi-

524 1130 792 1195 tissimus,
847 1131 939 1196 qui
979 1129 1221 1198 prodigia
1277 1129 1525 1196 quaedam
1565 1138 1620 1181 ut
1655 1129 1707 1182 in
1749 1129 2088 1182 somniorum

525 1223 816 1289 ﬁgmentis,
843 1233 1052 1290 raptum
1089 1222 1340 1275 videlicet
1369 1223 1468 1273 sibi
1490 1231 1903 1288 congruentem,
1935 1234 2092 1288 para—

524 1315 816 1382 disumqtte
869 1315 1094 1368 canibus
1129 1314 1434 1384 puellisque
1475 1314 1727 1378 inﬁnitis,
1771 1329 1891 1381 qua:
1929 1313 2092 1366 arbo~

525 1423 643 1459 rum
678 1408 841 1462 rantis
877 1406 1197 1470 insiderent,
1237 1408 1466 1475 aliisque
1521 1407 1900 1474 compluribus
1934 1405 2092 1474 nugis

525 1499 782 1552 refertum
832 1498 1108 1551 narrabat.
1141 1496 1359 1550 Duabus
1401 1512 1529 1550 vero
1560 1499 1624 1550 de
1655 1498 1836 1551 causis
1871 1509 2094 1575 necesse

525 1600 628 1655 cst,
653 1598 711 1641 ut
747 1603 868 1658 qua:
899 1589 998 1642 abs
1047 1603 1134 1643 me
1165 1599 1291 1642 sunt
1327 1589 1470 1641 dicta
1538 1588 1632 1641 tihi
1688 1589 1943 1641 referam.
1977 1586 2094 1638 Pri-

526 1696 698 1744 mum,
721 1679 846 1748 quia
877 1693 1055 1747 neque
1073 1687 1498 1732 consentaneum
1529 1693 1706 1746 neque
1741 1676 1820 1730 fas
1843 1687 1948 1740 est,
1973 1677 2084 1731 dia-

2192 489 2438 554 ὴχῄεσσα
2467 484 2568 553 (1),
2597 485 2734 554 ἡμῖν
2763 500 2827 550 γε
2855 480 3098 534 διῖστῶσι
3132 479 3200 531 τὰ
3229 476 3478 547 σώματα,
3522 477 3694 530 ἀλλ’
3745 477 3878 546 οὐχ

2193 575 2282 631 οἷά
2311 595 2370 630 τε
2410 578 2571 630 ταυτὶ
2607 576 2743 630 κάπὶ
2792 575 2887 643 τῆς
2934 572 3168 642 ἀληθοῦς
3217 569 3606 640 φιλαδελφίας
3659 569 3873 623 τοῦτο

2195 669 2442 736 ποιῆσαν
2475 667 2780 720 ἀκάθεκτον
2807 667 2916 734 γάρ
2941 663 3081 733 αὕτη
3110 663 3301 732 χρῆμα
3330 661 3607 730 πέφυκεν
3649 657 3868 713 εἶναι.

2199 763 2368 814 ’Ὅθεν
2398 760 2659 830 βούλομαί
2695 777 2754 812 σε
2785 760 2879 812 καὶ
2910 758 3114 825 ταύτης
3146 756 3240 824 τῆς
3274 755 3456 824 Οοίνης
3487 751 3669 823 ἡμῖν
3717 770 3868 806 κοι-

2196 848 2467 926 νωνεῖν,ᾖ
2517 856 2544 907 δ
2591 855 2691 924 μὲν
2743 855 2923 922 γέρων
2957 850 3224 921 λαμπρῶς
3278 850 3476 912 εἱστία,
3510 851 3740 919 ἡμεῖς
3791 849 3863 902 δὲ

2195 940 2338 1016 ἦμεν
2363 947 2411 996 οἱ
2439 945 2781 1015 δαιτυμόνες.
2821 945 3121 1015 Ἀϐροτέρα
3150 943 3255 1013 γάρ
3285 959 3365 995 σοι
3397 940 3579 1011 τυχὸν
3613 943 3854 1009 φανεῖ-

2195 1055 2310 1102 ται,
2335 1032 2401 1108 ἦς
2431 1038 2694 1098 πολλάκις
2729 1039 2996 1107 ἑστιάτωρ
3039 1038 3176 1106 ἡμῖν
3207 1037 3233 1086 ὁ
3269 1035 3627 1104 σεμνότατος
3670 1037 3857 1088 ἐκεῖ-

2198 1149 2285 1194 νος
2310 1134 2604 1202 Σατράπης
2629 1132 2723 1185 καὶ
2745 1130 3207 1201 ἐπιτριπτότατος
3235 1128 3454 1195 γέγονε,
3480 1127 3852 1197 τερατείαν

2197 1227 2318 1279 ’τινὰ
2345 1226 2705 1295 διηγούμενος
2734 1229 2790 1278 ἐν
2814 1226 3107 1296 ὀνειράτων
3136 1223 3439 1291 πλάσματι,
3467 1221 3575 1274 καὶ
3619 1222 3852 1291 ἁρπα-

2200 1319 2303 1386 γὴν
2362 1319 2508 1387 αὐτῷ
2571 1320 2913 1388 πρέπουσαν,
2981 1321 3077 1370 καὶ
3137 1317 3466 1383 παράδεισον
3531 1315 3845 1384 γέμοντα

2201 1409 2382 1464 κυνῶν
2413 1411 2504 1463 καὶ
2535 1410 2715 1479 κορῶν
2745 1411 3012 1482 ἀπείρων,
3041 1410 3256 1470 κλάδοις
3289 1409 3524 1477 δένδρων
3565 1407 3846 1477 ὲφιδρυ·

2206 1499 2400 1565 μένων,
2433 1501 2522 1552 καὶ
2551 1500 2722 1568 ἄλλης
2756 1501 3027 1570 φλυαρίας
3063 1500 3301 1568 μακρᾶς.
3337 1493 3501 1565 Τἀμὰ
3530 1497 3601 1550 δὲ
3640 1496 3843 1549 πάλιν

2202 1589 2498 1654 ἀναγκαῖον
2533 1591 2707 1642 εἰπεῖν
2745 1592 2890 1644 δυοῖν
2934 1591 3118 1643 ἕνεκα.
3158 1589 3380 1658 Πρῶτον
3414 1588 3512 1657 μὲν
3541 1587 3684 1658 γὰρ
3722 1587 3841 1640 οὐκ

2204 1679 2495 1731 ἀκόλουῦαν
2537 1681 2882 1750 οὑδὲ-Θέμις,
2925 1680 3172 1753 διάλογόν
3223 1699 3344 1735 τινα
3379 1680 3704 1750 γίγνεσθαι
3747 1679 3836 1749 μὴ

527 1774 706 1840 iugum
773 1771 1012 1839 aliquem
1046 1769 1183 1835 ﬁeri,
1225 1770 1332 1824 nisi
1376 1770 1616 1824 omnium
1667 1770 2092 1839 colloquentinm

2214 1773 2292 1826 ιαὶ
2344 1772 2453 1826 τῶν
2506 1774 3053 1844 προσδιαλεγομένων
3118 1777 3244 1838 τοὺς
3307 1775 3499 1842 λόγους
3559 1774 3832 1844 ἔχοντα.

528 1876 809 1917 sermones
839 1862 1141 1917 contineat.
1175 1862 1398 1922 Deinde,
1450 1863 1503 1916 in
1547 1863 1683 1932 ipsis
1710 1862 1958 1916 nonnihil
1991 1860 2098 1916 for—

531 1965 673 2008 tasse
702 1954 998 2024 reperietur
1027 1954 1095 2010 iis
1126 1955 1274 2019 utile,
1321 1955 1414 2024 qui
1446 1955 1511 2008 de
1536 1970 1632 2024 spe
1660 1955 1712 2008 in
1749 1955 1909 2009 nobis
1945 1966 2099 2024 repo-

528 2049 631 2100 sita
668 2045 737 2101 de
784 2047 1078 2116 improviso
1122 2049 1451 2115 respondere
1495 2047 1700 2111 volunt,
1739 2048 1957 2116 quando
2006 2047 2100 2101 Dei

529 2154 718 2193 osores
755 2138 830 2192 illi
862 2139 1116 2206 nugando
1144 2137 1349 2207 aliquid
1399 2137 1527 2192 huic
1561 2138 1854 2206 objiciunt.
1889 2139 2025 2191 Nam
2050 2147 2103 2191 et

529 2231 622 2283 ille
663 2245 875 2282 onmem
915 2230 1224 2295 pharetram
1258 2228 1580 2291 crinanivit,
1615 2229 1898 2283 barbarica
1936 2243 2100 2283 manu

533 2337 782 2392 magnam
834 2321 1152 2390 sagittarum
1203 2320 1310 2372 vim
1347 2320 1602 2374 emittens
1636 2335 1650 2372 :
1689 2335 1824 2388 quas
1881 2321 2104 2390 quidem

535 2417 680 2471 Deus
714 2415 859 2472 leves
891 2433 955 2471 ac
988 2415 1206 2470 hebetes
1235 2417 1395 2485 plane
1426 2415 1610 2470 effecit
1640 2434 1653 2470 :
1688 2426 1741 2470 at
1764 2418 2106 2471 contrarium

535 2511 613 2565 illi
644 2511 864 2572 accidit,
895 2525 1018 2563 nam
1054 2508 1306 2565 confixus
1340 2520 1423 2564 est
1458 2510 1778 2580 sagittarius
1809 2511 1906 2566 iste
1927 2512 2108 2581 spieu-

534 2603 600 2658 Iis
623 2601 862 2658 nostris:
899 2603 1008 2656 imo
1029 2613 1082 2657 et
1107 2603 1245 2666 suis,
1276 2601 1420 2672 quod
1442 2603 1660 2672 quidem
1702 2603 1958 2658 acerbius
1988 2617 2107 2657 om-

537 2698 664 2751 nino
709 2696 957 2751 videtnr;
989 2711 1304 2766 quanquam
1355 2694 1648 2750 Sacrarum
1697 2693 2106 2764 Scripturarnm

537 2789 1079 2856 interpretationibus
1133 2787 1570 2856 testimoniisque
1616 2801 1794 2856 neque
1845 2796 2107 2856 quantum

538 2864 733 2934 licebat
789 2894 964 2948 neque
1010 2887 1276 2949 quantum
1325 2879 1611 2945 oportebat
1651 2891 1842 2930 sumus
1876 2881 1985 2939 nsi,
2013 2877 2107 2931 sed

535 2981 797 3041 quantum
821 2981 874 3026 et
898 2971 1116 3040 quando
1147 2971 1359 3025 volebat
1388 2970 1498 3025 ille.
1531 2969 1743 3039 Quippe
1779 2984 1958 3038 opera:
1991 2983 2112 3037 prc-

2207 1864 2418 1917 ’Ἐπειέ
2455 1866 2584 1929 ἴσως
2618 1866 2712 1921 καί
2743 1867 2794 1919 τί
2827 1884 2929 1920 που
2979 1867 3253 1937 χρήσιμον
3287 1869 3346 1919 ὲν
3392 1868 3584 1930 αὐτοῖς
3638 1867 3834 1936 εὑρε-

2205 1959 2430 2029 Οήσεται
2462 1963 2573 2022 τοῖς
2607 1963 2670 2014 ἐκ
2697 1961 2791 2015 τοῦ
2822 1963 3119 2032 προχείρου
3160 1962 3511 2032 βουλομένοις
3541 1961 3831 2029 ἀποκρί-

2205 2053 2392 2106 νεσθαι
2422 2055 2551 2123 περὶ
2581 2054 2678 2124 τῆς
2706 2056 2763 2106 ὲν
2796 2055 2927 2123 ἡμῖν
2958 2055 3194 2119 ἐλπίδος,
3225 2049 3448 2108 ἐπειδάν
3469 2069 3521 2107 τι
3554 2054 3834 2125 ληροΰν-

2205 2160 2294 2206 τες
2323 2143 2494 2213 ταύτῃ
2533 2145 2888 2214 προφέρωσιν
2917 2148 2966 2200 οἱ
3002 2147 3278 2214 θεομίσεις
3445 2147 3719 2210 Ἐκεῖνός
3760 2164 3826 2199 τε

2207 2239 2317 2307 γὰρ
2348 2240 2530 2291 πᾶσαν
2575 2238 2672 2308 τὴν
2721 2239 3002 2308 φαρέτραν
3041 2239 3301 2305 ἐκένωσε,
3333 2239 3463 2309 βέλη
3512 2241 3711 2312 συχνὰ
3754 2243 3829 2294 ἐκ

2207 2332 2305 2398 τῆς
2333 2329 2682 2400 βαρϐαρικῆς
2712 2332 2897 2401 χειρὸς
2926 2333 3130 2400 ἀφιείςδ
3159 2331 3292 2394 Θεὸς
3317 2349 3377 2384 τε
3403 2333 3580 2387 ταῦτα
3610 2332 3826 2402 κοῦφα

2207 2423 2407 2481 τελέως
2437 2423 2738 2491 ἀπέφηνεν
2773 2423 2834 2476 οὐ
2886 2423 2992 2492 μὴν
3023 2423 3090 2476 τὰ
3141 2422 3233 2476 ἴσα
3280 2423 3436 2493 ὢςρϐη
3471 2425 3819 2490 πεπονθὼς,

2209 2516 2322 2568 ἀλλ’
2350 2516 2554 2586 ἐϐλήθη
2603 2516 2703 2586 μὲν
2733 2518 2844 2580 τοῖς
2886 2517 3184 2588 ἡμετέροις
3220 2517 3434 2586 βέλεσιν
3467 2519 3492 2570 ὁ
3534 2519 3816 2588 τοξότηςο

2211 2608 2412 2678 ἐϐλήθη
2443 2607 2498 2659 δὲ
2531 2609 2625 2660 καὶ
2655 2610 2767 2670 τοῖς
2798 2606 2986 2672 αὑτοῦ,
3013 2607 3040 2658 ὃ
3067 2605 3131 2675 δὴ
3164 2606 3258 2658 καὶ
3283 2606 3614 2677 πικρότερον
3651 2603 3820 2661 εἶναι

2213 2699 2433 2759 πάντως
2457 2699 2624 2750 δοκεῖ’
2650 2697 2744 2749 καί
2772 2714 2855 2749 τοι
2879 2700 3180 2765 γραφικαῐς
3207 2699 3500 2769 ἐξηγήσεσι
3524 2702 3622 2755 καὶ
3658 2717 3820 2771 μαρ-

2211 2788 2423 2858 τυρίαις
2456 2789 2553 2857 οὐχ
2596 2789 2720 2841 ὅσον
2759 2788 2888 2857 ἐξῆν
2925 2803 2983 2840 τε
3030 2787 3127 2842 καὶ
3169 2791 3356 2860 ἐχρῆν,
3405 2792 3814 2862 ἐχρησάμεθα,

2214 2880 2328 2931 ἀλλ’
2364 2880 2490 2932 ὅσον
2525 2897 2584 2933 τε
2619 2882 2714 2933 καὶ¹
2749 2881 2837 2936 ὅτε
2868 2881 3039 2950 {codro
3084 2884 3291 2946 ἐκεῖνος
3325 2877 3600 2940 ἐϐούλετο.
3639 2887 3812 2940 Ἔδει

2213 2972 2268 3023 δὲ
2312 2972 2471 3025 τοῦτο
2504 2971 2782 3044 προῦργου
2830 2977 3125 3029 ποιεῖσθαι·
3161 2976 3277 3030 ἀλλ’
3312 2977 3456 3033 ἑκὼν
3494 2976 3813 3050 ἀφῄρημαι

537 3067 671 3118 tium
701 3063 916 3134 quidem
949 3078 1068 3118 esse
1097 3062 1333 3116 debebat
1359 3063 1461 3114 hoc
1482 3061 1662 3115 facere
1683 3075 1700 3115 :
1725 3061 1819 3116 sed
1845 3062 2107 3130 pragclaro

2214 3065 2311 3133 τὴν
2346 3065 2558 3137 ἄμαχον
2591 3069 2819 3138 ταυτηνὶ
2866 3070 2962 3121 καὶ
3010 3071 3180 3142 καλὴν
3234 3072 3576 3142 συμμαχίαν,
3613 3073 3813 3127 ἐκεῖνο

538 3158 642 3209 isto
681 3153 991 3222 invictoque
1037 3151 1240 3207 auxilio
1290 3151 1483 3206 lubens
1515 3151 1762 3219 privatus
1807 3166 1949 3215 sum,
1979 3166 2106 3206 cum

539 3247 668 3301 illud
699 3245 933 3315 primum
969 3244 1150 3299 animo
1178 3252 1510 3312 reputarem,
1541 3257 1881 3312 quaecunque
1904 3244 2111 3298 theolo-

538 3353 808 3411 gumenon
831 3338 1090 3393 librorum
1113 3336 1333 3391 oracula
1351 3351 1590 3391 errorem
1611 3335 1926 3402 Mahometi,
1946 3351 2113 3406 quan-

539 3446 627 3487 tus
644 3441 749 3499 est,
774 3431 910 3485 nihil
931 3429 1036 3484 nisi
1060 3444 1269 3484 merum
1303 3443 1544 3483 errorem
1571 3443 1694 3484 esse
1725 3437 1976 3499 arguant,
1997 3430 2112 3484 hate

539 3523 607 3576 ab
628 3520 719 3584 iis,
751 3521 844 3590 qui
870 3529 1060 3574 contra
1100 3518 1264 3573 istum
1297 3518 1658 3588 scripserunt,
1685 3518 1860 3588 etiam
1892 3517 2112 3574 inventa

539 3628 685 3677 esse,
723 3623 777 3668 et
805 3610 1096 3680 disposita,
1132 3619 1186 3664 et
1211 3609 1580 3665 ornatissimis
1608 3607 1792 3662 verbis
1829 3624 2112 3679 expressa.

543 3706 766 3770 Deinde,
799 3704 1049 3776 quamvis
1083 3705 1226 3760 inter
1249 3718 1440 3760 omnes
1473 3703 1651 3759 aetatis
1677 3703 1964 3774 gentisque
2003 3720 2117 3760 sua:

545 3801 794 3856 homines
824 3814 1054 3870 magnus
1076 3805 1220 3854 esset
1240 3809 1292 3853 et
1326 3799 1621 3853 haberetur
1649 3813 1817 3852 senex
1838 3797 1948 3863 ille,
1970 3800 2114 3868 quod

545 3891 761 3962 quidem
800 3892 866 3946 ad
899 3890 1155 3946 liberales
1182 3890 1504 3960 disciplinas
1537 3891 1752 3954 attinet,
1790 3901 1842 3946 et
1890 3890 1957 3945 ad
1995 3905 2114 3946 eam

547 4000 667 4053 quae
712 3985 855 4054 apud
889 3983 1040 4054 ipsos
1069 3985 1212 4055 viget
1247 3986 1598 4055 sapientiam,
1633 3985 1900 4040 barbarus
1933 3993 2116 4037 tamen

545 4086 667 4132 erat
695 4094 710 4130 :
737 4076 968 4132 barbara
996 4092 1212 4148 quoque
1238 4093 1372 4146 gens
1399 4078 1518 4148 ejus
1535 4085 1589 4131 et
1617 4077 1804 4132 dictio.
1835 4073 2120 4140 Quamob-

549 4185 685 4228 rem.
733 4176 790 4222 ut
833 4167 1064 4224 debebat
1093 4169 1364 4232 accidere,
1401 4182 1509 4220 non
1542 4181 1661 4218 eam
1692 4172 1926 4218 mentem
1953 4164 2119 4218 habe-

549 4262 661 4322 bat,
693 4274 815 4330 quze
846 4259 1019 4314 sacris
1047 4259 1245 4312 litteris
1286 4254 1661 4311 absconditam
1701 4251 2012 4319 divinaeque
2035 4250 2120 4304 in-

552 4352 862 4420 telligentia:
897 4350 1314 4405 convenientem
1371 4343 1701 4397 sententiam
1755 4351 1898 4397 recte
1941 4347 2122 4410 posset

2215 3157 2432 3227 πρῶτον
2468 3159 2817 3229 ἐνθυμηθεὶς,
2851 3162 2925 3224 ὡς
2954 3163 3054 3216 ὅσα
3088 3163 3194 3216 τῶν
3223 3165 3420 3231 λογίων
3455 3164 3673 3235 ἐλέγχει
3703 3164 3812 3234 τὴν

2213 3246 2310 3300 τοῦ
2348 3246 2592 3318 Μωάμεθ
2647 3251 2862 3319 πλάνην
2918 3253 3051 3306 αὐτὸ
3113 3251 3269 3303 τοῦτο
3327 3252 3536 3319 πλάνην
3593 3254 3810 3318 οὖσαν,

2217 3338 2471 3409 εὓρηται,
2501 3341 2597 3395 καὶ
2620 3341 2906 3407 τέτακται,
2933 3343 3026 3395 καὶ
3051 3340 3399 3410 ἀπήγγελται
3424 3341 3501 3410 (5)
3541 3345 3813 3411 κοσμίως

2217 3433 2329 3494 τοῖς
2354 3431 2476 3484 κατ’
2507 3432 2673 3485 αὑτοῦ
2707 3433 3067 3501 γεγραφόσιν.
3097 3429 3310 3484 Ἔπειθ’
3339 3430 3442 3497 ὅτι,
3475 3427 3686 3503 καίπερ
3724 3434 3812 3490 ὣν

2217 3527 2310 3578 καὶ
2337 3523 2691 3593 νομιζόμενος
2745 3524 2923 3594 μέγας
2951 3525 2980 3574 ὁ
3012 3521 3193 3590 γέρων
3237 3525 3295 3575 ὲν
3324 3525 3436 3586 τοῖς
3467 3525 3588 3576 κατ’
3623 3527 3807 3581 αὑτὸν

2218 3595 2444 3681 ἅπασιν,
2480 3615 2581 3666 ὅσα
2611 3631 2674 3682 γι
2708 3616 2789 3676 είς
2820 3613 3011 3682 λόγους
3049 3611 3144 3667 καὶ
3176 3613 3371 3682 σοφίαν
3400 3613 3499 3684 τὴν
3534 3616 3656 3669 κατ’
3694 3619 3804 3671 at}-

2217 3709 2362 3772 τοὺς,
2395 3707 2673 3778 βάρῦαρος
2719 3707 2868 3777 ὅμως
2919 3703 3009 3778 ἦν·
3052 3707 3142 3758 ὅτε
3199 3709 3290 3760 καὶ
3331 3708 3390 3760 τὸ
3435 3708 3593 3776 γένος
3643 3709 3802 3779 αὐτῷ

2222 3801 2390 3867 ἅπαν,
2419 3800 2514 3853 καὶ
2545 3801 2579 3870 ἠ
2609 3800 2786 3870 φωνή.
2827 3801 2939 3853 Καὶ
2967 3794 3113 3870 εἶχεν
3145 3801 3211 3855 ἂν
3240 3800 3465 3862 εἰκότως
3500 3801 3588 3854 διὰ
3621 3803 3800 3856 ταῦτα

2220 3893 2312 3945 τὸν
2351 3891 2468 3947 νοῦν
2509 3892 2610 3962 οὐχ
2640 3885 2752 3946 οἷον
2793 3892 3082 3960 ἐφικέσθαι
3117 3891 3302 3954 καλῶς
3345 3891 3609 3945 δύνασθαι
3656 3894 3798 3963 πρὸς

2222 3987 2320 4047 τὴν
2359 3987 2824 4059 ἑγκεκρυμμένην
2873 3989 2987 4051 τοῖς
3027 3987 3325 4058 γράμμασι
3373 3987 3650 4058 θεοπρεπῆ
3681 3988 3802 4040 διά-

2224 4094 2395 4130 νοιανο
2427 4077 2546 4129 ἀνθ’
2589 4069 2664 4130 ὧν
2697 4079 2794 4146 οὐχ
2825 4077 2902 4139 ὡς
2937 4076 3128 4146 ἐχρῆν,
3170 4075 3538 4145 διειλέγμεθα,
3577 4077 3694 4131 ἀλλ’
3723 4078 3798 4140 ὡς

2225 4159 2336 4227 οἷός
2364 4166 2411 4216 τ’
2441 4159 2510 4232 ἦν
2556 4164 2762 4225 ἐκεῖνος
2808 4164 3064 4232 δέχεσθαι
3104 4163 3173 4214 τὰ
3212 4165 3506 4233 λεγόμενα.
3535 4161 3645 4218 Καὶ
3685 4167 3797 4236 γὰρ

2228 4254 2319 4306 καὶ
2338 4253 2599 4323 ἑρμηνεῖς
2618 4257 2750 4324 ἡμῖν
2769 4256 2894 4316 τοὺς
2914 4254 3107 4321 λόγους
3121 4253 3618 4326 διαπορθμεύοντες
3633 4251 3794 4328 ἦσαν’

2229 4344 2256 4396 ὃ
2282 4343 2544 4406 πολλάκις
2577 4343 2891 4412 βουλομένῳ
2941 4361 3030 4414 μοι
3058 4345 3240 4413 λέγειν
3291 4347 3365 4417 μὴ
3403 4349 3578 4418 πάντη
3611 4351 3798 4417 γήϊνον

552 4445 807 4514 assequi:
849 4442 1033 4510 itaque
1066 4453 1175 4491 non
1207 4443 1268 4490 ut
1311 4435 1623 4504 oportebat,
1667 4435 1761 4489 sed
1805 4442 1863 4488 ut
1898 4449 1962 4488 ea
2003 4449 2107 4503 qua

2234 4436 2371 4506 μηδὲ
2391 4437 2702 4508 χαμερπὲς,
2727 4436 2865 4490 ἀλλὰ
2886 4437 3263 4508 γενναιότερόν
3281 4455 3332 4492 τι
3362 4442 3455 4493 καὶ
3471 4440 3799 4511 ὑψηλότερον

552 4537 898 4599 dicebantur,
937 4529 1237 4600 intelligere
1262 4535 1491 4599 poterat,
1534 4525 1916 4582 disseruimus.
1953 4526 2128 4581 Erant

551 4627 716 4681 etiam
745 4626 1084 4690 interpretes.
1121 4622 1213 4690 qui
1240 4633 1522 4676 sermones
1543 4627 1760 4675 nostros
1784 4619 1928 4674 ultro
1954 4620 2127 4674 citro-

555 4733 666 4786 que
705 4715 1138 4770 transmitterent
1161 4729 1176 4766 :
1200 4728 1322 4784 quae
1341 4727 1430 4769 res
1456 4711 1657 4768 volenti
1687 4710 1821 4766 mihi
1857 4726 1998 4781 saepe
2027 4711 2129 4766 ali-

558 4811 689 4881 quid
715 4825 826 4872 non
850 4809 1072 4863 omnino
1094 4816 1368 4863 terrenum
1395 4820 1576 4876 neque
1594 4805 1891 4873 abiectum,
1910 4804 2002 4860 sed
2027 4819 2128 4858 no-

560 4903 722 4958 bilius
747 4911 799 4956 et
833 4901 1124 4957 sublimius
1150 4898 1334 4971 eloqui
1365 4898 1514 4968 (nam
1538 4911 1659 4967 quae
1683 4903 2008 4950 venerantes
2037 4911 2128 4950 co-

557 4997 744 5062 limus,
775 5011 835 5047 ea
866 5002 995 5050 sunt
1020 4991 1356 5062 huiusmodi)
1384 4991 1606 5047 obstare
1628 4989 1832 5058 ubique
1853 4999 1906 5042 et
1929 4986 2122 5042 adver-

555 5089 663 5146 sari
696 5088 981 5142 videbatur
1011 5105 1026 5142 :
1055 5084 1496 5157 quandoquidem
1523 5084 1605 5139 bis
1638 5091 1694 5137 et
1715 5090 1800 5138 ter
1824 5081 2016 5136 eadem
2048 5079 2130 5134 di-

559 5197 682 5237 cere
712 5180 1019 5251 Oportebat,
1053 5189 1113 5233 ιιι
1149 5179 1426 5241 intellectu
1471 5177 1716 5232 faciliora
1751 5175 1962 5230 fierent.
1992 5172 2132 5228 Pro-

561 5285 741 5346 ptcrea
772 5273 827 5328 in
863 5273 1072 5334 multis,
1103 5272 1192 5327 ubi
1230 5286 1510 5327 sacrarum
1545 5269 1962 5339 Scripturarum
1992 5279 2132 5336 opus

563 5376 680 5425 erat
723 5367 991 5433 subsidio,
1034 5374 1258 5422 coactus
1313 5381 1433 5421 sum
1468 5363 1672 5430 nudus,
1707 5372 1768 5418 ut
1805 5363 1876 5418 ita
1907 5362 2122 5431 loquar,

635 5581 710 5651 (ι)
749 5537 960 5651 unum:
993 5577 1142 5631 lliad.
1176 5579 1243 5651 .4.
1275 5576 1400 5630 157.

635 5647 714 5713 (Ἡ
749 5650 888 5704 Cod.
913 5649 1141 5704 Coislin.
1172 5647 1472 5718 θεομισεῖς.

634 5722 711 5788 (3)
753 5721 1012 5778 Atludcre
1049 5715 1280 5776 videtur
1303 5719 1370 5774 ad
1425 5729 1535 5772 tres
1561 5717 1698 5785 {illas
1741 5719 1952 5787 priores
2005 5715 2132 5774 Elo-

2226 4527 2472 4598 (τοιαῦτα
2510 4529 2621 4599 γὰρ
2642 4527 2679 4583 ἃ
2717 4529 3142 4600 πρεσϐεύομεν),
3167 4531 3422 4602 ἐμποδὼν
3454 4531 3707 4601 ἐφαίνετό
3741 4550 3796 4586 τε

2228 4620 2482 4689 πανταχῆ
2509 4620 2606 4675 καὶ
2636 4621 2992 4687 προσίστατοο
3027 4623 3112 4685 δὶς
3139 4625 3250 4694 γάρ
3274 4622 3382 4677 ἔδει
3407 4625 3501 4678 καὶ
3535 4619 3655 4694 τρὶς
3680 4627 3799 4679 ταύ-

2228 4713 2299 4765 τά
2317 4711 2393 4780 (4)
2413 4712 2615 4780 λέγειν,
2636 4713 2703 4766 ἶν’
2721 4711 2966 4781 εὔληπτα
2987 4715 3219 4781 γένοιτο.
3233 4717 3332 4769 Διὰ
3347 4715 3410 4787 δὴ
3431 4716 3604 4770 ταῦτα
3623 4719 3678 4771 ἐν
3700 4720 3797 4771 οὐκ

2230 4804 2454 4871 ὀλίγοις,
2471 4801 2551 4866 οἷς
2568 4805 2674 4867 ἔδει
2689 4805 2787 4875 τῆς
2811 4805 2917 4858 ἀπὸ
2931 4806 3032 4875 τῆς
3049 4807 3266 4876 γραφῆς
3285 4810 3623 4878 συμμαχίας,
3641 4811 3796 4870 αὐτὸς

2231 4897 2405 4964 ψιλὸς,
2433 4896 2509 4959 ὡς
2539 4897 2738 4961 εἰπεῖν,
2765 4897 2862 4965 τῆς
2888 4897 2996 4949 ἀπὸ
3021 4899 3132 4950 τῶν
3157 4898 3354 4967 λογίων
3379 4901 3554 4970 ῥοπῆς
3585 4903 3799 4956 καὶτῶν

2232 4991 2439 5044 ἐκεῖθεν
2467 4990 2647 5044 ὃπλων
2679 4989 3074 5060 συμπλακῆναι
3097 4991 3481 5062 ἠνάγκασμαι,
3517 4992 3799 5063 λογισμοῖς

2233 5081 2278 5135 δ’
2310 5083 2430 5137 ἀντὶ
2487 5083 2678 5135 τούτου
2738 5083 2836 5137 καὶ
2877 5084 3343 5154 παραδείγμασιν,
3369 5084 3446 5146 ὡς
3495 5084 3564 5137 τὰ
3610 5083 3796 5147 πολλὰ,

2236 5176 2476 5244 χρῆσθαι
2508 5176 2911 5246 διαλεγόμενος,
2956 5178 3052 5229 καὶ
3085 5177 3301 5238 τούτοις
3347 5175 3709 5246 καταλλήλοις
3741 5175 3798 5243 τῇ

2239 5269 2348 5322 τῶν
2377 5268 2684 5321 ἀκουόντων
2715 5267 2883 5338 ἰσχύϊ.
2913 5268 3119 5339 Πολλὴν
3155 5269 3253 5338 μὲν
3273 5258 3368 5322 οὖν
3401 5286 3492 5338 μοι
3523 5267 3684 5322 τοῦτο
3711 5267 3802 5337 τὴν

2237 5363 2444 5433 ζημίαν
2469 5359 2866 5433 προύξένησεν,
2891 5360 3091 5429 ἣνεγκσ
3121 5359 3165 5413 δ’
3191 5356 3286 5414 οὖν
3314 5379 3367 5414 τι
3395 5362 3491 5414 καὶ
3518 5361 3800 5431 χρήσιμον.

2247 5571 2483 5654 quentiae
2511 5578 2728 5641 partes:
2754 5569 3148 5634 inventionem,
3169 5567 3600 5640 dispositionem,
3631 5567 3804 5623 elocu-

2311 5663 2474 5695 ιιιειιι.

2247 5654 2474 5696 ltonetn.

2317 5715 2392 5786 (.i)
2424 5713 2594 5769 Codd.
2629 5713 2814 5778 ambo,
2846 5708 3041 5765 ταῦτα.

4059 1067 4071 1296 ς

4059 1297 4067 1408 ί
