4144 6282
375 254 477 320 1.3)

372 367 597 420 Δύναιτο
630 366 737 435 γὰρ
785 364 848 417 ἄν
897 381 1000 426 τις,

370 459 542 521 λόγων
577 457 800 510 ἐκείνων
836 458 1064 525 ἄπειρος
1109 456 1202 520 ὢν,
1251 453 1328 517 οἷς
1378 473 1439 522 γε
1492 457 1625 523 πρὸς
1672 455 1940 526 ἀλλήλους

372 550 752 620 ἐχρησάμεθα,
785 549 879 601 καὶ
926 549 1163 618 χρῆσθαι
1209 550 1421 611 τούτοις
1470 548 1670 618 δεῆσαν
1710 548 1935 617 εὐχερέ-

374 644 564 711 στερόν
609 660 668 695 τε
715 643 812 695 καὶ
854 643 1298 711 προχειρότερον,
1335 642 1365 712 ἦ
1407 644 1524 703 ταῖς
1571 641 1678 692 τῶν
1711 639 1943 708 Γραφῶν

371 737 685 806 ὲξηγήσεσι.
715 736 840 797 Τοῖς
867 736 974 805 γὰρ
1004 736 1109 787 ἀπὸ
1138 736 1346 788 τούτων
1372 734 1567 794 τελέως
1597 733 1943 801 διαλέγεσθαι

374 828 613 892 θέλουσι,
641 827 722 879 δεῖ
758 828 855 896 μὲν
888 828 1065 887 καλῶς
1104 829 1318 888 ὲκείνας
1356 825 1744 896 ἑξησκηκέναι,
1779 825 1855 876 δει
1889 825 1944 876 δὲ

375 921 590 988 φρενῶν
621 919 912 987 δευτέρων,
942 919 1020 971 δεῖ
1056 919 1112 970 δὲ
1148 920 1322 989 ῥοπῆς
1351 918 1655 985 θειοτέρας,
1686 917 1720 970 ἂ
1752 918 1941 968 συνελ-

377 1009 489 1061 θεῖν
521 1009 641 1060 κατ’
672 1009 801 1060 αὐτὸ
845 1010 1103 1078 χαλεπόν.
1139 1009 1327 1062 Ταῦτα
1361 1010 1459 1078 μὲν
1496 1009 1610 1069 οὖν,
1639 1003 1682 1060 ὦ
1712 1008 1941 1077 φιλτάτη

376 1100 609 1168 κεφαλὴ,
638 1100 830 1169 ὥσπερ
862 1101 983 1152 τινὰ
1029 1102 1269 1169 κρηπῖδα
1311 1100 1388 1168 τῷ
1430 1100 1576 1168 λόγῳ
1618 1100 1728 1152 δεῖν
1758 1100 1944 1168 ᾠήθην

375 1190 805 1257 πειοῡτιοθέσθαι,
836 1191 902 1241 ἶν’
936 1190 1082 1259 ἔχοις
1118 1193 1244 1258 ῥᾷον
1279 1191 1376 1258 τὴν
1405 1189 1518 1241 τόθ’
1547 1188 1701 1257 ἡμῶν
1736 1189 1946 1256 συμϐᾶ-

375 1297 474 1331 σαν
505 1281 739 1345 διάλεξιν
779 1281 1162 1349 ἐκλαμϐάνειν,
1196 1281 1316 1349 ἥτις
1348 1276 1448 1333 (ἶλδὲ
1474 1298 1588 1341 πως
1625 1280 1799 1346 ἔσχεν.

1399 249 1674 310 DMLOG
1689 250 1784 308 US
1821 251 1976 310 CUM
2017 247 2570 309 MOHAMETANO.

1049 359 1223 432 οἶμαι,
1265 363 1461 434 ῥᾳδίως
1504 365 1815 431 μεμνῆσθαι
1853 366 1934 414 καλ

2052 363 2400 416 oraculorum
2437 362 2640 415 auat-ilio
2666 368 2717 414 et
2747 362 2933 423 armis,
2972 375 3092 430 quae
3129 361 3252 416 inde
3285 365 3490 418 assumi
3528 380 3616 435 po-

3536 245 3633 308 134

2049 457 2301 519 tuissent,
2371 455 2684 522 confligere,
2725 465 2889 526 atque
2945 456 3108 525 hujus
3159 466 3449 511 armatura:
3496 458 3620 511 loco

2049 549 2566 604 ratiocinationibus
2597 550 2651 603 in
2681 550 3042 618 eolloquendo
3075 548 3397 618 plerumque
3437 549 3532 613 uti,
3560 559 3616 603 et

2049 643 2336 710 exemplis,
2370 642 2542 711 iisque
2575 642 2640 695 ad
2671 641 3008 696 audientium
3049 651 3271 712 captum
3309 655 3617 696 accommo—

2049 730 2211 785 datis.
2240 731 2292 784 id
2327 732 2456 783 mibi
2499 746 2750 800 magnum
2788 731 3008 800 quidem
3064 732 3347 797 damnum,
3383 732 3617 801 aliquam

2053 839 2180 876 vero
2214 825 2379 876 etiam
2434 826 2720 878 utilitatem
2774 824 2974 878 attulit.
3035 824 3485 895 Quandoquidem
3540 828 3622 880 vel
3701 861 3716 870 ς.

2056 915 2338 983 imperitus
2367 917 2637 985 quispiam
2669 916 2907 979 illorum,
2946 932 3084 984 quos
3116 916 3347 969 invicem
3382 917 3622 970 contuli-

2056 1018 2200 1066 mus,
2252 1006 2569 1060 meminisse
2618 1007 2794 1074 possit
2852 1022 3197 1070 sermonum,
3241 1007 3442 1075 iisque,
3497 1022 3621 1061 cum

2054 1097 2378 1163 oportuerit,
2405 1098 2618 1151 facilius
2652 1098 3068 1166 promptiusque
3096 1099 3198 1164 uti,
3226 1113 3384 1166 quam
3413 1113 3440 1152 e
3465 1112 3623 1153 sacra

2057 1186 2340 1255 Scriptura
2377 1193 2559 1258 petitis
2599 1192 2954 1260 argumentis.
2989 1191 3092 1254 Qui
3129 1193 3272 1244 enim
3318 1191 3530 1243 divinos
3562 1190 3626 1242 li-

2057 1281 2182 1333 bros
2226 1282 2281 1333 in
2325 1283 2644 1339 disserendo
2688 1293 2836 1337 recte
2883 1285 3143 1336 adhibere
3173 1277 3361 1345 velint,
3394 1283 3457 1335 iis
3498 1298 3621 1332 eum

372 1370 630 1439 brmciara
656 1373 869 1426 illorum
896 1374 1442 1437 exercitationc,lum
1471 1372 1738 1424 Stlbliliori
1766 1381 1957 1424 mente
1983 1383 2034 1426 et
2066 1375 2333 1426 diviniore
2368 1375 2680 1442 adiumento
2711 1387 2789 1431 est
2822 1392 2959 1444 epus
2996 1393 3008 1429 :
3046 1389 3162 1444 quae
3231 1383 3378 1428 certe
3442 1372 3621 1424 omnia

373 1466 425 1517 in
461 1479 628 1518 unum
657 1473 708 1518 et
751 1463 890 1517 idem
921 1463 1134 1517 difﬁcile
1165 1463 1594 1517 estcuitvenire.
1631 1459 1830 1522 llalies,
1869 1461 1940 1513 mi
1983 1462 2183 1529 optime
2252 1464 2439 1530 frater,
2493 1478 2614 1532 qua:
2687 1464 2841 1532 quasi
2902 1465 3148 1530 quauiam
3195 1463 3378 1528 operis
3429 1459 3620 1513 funda-

372 1564 550 1608 menta
582 1556 958 1622 prazstruenda
991 1569 1110 1608 esse
1152 1553 1482 1617 existimavi,
1525 1563 1582 1605 ut
1610 1550 1810 1604 faetum
1841 1559 1967 1607 tunc
2008 1555 2147 1609 inter
2176 1570 2274 1609 nos
2315 1556 2528 1612 facilius
2561 1559 2740 1626 possis
2779 1571 3085 1611 sermonem
3141 1553 3463 1623 intelligere,
3530 1564 3622 1618 qui

371 1644 473 1699 hoc
496 1645 608 1700 fere
633 1645 794 1700 modo
825 1659 882 1700 se
914 1644 1124 1712 habuit,

1404 2021 2000 2113 DIALOGUS
2099 2021 2386 2108 PRIM
2415 2021 2586 2108 US.

1556 2215 1641 2276 De
1675 2213 1931 2292 Angelis
1965 2221 2023 2275 et
2062 2210 2424 2273 Animabns.

442 2551 512 2600 α’.
561 2541 876 2610 Ἐκαθήμην
913 2541 1049 2608 μετὰ
1085 2539 1298 2592 δεῖπνον
1335 2534 1468 2602 πρὲις
1513 2535 1576 2600 τῇ
1628 2532 1798 2601 πυρᾷ,
1851 2533 1934 2582 καῖ

2125 2535 2177 2586 l.
2214 2532 2477 2586 Sedebam
2506 2533 2571 2583 ad
2607 2533 2782 2584 focum
2810 2539 2933 2600 post
2974 2545 3210 2592 comam,
3251 2529 3499 2596 idemque
3524 2545 3622 2599 pro

370 2634 566 2688 ταυτὸν
593 2636 621 2685 ὁ
668 2632 846 2698 γέρων
894 2629 1166 2686 εἰωθότως
1209 2623 1406 2686 ἐποίει,
1451 2621 1634 2684 ἄλλοις
1670 2621 1785 2688 ἅμα
1834 2621 1943 2672 τῶν

367 2726 680 2797 ἡμετέρων,
709 2727 806 2777 καὶ
849 2725 962 2785 τοῖς
1008 2719 1172 2773 αὐτοῦ
1208 2717 1418 2772 παισί-,ι’
1450 2711 1592 2787 ἦσαν
1621 2713 1730 2783 γάρ
1771 2714 1817 2766 οἱ
1849 2713 1940 2765 δύο

371 2822 526 2884 υἱεῖς,
557 2817 650 2872 νοῦ
675 2834 734 2869 τε
770 2816 862 2868 καὶ
888 2813 1081 2882 σοφίας
1117 2812 1465 2882 μετέχοντες,
1486 2807 1581 2861 καὶ
1611 2807 1672 2859 οὐ
1709 2805 1940 2874 σμικρὸν

368 2911 541 2962 ἐνίοτε
593 2907 684 2959 τοῦ
735 2902 1010 2975 πατρικοῦ
1068 2899 1698 2968 συναντιλαμϐανόμενοι
1756 2895 1936 2963 λόγου.

370 2999 478 3054 Καί
514 3001 603 3068 μοί
649 3015 817 3069 φησιν
842 2998 869 3049 ὁ
896 2993 1231 3064 πρεσϐύτηςο
1262 2992 1326 3045 El
1361 2991 1434 3060 μὴ
1475 2989 1728 3060 μέλλοιμι
1767 2987 1941 3049 δόξειν

366 3093 613 3162 ἐπαχθὴς
651 3092 749 3162 (1),
776 3088 1045 3157 δεήσομαί
1080 3104 1172 3138 σου
1214 3083 1444 3137 ἀκοῦσαί
1495 3098 1622 3152 μου,
1655 3081 1747 3132 καὶ
1783 3078 1941 3146 λόγον

367 3182 719 3254 μεταδοῦναι,
771 3181 899 3249 περὶ
944 3173 1018 3231 ὧν
1059 3177 1122 3232 ἂν
1154 3176 1404 3246 ἐροίμην·
1451 3172 1649 3244 σχολὴν
1685 3171 1794 3241 γὰρ
1841 3171 1939 3240 ἤδη

366 3280 544 3345 ἄγεις.
583 3277 762 3346 Ἔφην
809 3273 853 3328 δ’
908 3271 1038 3339 ὲγώο
1084 3268 1222 3323 Ἀλλ’
1257 3270 1304 3319 εἰ
1353 3265 1446 3319 καὶ
1497 3265 1573 3334 μὴ
1624 3261 1937 3333 ἐσχόλαζον,

366 3371 542 3440 ἡδέως
571 3369 635 3422 ἄν
670 3384 765 3420 σου
799 3363 1136 3430 ἀκούσαιμιρ
1168 3359 1430 3430 βούλομαι
1459 3359 1566 3428 γάρ
1606 3375 1686 3412 σοι
1713 3355 1940 3426 χαρίζε-

366 3461 510 3514 σθαι.
552 3461 660 3512 Καὶ
688 3458 747 3521 ὃς
781 3456 1086 3526 ἀρξάμενος
1121 3453 1224 3522 ἔφη
1246 3464 1264 3483 ⁶

437 3549 501 3620 β’.
533 3551 717 3620 Ἔρως
765 3543 832 3618 ἦν
884 3563 976 3614 μοι
1026 3545 1305 3614 διηνεκὴς,
1354 3542 1447 3595 τοῦ
1490 3541 1587 3614 τὴν
1636 3541 1761 3595 καθ’
1792 3541 1937 3612 ὑμᾶς

364 3641 624 3711 λατρείαν
655 3637 960 3700 διδάξοντὸς
1003 3653 1068 3703 με
1102 3635 1309 3704 τυχεῖν.
1339 3634 1447 3687 Καὶ
1477 3633 1823 3703 Χριστιανῶν
1858 3634 1934 3703 (2)

373 3734 472 3800 μὲν
500 3731 708 3783 οὐδέσιν
738 3726 1072 3781 οὐδεπώποτ’
1095 3727 1366 3796 ἐνέτυχον,
1395 3725 1446 3777 οἳ
1472 3725 1634 3793 λόγου
1666 3742 1723 3777 τε
1758 3729 1936 3794 μετεῖ-

366 3842 484 3893 χον,
518 3821 614 3876 κα)⁸
652 3822 848 3889 πεῖραν
883 3819 1088 3886 ταύτης
1126 3819 1398 3886 τοσαύτην
1449 3813 1615 3886 εἶχον,
1645 3816 1788 3870 ὥστε
1844 3817 1934 3884 μοί

2052 2638 2204 2677 more
2248 2623 2480 2676 faciebat
2522 2637 2708 2683 senex,
2746 2637 2853 2674 una
2888 2638 3010 2674 cum
3058 2624 3180 2675 aliis
3207 2637 3272 2675 ex
3318 2631 3507 2675 nostro
3531 2638 3622 2675 co-

2053 2715 2266 2777 mitatu,
2294 2725 2490 2768 etcum
2525 2714 2638 2768 suis
2667 2713 2826 2768 filiis:
2851 2714 2904 2767 lii
2935 2723 3092 2768 erant
3115 2715 3246 2778 duo,
3285 2715 3505 2783 ingenio
3529 2730 3622 2766 sa-

2047 2807 2364 2878 pientiaque
2411 2808 2649 2877 praediti,
2689 2821 2792 2861 nec
2845 2822 3037 2876 parum
3086 2808 3377 2876 aliquando
3413 2823 3622 2862 sermo-

2048 2914 2170 2954 nem
2201 2902 2372 2968 patris
2402 2899 2752 2968 adjuvabaut.
2787 2897 2923 2952 Tum
2974 2914 3162 2965 sene-tt,
3206 2900 3319 2954 Nisi
3355 2901 3620 2956 molestus

2046 3005 2168 3046 esse
2198 2993 2405 3056 videar,
2428 2992 2626 3062 inquit,
2659 3002 2709 3045 te
2742 2992 2943 3060 rogabo
2975 3001 3034 3046 ut
3061 3008 3148 3045 me
3179 2995 3389 3060 audias,
3411 3009 3618 3048 sermo-

2049 3098 2283 3153 nemque
2321 3083 2388 3138 de
2411 3084 2612 3152 quibus
2652 3083 2996 3155 interrogare
3035 3085 3386 3155 impertiare:
3418 3097 3614 3142 nactus

2045 3178 2189 3231 enim
2216 3187 2266 3230 tc
2286 3190 2404 3232 sum
2432 3176 2692 3231 otiosum.
2720 3178 2790 3230 At
2809 3175 3167 3246 ego,Etiamsi
3199 3193 3361 3246 quam
3389 3179 3614 3234 minime

2045 3271 2470 3330 otiosusessem,
2496 3267 2741 3335 inquam,
2761 3276 2941 3323 tamen
2968 3270 3222 3324 lubenter
3249 3279 3297 3324 te
3324 3269 3572 3324 audirem
3598 3288 3611 3322 :

2046 3376 2146 3416 nec
2170 3361 2467 3431 quidquam
2509 3369 2721 3414 tantum
2751 3360 2937 3429 cupio,
2965 3375 3128 3430 quam
3165 3361 3259 3416 tibi
3291 3362 3612 3432 gratilicari.

2043 3451 2199 3524 Tunc
2223 3453 2404 3506 dicere
2443 3467 2673 3506 exorsus
2703 3462 2788 3506 est
2822 3470 2835 3506 :

2112 3544 2169 3598 ‘2.
2205 3543 2450 3613 Semper,
2488 3545 2682 3614 inquit,
2717 3558 2818 3614 ego
2862 3545 3066 3614 optavi,
3101 3553 3159 3600 ut
3194 3544 3276 3599 ῖιτ-
3302 3561 3472 3600 unum
3516 3547 3618 3603 ali-

2041 3655 2201 3710 quem
2229 3639 2550 3703 inciderem,
2569 3640 2659 3707 qui
2686 3649 2920 3692 vestram
2958 3654 3044 3692 me
3073 3639 3390 3709 religionem
3422 3641 3617 3696 edoce-

2042 3739 2144 3783 ret.
2187 3728 2396 3784 Etenim
2431 3745 2461 3784 e
2491 3730 2827 3784 Christianis
2875 3731 3095 3798 quidem
3147 3732 3326 3785 nullos
3371 3749 3609 3803 unquam

2043 3821 2242 3896 reperi,
2278 3821 2370 3888 qui
2395 3829 2608 3873 tantum
2643 3822 2866 3891 ingenii,
2907 3832 3225 3893 tantamque
3259 3842 3372 3881 sua:
3397 3829 3615 3896 neligio—

364 3891 418 3968 τι
447 3914 640 3980 σαφὲς,
673 3913 766 3965 καὶ¹
796 3908 907 3965 οἷον
934 3910 999 3965 ἂν
1036 3911 1352 3979 βουλοίμην,
1387 3909 1650 3962 δύνασθαι
1680 3909 1932 3977 φράζειν.

2042 3911 2129 3963 nis
2157 3893 2402 3977 peritiam
2439 3911 2723 3974 haberent,
2776 3922 2836 3966 ut
2873 3913 2938 3967 de
2979 3914 3068 3968 illa
3103 3891 3237 3969 mihi
3269 3918 3476 3972 clarum
3499 3891 3606 3974 ’ξιι-

366 4005 592 4078 Ιιερσῶν
649 4004 729 4071 δὲ,
776 4005 870 4056 καὶ
908 4002 1184 4072 Ἀράϐων,
1235 4007 1328 4053 καὶ
1378 3999 1660 4068 Τούρκων,
1696 3997 1744 4050 οἳ
1785 3999 1936 4067 παρὰ

362 4098 468 4151 τῶν
490 4096 797 4166 ὑμετέρων,
821 4095 894 4158 ὡς
918 4093 1129 4162 ἔλεγον,
1148 4091 1506 4162 ἐδιδάχθησαν
1528 4089 1564 4144 ἃ
1582 4088 1932 4160 πρεσϐεύετε,

364 4187 576 4240 πολλῶν
630 4187 804 4240 πολλὰ
852 4185 1122 4252 λεγόντων
1169 4182 1402 4252 ἀκήκοαο
1440 4177 1520 4243 οἷς
1554 4180 1614 4232 οὐ
1662 4179 1804 4233 πάνυ
1852 4196 1932 4232 τοι

361 4278 637 4333 πιστεύειν
662 4279 872 4346 ἠξίουν·
895 4276 1058 4329 τοῦτο
1095 4275 1214 4344 μὲν,
1240 4273 1313 4336 ὡς
1349 4274 1596 4334 ἐναντίας
1623 4267 1785 4357 οὖσιν
1805 4272 1934 4340 ὑμῖν

359 4374 683 4444 θρησκείας,
732 4371 892 4424 τοῦτο
921 4370 965 4422 δ’
1000 4368 1076 4432 ὡς
1121 4368 1475 4437 διαφωνοῦσι,
1511 4367 1606 4421 καὶ
1642 4365 1719 4435 μὴ
1759 4365 1932 4418 ταυτὰ

358 4467 634 4533 λέγουσιν.
670 4462 864 4525 Ἀλλος
892 4461 1000 4532 γὰρ
1029 4462 1158 4515 ἄλλο
1183 4479 1237 4513 τι
1264 4460 1394 4530 περὶ
1426 4458 1520 4512 τοῦ
1552 4458 1722 4510 αὐτοῦ
1752 4460 1931 4528 πράγ-

365 4573 533 4624 ματος
563 4554 860 4622 ἀκηκοέναι
894 4551 1278 4620 διῖσχυρίζετο·
1313 4552 1516 4612 πάντες
1549 4551 1607 4603 δὲ
1643 4549 1929 4601 παντάπα-

364 4667 448 4700 σιν
504 4646 756 4714 ἀλλήλοις
811 4643 1107 4712 ἀσύμϐατα
1161 4644 1368 4710 ἔλεγον.
1438 4641 1580 4694 Ἀλλ’
1637 4640 1736 4710 ἤδη
1789 4641 1927 4713 τύχῃ

361 4739 542 4809 ἀγαθῇ
587 4734 832 4790 τοιούτου
881 4732 1034 4800 ξένου
1075 4751 1168 4786 σου
1215 4732 1420 4802 τυχὼν,
1455 4733 1661 4801 σφόδρα
1706 4732 1928 4794 εὔελπίς

361 4833 499 4900 εἰμι,
549 4827 642 4881 νῦν
698 4823 830 4895 γοῢν
882 4824 1090 4876 ἐκείνου
1147 4824 1457 4888 τεύξεσθαι,
1512 4815 1684 4892 οὗπερ
1719 4823 1928 4876 ἄνωθεν

355 4928 528 4995 ἥρων.
560 4921 725 4975 Ὅθεν
769 4919 832 4990 δὴ
887 4919 981 4971 καὶ
1031 4917 1222 4987 δέομαί
1274 4935 1367 4970 σου
1419 4917 1494 4988 μὴ
1545 4919 1643 4987 τῆς
1687 4917 1927 4988 ἐφέσεως

356 5015 650 5087 ἁμαρτεῖν,
692 5011 828 5082 μηδὲ
869 5011 978 5064 τῶν
1011 5011 1244 5062 ἐλπίδων
1291 5009 1618 5079 ψευσθῆναι,
1655 5010 1792 5063 ἀλλὰ
1825 5029 1925 5063 κα-

355 5109 538 5180 θαρῶς
570 5103 801 5157 ἀκοῦσαι
853 5105 1004 5175 παρὰ.
1047 5103 1140 5156 σοῦ
1189 5102 1348 5156 πάνθ’
1379 5103 1415 5156 ἅ
1462 5106 1733 5174 φρονεῖ;ε’
1765 5105 1923 5174 κάγὼ

2039 4001 2192 4071 quid,
2218 4002 2379 4070 quale
2397 4001 2613 4066 vellem,
2631 4002 2810 4072 eloqui
2836 4015 3079 4073 possent.
3097 4006 3259 4063 Plura
3286 4026 3414 4068 vero
3439 4027 3468 4066 e
3489 4014 3609 4082 plu-

2039 4093 2193 4147 ribus
2210 4093 2416 4159 Persis,
2444 4096 2738 4159 Arabibus,
2765 4096 3068 4169 Turcisque
3087 4103 3294 4168 audivi,
3317 4106 3410 4173 qui
3435 4122 3464 4160 a
3488 4124 3610 4163 ves-

2039 4187 2159 4250 tris,
2181 4195 2236 4240 ut
2267 4187 2507 4251 aiebant,
2538 4188 2817 4258 religionis
2851 4201 3046 4246 vestrae
3087 4194 3267 4262 capita
3298 4196 3610 4268 placitaque

2035 4279 2210 4334 edocti
2234 4278 2446 4334 fuerant
2469 4299 2483 4334 :
2505 4279 2707 4348 quibus
2730 4289 2912 4337 tamen
2941 4299 3045 4336 non
3079 4284 3240 4353 plane
3264 4286 3486 4342 credere
3515 4304 3608 4344 vo-

2034 4371 2211 4426 lebam
2238 4389 2252 4426 :
2276 4381 2389 4427 tum
2425 4373 2553 4441 quia
2586 4375 2918 4428 contrariam
2943 4387 3140 4431 vestrae
3173 4377 3486 4449 religionem
3515 4398 3608 4435 co-

2033 4463 2173 4529 lunt,
2216 4474 2328 4518 tum
2357 4464 2484 4531 quia
2511 4464 2653 4517 inter
2687 4479 2746 4519 se
2769 4465 3127 4532 dissentiunt,
3157 4484 3256 4524 nec
3288 4471 3476 4525 eadem
3515 4473 3604 4526 di-

2033 4561 2184 4606 cunt.
2221 4549 2356 4606 Nam
2389 4553 2531 4606 alius
2557 4553 2702 4607 aliud
2723 4557 2908 4610 eadem
2937 4557 3004 4610 de
3030 4572 3088 4612 re
3122 4560 3342 4614 audisse
3375 4577 3434 4616 se
3463 4562 3604 4616 aflir-

2032 4649 2248 4700 mabat:
2279 4659 2472 4698 omnes
2499 4656 2681 4700 autem
2713 4661 2776 4701 ea
2807 4647 3088 4717 dicebant,
3117 4665 3237 4720 quae
3269 4652 3411 4706 inter
3433 4668 3490 4708 se
3516 4656 3602 4709 in-

2031 4740 2202 4792 vicem
2226 4739 2452 4810 omnino
2475 4739 2753 4795 colimrere
2779 4756 2887 4795 non
2908 4745 3152 4811 poSsent.
3176 4745 3282 4800 Sed
3303 4745 3599 4818 jam,quod

2033 4831 2159 4884 felix
2187 4831 2541 4899 faustumque
2566 4834 2657 4893 sit,
2679 4833 2839 4886 talem
2867 4842 2917 4888 te
2942 4834 3212 4904 lmSpitcm
3236 4847 3429 4893 nactus
3452 4841 3602 4894 valde

2030 4936 2192 4990 spero
2226 4923 2365 4987 fore,
2396 4933 2454 4976 ut
2478 4924 2756 4992 quod,jam
2787 4927 2994 4995 pridem
3022 4929 3420 4997 desiderabam,
3453 4949 3599 4988 nunc

2031 5026 2178 5068 certe
2237 5029 2563 5082 consequar.
2599 5017 2750 5071 Unde
2810 5019 3062 5086 obsecro,
3113 5030 3172 5075 ut
3217 5027 3327 5078 voti
3376 5041 3600 5096 compos

2033 5105 2177 5169 fiam,
2212 5119 2387 5173 neque
2419 5119 2536 5158 mea
2578 5121 2662 5160 me
2702 5122 2826 5176 spes
2845 5110 3016 5172 fallat,
3039 5115 3135 5167 sed
3170 5124 3222 5168 et
3249 5131 3368 5185 qua:
3393 5117 3600 5172 semia-

351 5203 408 5253 δὲ
442 5200 753 5269 βουλομένῳ
786 5214 868 5250 σοι
895 5197 1052 5252 πάντ’
1077 5197 1184 5265 ἐρῶ
1209 5197 1278 5249 τὰ
1299 5198 1569 5267 ἡμέτερα,
1594 5197 1630 5251 ὃ.
1662 5199 1802 5250 δοκῶ
1833 5218 1923 5268 μοι

2042 5197 2120 5259 Lis,
2155 5211 2184 5248 a
2213 5204 2264 5268 t_e
2314 5197 2537 5251 omnino
2566 5198 2772 5268 liquido
2803 5204 3061 5259 audiam:
3095 5209 3226 5276 quin
3262 5224 3364 5280 ego
3404 5211 3520 5276 tibi,
3550 5211 3596 5265 si

351 5291 533 5353 καλῶς
567 5291 792 5344 εἰδέναι.
835 5287 1140 5360 Ἐνδέχεται
1184 5288 1240 5343 δέ
1291 5305 1374 5340 σοι
1419 5289 1610 5357 μισθὸν
1661 5291 1917 5358 γενέσθαι

351 5381 462 5433 τῶν
497 5380 699 5441 πόνων,
729 5372 840 5431 οἷον
873 5378 938 5430 ἂν
969 5376 1130 5438 αὐτὸς
1157 5373 1362 5440 εὔξαιο.
1391 5375 1451 5427 Εί
1480 5375 1588 5444 γὰρ
1623 5375 1685 5444 δὴ
1716 5375 1784 5428 τὰ
1815 5394 1919 5428 πα·

355 5473 427 5541 ρὰ
472 5470 564 5524 σοῦ
614 5469 994 5542 λεχθησόμενα
1040 5468 1301 5536 ἀληθείας
1360 5466 1594 5536 ἐχόμενα
1645 5468 1918 5535 φανεῖται,

433 5653 508 5723 (Ι)
537 5653 670 5710 Cod.
697 5653 861 5710 Cuisi.
896 5653 1180 5726 ἐπαχθείς.

2030 5287 2247 5356 quidem
2285 5287 2439 5352 velis,
2471 5292 2652 5343 ontnia
2696 5303 2882 5349 nostra
2929 5297 3174 5368 eloquar,
3214 5316 3337 5371 qum
3371 5300 3597 5370 pulchre

2031 5380 2160 5432 mihi
2187 5379 2374 5434 videor
2409 5382 2570 5436 scire.
2609 5383 2673 5436 Et
2705 5397 2882 5453 potest
2913 5389 3053 5456 fieri,
3108 5400 3168 5446 ut
3207 5407 3371 5462 quam
3407 5391 3594 5456 utique

2029 5479 2268 5539 optares,
2297 5486 2415 5527 eam
2453 5473 2656 5552 laboris
2702 5479 2780 5533 tui
2814 5484 3121 5540 mercedent
3161 5483 3328 5539 feras.
3363 5481 3419 5535 Si
3445 5483 3592 5535 enim

2103 5663 2180 5730 ιῗῖ)
2224 5659 2357 5716 COJ.
2396 5660 2559 5718 Cuisi.
2591 5666 2958 5734 Χριστιανοίς,
