4144 6282
518 287 625 351 135

1651 286 2053 348 MANUELIS
2095 283 2541 352 PALAZOLOGI
3667 295 3769 369 136

509 419 628 470 quae
656 417 682 455 ιι
709 410 760 455 te
794 402 936 456 dicta
971 400 1193 464 fuerint,
1218 401 1447 455 veritate
1474 401 1573 456 niti
1612 403 1962 463 videbuntur,
1993 419 2084 454 nc-

2205 407 2408 474 ὶνάγκη
2452 408 2622 475 δήπου
2670 409 2819 478 τάμὰ
2867 412 3042 475 ἄλλως
3096 412 3287 482 ἔχοντα
3333 416 3503 482 δόξαι.
3537 419 3647 473 Καὶ
3685 427 3770 474 τίς

510 509 664 548 (πείθεο
702 495 946 563 profecto
986 506 1092 558 est,
1127 505 1180 546 ut
1215 495 1373 546 aliter
1401 510 1460 548 se
1509 494 1708 547 habere
1741 509 1768 546 a
1808 510 1893 548 me
1941 495 2086 548 dicta

510 595 831 653 appareant.
860 585 975 639 Jam
1009 602 1137 640 vero
1171 587 1294 655 quis
1326 587 1400 638 ita
1452 585 1680 638 demens
1714 595 1818 649 est,
1855 594 1912 638 ut
1942 585 2086 652 quod

512 691 620 729 non
673 687 755 729 est
804 692 992 730 verum
1031 693 1158 730 vero
1203 676 1500 746 praal‘erat?
1535 675 1649 729 lloc
1685 687 1864 729 autem
1899 690 2087 728 verum

511 783 634 822 esse
673 770 816 838 quod
851 770 988 834 dixi,
1028 769 1120 822 illo
1153 777 1476 835 argumento
1510 768 1916 822 demonstratur
1945 786 1958 818 :
1994 783 2091 820 no-

514 860 596 912 bis
625 859 775 914 nefas
807 871 890 914 est
924 876 1047 914 cum
1069 860 1397 914 Christianis
1421 860 1729 930 disputare,
1755 861 1848 928 qui
1879 874 2088 919 secum,

514 961 572 1003 ut
609 952 784 1016 aiunt,
819 954 1044 1005 multam
1087 953 1449 1020 persuadendi
1478 955 1584 1006 vim
1624 952 1844 1005 habent.
1879 953 1954 1004 Ac
1983 949 2089 1003 nisi

513 1044 815 1095 acerrimus
863 1058 1040 1096 essem
1081 1045 1326 1097 veritatis
1357 1053 1590 1104 amator,
1622 1058 1726 1094 non
1757 1057 1887 1095 sane
1918 1041 2088 1108 legem

511 1131 660 1185 illam
696 1134 1048 1199 negligerem,
1082 1149 1204 1199 quae
1251 1134 1301 1187 id
1353 1134 1531 1189 facere
1578 1135 1852 1204 prohibet,
1889 1148 1989 1186 nec
2023 1132 2087 1184 ad

513 1230 724 1275 tantum
757 1234 1034 1277 certamen
1065 1233 1265 1276 temere
1315 1226 1718 1296 suscipiendum
1755 1225 2090 1291 accingerer.

584 1314 636 1364 5.
675 1313 777 1365 Sed
816 1322 868 1365 tu
896 1313 1138 1378 quidem,
1190 1314 1436 1382 inquam,
1488 1331 1612 1367 cum
1667 1315 1744 1367 sis
1780 1323 2086 1367 vestrorum

511 1406 826 1472 dogmatum
861 1407 1140 1471 magister,
1190 1422 1310 1474 quae
1353 1407 1628 1475 polliceris
1672 1406 1876 1472 optime
1934 1413 2089 1471 potes

513 1496 741 1564 implere
766 1515 779 1550 :
816 1497 946 1548 mihi
981 1505 1176 1550 veroet
1203 1512 1414 1550 mecum
1441 1496 1798 1550 militantibus
1819 1495 1920 1547 alia
1944 1509 2091 1562 qua:-

511 1588 634 1639 dam
669 1602 838 1654 genus
867 1587 987 1640 vitae
1018 1588 1353 1655 praescribit:
1393 1596 1752 1656 quapropter,
1803 1585 2086 1653 siquidem

513 1687 699 1731 nostra
723 1678 936 1730 discere
968 1677 1176 1742 studes,
1205 1678 1585 1746 ejusmodique
1603 1675 1783 1730 facere
1804 1676 2084 1744 quidpiam

2194 499 2368 558 οὕτως
2401 499 2647 567 ἀνόητος,
2681 500 2755 561 ώς
2789 505 3132 572 προτιμῆσαι.
3162 505 3428 574 τάληθοῦς
3470 509 3530 561 τὸ
3562 511 3636 580 μὴ
3658 530 3770 566 τοι-

2194 589 2350 640 οῦτον
2374 606 2387 651 ;
2419 590 2584 641 Τουτὶ
2619 591 2674 643 δὲ
2698 592 2876 660 δῆλον,
2903 594 3223 664 ἀποδειχθὲν
3249 599 3481 652 ὲκεῖ)εν’
3508 601 3632 654 οὐδὲ
3659 604 3770 671 γὰρ

2195 682 2326 748 ἡμῖν
2393 680 2615 750 θεμιτὸν
2677 684 3030 751 Χριστιανοῖς
3084 688 3457 757 διαλέγεσθαι,
3521 693 3658 747 πολὺ
3710 697 3773 748 τὸ

2197 772 2404 824 πείθειν
2442 773 2625 842 ἔχουσι
2681 775 2799 844 μεθ’
2827 778 3061 844 ἑαυτῶν,
3107 777 3182 842 ὥς
3238 798 3392 848 φασι.
3432 784 3538 835 Καὶ
3590 787 3637 837 εξ
3691 788 3769 857 μὴ

2197 865 2402 932 σφόἰρα
2451 860 2519 935 ἦν
2568 867 2731 930 αὐτὸς
2779 868 2879 938 τῆς
2929 871 3190 938 ἀληθείας
3238 874 3497 943 ἐραστὴς,
3550 877 3648 929 οὒκ
3704 879 3771 932 ἂν

2195 957 2462 1024 ἠμέλουν,
2493 958 2600 1011 οὐδ’
2629 959 2948 1030 ὠλιγώρουν
2974 963 3067 1016 τοῦ
3097 965 3253 1017 τοῦτο
3270 967 3534 1034 πράττειν
3563 969 3770 1038 εἶργον-

2193 1065 2282 1109 τος
2313 1051 2504 1118 νόμου,
2530 1052 2651 1104 οὐδὲ
2685 1054 2820 1122 πρὸς
2849 1056 2941 1107 τὸν
2971 1055 3047 1126 (l)
3082 1057 3339 1109 τοσοῦτον
3370 1059 3560 1125 ἀγῶνα
3585 1063 3774 1131 τηνάλ-

2196 1142 2298 1205 λως
2328 1143 2393 1196 ἀν
2429 1145 2548 1198 ποτ’
2577 1146 2924 1217 ἀπεδυόμην.

2267 1319 2336 1380 γ’.
2381 1321 2539 1374 Ἀλλά
2569 1325 2632 1377 σὺ
2661 1325 2779 1390 μὲν,
2814 1327 2970 1396 ἔφην,
2996 1328 3314 1394 διδάσκαλος
3343 1333 3450 1386 τῶν
3475 1335 3597 1388 καθ’
3625 1337 3771 1405 ὑμᾶς

2195 1413 2486 1480 δογμάτων
2516 1416 2807 1483 τυγχάνεις
2841 1418 2941 1480 ὢν,
2981 1420 3070 1472 καὶ
3102 1420 3288 1474 δύναιο
3321 1424 3387 1475 ἂν
3419 1426 3600 1490 καλῶς
3629 1427 3772 1496 ᾇπερ

2195 1503 2511 1576 ἐπαγγέλλῃ
2537 1506 2812 1578 ἰτελέσαι*
2869 1510 3067 1578 ἔμοιγε
3122 1511 3177 1563 δὲ
3215 1513 3308 1565 καὶ
3356 1518 3467 1579 τοῖς
3499 1516 3622 1585 ἄρτι
3660 1519 3776 1588 μετ’

2196 1595 2331 1662 ἐμοῦ
2365 1600 2818 1667 στρατευομένοις
2853 1601 2965 1653 ἀλλ’
2998 1603 3134 1655 ἄττα
3164 1605 3196 1674 ή
3245 1605 3396 1669 τάξις
3443 1609 3778 1676 ἐπαγγέλλε-

2197 1702 2326 1737 ται·
2365 1686 2481 1739 ἀνθ’
2515 1682 2588 1740 ὧν
2637 1691 2932 1744 σπουδαῖόν
2964 1711 3019 1746 τε
3069 1693 3196 1746 ὅντα
3231 1697 3325 1749 καὶ
3372 1699 3593 1766 τηλίκου
3621 1701 3692 1771 ,δέ
3723 1708 3775 1756 τι

513 1768 744 1836 c03itas,
770 1768 835 1821 ad
856 1782 950 1820 cos
973 1767 1152 1836 potius
1170 1769 1429 1821 accedere
1455 1777 1505 1821 te
1527 1767 1833 1836 oportebat,
1863 1780 2092 1834 quorum

2205 1779 2406 1846 πρᾶξαι
2465 1780 2866 1849 διανοούμενον,
2905 1785 3008 1837 ἔδει
3067 1804 3127 1838 σε
3177 1787 3348 1857 δήπου
3397 1752 3589 1860 ςάοιτᾷν
3621 1765 3775 1865 ’πρὸς

513 1859 754 1912 oilirium
790 1868 875 1912 est
909 1859 1022 1912 haec
1053 1859 1253 1913 ducere
1290 1877 1303 1912 :
1349 1859 1384 1913 ii
1429 1875 1628 1928 magno
1660 1868 1789 1914 sunt
1813 1873 2043 1912 numero
2077 1874 2091 1911 :

515 1951 720 2003 nostris
750 1951 801 2003 in
837 1938 1066 2004 urbibus
1097 1950 1365 2005 habitant.
1398 1951 1603 2005 Tamen
1637 1966 1706 2004 ne
1746 1951 1826 2006 sic
1873 1950 2092 2018 quidem

516 2057 616 2095 nos
643 2042 919 2095 disserere
943 2041 1123 2110 pigeat
1167 2043 1234 2095 de
1288 2042 1727 2111 quibuscumque
1785 2041 2094 2109 interroga-

514 2136 656 2188 veris
691 2153 703 2188 :
732 2151 1047 2204 quanquam
1072 2139 1173 2188 hoc
1190 2136 1514 2204 simpliciter
1541 2136 1685 2198 apud
1704 2149 1897 2188 omnes
1918 2134 2096 2187 facere

515 2242 624 2279 non
657 2227 838 2280 liccat.
867 2225 1001 2278 Nam
1037 2226 1149 2278 haec
1175 2224 1300 2278 data
1326 2225 1482 2278 nobis
1506 2225 1590 2277 lex
1621 2234 1724 2286 est,
1758 2234 1814 2276 ut
1876 2238 2099 2290 semper

517 2319 737 2385 quidem
768 2317 833 2371 ad
861 2319 1128 2370 rationem
1160 2325 1360 2370 nostra:
1391 2317 1505 2384 spei
1541 2317 1873 2370 reddendam
1908 2318 2083 2384 parati

515 2411 690 2463 simus
712 2407 826 2478 (ἕξις
856 2423 1030 2476 neque
1053 2408 1198 2460 enim
1227 2407 1524 2475 trepidare,
1557 2421 1734 2475 neque
1764 2407 2097 2461 invadentes

517 2502 709 2553 timere
739 2501 967 2564 debetis,
997 2501 1086 2567 qui
1134 2498 1224 2552 Dei
1252 2499 1406 2553 miles
1439 2511 1540 2564 ρει,
1591 2509 1644 2553 ct
1693 2500 1808 2569 ipsa
1866 2500 2095 2553 veritate

517 2605 760 2647 armatus
792 2611 805 2647 :
835 2607 1011 2661 neque
1031 2592 1133 2645 hoc
1159 2592 1363 2653 solum,
1390 2593 1484 2645 sed
1507 2592 1709 2662 ubique
1726 2593 1890 2646 etiam
1918 2604 2093 2647 terra-

516 2701 634 2740 rum
661 2695 715 2739 et
739 2686 982 2754 quatidie
1007 2685 1133 2740 licet
1164 2685 1512 2754 Evangelium
1541 2685 1859 2754 praedicare.
1887 2684 1990 2739 Sed
2013 2697 2095 2739 ta-

518 2793 638 2831 men
661 2779 782 2832 lidei
817 2780 1142 2832 thesaurum
1169 2780 1234 2832 ad
1257 2795 1448 2833 omnes
1477 2780 1788 2847 promiscue
1812 2794 1875 2834 ac
1899 2789 2101 2835 temere

518 2870 599 2923 sic
629 2870 950 2933 exhaurire,
987 2869 1196 2922 licitum
1232 2885 1340 2922 non
1396 2879 1501 2923 cst.
1539 2868 1647 2923 Nos
1696 2879 1879 2924 autem
1932 2887 1994 2924 ea
2043 2883 2096 2924 tu

519 2961 728 3014 ratione
752 2973 939 3029 captos
973 2962 1162 3027 habes,
1192 2977 1297 3027 qua
1325 2961 1485 3015 nobis
1551 2962 1899 3031 persuasisti,
1935 2973 1991 3015 ut
2021 2966 2098 3016 la-

519 3055 712 3108 borum
747 3055 1052 3107 mercedem
1086 3070 1115 3107 a
1144 3053 1256 3107 Deo
1285 3070 1384 3107 nos
1409 3067 1805 3110 consecuturos
1831 3071 1956 3110 esse
1976 3072 2099 3124 spe-

521 3161 723 3199 remus.
756 3145 1052 3214 Dicigitur,
1075 3145 1413 3213 factoinitio,
1435 3150 1817 3217 undecumque
1857 3149 2095 3203 libuerit.

585 3353 618 3404 4
660 3350 764 3418 Ego
790 3352 1020 3419 primum
1044 3350 1286 3419 quidem,
1308 3352 1478 3420 inquit
1499 3351 1624 3421 (hoc
1644 3351 1786 3405 enim
1811 3351 2099 3420 quemdam

518 3441 766 3495 Ordinem
792 3439 994 3510 habet),
1014 3440 1272 3510 quidnam
1302 3441 1368 3494 de
1393 3441 1710 3508 angelorum
1731 3449 1947 3499 natura.
1967 3440 2104 3491 etde

519 3535 642 3586 cmli
677 3543 946 3603 terraeque
978 3543 1032 3587 et
1063 3533 1303 3587 universi
1333 3534 1495 3602 hujus
1529 3533 1716 3585 mundi
1753 3542 2102 3600 coagmenta-

523 3625 670 3678 tione
701 3623 975 3697 sentiatis,
999 3625 1142 3678 scire
1163 3639 1295 3685 sane
1317 3641 1452 3678 aveo
1485 3639 1498 3676 :
1528 3623 1728 3676 deinde
1759 3633 1960 3675 caetera
1992 3637 2098 3674 una

521 3729 696 3772 tecum
721 3715 1032 3784 expendere
1054 3727 1228 3785 usque
1257 3717 1322 3769 ad
1374 3718 1548 3784 ipsam
1611 3712 2098 3775 resurrectionem,

517 3825 769 3878 eainqne,
787 3822 906 3876 quae
927 3819 1055 3860 tunc
1075 3810 1196 3872 erit,
1214 3807 1579 3863 conditionem
1601 3821 1808 3869 rerum,
1827 3819 1880 3860 et
1900 3805 2106 3860 facien-

519 3900 642 3954 dam
670 3901 970 3968 unicuique
998 3914 1096 3968 pro
1120 3900 1234 3953 suis
1261 3899 1602 3955 facinoribus
1658 3898 2102 3961 retributionem,

519 4007 642 4058 qua:
675 3991 898 4044 ultimus
931 3993 1036 4044 erit
1069 3991 1191 4044 ﬁnis
1221 4005 1409 4044 eorum
1458 4008 1580 4061 quae
1627 4001 1940 4046 moventur.
2005 3990 2100 4045 Sin

523 4090 706 4132 autem
742 4081 808 4131 de
842 4078 948 4130 Deo
975 4080 1212 4146 primum
1234 4092 1284 4133 et
1317 4082 1384 4134 tle
1400 4082 1602 4150 quibus
1634 4081 1869 4135 invicem
1892 4081 2113 4134 diSSen-'

521 4172 689 4226 timus
717 4171 898 4226 dicere
927 4173 1018 4225 tibi
1050 4173 1279 4240 placeat,
1317 4173 1408 4226 ﬁat
1436 4175 1601 4226 etiam
1635 4174 1780 4241 quod
1813 4173 1911 4227 tibi
1945 4174 2096 4226 vidc-

522 4272 632 4314 tur.
671 4263 780 4314 lmo
813 4262 1231 4331 enim,inqnam,
1269 4263 1338 4316 ab
1365 4262 1456 4313 illo
1488 4263 1666 4330 potius
1715 4271 1930 4328 oportet
1967 4261 2107 4313 inci-

521 4371 670 4423 pere,
695 4357 836 4424 quod
864 4357 1014 4424 prius
1039 4355 1259 4408 dixisti:
1287 4353 1726 4421 quandoquidem
1751 4360 1872 4419 post
1895 4353 1944 4404 id
1975 4352 2109 4405 laci-

2195 1871 2462 1938 ἐκείνους,
2499 1870 2579 1936 οἷς
2610 1874 2773 1942 ἔργον
2798 1877 2972 1929 ταῦτα
3019 1879 3330 1935 διδάσκειν·
3365 1885 3551 1938 πολλοὶ
3581 1887 3637 1939 δὲ
3670 1890 3776 1956 ἀρα

2200 1964 2372 2016 εἰσιν·
2412 1966 2598 2034 ἔχουσι
2640 1967 2696 2020 δὲ
2731 1969 2955 2033 τούτους
2983 1972 3040 2023 ad
3085 1973 3355 2043 ἡμέτεραι
3394 1975 3597 2039 πόλεις.
3630 1978 3773 2044 Πλήν

2199 2073 2263 2123 γε
2297 2057 2391 2108 καὶ
2426 2059 2558 2126 ἡμῖν
2591 2059 2689 2111 οὐκ
2739 2062 3102 2131 ἀποκνητέον,
3132 2067 3260 2134 περὶ
3311 2059 3387 2119 ὧν
3424 2067 3491 2120 ἂν
3522 2068 3664 2137 ἔροιο
3691 2070 3774 2122 λέ-

2200 2163 2318 2212 γειν
2339 2163 2351 2176 ο
2384 2149 2562 2202 καίτοι
2594 2167 2697 2218 περ
2724 2152 2784 2204 οὑ
2811 2152 2970 2221 Θέμις
2989 2153 3180 2232 ἀπλῶς
3213 2159 3351 2226 πρὸς
3377 2159 3583 2223 πάντας
3613 2159 3773 2213 τοῦτο

2205 2243 2400 2294 ποιεῖν.
2442 2241 2730 2312 Ἐτοίμους
2763 2244 2864 2313 μὲν
2895 2246 3001 2316 γὰρ
3039 2249 3126 2300 ἀεὶ
3158 2253 3604 2320 παρασκευάζειν
3631 2255 3774 2324 ἡμᾶς

2205 2333 2404 2393 αὐτοὺς
2451 2334 2584 2402 πρὸς
2638 2335 2936 2405 ἀπολογίαν
2987 2343 3242 2410 περὶτῆς
3271 2343 3328 2394 ἐν
3369 2345 3502 2412 ήμῖν
3540 2344 3773 2414 ἐλπίδος,

2204 2426 2365 2493 νόμος
2409 2428 2539 2496 ἡμῖν
2569 2439 2583 2454 ⁸
2619 2428 2740 2481 οὐδὲ
2776 2432 2884 2500 γὰρ
2917 2431 3203 2499 φοδεῖσθαι
3235 2434 3336 2499 δεῖ,
3379 2436 3486 2490 οὐδ’
3519 2439 3773 2508 ὀρρωδεῖν

2205 2518 2478 2583 ἐπιόντας,
2541 2522 2883 2591 στρατιώτην
2918 2523 3046 2577 ὄντα
3095 2525 3252 2590 Θεοῦ,
3288 2528 3382 2581 καὶ
3433 2531 3498 2599 τῇ
3551 2531 3774 2601 ἀληθείᾳ

2204 2608 2657 2678 καθωπλισμένον
2679 2629 2694 2644 ·
2750 2613 2810 2666 οὐ
2843 2616 3001 2685 μόνον
3031 2617 3087 2669 δὲ
3135 2617 3312 2682 τοῦτο,
3346 2612 3484 2673 ἀλλά
3523 2623 3616 2676 καὶ
3648 2630 3776 2675 παν-

2201 2699 2368 2766 ταχοῦ
2407 2699 2509 2766 τῆς
2543 2702 2668 2769 γῆς,
2707 2703 2800 2755 καὶ
2828 2705 3150 2778 καθημέραν
3185 2710 3477 2780 κηρύττειν
3509 2713 3568 2766 τὺ
3599 2707 3775 2778 Εὐαγ-

2203 2793 2384 2858 γέλιον
2415 2794 2613 2858 ἔξεστι.
2649 2798 2753 2850 Τὸν
2785 2800 2970 2866 μέντοι
3003 2818 3065 2868 γε
3099 2793 3199 2872 τῆς
3237 2805 3471 2866 πίστεως
3507 2807 3776 2878 θησαυρὸν

2205 2885 2404 2937 οὑτωσὶ
2433 2888 2567 2956 πρὸς
2602 2887 2853 2953 ἅπαντας
2893 2894 3127 2960 ἀφειδῶς
3158 2897 3251 2949 καὶ
3279 2897 3355 2960 ὡς
3387 2898 3451 2952 ἄν
3486 2918 3600 2964 πως
3628 2901 3777 2970 τύχοι

2208 2976 2424 3040 κενοῦν,
2475 2980 2532 3030 οὐ
2575 2981 2733 3048 μόνον
2767 2981 2977 3050 ἐφεῖται
3019 2987 3213 3039 ποιεῖν.
3261 2987 3332 3039 Σὺ
3369 2988 3416 3040 δ’
3459 2983 3539 3052 οἷς
3593 2989 3780 3060 μισθὸν·

2209 3067 2450 3131 ἐλπίζειν
2504 3069 2728 3134 ἔπεισας
2780 3073 2890 3125 τῶν
2949 3074 3129 3128 πόνων
3185 3077 3338 3147 παρὰ
3389 3079 3551 3146 Θεοῦ,
3601 3078 3779 3134 λαϐὼν

2205 3163 2351 3230 ἡμᾶς
2380 3161 2543 3231 ἔχεις.
2582 3165 2691 3217 Καὶ
2726 3164 2860 3234 δῆτα
2885 3165 3012 3236 λέγε
3039 3167 3246 3234 λοιπὸν,
3285 3167 3346 3234 ἐξ
3383 3165 3551 3242 οὗπερ
3578 3173 3641 3224 ἂν
3666 3166 3782 3224 ὲθέά

2203 3251 2315 3318 λοις
2353 3255 2568 3322 πρῶτον
2598 3255 2951 3323 ἐνάρξασθαι.

2276 3344 2337 3396 δ’.
2377 3345 2521 3412 Ἔφη
2553 3344 2729 3397 τοίνυν
2752 3363 2767 3377 ο
2814 3349 2955 3414 Ἐγὼ
3002 3349 3299 3422 βουλοίμην
3334 3351 3400 3406 ἂν
3429 3357 3644 3423 πρῶτον
3678 3375 3784 3428 μα-

2208 3437 2342 3499 θεῖν,
2380 3437 2537 3506 εἴπερ
2562 3438 2660 3490 οὐκ
2713 3441 2948 3508 ἐπαχθές
2999 3459 3080 3494 σοι
3110 3445 3128 3511 (
3153 3444 3305 3507 τάξιν
3337 3445 3444 3514 γὰρ
3473 3445 3598 3514 ἕχον
3626 3449 3787 3504 τοῦτό

2209 3547 2298 3598 μοι
2337 3530 2644 3598 φαίνεται),
2675 3532 2797 3583 τίνα
2827 3532 2890 3601 δὴ
2926 3533 3062 3586 am
3092 3537 3338 3603 φρονεῖτε
3388 3537 3517 3606 περὶ
3546 3537 3642 3606 τῆς
3672 3541 3788 3594 τῶν

2205 3619 2454 3685 ἀγγέλων
2511 3620 2749 3687 φύσεως,
2782 3624 2876 3674 καὶ
2924 3623 3023 3692 τῆς
3079 3626 3306 3693 οὐρανοῦ
3348 3627 3442 3680 καὶ
3498 3628 3624 3697 γῆς,
3689 3633 3784 3684 καὶ

2207 3710 2406 3772 παντὸς
2435 3710 2530 3763 τοῦ
2589 3709 2795 3780 κόσμου
2833 3713 2987 3783 τοῦδε
3040 3718 3358 3782 συστάσεως
3388 3733 3402 3748 ·
3449 3713 3570 3772 εἶτα
3606 3721 3783 3774 πάντα

2194 3801 2560 3868 ’συνεξετάσαι
2600 3803 2764 3874 μέχρι
2818 3804 2883 3876 δὴ
2922 3807 3022 3878 τῆς
3059 3809 3411 3872 ἀναστάσεως
3457 3811 3649 3880 αὐτῆς,
3690 3814 3782 3863 καὶ

2205 3896 2303 3961 τῆς
2355 3894 2476 3946 τότε
2533 3897 2949 3966 καταστάσεως,
3001 3900 3094 3952 καὶ
3142 3901 3377 3970 ἀμοιὸἦς
3425 3902 3640 3972 ἑκάστῳ
3675 3903 3783 3955 τῶν

2207 3987 2640 4056 πεπραγμένων,
2670 3988 2808 4060 ὅπερ
2844 3989 3073 4061 ἔσχατόν
3102 3985 3218 4044 ἐστι
3268 3993 3419 4056 τέλος
3459 3993 3568 4046 τῶν
3605 4011 3785 4046 κινου-

2211 4078 2410 4146 μένων.
2466 4079 2529 4131 El.
2561 4079 2618 4132 δέ
2653 4096 2734 4133 σοι
2770 4081 2922 4150 φίλον
2965 4082 3195 4150 πρώτως
3227 4083 3409 4150 λέγειν
3460 4087 3588 4154 περὶ
3621 4083 3784 4149 Θεοῦ,
3849 4097 3852 4100 ’

2208 4170 2302 4222 καὶ
2331 4164 2403 4222 ὧν
2434 4171 2688 4240 ἀλλήλοις
2711 4172 3106 4242 διαφερόμεθα,
3134 4172 3374 4239 γενέσθω
3396 4173 3459 4244 δὴ
3490 4175 3548 4227 τὸ
3571 4164 3784 4227 δοκοῦν.

2207 4261 2380 4325 Κάγὼ
2432 4263 2567 4328 πρὸς
2625 4261 2800 4312 ταῦτα
2847 4261 3026 4330 ἔφην·
3069 4263 3344 4331 Ἀρκτέον,
3405 4264 3527 4318 ὅθεν
3580 4264 3787 4335 ἔφησθα

2216 4352 2434 4418 πρῶτον
2455 4367 2470 4382 ·
2515 4352 2646 4420 ῥᾷον
2678 4351 2788 4420 γὰρ
2809 4351 2873 4404 ἂν
2905 4353 3047 4420 μετά
3074 4350 3246 4406 ταῦτα
3278 4355 3497 4425 ἐχοιμέν
3527 4375 3580 4408 τι
3608 4356 3789 4422 λέγειν

526 4447 635 4500 lius
671 4463 831 4514 quam
873 4455 1032 4498 antea
1080 4447 1145 4499 dc
1181 4446 1290 4498 Deo
1320 4445 1502 4497 dicere
1531 4443 1734 4511 aliquid
1779 4442 2097 4511 poterimus:

2220 4439 2347 4506 περὶ
2376 4437 2532 4503 Θεοῦ,
2563 4439 2596 4511 ἥ
2628 4440 2733 4507 πρὸ
2760 4439 2966 4494 τούτων
2991 4457 3004 4471 ·
3039 4443 3253 4506 τούτοις
3283 4447 3395 4514 γὰρ
3424 4448 3628 4500 ἐκεῖνον
3659 4448 3792 4499 πάν-δ

524 4553 646 4591 nam
672 4537 754 4591 his
776 4536 992 4590 demmn
1017 4552 1140 4589 eum
1159 4535 1567 4604 cognoscimus.
1587 4535 1792 4587 Etenim
1814 4535 1927 4603 ipse
1941 4534 2116 4588 Abra-

527 4632 651 4682 ham
684 4636 761 4698 (ut
792 4645 820 4681 a
855 4631 1008 4684 vobis
1032 4645 1135 4682 non
1169 4639 1298 4698 puto
1332 4629 1590 4696 ignorari)
1622 4627 1820 4680 creatis
1848 4627 2113 4694 cx_rcbus

527 4725 593 4774 ad
627 4735 850 4789 prorsus
873 4722 1132 4788 incogniti
1165 4718 1848 4788 incomprehensibilisque
1880 4717 1972 4770 Dei
2017 4734 2106 4770 ve-

526 4811 679 4876 rique
702 4812 944 4863 omnium
977 4810 1191 4878 opilicis
1211 4808 1580 4876 cognitionem
1604 4808 1864 4875 pervenit.
1891 4804 2109 4874 Optime

529 4914 680 4962 vero,
706 4901 883 4966 inquit
910 4919 922 4952 :
954 4915 1079 4952 nam
1113 4915 1213 4953 nos
1233 4914 1448 4967 quoque
1480 4899 1628 4951 illius
1662 4897 1947 4951 historiam
1993 4899 2105 4952 sci-

532 5004 675 5051 mus,
705 5004 874 5056 eaque
905 4999 999 5044 tuo
1055 4989 1295 5044 sermoni
1365 4989 1642 5043 luculente
1689 4988 2057 5057 adstipulatur
2091 5009 2104 5043 :

529 5098 698 5152 quare
719 5083 863 5135 unde
891 5091 944 5135 tu
975 5082 1155 5135 dixisti
1179 5082 1336 5135 nobis
1355 5092 1435 5135 est
1459 5082 1878 5152 auspicandum.
1907 5083 1969 5137 Et
1996 5085 2109 5138 haec

531 5174 753 5245 quidem
819 5176 980 5229 ambo
1029 5175 1444 5242 prmstituimus.

601 5267 652 5320 5.
694 5263 897 5319 Deinde
944 5267 1119 5336 ipsum
1168 5269 1522 5337 interrogavi,
1558 5285 1624 5323 an
1656 5269 1854 5340 Moysis
1912 5272 2107 5324 librum

527 5359 988 5428 amplecterentur
1009 5379 1021 5413 :
1045 5362 1132 5414 ille
1149 5377 1296 5424 vero,
1312 5362 1568 5417 Omnium
1592 5376 1833 5418 veterum
1852 5367 2106 5424 maxime,

529 5452 726 5519 inquit.
751 5450 921 5518 Igitur
947 5454 1109 5505 etiam
1137 5458 1527 5522 prophetarum
1565 5457 1732 5510 libros
1774 5454 2109 5510 admittitis?

533 5559 775 5613 inquam.
801 5541 944 5597 Sane
961 5545 1199 5613 quidem,
1219 5547 1397 5615 inquit
1423 5568 1435 5604 :
1463 5549 1604 5618 apud
1627 5564 1723 5606 nos
1742 5550 1903 5604 etiam
1922 5549 2108 5618 scripti

609 5722 681 5791 (ι)
708 5721 809 5774 Τὸν
838 5721 986 5776 deest
1020 5722 1071 5776 in
1101 5723 1288 5793 Regio.

2221 4547 2330 4590 τως
2361 4530 2722 4599 γνωρίζομεν.
2776 4532 2886 4584 Καὶ
2919 4533 3026 4604 γάρ
3076 4536 3168 4587 καὶ
3219 4536 3468 4606 ’Λσραάμ
3505 4536 3646 4607 (οὐδὲ
3681 4538 3789 4606 γὰρ

2220 4622 2434 4687 ἀγνοεῖν
2465 4621 2608 4689 ὑμᾶς
2631 4619 2783 4687 οἶμαι
2811 4625 2989 4694 τοῦτο)
3018 4627 3123 4678 ἀπὸ
3147 4627 3256 4682 τῶν
3285 4628 3599 4696 κτισμάτων
3625 4623 3789 4697 ἦλθεν

2217 4713 2296 4774 εἰς
2328 4713 2532 4779 γνῶσιν
2581 4713 2673 4765 τοῦ
2729 4717 3077 4770 παντάπασιν
3127 4716 3410 4786 ἀγνώστου
3447 4721 3541 4772 καὶ
3585 4722 3791 4777 ἀκαταά

2216 4805 2423 4867 λῇπτου
2470 4805 2629 4868 Θεοῦ,
2666 4807 2759 4860 καὶ
2793 4809 3012 4862 πάντων
3059 4811 3227 4873 ὅντως
3263 4811 3618 4880 δημιουργοῦ.
3654 4811 3787 4877 Ναὶ,

2216 4897 2416 4961 καλῶς,
2449 4896 2575 4966 ἔφη,
2598 4898 2776 4965 λέγεις
2804 4916 2817 4929 ·
2850 4901 2942 4952 καὶ
2965 4902 3071 4970 γὰρ
3096 4903 3189 4955 καὶ
3211 4903 3309 4970 τὴν
3335 4904 3577 4971 ἱστορίαν
3609 4903 3786 4972 ἴσμεν,

2217 4988 2312 5040 καὶ
2341 4989 2612 5058 λαμπρῶς
2673 4990 2809 5060 αῦτη
2848 5009 2928 5043 σοι
2962 4993 3038 5062 τῷ
3087 4994 3233 5064 λόγῳ
3287 4997 3582 5064 συνηγορετ
3609 5011 3621 5023 ·
3667 4993 3791 5048 ὅθεν

2217 5079 2395 5132 τοίνυν
2421 5079 2556 5149 ἔφης
2590 5082 2774 5147 αὐτὸς,
2798 5084 3028 5152 ἀρκτέον
3053 5087 3187 5154 ἡμῖν
3236 5085 3302 5138 ἃν
3331 5088 3440 5156 εἴη.
3475 5087 3584 5138 Καὶ
3621 5085 3793 5140 ταῦτα

2222 5173 2318 5242 μὲν
2355 5174 2655 5242 ἀμφότεροι
2687 5176 3134 5244 προῦπεθὲμεθα.

2203 5316 2208 5320 .
2288 5267 2348 5321 ε’.
2387 5268 2624 5322 Ἔπειτα
2651 5269 2865 5339 ἠρόμην
2899 5271 3034 5336 ἐγὼ,
3069 5271 3116 5322 εί
3153 5269 3249 5339 τὴν
3281 5269 3375 5324 τοῦ
3418 5273 3664 5336 Μωσέως
3708 5271 3795 5342 βί-

2219 5361 2344 5412 ϐλον
2372 5359 2704 5424 ἁσπάζοιντο
2731 5377 2745 5392 ο
2782 5365 2809 5413 ὁ
2835 5361 2913 5426 δὲ,
2970 5362 3224 5416 Μάλιστὰ
3267 5380 3354 5431 γε,
3407 5366 3562 5434 φησι,
3604 5365 3795 5418 πασῶν

2218 5452 2327 5504 τῶν
2358 5453 2629 5505 παλαιῶν.
2661 5447 2827 5505 Εἶπον
2861 5453 2917 5504 δέ
2945 5468 2959 5484 ·
3006 5451 3215 5505 Οὐκοῦν
3247 5454 3343 5506 καὶ
3376 5453 3475 5513 τὰς
3522 5454 3628 5506 τῶν
3656 5469 3797 5522 προ-

2223 5544 2410 5611 φητῶν
2462 5541 2831 5612 ἀποδέχεσθε;
2903 5542 3050 5595 Πάνυ
3082 5559 3168 5611 γε,
3220 5542 3360 5610 ἔφη’
3395 5544 3490 5596 καὶ
3537 5545 3643 5615 γὰρ
3701 5544 3797 5598 καὶ

2301 5721 2362 5786 τί)
2397 5718 2600 5774 Alludit
2636 5717 2701 5773 ad
2733 5719 2748 5772 1
2789 5718 2957 5789 Epist.
2986 5717 3042 5774 S.
3067 5718 3233 5785 Petri,
3262 5734 3379 5789 cap.
3415 5735 3498 5792 ιιι,
3521 5733 3666 5778 vers.
3706 5721 3795 5777 15.
