4144 6282
336 295 446 366 137

1335 289 1721 351 DIALOGUS
1761 286 1786 347 Ι
1827 281 1987 345 CUM
2028 279 2594 342 MOHAMETANO.

3492 264 3590 329 133

328 410 723 487 γεγραμμέναι
754 406 889 480 παρ’
919 408 1053 477 ημῖν
1083 401 1242 460 οὖσαι
1287 404 1672 473 τυγχάνουσιν,
1704 396 1907 469 ἡμετέο

2036 396 2304 458 ralientur,
2326 409 2355 447 a
2386 394 2588 450 nostris
2624 389 3013 459 interpretibus
3037 386 3313 443 translati.
3343 384 3438 440 Vis
3477 385 3584 445 iei-

332 524 450 579 ροις
488 501 823 574 ἑρμηνεῦσιν
864 498 1306 567 άντιγραφεῖσαι.
1355 493 1547 548 Βούλει
1585 492 1701 556 οὖν,
1747 493 1909 560 ἔφην,

332 597 479 667 άπερ
503 595 753 662 λέγουσι,
781 590 1064 659 στέργεινς
1100 586 1231 651 Ναὶ,
1279 585 1452 657 φησί’
1495 584 1614 644 πῶς
1659 580 1771 652 γάρ
1805 580 1865 634 οῦ
1895 598 1910 646 ;

333 688 427 743 ὅτε
453 689 548 741 καὶ
575 685 634 740 τὸ
664 682 998 751 Εὑαγγέλιον
1019 681 1150 749 παρ’
1178 681 1310 751 ἡμῖν
1329 681 1468 743 ἐστι,
1493 677 1587 731 καὶ
1617 674 1915 744 ὑπερφυῶς

336 796 394 834 τι
424 778 567 830 θεῖον
601 774 793 845 χρῆμα
842 773 1136 842 νομίζομεν
1175 769 1358 836 τοῦτο,
1415 769 1514 823 καὶ
1544 768 1719 839 δῶρον
1748 765 1913 833 οὐρά-

335 884 475 923 νιον.
517 864 760 919 Ἐκεῖθεν
788 864 895 935 γὰρ
947 866 1046 918 καὶ
1071 860 1231 915 τοῦτο
1275 861 1509 923 κάτεισι,
1558 858 1755 927 νόμους
1802 857 1916 919 τοῖς

339 959 653 1029 ἀνθρώποις
678 957 929 1026 κομίζον.
958 956 1107 1023 Πλήν
1137 972 1220 1017 τις
1252 954 1410 1018 λόγος
1451 952 1670 1017 λέγεται
1703 951 1797 1004 καὶ
1824 965 1914 1001 πι-

341 1050 594 1105 στεύεται
626 1049 760 1118 παρ’
793 1050 946 1119 ἡμῖν,
982 1047 1060 1109 ὡς
1091 1047 1183 1101 καὶ
1215 1046 1349 1101 αὑτδ
1376 1044 1441 1115 δὴ
1478 1042 1658 1108 τοῦτο,
1694 1042 1787 1096 καὶ
1813 1041 1917 1095 πᾶ-

298 1168 303 1169 ν
343 1161 442 1198 σαν
474 1143 575 1212 τὴν
606 1142 868 1208 Παλαιὰν,
899 1141 1016 1211 ἅμα
1054 1141 1150 1195 καὶ
1174 1143 1237 1208 τῇ
1271 1138 1441 1209 βίϐλῳ
1473 1137 1656 1203 Δαδὶδ,
1706 1138 1753 1191 oi
1784 1136 1919 1204 ὑμέ-

340 1253 491 1305 τεροι
520 1235 690 1289 πάλαι
719 1235 1056 1304 διερμηνετς,
1086 1232 1135 1287 οἳ
1173 1234 1274 1299 τὴν
1309 1232 1538 1303 πρώτην
1566 1230 1719 1284 ταῦτ’
1768 1228 1916 1294 ἐξελ-

340 1324 595 1395 λήνισαν,
635 1322 874 1391 ἀφειδῶς
926 1322 1063 1392 πρὸς
1110 1331 1181 1376 τά
1224 1321 1486 1377 δοκοῦντα
1543 1319 1803 1389 συνιστᾷν
1858 1318 1920 1373 τὸ

343 1415 610 1487 ὑμέτερον
637 1414 804 1478 σέδας
846 1412 1021 1467 ταῦτα
1061 1412 1529 1483 διηρμηνεύκασι,
1560 1409 1669 1462 τῶν
1701 1425 1917 1475 πρωτο-

341 1506 531 1562 τύπων
566 1506 1036 1576 ὀλιγωρήσαντες.

416 1596 491 1660 ς’.
539 1588 701 1654 Ἀλλὰ
732 1596 893 1651 τοῦτο
953 1598 1077 1665 μὲν,
1103 1590 1150 1650 ὧ
1178 1597 1298 1661 τᾶν,
1344 1596 1504 1665 ἔφην,
1545 1593 1763 1665 πρῶτον
1820 1594 1920 1662 μὲν

343 1691 446 1747 οὒκ
475 1688 749 1759 εὐπρεπὲς
786 1689 853 1741 ἂν
900 1687 989 1757 εἴη
1022 1688 1226 1756 λέγειν,
1259 1686 1370 1740 οὐδ’
1404 1687 1573 1752 ἄξιον,
1608 1682 1784 1755 οἶμαι,
1832 1701 1920 1738 πι-

2016 493 2127 551 tur,
2157 486 2401 557 inquam,
2422 487 2477 541 in
2507 486 2575 543 iis
2597 483 2973 553 acquiescere,
3021 495 3145 550 qua:
3211 476 3453 532 dicunt?
3500 474 3589 529 Li-

2018 580 2231 644 benter,
2273 580 2500 649 inquit:
2556 594 2656 634 cur
2707 592 2818 633 non
2873 569 3588 643 faciantYquandoqnidem

2018 671 2371 741 Evangelium
2399 682 2620 740 quoque
2641 668 2785 738 apud
2817 681 2917 721 nos
2938 675 3045 729 est,
3068 674 3122 719 et
3150 664 3202 718 in
3236 662 3429 732 primis
3456 660 3594 715 divi-

2018 781 2147 823 num
2179 764 2385 834 aliquid
2420 777 2545 819 esse
2576 762 2960 819 existimamus
2990 773 3055 813 ac
3106 756 3330 811 caleste
3360 756 3613 809 donnm.’

2018 859 2095 914 De
2118 858 2262 914 caelo
2283 858 2429 913 enim
2458 856 2674 924 lapsum
2706 862 2811 915 est,
2833 852 2900 907 ad
2926 852 3070 921 leges
3116 852 3360 903 humano
3408 846 3594 915 generi

2017 950 2292 1007 ferendas.
2319 948 2533 1016 Aliquis
2565 954 2746 1000 tamen
2781 957 2968 997 rumor
2997 944 3167 1010 serpit
3191 940 3464 1008 iidemque
3499 940 3597 993 ob-

2021 1040 2318 1111 tinet'apud
2348 1055 2467 1104 nos,
2492 1040 2595 1105 hoc
2628 1038 2805 1107 ipsum
2831 1028 3213 1103 Evangelium,
3234 1044 3287 1088 et
3315 1047 3479 1087 omne
3505 1047 3597 1085 ve-

2023 1144 2108 1193 tus
2140 1134 2577 1197 Testamentum,
2614 1145 2721 1183 una
2753 1143 2875 1183 cum
2906 1126 3128 1183 Davidis
3158 1128 3320 1191 libro,
3345 1140 3375 1179 a
3398 1125 3596 1179 vestris

2022 1224 2429 1292 interpretibus,
2448 1237 2573 1277 cum
2593 1222 2756 1276 hosce
2782 1222 2950 1277 libros
2973 1219 3161 1274 Graece
3200 1217 3434 1286 primum
3472 1230 3598 1270 ver-

2023 1323 2223 1374 terunt.
2258 1314 2336 1368 sic
2368 1313 2540 1368 fuisse
2573 1312 2858 1372 translata,
2894 1319 2952 1363 ut
2977 1309 3219 1377 neglecta
3253 1309 3452 1377 prioris
3482 1319 3600 1361 tex—

2023 1416 2112 1461 tus
2138 1406 2459 1461 auctoritate
2477 1404 2543 1458 ad
2565 1419 2627 1458 ea
2646 1402 2812 1457 nimis
2832 1403 3335 1470 attenderent,quae
3362 1409 3598 1455 vestram

2024 1498 2340 1567 religionem
2368 1494 2701 1550 conﬁrmare
2743 1494 3084 1549 viderentur.

2094 1590 2147 1646 6.
2186 1588 2314 1651 Sed,
2348 1589 2588 1657 inquam,
2621 1588 2831 1655 optime
2860 1587 2966 1649 vir,
2991 1588 3225 1655 primum
3242 1584 3601 1652 quidemlurc

2027 1684 2201 1739 oratio
2225 1698 2401 1753 neque
2425 1681 2654 1737 honesta
2686 1689 2791 1744 est,
2820 1694 3020 1748 neque,
3051 1686 3110 1733 ut
3143 1678 3358 1748 opinor,
3388 1676 3491 1732 [ille
3512 1676 3603 1730 di-

349 1781 641 1835 στεύεσθαι
663 1795 678 1811 °
708 1779 827 1833 ἀνθ’
851 1772 927 1835 ὧν
957 1781 1140 1849 ὑμεῖς,
1174 1782 1223 1834 οἱ
1257 1780 1395 1849 πρὸς
1430 1779 1613 1849 κρίσιν
1655 1780 1790 1849 ἡμῖν
1824 1780 1920 1833 άν-

2036 1789 2127 1847 ςηει
2154 1793 2166 1828 :
2198 1790 2323 1835 nam
2355 1787 2461 1840 qua
2483 1773 2551 1829 de
2580 1786 2639 1826 re
2661 1780 2853 1828 contra
2876 1771 3268 1840 nosinjudicio
3282 1769 3601 1832 decertatis,

346 1872 819 1942 τικαθιστάμενοι,
846 1873 1146 1943 μάρτυρες.
1192 1874 1435 1929 Ἐκεῖθεν
1455 1872 1501 1926 δ’
1522 1872 1589 1927 ἄν
1606 1889 1687 1925 σοι
1710 1872 1924 1938 γένοιτο

350 1963 547 2034 μαθεῖν
598 1964 991 2035 ἀκριϐέστερον
1030 1964 1287 2035 τάληθές.
1338 1965 1401 2018 Ei
1448 1966 1559 2035 γὰρ
1605 1963 1671 2033 δὴ
1728 1961 1924 2031 καιροῦ

347 2071 480 2111 ποτε
513 2054 609 2112 καὶ
661 2055 1003 2127 διερμηνέων
1036 2056 1262 2126 ἀγαθῶν
1305 2056 1669 2128 εὐπορήσαις.
1716 2056 1813 2109 καὶ
1843 2054 1927 2125 βι-

346 2143 513 2202 ﬁliuni
557 2144 883 2215 Ἑϐραϊκῶν,
926 2145 1114 2214 γνοίης
1167 2147 1245 2203 ἂν
1266 2146 1449 2209 καλῶς
1488 2147 1586 2201 τὸν
1617 2146 1744 2209 ταῖς
1788 2146 1930 2215 Γρα-

348 2238 480 2306 qui;
525 2236 934 2309 λυμηνάμενον.
984 2237 1186 2295 Σκόπει
1233 2237 1291 2291 δέ
1328 2255 1422 2308 μοι
1452 2238 1548 2295 καὶ
1596 2237 1694 2309 τὴν
1746 2240 1928 2293 πάντα

350 2328 535 2392 καλῶς
589 2328 984 2398 οἰκονομοῦσαν
1018 2330 1306 2400 πρόνοιαν,
1359 2330 1512 2392 ὅπως
1540 2332 1655 2393 τοῖς
1703 2329 1928 2400 άναίδην

355 2419 667 2490 ιπιπηδῶσι
695 2423 809 2483 τοῖς
838 2421 1154 2490 πράγμασι,
1190 2423 1285 2479 καὶ
1326 2421 1571 2493 εὐχερῶς
1610 2421 1929 2477 διαϐάλλου-

356 2527 466 2576 σιν,
510 2510 819 2580 ἐμφράττει
864 2509 1066 2571 τελέως
1107 2511 1173 2569 τά
1216 2511 1482 2581 στόματα.
1517 2512 1647 2570 Ὅτε
1688 2511 1800 2581 γάρ
1832 2512 1933 2580 τὴν

356 2602 514 2660 θείαν
563 2602 671 2656 ἔδει
730 2603 916 2659 πᾶσαν
966 2600 1192 2672 Γραφὴν
1250 2601 1516 2670 Ἑλληνίδι
1576 2600 1934 2669 μεταδοθῆναι

314 2680 317 2683 ⁷
360 2695 539 2764 φωνῇ.
571 2694 669 2765 οὐχ
697 2695 773 2756 ὡς
805 2693 963 2764 ἔτυχέ
990 2710 1132 2761 πως,
1162 2689 1222 2752 εὑ
1258 2693 1391 2757 ῐσθι,
1422 2692 1534 2746 οὐδ’
1568 2693 1618 2747 οί
1652 2692 1934 2763 τυχόντες,

358 2784 565 2848 ἀλλ’ὄς
611 2801 676 2853 γε
729 2783 825 2852 τῆς
863 2782 1037 2853 Ἐῴας
1086 2782 1287 2853 μικροῦ
1322 2782 1435 2837 δεῖν
1480 2780 1660 2850 πάσης
1711 2778 1936 2849 ἐκράτει

248 2921 252 2925 .
357 2872 451 2948 (ἦν
477 2876 526 2931 δ’
563 2876 805 2941 εἰδώλοις
836 2874 1142 2945 λατρεύων,
1170 2875 1266 2929 καὶ
1284 2875 1385 2927 οὑκ
1410 2873 1783 2944 εὐαρίθμητον
1812 2872 1939 2941 χρόα

358 2986 451 3026 νον
477 2968 650 3041 ἄρξας
680 2971 785 3040 πρὸ
819 2969 912 3025 τοῦ
945 2966 1213 3038 Χριστοῦ,
1240 2967 1575 3037 Πτολεμαῖος
1605 2967 1779 3035 δνομα
1810 2967 1937 3019 τάν-

265 3134 268 3137 ,
356 3063 470 3134 δρὶ)
505 3064 662 3118 τοῦτο
711 3063 789 3135 (1)
844 3063 1150 3134 τηνικαῦτα
1203 3062 1526 3132 εἰργάσατο.
1565 3061 1774 3130 Σοφοὺς
1828 3062 1939 3131 γὰρ

361 3155 565 3227 ἄνδρας
600 3155 928 3226 διερμηνέας
961 3157 1051 3211 τὸν
1086 3154 1321 3225 ἀριθμὸν
1350 3154 1445 3210 δύο
1468 3154 1606 3224 πρὸς
1634 3154 1748 3218 τοῖς
1779 3154 1934 3208 ἑϐδο-

365 3246 611 3317 μήκοντα
633 3248 697 3298 ἐκ
720 3247 830 3301 τῶν
874 3245 1149 3303 Ἰουδαίων
1174 3245 1699 3321 μεταπεμψάμενος,
1728 3243 1939 3311 τούτοις

359 3336 509 3390 τοῦτ’
536 3338 828 3397 ἐπίστευσε
884 3337 1117 3409 τοῦργον
1144 3354 1160 3369 °
1194 3337 1290 3403 οὓς
1318 3342 1347 3394 ό
1395 3342 1493 3407 τῆς
1540 3339 1766 3392 ἐκείνων
1819 3339 1940 3391 τότε

362 3426 755 3497 μητροπόλεως
783 3427 1174 3502 ἐξηγούμενος,
1206 3428 1391 3483 θεόθεν
1429 3429 1650 3493 πάντως
1684 3429 1944 3498 κινούμε-

362 3535 479 3583 νος,
540 3520 871 3591 Ἑλεάζαρος
922 3520 970 3574 δ’
1022 3515 1181 3586 οὗτος
1230 3522 1695 3593 προσηγορεύετο,
1755 3523 1813 3590 ἒξ
1846 3523 1941 3591 ἀφ’

369 3608 608 3679 ἑκάστης
640 3610 817 3681 φυλῆς
849 3611 1233 3682 ἐκλεξάμενος,
1266 3613 1505 3684 έπεμψε.
1543 3614 1641 3673 Διὰ
1686 3614 1751 3683 δὴ
1783 3614 1943 3667 τοῦτο

367 3699 480 3751 οὐδ’
511 3700 644 3754 αὑτό
674 3703 736 3756 τὸ
768 3702 881 3755 τῶν
922 3704 1200 3763 Ἰουδαίων
1221 3706 1606 3760 ἀναιδέστατον
1639 3707 1794 3777 γένος
1821 3706 1943 3759 τολ-

370 3789 518 3858 μῶσί
541 3807 594 3843 τι
626 3792 923 3863 προφέρειν
954 3796 1164 3860 αὐτοῖς,
1198 3796 1311 3850 οὐδ’
1336 3795 1576 3850 ὁντινοῦν
1604 3797 1943 3869 προστρίψαι

372 3880 569 3951 μῶμον
594 3881 671 3952 τῷ
702 3883 1033 3953 πράγματι·
1065 3886 1240 3951 λέξεις
1269 3888 1328 3941 δέ
1361 3887 1516 3951 τινάς
1565 3905 1670 3940 που
1699 3888 1811 3941 τῶν
1850 3905 1945 3955 γε-

368 3974 711 4043 γραμμένων
742 3974 1107 4033 ὑπαλλάττειν
1133 3967 1527 4047 ἐπιχειροῦσιν,
1555 3978 1613 4030 αἶ
1638 3978 1735 4032 καὶ
1756 3976 1948 4048 ὥσπερ

368 4064 518 4119 οῦτοι
571 4065 796 4135 λέγουσι
832 4065 1267 4137 λαμϐανόμεναι,
1308 4068 1411 4136 τῆς
1454 4067 1689 4139 ἀληθοῦς
1740 4070 1949 4135 ἑννοίας

369 4158 524 4215 οὐδὲν
555 4157 707 4228 ὅμως
738 4159 1044 4229 ἀπᾴδουσιν
1084 4161 1213 4230 (2).-
1848 4150 1849 4153 ‘

442 4247 511 4316 ζ’.
540 4251 614 4304 Σὺ
649 4252 706 4305 δέ
744 4269 837 4322 μοι
866 4253 993 4320 λέγε
1018 4295 1034 4318 ,
1074 4255 1219 4317 τίνος
1268 4254 1631 4318 κελεύσαντος
1665 4258 1945 4327 ἄρχοντος.

372 4343 468 4397 καὶ
497 4342 620 4396 ὅθεν
651 4343 864 4405 τούτοις
893 4346 1088 4413 γέγονε
1124 4347 1194 4399 τά
1243 4348 1580 4416 πρωτότυπα
1615 4349 1942 4419 κτήσασθαι,

2026 1869 2268 1938 ejusdem
2301 1869 2376 1925 rei
2404 1866 2572 1924 vultis
2600 1881 2721 1922 esse
2749 1876 2942 1921 testes.
2961 1865 3069 1921 Sed
3098 1865 3409 1919 accuratius
3427 1863 3606 1934 possis

2027 1963 2155 2016 inde
2178 1960 2462 2015 veritatem
2490 1958 2718 2014 discere.
2754 1955 2891 2012 Nam
2922 1957 2971 2013 si
3010 1957 3277 2024 temporis
3340 1970 3605 2025 unquam,

2026 2041 2409 2118 bonorumque
2423 2049 2803 2117 interpretum,
2819 2045 3321 2116 Hebraicorumque
3340 2044 3604 2102 librorum

2026 2147 2183 2213 copia
2214 2143 2308 2199 tibi
2336 2143 2516 2209 ﬁeret,
2567 2142 2796 2212 pulchre
2827 2151 2939 2197 tum
2992 2155 3382 2211 cognosceres,
3423 2151 3612 2194 sacras

2028 2237 2152 2307 quis
2180 2233 2490 2305 corruperit
2529 2231 2868 2304 Scripturas.
2892 2233 3197 2289 Considera
3223 2233 3414 2295 etiam,
3456 2247 3610 2302 qua:-

2029 2345 2115 2395 so,
2142 2327 2316 2384 divini
2346 2326 2602 2383 Numinis
2641 2325 2825 2385 omnia
2881 2326 3143 2395 praeclare
3196 2326 3608 2395 dispensantem

2033 2419 2454 2491 providentiam,
2479 2418 2757 2488 quomodo
2787 2417 3005 2472 illorum
3037 2433 3135 2473 ora
3180 2420 3453 2481 obstruat,
3516 2421 3610 2487 qui

2034 2515 2183 2569 hunc
2214 2527 2395 2567 rerqu
2426 2511 2677 2566 ordinem
2711 2520 3033 2579 oppugnant
3060 2520 3116 2566 et
3146 2510 3382 2566 libenter
3436 2495 3619 2580 repre—

2038 2602 2307 2659 hendunt.
2339 2602 2477 2655 Cum
2503 2602 2648 2656 enim
2684 2602 2901 2656 divinas
2947 2617 3141 2656 omnes
3190 2602 3504 2669 Scripturas
3561 2602 3616 2657 in

2039 2698 2278 2765 linguam
2309 2694 2555 2750 Graecam
2578 2695 2717 2749 verti
2733 2704 3036 2763 Oporteret,
3060 2710 3168 2749 non
3189 2705 3398 2751 temere
3432 2696 3619 2765 utique

2041 2806 2141 2847 nec
2169 2788 2409 2858 vulgaris
2432 2787 2972 2843 nouelrornines'hoc
2996 2786 3267 2853 fecerunt,
3291 2788 3386 2844 sed
3414 2788 3507 2857 qui
3533 2794 3619 2842 to-

2040 2881 2149 2936 tius
2168 2878 2531 2935 fereOrientis
2548 2878 2838 2948 huperiurn
2859 2879 3082 2933 tenebat
3127 2878 3455 2934 Ptolemaeus
3498 2894 3617 2942 rex,

2042 2972 2286 3043 antiquis
2314 2973 2420 3027 diis
2439 2980 2620 3029 tamen
2645 2972 2912 3037 serviens,
2936 2981 2990 3025 et
3007 2972 3176 3025 multo
3193 2982 3320 3025 ante
3336 2970 3619 3028 Christum

1965 3089 2011 3153 ο
2046 3081 2301 3137 regnans.
2322 3062 2458 3119 Nam
2490 3074 2777 3134 postquam
2801 3063 2993 3118 doctos
3016 3078 3083 3117 ex
3111 3062 3318 3120 ludar-is
3346 3065 3494 3119 viros
3513 3080 3620 3119 nu-

2044 3174 2194 3214 mero
2220 3158 2358 3214 duos
2384 3167 2437 3233 et
2466 3156 2815 3228 septuaginta
2844 3156 3181 3225 interpretes
3204 3156 3617 3221 accersivisset,

2042 3250 2110 3306 iis
2133 3250 2239 3306 hoc
2264 3264 2402 3320 opus
2435 3248 2744 3304 iaciendum
2772 3248 3011 3303 credidit
3037 3265 3054 3303 ι
3080 3263 3221 3318 quos
3244 3250 3462 3304 illorum
3486 3258 3619 3303 tunc

2045 3345 2411 3413 metropoleos
2446 3346 2755 3397 moderator
2807 3358 2873 3396 ac
2913 3353 3096 3397 rector
3145 3341 3460 3405 Eleazarus,
3509 3342 3630 3399 ins-

2045 3434 2213 3493 tinctu
2241 3435 2429 3489 divino
2452 3437 2655 3498 motus,
2680 3449 2843 3489 serius
2866 3450 2930 3490 ex
2956 3451 3285 3505 unaquaque
3313 3436 3455 3491 tribu
3484 3435 3631 3491 elec-

2044 3538 2128 3582 tos
2152 3528 2392 3583 miserat.
2418 3526 2786 3592 Quamobrem
2813 3542 2877 3581 ne
2908 3527 3024 3597 ipsa
3043 3528 3265 3599 quidem
3309 3527 3625 3584 Judaaorum

2046 3619 2513 3691 impudentissima
2542 3620 2693 3673 natio
2722 3621 3022 3690 quidquam
3052 3622 3186 3692 ipsis
3227 3622 3486 3692 olijicere.
3528 3638 3629 3677 au-

2045 3715 2157 3774 det,
2180 3726 2357 3779 neque
2381 3712 2544 3766 ullam
2571 3728 2812 3781 unquam
2850 3714 3295 3784 reprehensionis
3330 3714 3512 3770 labem
3550 3714 3628 3768 illi

2049 3806 2191 3859 iacto
2215 3819 2503 3872 aspergere
2535 3822 2549 3858 ι
2576 3805 2672 3858 sed
2705 3805 3113 3874 Scripturarum
3156 3808 3421 3876 quasdam
3484 3806 3626 3861 forte

2050 3894 2317 3951 dictiones
2340 3894 2530 3948 leviter
2561 3895 2856 3950 immutare
2900 3907 3194 3965 conantur,
3236 3913 3361 3969 qua:
3407 3899 3627 3955 etiamsi

2050 3987 2391 4056 accipiantur
2413 3996 2575 4055 prout
2606 3988 2889 4057 Iridieunt,
2912 3991 3044 4044 nihil
3081 4000 3264 4046 tamen
3310 3993 3629 4064 discrepant

2051 4095 2083 4136 ιι
2121 4095 2253 4135 vero
2298 4095 2461 4137 sensu
2471 4119 2485 4135 .

2125 4265 2174 4317 7.
2208 4262 2287 4317 Tu
2315 4278 2443 4318 vero
2464 4262 2554 4319 dic
2580 4265 2735 4328 mihi,
2761 4265 3010 4331 obsecro,
3035 4268 3323 4336 cujuSuatn
3367 4268 3629 4337 principis

2047 4358 2206 4427 jussu
2236 4365 2424 4427 etquo
2448 4373 2513 4412 ex
2538 4358 2660 4412 loco
2696 4356 2993 4429 Scriptum
3021 4371 3233 4415 textum
3274 4362 3629 4430 arripuerunt

371 4434 423 4487 οἳ
455 4437 522 4505 τῇ
550 4436 659 4490 τῶν
696 4435 944 4506 ’Δράδων
989 4437 1132 4490 εἰσὶν
1166 4440 1527 4502 ὲκδεδωκότες
1577 4442 1844 4511 διαλέκτῳ
1877 4442 1934 4497 τὰ

2053 4449 2112 4512 ii,
2126 4449 2218 4520 qui
2242 4449 2458 4507 divinos
2480 4450 2649 4506 libros
2664 4450 2955 4505 ediderunt
2968 4453 3198 4507 Arabica
3220 4454 3404 4523 lingua
3420 4454 3444 4507 ?
3458 4471 3632 4525 quan-

375 4527 477 4596 τῆς
508 4528 773 4599 Γραφῆς;
825 4531 920 4583 καὶ
968 4530 1142 4595 πότε;
1186 4533 1281 4585 καὶ
1332 4533 1481 4595 τίνες
1528 4532 1592 4601 δὴ
1642 4529 1811 4595 οῦτοι,
1852 4534 1946 4589 καὶ

374 4618 554 4672 ὁποῖοί
591 4636 734 4681 τινες
787 4615 949 4691 ἦσαν,
984 4624 1080 4675 καὶ
1128 4623 1289 4675 πόσοι
1341 4624 1435 4676 τὸν
1487 4622 1758 4693 ἁριθμόν;
1806 4623 1948 4677 Ἀλλ’

377 4709 479 4762 οὑκ
516 4709 583 4763 ἂν
612 4709 789 4778 ἔχοιςο
841 4713 1063 4771 πάντων
1101 4715 1211 4781 γὰρ
1260 4713 1388 4784 ἑξῆς
1435 4716 1706 4785 ἁμοιρεῖς,
1761 4711 1844 4778 οἷς
1882 4716 1951 4767 τὰ

302 4808 311 4821 ‘
379 4799 505 4855 καθ’
535 4802 683 4871 ἡμᾶς
718 4801 778 4853 τὸ
809 4802 1027 4864 βέϐαιον
1058 4805 1173 4873 ἔχει
1202 4821 1216 4834 ·
1244 4805 1304 4857 τὸ
1341 4806 1384 4857 δ’
1420 4806 1656 4876 ὑποψίαν
1688 4807 1951 4876 παρέχειν

379 4894 475 4946 καὶ
508 4894 672 4964 μόνον
724 4894 927 4949 ἅπασιν
964 4897 1169 4951 ἱκανόν.
1206 4899 1359 4951 Μετὰ
1407 4900 1512 4965 γὰρ
1547 4898 1646 4970 τὴν
1688 4901 1786 4968 τῆς
1823 4902 1957 4970 θρη-

382 4986 572 5050 σκείας
605 4985 702 5039 τοῦ
738 4986 985 5055 Μωάμεθ
1032 4989 1347 5060 φανέρωσιν
1408 4993 1567 5061 ὑμεῖς
1624 4992 1778 5045 αὑτοὶ
1826 4994 1959 5046 πάν-

381 5094 493 5140 τως
525 5079 676 5147 μόνοι
728 5083 807 5144 είς
860 5080 960 5150 τὴν
1006 5081 1280 5152 ὑμετέραν
1322 5087 1505 5154 φωνὴν
1556 5085 1828 5155 ὴμείψατε
1859 5089 1958 5155 τὴν

381 5167 629 5246 Γραφὴν,
661 5173 795 5241 ὅπερ
826 5176 1082 5238 ἐναντίως
1114 5177 1236 5246 ἔχον
1275 5179 1386 5239 τοῖς
1416 5177 1547 5247 παρ’
1581 5179 1715 5248 ἡμῖν
1761 5180 1955 5233 ἀποδέ-

381 5264 615 5338 δεικται.
648 5267 812 5319 Ὅθεν
860 5267 945 5331 τίς
996 5269 1062 5322 ἂν
1102 5270 1191 5322 νοῦ
1232 5270 1476 5339 μετέχων
1508 5273 1621 5334 τοῖς
1663 5274 1955 5342 ἡμετέροις

2056 4541 2126 4595 do
2155 4540 2443 4595 fecerunt?
2470 4545 2715 4611 quinam,
2742 4547 2956 4613 quales,
2984 4557 3114 4615 quot
3156 4561 3315 4602 erant
3334 4549 3441 4601 ?At
3483 4552 3629 4603 enim

2058 4636 2173 4687 hanc
2192 4634 2449 4700 expedire
2488 4651 2595 4687 non
2621 4645 2773 4701 potes
2800 4654 2813 4688 :
2839 4639 3096 4692 omnibus
3117 4642 3345 4693 omnino
3370 4641 3635 4696 destitue-

2059 4724 2135 4778 ris
2156 4724 2436 4787 subsidiis,
2472 4726 2674 4793 quibus
2703 4740 2887 4783 nostra
2933 4732 3115 4786 versio
3144 4732 3392 4788 lirmatur
3417 4752 3432 4798 ;
3457 4734 3629 4789 solam

2060 4832 2188 4870 vero
2204 4819 2569 4886 suspicionem
2599 4836 2836 4884 movere,
2865 4824 2945 4875 vel
2966 4824 3225 4879 omnibus
3257 4826 3402 4880 licet.
3448 4828 3636 4899 Siqui-

2061 4907 2183 4962 dem
2211 4919 2331 4977 post
2353 4908 2725 4989 llaomethicae
2745 4913 3022 4981 religionis
3039 4925 3220 4969 ortum
3242 4917 3344 4988 ipsi
3364 4927 3510 4973 certe
3531 4920 3635 4974 soli

2060 5011 2230 5051 saera:
2252 4997 2549 5066 Scriptura:
2569 5000 2739 5055 llbl'OS
2762 5013 2997 5057 vestram
3033 5006 3085 5060 in
3112 5005 3354 5074 linguam
3388 5016 3633 5063 transtu-

2063 5088 2378 5159 listis.quod
2398 5094 2840 5159 contra;versioni
2864 5107 3061 5150 nostrae
3087 5100 3358 5156 accidisse
3402 5101 3635 5157 demon-

2061 5185 2381 5238 stravimus.
2409 5184 2540 5249 Qua:
2568 5202 2691 5239 eum
2720 5188 2792 5241 ita
2824 5187 2955 5254 sint,
3002 5192 3148 5259 quis,
3170 5208 3379 5261 quaeso,
3437 5194 3636 5249 mentis

2062 5291 2286 5345 compos
2305 5277 2504 5331 nostris
2524 5278 2677 5335 libris
2693 5278 2918 5346 dillidat,
2960 5284 3162 5339 vestris
3196 5286 3356 5340 Iidem
3401 5285 3639 5339 haheat?

378 5356 627 5410 ἀπιστῶν
680 5361 794 5421 τοῖς
846 5352 1133 5430 ὑμετέροις
1187 5364 1568 5429 πιστεύσειεν;
1597 5364 1658 5417 El
1706 5366 1804 5434 μὲν
1852 5363 1934 5420 οὖι

2059 5364 2448 5431 Quamobrem,
2464 5369 2507 5421 si
2532 5366 2829 5437 Scripturis
2841 5372 3114 5440 crederes,
3134 5376 3489 5445 nonlrnultum
3513 5376 3634 5430 her—

377 5441 523 5517 ἦσθα
545 5448 817 5502 πιστεύων
838 5453 949 5509 τοῖς
979 5456 1407 5524 γεγραμμένοις,
1437 5456 1536 5529 οὐκ
1560 5456 1627 5509 ἂν
1649 5458 1780 5527 ἡμῖν
1803 5455 1934 5530 ἧσαι

2055 5460 2138 5511 οισι
2162 5460 2318 5513 nobis
2337 5462 2535 5529 negotii
2555 5461 2916 5519 lacesseretur
2940 5484 2956 5523 ι
2981 5465 3261 5538 Scriptura
3283 5470 3430 5523 enim
3459 5470 3641 5523 omnis

456 5563 690 5704 (licod.
728 5565 958 5648 Coislin.
995 5562 1172 5651 οὗτος.
2037 5576 2304 5630 vindicari
2343 5591 2532 5644 posse,
2573 5578 2843 5637 innumeri
2893 5582 3417 5638 demonstraverunt
3452 5601 3465 5637 :
3496 5584 3643 5638 inter

458 5637 515 5702 (9.
591 5642 943 5704 beptuagrnta
1005 5654 1334 5704 versronem,
1402 5643 1491 5697 ubi
1551 5644 1620 5698 ab
1670 5643 1938 5701 Hebraico
2040 5649 2179 5701 alios
2206 5646 2519 5701 Ludovicus
2544 5650 2911 5704 Cauneilusin
2942 5650 3142 5704 Critica
3176 5667 3356 5704 sacra.
3381 5650 3633 5704 Parisiis.

458 5637 539 5719 (ξ’.)
584 5638 943 5719 ,ξομι-ιιιιςίιιιξι
976 5642 1369 5719 _versionem,_
1402 5643 1491 5697 ubi
1551 5644 1620 5698 ab
1654 5643 1938 5719 _Hehraico
2040 5649 2179 5719 alios
2206 5637 2834 5719 liudovicus'Cappellus
2857 5653 2911 5705 in
2942 5650 3142 5706 Critica
3176 5637 3356 5717 sacra,
3381 5637 3633 5715 Parisiis,

383 5711 534 5760 testu
566 5707 811 5771 dissidet,
837 5722 867 5761 a
901 5708 1026 5763 dolo
1059 5725 1295 5777 semper,
1322 5711 1390 5767 ab
1405 5729 1595 5769 errore
1617 5714 1941 5788 plerumque
2043 5716 2167 5773 Seb.
2202 5715 2505 5786 Cramor’sy,
2538 5707 2697 5788 £650,
2724 5723 2777 5776 in
2810 5721 2911 5776 l'ol.

655 5807 925 5869 Ριτιισι..
969 5811 1084 5868 Gn.
1114 5808 1290 5868 CLVI

3169 5820 3209 5877 5
