4144 6282
545 307 646 370 1in

1734 313 2130 373 MANUELIS
2173 308 2618 376 PALAEOLOGI

3686 311 3802 375 1Ξο

539 422 703 493 (mihi
731 422 918 492 crede)
954 431 1183 477 vestram
1220 425 1567 493 apertissime
1600 436 1876 497 oppugnat
1906 428 2100 496 religio!

2226 431 2397 483 πολλὰ
2430 433 2730 501 πράγματα
2758 446 2769 457 ·
2803 429 3102 500 διαρρήδην
3138 431 3242 499 γὰρ
3270 423 3351 500 (εὖ
3396 428 3525 501 ἴσθι)
3560 431 3797 501 μάχεται

541 530 687 567 nem.
718 514 888 579 Quam
923 517 1197 583 quomodo
1226 518 1482 571 admirati
1519 525 1573 572 et
1600 520 1833 588 amplexi
1861 522 1927 573 ab
1962 520 2100 573 initit

2223 522 2290 573 τὰ
2320 522 2419 592 τῆς
2446 523 2670 592 Γραφῆς
2701 522 2877 575 πάντα
2918 523 2983 591 τῇ
3027 520 3148 573 καθ’
3181 521 3324 590 ὑμᾶς
3365 520 3652 591 θρησκείᾳ.
3692 523 3798 574 Ἢν

538 605 771 670 fueritis,
793 607 894 659 etsi
920 606 1071 659 multi
1093 608 1321 662 multum
1344 609 1633 673 mirentur,
1655 612 1787 665 mihi
1810 620 1987 666 tamen
2011 628 2098 666 nor

2222 614 2369 674 ὅπως
2427 630 2485 665 τε
2540 614 2822 684 ὴγάσθητε
2876 616 2971 667 καὶ
3028 614 3404 684 παρειλήφατε
3455 613 3555 681 τὴν
3596 613 3794 681 ἀρχὴν,

537 698 678 748 idem
715 713 812 750 usu
852 700 1016 752 venit.
1042 701 1171 752 Eam
1201 702 1344 754 enim
1376 717 1498 755 cum
1534 704 1771 771 plurium
1792 705 2016 757 deorum
2041 704 2117 756 si-

2222 707 2434 759 πολλῶν
2475 708 2610 759 πολὺ
2641 707 3057 776 θαυμαζόντων,
3091 708 3253 770 αὐτὸς
3287 708 3348 759 οὐ
3384 706 3542 758 τοῦτο
3578 706 3792 774 πάσχω.

534 804 872 857 gnominqne
900 790 1218 844 adoratione
1234 786 1621 847 commutastis
1650 808 1666 847 :
1695 796 1838 849 unde
1864 810 1972 849 non
1994 796 2100 851 idet

2221 798 2520 861 Πολυθεῖας
2551 801 2659 868 γάρ
2690 817 2772 853 τοι
2816 801 2910 854 καὶ
2958 800 3192 859 εἰδώλων
3222 798 3629 868 ἀντηλλάξασθε
3659 800 3795 850 tati-

532 881 756 946 praecise
788 882 1127 950 vituperandi
1157 885 1309 948 estis,
1344 887 1437 938 sed
1464 886 1590 954 quia
1611 894 1799 955 postea
1828 902 1936 939 non
1955 902 2110 940 eam-

530 971 650 1023 dem
674 973 932 1027 servastis
959 974 1154 1043 legem,
1176 991 1371 1045 nempe
1395 984 1451 1028 ut
1483 978 1676 1031 iterum
1704 979 1773 1032 ab
1793 978 1971 1032 istbac
2019 994 2114 1032 ve-

530 1072 642 1114 stra
676 1065 939 1133 religione
959 1067 1023 1119 ad
1047 1069 1483 1134 praestantiorem
1514 1071 1673 1123 aliam
1737 1070 2111 1124 transiliretis.

530 1157 632 1208 Sed
660 1157 920 1223 quoniam
957 1158 1258 1228 Scripturis
1287 1144 1445 1215 fidem
1479 1162 1697 1215 interim
1725 1165 1976 1229 deregas,
2011 1163 2113 1215 hac

530 1247 646 1314 lege
671 1254 910 1312 utamur,
941 1259 998 1301 ut
1029 1250 1071 1302 si
1107 1265 1267 1318 quem
1298 1250 1593 1318 Scripturae
1626 1254 1804 1305 locum
1837 1253 1904 1305 ab
1939 1251 2111 1305 altero

526 1339 749 1391 allatum
785 1340 925 1393 alter
947 1341 1219 1406 admittet,
1252 1352 1400 1396 recte
1426 1345 1478 1397 in
1515 1343 1890 1412 disputatione
1919 1352 2109 1397 nostra

524 1446 553 1481 e
578 1432 749 1485 sacris
777 1432 1016 1497 oraculis
1045 1435 1270 1501 petitum
1301 1436 1591 1502 auxilium,
1623 1436 1802 1505 quoad
1833 1437 1944 1489 fieri
1982 1452 2109 1505 pos-

525 1523 616 1587 sit,
652 1523 995 1576 adhibeatur.
1032 1523 1132 1577 Ubi
1160 1526 1322 1578 aliter
1353 1522 1587 1588 accidet,
1641 1529 1785 1595 quod
1833 1527 2106 1595 reliquum

525 1624 631 1675 cst,
671 1613 1093 1667 ratiocinatione
1122 1616 1386 1668 utendum
1422 1618 1531 1670 erit
1559 1655 1574 1680 ,
1606 1633 1815 1688 proque
1851 1619 2108 1673 facultate

526 1705 901 1773 probabilibus
929 1707 1246 1759 enitendum
1272 1710 1612 1777 argumentis
1638 1749 1652 1773 ,
1683 1719 1744 1763 ut
1797 1726 1903 1779 qua
1955 1722 2107 1779 parte

527 1805 633 1851 stet
660 1797 859 1850 veritas
892 1796 1229 1864 reperiamus
1261 1799 1347 1853 :si
1382 1809 1584 1865 tamen,
1622 1801 1844 1870 hospes,
1875 1802 1983 1856 hoc
2006 1803 2101 1858 tibi

525 1902 743 1957 quoque
770 1888 841 1941 ita
867 1886 1138 1943 videatur.
1164 1888 1294 1954 Qua:
1311 1906 1548 1961 cumego
1573 1891 1864 1958 dixissem,
1903 1896 2102 1949 annuit

525 1982 635 2045 ille,
660 1989 715 2034 et
763 1979 973 2058 bunclin
1000 1983 1221 2038 modum
1241 1983 1672 2038 dissererem-ter
1702 2000 1801 2040 nos
1822 1987 2102 2040 convenit.

597 2075 651 2128 8.
708 2076 843 2130 Tum
893 2076 1102 2140 is,Tibi
1121 2074 1526 2144 etiam,inquit,
1545 2084 1733 2130 nostro
1758 2075 1824 2130 de
1851 2062 2106 2132 sermone

523 2167 982 2222 considerandum
1009 2176 1116 2232 est,
1143 2166 1423 2237 quomodo
1453 2180 1581 2219 eum
1614 2168 1886 2235 integrum
1917 2169 1983 2221 ab
2005 2184 2105 2222 an-

525 2253 658 2322 gelis
692 2255 958 2322 incipiens
988 2266 1275 2310 contexas.
1307 2254 1421 2324 Ego
1452 2268 1607 2320 vero,
1641 2255 1688 2308 si
1715 2256 1848 2324 quid
1886 2271 2103 2323 eorum,

523 2361 646 2414 qua
672 2347 951 2415 dicuntur,
987 2362 1095 2402 non
1130 2348 1459 2418 probavero,
1490 2348 1677 2401 statim
1714 2361 2005 2418 exponam,
2052 2359 2107 2404 et

531 2437 598 2489 de
620 2435 740 2505 illo,
765 2439 910 2507 quod
942 2439 1148 2494 nostris
1170 2439 1386 2509 placitis
1430 2439 1716 2494 dissonum
1772 2456 2101 2509 cognovere,

524 2530 657 2597 quid
704 2530 806 2600 ipsi
859 2532 1169 2589 sentiamus
1218 2534 1446 2602 insuper
1493 2535 1791 2589 enarrabo.
1831 2533 1978 2599 Esto,
2022 2541 2105 2588 tn-

523 2636 715 2691 quam,
742 2624 827 2678 vir
856 2623 1060 2691 optime
1091 2643 1104 2679 :
1143 2634 1421 2695 utcunque
1471 2626 1627 2681 vobis
1655 2626 1898 2692 libuerit,
1927 2626 2106 2682 facere

520 2716 783 2771 conabor.
862 2717 927 2771 Et
997 2718 1237 2788 primum
1314 2718 1538 2787 quidem
1610 2720 1832 2788 angelos
1896 2721 2104 2791 aliquid

520 2808 765 2864 creatum
820 2825 944 2865 esse
1022 2810 1293 2877 dicimus;
1350 2820 1436 2874 et,
1506 2819 1564 2865 ut
1625 2821 1819 2866 caetera
1883 2814 2101 2879 omnia,

522 2901 593 2955 ob
649 2899 926 2956 Creatoris
981 2902 1278 2957 bonitatem
1343 2915 1560 2958 creatos
1597 2906 1743 2973 (nam
1780 2906 1979 2975 quibus
2037 2906 2103 2960 ad

521 2994 926 3049 subsistendum
1001 3009 1106 3046 nun
1177 2994 1497 3062 indigebat,
1553 3010 1648 3049 eos
1687 3034 1703 3059 ,
1773 2996 1875 3050 nisi
1914 2996 2101 3052 fuisset

2218 906 2317 956 την
2337 904 2351 919 ·
2384 890 2500 942 ἀνθ’
2532 883 2605 944 ὧν
2634 890 2695 943 οὐ
2749 891 2903 960 παρὰ
2934 890 3093 943 τοῦτο
3140 891 3337 943 δίκαιοι
3382 888 3787 951 διαϐάλλεσθαι,

2218 973 2443 1028 ἀλλ’ὅτι
2510 975 2584 1046 μὴ
2637 976 2729 1029 τὸν
2759 978 2923 1032 αὐτὸν
2971 978 3278 1047 ἐτηρήσατε
3318 979 3505 1046 νόμον,
3555 977 3631 1039 ὡς
3679 978 3788 1030 ἀπὸ

2216 1068 2422 1138 ταύτης
2458 1070 2839 1137 μεταπηδήσαι
2877 1069 3039 1123 πάλιν
3070 1071 3161 1121 ἐπὶ
3187 1069 3284 1139 τὴν
3314 1069 3568 1139 κρείττω.
3613 1067 3789 1118 Ἐπει-

2214 1159 2277 1227 δὴ
2306 1159 2361 1211 δὲ
2391 1162 2515 1222 ταῖς
2539 1161 2785 1231 Γραφαῖς
2818 1163 2878 1213 οὐ
2922 1160 3099 1229 βούλει
3149 1159 3437 1213 πείθεσθαι
3466 1160 3623 1221 τέως,
3660 1158 3788 1211 ἔνθα
3840 1162 3861 1193 ³

2218 1249 2318 1317 μέν
2378 1266 2433 1301 τι
2487 1250 2741 1316 λέγοντος
2795 1251 3026 1321 θατέρου
3083 1251 3184 1319 τῆς
3238 1250 3483 1319 Γραφῆς,
3517 1251 3546 1301 ὁ
3603 1248 3791 1317 ἕτερος
3852 1306 3855 1307 ν

2214 1341 2370 1411 ἡμῶν
2423 1342 2762 1411 ἀποδέχοιτο,
2799 1344 2967 1396 καλὸν
3007 1344 3106 1412 τῆς
3137 1343 3245 1396 τῶν
3296 1342 3494 1410 λογίων
3536 1341 3788 1411 βοηθείας

2214 1438 2510 1505 μετασχεῖν
2539 1437 2691 1505 ἡμῖν,
2730 1437 2809 1499 ὡς
2836 1432 2951 1489 οἷόν
2980 1453 3063 1502 τε,
3110 1436 3210 1506 τὴν
3240 1434 3500 1500 διάλεξιν.
3533 1433 3700 1486 Ἔνθα
3742 1432 3772 1484 δ

2213 1530 2279 1582 ἂν
2338 1528 2515 1590 άλλως
2572 1528 2736 1582 τοῦτο
2799 1529 3071 1600 συμϐαίη,
3131 1526 3159 1579 ὃ
3216 1526 3423 1593 λοιπὸν,
3484 1526 3598 1588 τοῖς
3647 1525 3792 1592 λογι-

2215 1622 2370 1688 σμοῖς
2408 1620 2485 1691 (l)
2545 1622 2833 1691 χρηστέον,
2875 1623 2971 1675 καὶ
3011 1621 3090 1692 τῷ
3138 1621 3309 1674 εἰκότι
3362 1618 3653 1688 πειρατέον
3706 1616 3790 1678 είς

2137 1751 2181 1805 Β
2208 1710 2465 1778 δύναμιν,
2495 1712 2600 1781 ὅπη
2648 1712 2714 1765 ἂν
2746 1713 2845 1784 ἔχῃ
2889 1712 3123 1782 τάληθὲς
3160 1713 3343 1782 εὑρεῖν
3368 1727 3383 1745 ο
3413 1711 3506 1762 ἐὰν
3533 1706 3591 1782 ᾖ,
3623 1710 3785 1778 φημὶ,

2211 1803 2303 1855 καὶ
2346 1804 2431 1856 σοὶ⁸
2477 1805 2630 1857 τουτὶ
2677 1805 2945 1874 ἡδομένῳ.
2988 1806 3097 1859 Καὶ
3126 1806 3192 1865 ὃς
3242 1803 3474 1875 ἐπῄνεσε
3504 1804 3567 1855 τὸ
3597 1801 3782 1873 ῥηθὲν,

2208 1892 2303 1946 καὶ
2339 1893 2646 1963 συνέόημεν
2678 1895 2773 1948 τὸν
2799 1893 3003 1966 τρόπον
3035 1892 3225 1947 τοῦτον
3251 1891 3620 1964 διαλεχθῆναι.

2277 2082 2349 2144 η’.
2379 2077 2489 2131 Καί
2521 2094 2603 2129 σοι
2634 2077 2922 2142 σκεπτέον,
2952 2076 3083 2145 ἔφη,
3122 2074 3253 2145 περὶ
3285 2072 3381 2128 τοῦ
3418 2072 3603 2141 λόγου,
3636 2073 3782 2137 ὅπως

2206 2167 2368 2220 τοῦτο
2402 2168 2624 2235 ὑφανεῖς
2664 2169 2874 2239 ἄρτιον,
2901 2168 3010 2221 ἀπὸ
3033 2167 3143 2221 τῶν
3168 2166 3417 2236 ἀγγέλων
3450 2165 3778 2235 ἀρξάμενος.

2220 2258 2363 2326 Ἐγὼ
2391 2259 2449 2312 δὲ
2480 2260 2508 2313 ὅ
2535 2278 2590 2312 τι
2616 2260 2725 2314 τῶν
2755 2260 3067 2329 λεγομένων
3094 2260 3197 2313 οὐκ
3227 2258 3589 2328 ἀποδέξομαι,
3621 2257 3777 2321 λέξω,

2208 2355 2303 2406 καὶ
2335 2354 2632 2424 προσθήσω
2656 2352 2756 2422 τὴν
2785 2353 3063 2423 ἡμετέραν
3090 2352 3249 2419 δόξαν
3275 2352 3450 2404 είπεῖν
3473 2367 3540 2403 πε
3550 2349 3607 2420 pl.
3638 2348 3779 2401 ὲκεί-

2206 2463 2297 2499 νου
2326 2462 2409 2509 γε,
2430 2446 2567 2515 ὅπερ
2602 2446 2668 2499 ἂν
2692 2445 2901 2516 ἀπᾷδον
2928 2445 3117 2514 γνοίην
3138 2445 3247 2497 τῶν
3271 2444 3555 2514 ἡμετέρων
3574 2441 3779 2508 δογμάο

2207 2555 2335 2591 των.
2368 2535 2513 2600 Εἶεν,
2552 2538 2709 2608 ἔφην,
2743 2533 2787 2592 ὧ
2820 2538 3068 2606 βέλτιστε
3092 2554 3108 2569 ·
3154 2536 3230 2600 ὡς
3260 2537 3327 2589 ἂν
3432 2535 3777 2604 βουλομένοις

2209 2630 2337 2698 ὑμῖν
2362 2630 2567 2699 πρᾶξαι
2603 2630 2961 2701 πειράσομαι.
3002 2630 3111 2683 Καὶ
3163 2630 3301 2700 δῆτα
3349 2629 3477 2690 τοὺς
3512 2626 3778 2695 ἀγγέλους

2207 2724 2368 2790 ἡμεῖς
2396 2722 2458 2773 τὸ
2509 2722 2725 2791 πρῶτον
2776 2716 2918 2775 εῖναι
2963 2721 3197 2791 λέγομεν
3238 2718 3654 2790 δημιούργημα,
3686 2717 3778 2772 καὶ

2207 2816 2431 2878 τούτους
2459 2816 2516 2868 δὲ
2567 2817 2661 2869 καὶ
2706 2817 2887 2868 πάντα
2932 2813 3435 2886 δεδημιουργῆσθαι
3470 2813 3539 2867 δι’
3578 2812 3775 2881 ἀγαθό-

2206 2926 2343 2979 τητα
2389 2908 2480 2959 τοῦ
2521 2905 2867 2975 Δημιουργοῢ
2901 2901 2998 2977 (ὧν
3033 2906 3143 2976 γὰρ
3186 2907 3288 2959 οὐκ
3336 2906 3507 2961 ἐδεῖτο
3536 2904 3674 2974 πρὸς
3716 2902 3776 2956 τδ

2213 2999 2586 3063 συνίστασθαι,
2625 2998 2724 3049 οὐκ
2759 2998 2824 3051 άν
2855 3000 2971 3052 ποτ’
2999 3000 3219 3066 ἐγένετο
3248 2999 3456 3051 τούτων
3504 2998 3773 3066 δημιουρ-

522 3100 739 3141 summe
772 3088 970 3151 bonus,
993 3101 1274 3155 nunquam
1301 3088 1600 3156 creasset),
1624 3088 1855 3159 simplici
1881 3091 2100 3144 eadem-

2203 3092 2318 3159 γὸς,
2358 3091 2433 3161 μὴ
2474 3089 2822 3156 ὑπεράγαθος
2849 3087 2944 3158 ὢν)
2976 3087 3183 3150 ἁπλοῦς
3213 3088 3314 3153 τὴν
3346 3087 3507 3155 φύσιν
3538 3086 3773 3146 πάντας,

519 3191 628 3247 que
660 3188 853 3232 natura
882 3177 1139 3247 praeditos
1160 3180 1596 3244 omnes,etiamsi
1618 3181 1833 3248 ordine,
1857 3190 1912 3235 et
1942 3184 2101 3235 mini-

463 3272 472 3282 ‘
520 3268 672 3323 stcrii
697 3269 889 3337 gradu,
920 3280 975 3324 et
1043 3272 1111 3325 ad
1164 3271 1331 3325 Deum
1375 3274 1901 3342 apprOpinquatione
1961 3273 2099 3327 alius

520 3363 688 3417 alium
735 3365 1041 3426 antecedat,
1081 3364 1386 3419 luminosos
1442 3366 1792 3431 etlumen,et
1815 3366 1930 3419 sive
1962 3364 2098 3419 ditii-

519 3456 693 3510 culter
719 3456 948 3512 mobiles
975 3456 1043 3511 ad
1068 3457 1293 3523 malum,
1325 3457 1453 3510 sire‘
1476 3460 1638 3511 etiam
1674 3464 1796 3525 post
1836 3458 2097 3513 daemonis

523 3542 885 3602 defectionem
911 3548 1233 3625 lapsumque
1274 3547 1498 3601 omnino
1558 3562 1662 3601 non
1711 3548 1958 3601 mobiles.
2009 3547 2099 3601 Et-

426 3658 427 3661 ‘
526 3642 671 3696 enim
732 3653 882 3696 moto
906 3641 999 3695 illo
1062 3628 1236 3709 (Scitis
1264 3641 1375 3710 jam
1401 3638 1844 3708 istud,0pinor),
1872 3639 2098 3698 biplane

520 3733 735 3787 immoti
780 3741 1200 3802 permanserunt
1245 3750 1257 3785 :
1305 3732 1610 3796 meritoque
1665 3744 1796 3783 sane
1845 3730 2099 3798 conjiciat

518 3823 662 3893 quis,
692 3822 1150 3892 quemadmodum
1183 3824 1330 3891 juste
1366 3820 1613 3875 derelicti
1650 3806 1846 3876 lsintet
1893 3822 1959 3876 ad
2006 3838 2098 3891 pe-

514 3916 633 3981 jora
654 3926 915 3985 perpetuo
938 3915 1201 3982 ferantur,
1223 3918 1315 3986 qui
1337 3916 1505 3973 semel
1526 3916 1668 3970 male
1690 3918 1822 3972 moti
1850 3916 2091 3985 fuerint;

522 4006 595 4058 ita
629 4006 749 4069 bos,
777 4005 919 4072 quod
966 4006 1107 4059 firmi
1168 4007 1493 4072 manserint,
1532 4006 1636 4061 hoc
1687 4007 1914 4076 majoris
1969 4023 2096 4076 pro-

522 4112 746 4162 gressus
777 4092 984 4150 donum
1012 4112 1040 4150 a
1066 4098 1176 4151 Deo
1211 4099 1514 4167 accepisse,
1547 4107 1606 4152 ut
1635 4114 1949 4169 quanquam
1998 4116 2094 4155 eo-

525 4207 644 4245 rum
677 4199 871 4245 natura
896 4207 994 4246 suo
1023 4191 1142 4245 loco
1165 4201 1428 4255 maneret,
1449 4192 1553 4259 ipsi
1583 4201 1762 4247 tamen
1790 4194 1928 4247 idem
1951 4196 2095 4262 quod

520 4282 657 4352 lapsi
694 4276 974 4355 nunquam
1010 4284 1118 4354 pati
1149 4293 1389 4352 possent.
1419 4280 1604 4351 Neque
1626 4282 1678 4335 id
1736 4291 1971 4348 tantum,
2000 4288 2093 4340 sed

520 4385 574 4430 et
604 4377 776 4433 bonos
801 4393 922 4431 esse
954 4378 1054 4431 boc
1078 4372 1631 4430 existimamus.Nam
1657 4389 1810 4427 suam
1842 4387 2092 4429 naturam
2131 4406 2177 4463 ο

522 4480 729 4523 naturae
754 4468 965 4538 epiticis
990 4468 1238 4521 omnium
1274 4466 1367 4520 Dei
1418 4467 1589 4535 magis
1627 4476 1907 4535 cegnatam
1973 4482 2096 4523 esse

523 4561 877 4630 intelligimus
910 4574 1072 4629 quam
1130 4567 1359 4613 caeteras
1382 4572 1471 4611 res
1508 4557 1576 4610 ab
1622 4558 1810 4611 eadem
1856 4567 2092 4611 creatas.

519 4652 700 4716 Quare
730 4650 1066 4705 immortales
1092 4649 1254 4703 etiam
1280 4662 1401 4701 esse
1431 4645 1725 4708 credimus,
1757 4653 1816 4698 ut
1853 4644 2096 4710 illorum,

520 4742 719 4809 quibus
749 4741 812 4794 ad
834 4741 997 4794 vitam
1022 4737 1348 4806 indigemus,
1379 4735 1600 4789 minime
1632 4734 1864 4804 indiges.

592 4832 645 4884 9.
685 4830 783 4885 Hic
809 4846 997 4896 senex,
1024 4828 1302 4897 Estjstud
1347 4827 1569 4896 quidem
1604 4840 1845 4893 'verum,
1897 4826 2093 4895 inquit,

596 4964 671 5030 tl)
698 4962 753 5016 in
775 4964 921 5016 hunc
954 4964 1065 5017 fere
1106 4961 1324 5016 modum
1366 4963 1430 5013 de
1458 4974 1564 5012 non
1598 4961 1933 5015 credentium
1967 4978 2090 5029 per-

522 5033 781 5089 suasione
814 5034 1037 5085 Photius
1090 5030 1438 5097 Amphiloch.
1492 5039 1690 5098 quaest.
1751 5046 1894 5093 xcrx,
1946 5034 2083 5091 Cod.

521 5103 746 5157 Coislin.
783 5102 909 5165 270,
947 5101 1041 5185 fol.
1074 5102 1188 5185 104‘
1206 5109 1388 5185 recte:
1424 5099 1548 5185 Τοῖς
1575 5116 1635 5185 τε
1670 5100 1913 5185 γὰρρςηδη
1956 5102 2085 5185 χρότ

521 5192 596 5240 v-p
629 5172 1047 5243 πεπιστευκόσι,
1105 5173 1207 5243 καὶ,
1244 5168 1513 5243 μηδεμίαν
1578 5168 1913 5243 ἀμφιϐολίαν
1957 5168 2087 5243 περὶ

525 5239 617 5295 τοῦ
639 5242 760 5296 καθ’
786 5242 934 5311 ἡμᾶς
970 5241 1272 5310 μυστηρίου
1299 5239 1789 5310 παραδεχομένοις,
1824 5239 2085 5305 ὡσαύτως

522 5314 579 5365 δὲ
600 5313 692 5365 καὶ
721 5315 835 5372 τοῖς
857 5311 1081 5382 τελείως
1103 5315 1169 5382 τῇ
1208 5312 1435 5382 ἀπιστία
1475 5311 1933 5382 κεκρατημένοις,
1991 5315 2085 5365 καὶ

418 5388 421 5391 λ
529 5383 604 5451 μὴ
641 5382 857 5451 θέλουσι
884 5381 973 5451 διὰ
1017 5381 1124 5435 τῶν
1144 5380 1419 5450 "cupi-:in
1470 5380 1607 5448 πρὸς
1665 5383 1771 5451 τὴν,
1804 5382 2090 5441 εὐσέὄειαν

524 5450 1024 5522 χειραγωγηθῇναι,
1060 5452 1213 5505 κενὸν
1241 5451 1332 5503 καὶ
1361 5452 1590 5522 μάταιον
1631 5451 1661 5519 ή
1708 5450 1815 5522 τῶν
1847 5455 2091 5521 σημείων

523 5519 806 5590 ἐπίδειξις.
829 5519 968 5582 Τοῖς
997 5523 1054 5575 δέ
1088 5539 1149 5585 γε
1191 5525 1249 5573 ὲν
1285 5526 1346 5590 τῇ
1379 5520 1614 5590 ἀπιστίᾳ,
1659 5519 2087 5589 τεθραμμένοις,

522 5588 645 5645 εἶτα
674 5594 858 5663 ἠρέμα
890 5608 1005 5655 πως
1038 5594 1160 5655 τοὺς
1198 5588 1489 5657 λογισμοὺς
1527 5588 1663 5657 πρὸς
1688 5594 1782 5663 τὴν
1810 5588 2093 5645 εύσέὸειαν

522 5662 784 5717 ἐνδιδόναι
823 5663 1287 5729 διανισταμένοις,
1314 5664 1524 5723 τούτοις
1557 5662 1732 5712 οἰκεία
1777 5664 1868 5713 καὶ
1920 5666 2091 5731 πρόσ-

526 5748 690 5804 φορος
744 5734 853 5789 τῶν
913 5734 1228 5805 παραδόξων
1290 5732 1467 5804 ἔργων
1521 5733 1554 5801 ἠ
1588 5732 1911 5800 φανέρωσις.
1967 5737 2098 5787 Ant-

2204 3186 2298 3238 καὶ
2325 3186 2424 3253 τὴν
2455 3186 2627 3255 αὐτὴν
2654 3184 2897 3253 ἔχοντας,
2935 3183 3040 3237 κᾶν
3070 3183 3230 3245 ἄλλος
3270 3177 3432 3235 ἄλλου
3460 3180 3609 3246 τάξει
3638 3195 3769 3247 προσ

2202 3278 2321 3346 ἐχῃ,
2371 3276 2467 3330 καὶ
2520 3277 2714 3345 βαθμῷ
2751 3276 3049 3338 διακονίας,
3076 3275 3170 3326 καὶ
3198 3276 3263 3343 τῇ
3306 3273 3442 3343 πρὸς
3491 3274 3552 3325 τὸ
3613 3271 3767 3324 Θεῖον

2202 3370 2489 3438 ἐγγύτητι,
2527 3369 2861 3436 φωτοειδεῖς,
2894 3369 2989 3419 καὶ
3019 3367 3196 3432 φῶτα,
3240 3366 3338 3418 καὶ
3368 3366 3485 3431 ἦτοι
3514 3365 3775 3435 δυσκινή-

2201 3478 2329 3522 τους
2369 3461 2504 3529 πρδς
2525 3459 2583 3511 τὸ
2610 3458 2798 3523 κακὸν,
2832 3459 2864 3532 ἢ
2895 3458 3186 3526 ἀκινήτους
3238 3456 3375 3524 μετά
3404 3455 3503 3523 τὴν
3530 3457 3625 3506 τοῦ
3665 3457 3777 3509 Σα-

2199 3554 2300 3604 τάν
2332 3551 2671 3604 ἀποστασίαν
2705 3552 2799 3602 καὶ
2830 3549 3129 3602 ἔκπτωσιν.
3171 3546 3317 3599 Ἀνθ⁹
3339 3538 3414 3598 ὧν
3445 3545 3659 3597 ἐκείνου
3691 3563 3781 3601 κι-

2201 3644 2458 3713 νηθέντος
2515 3643 2653 3711 (ἴστε
2684 3643 2814 3710 γάρ,
2863 3641 2938 3702 ὡς
2998 3633 3237 3709 ἐγῷμαι)
3276 3638 3524 3705 ἀκίνητοι
3574 3638 3777 3703 τελέως

2200 3732 2347 3790 οὗτοι
2398 3733 2676 3803 διέμειναν
2701 3750 2714 3763 ·
2757 3732 2999 3785 εἰκάσειε
3040 3731 3148 3800 γάρ
3182 3730 3246 3783 ἄν
3287 3721 3370 3792 τις
3417 3728 3666 3795 δικαίως,
3695 3731 3774 3792 ὡς

2200 3827 2456 3897 καθάπερ
2510 3827 2558 3878 οἱ
2603 3825 2789 3889 κακῶς
2837 3823 3153 3893 κινηθέντες
3188 3823 3413 3886 δικαίως
3467 3823 3778 3891 ἐγκατελεί-

2201 3921 2435 3990 φθησαν,
2495 3920 2586 3972 καὶ
2630 3919 2767 3987 πρὶς
2812 3918 2878 3971 τά
2931 3918 3101 3986 χείρω
3149 3913 3427 3968 κινοῦνται
3486 3914 3774 3983 διηνεκῶς,

2198 4009 2372 4074 οὕτως
2410 4010 2557 4063 οὗτοι
2606 4009 2794 4078 πάγιοι
2829 4007 3114 4078 μείναντες
3144 4005 3315 4074 δῶρον
3361 4005 3547 4058 θεόθεν
3583 4004 3775 4057 ἔλαϐον

2199 4103 2518 4165 ἐπιδόσεως,
2549 4105 2650 4170 τῆς
2702 4100 2918 4168 φύσεως
2948 4098 3129 4152 αὐτῶν
3176 4099 3316 4151 κατά
3360 4096 3545 4166 χώραν
3583 4096 3775 4165 μενού-

2202 4210 2322 4261 σης,
2360 4193 2433 4262 μὴ
2477 4192 2643 4244 ταυτὺ
2668 4195 2780 4252 τοῖς
2813 4191 3102 4244 ἐπταικόσι
3149 4190 3281 4242 ποτὲ
3314 4190 3527 4244 παθεῖν.
3558 4191 3633 4243 Οὐ
3673 4189 3773 4259 μό-

2201 4301 2289 4336 νον
2325 4283 2400 4345 δὲ,
2431 4283 2569 4334 ἀλλὰ
2620 4282 2717 4334 καὶ
2750 4283 2995 4349 ἀγαθοὺς
3027 4281 3249 4344 τούτους
3278 4281 3592 4350 δοξάζομεν.
3631 4282 3783 4349 Σογ-·

2204 4372 2531 4439 γενεστέραν
2580 4370 2687 4437 γάρ
2718 4370 2881 4439 φύσιν
2914 4373 2977 4440 τῇ
3030 4372 3250 4425 πάντων
3292 4372 3617 4444 δημιουργῷ
3666 4373 3777 4426 τῶν

2204 4465 2380 4518 ἄλλων
2410 4465 2517 4517 τῶν
2551 4464 2656 4515 ὑπὸ
2685 4464 2889 4533 ταύτης
2925 4464 3255 4519 κτισθέντων
3284 4467 3534 4536 νοοῦμεν.
3566 4466 3657 4520 Διὸ
3680 4468 3775 4521 καὶ

2203 4557 2504 4617 ἀθανάτους
2533 4550 2674 4609 εἶναι
2704 4557 3051 4628 πιστεύομεν,
3075 4558 3345 4621 άνενδεεῖς
3377 4560 3578 4622 τελέως
3604 4559 3780 4628 ὑπάρ-

2204 4664 2396 4718 χοντας
2429 4641 2504 4700 ὧν
2535 4648 2698 4717 ἡμεῖς
2730 4648 2962 4718 δεόμεθα
2993 4649 3130 4719 πρὸς
3157 4649 3217 4702 τὸ
3244 4650 3362 4721 ζῇν.

2275 4828 2342 4884 θ’.
2371 4829 2555 4881 Πάντα
2597 4828 2716 4896 μὲν,
2747 4829 2773 4879 ὁ
2806 4829 2985 4899 γέρων
3016 4829 3143 4901 ἔφη,
3175 4830 3243 4883 τά
3293 4831 3560 4901 εἰρημένα
3594 4832 3775 4886 καλά’

2194 4964 2466 5036 philoebia
2517 4964 2772 5026 Photii,a
2822 4965 3013 5019 multis
3044 4966 3261 5021 laudata
3322 4976 3373 5021 et
3441 4971 3778 5031 tentata,sed

2196 5039 2262 5090 ad
2299 5037 2399 5090 hoc
2423 5044 2636 5102 tempus
2670 5052 2949 5102 nunquam
2984 5038 3151 5100 edita,
3179 5049 3397 5092 exstant
3447 5040 3496 5091 in
3543 5049 3781 5104 quatuor

2194 5107 2352 5159 bonis
2403 5104 2687 5158 codicibus
2731 5106 3084 5160 Bibliotheca:
3134 5108 3337 5161 Caesar.
3399 5109 3774 5165 Parisiensis:

2192 5175 2528 5247 Qoisliiiiano
2558 5174 2758 5247 22.1270.
2781 5177 2996 5247 optimae
3040 5185 3201 5240 notae,
3224 5178 3420 5231 Pbmio
3442 5180 3552 5232 fere
3570 5195 3777 5247 comvo,

2192 5245 2260 5299 de
2285 5262 2393 5314 (ιω)
2427 5242 2816 5299 Montefalcou.
2855 5245 3113 5298 Biblioth.
3153 5248 3321 5301 Cuisl.
3380 5248 3560 5301 Paris.
3613 5242 3777 5314 1715,

2193 5315 2289 5368 fol.
2315 5331 2439 5384 pag.
2469 5314 2575 5368 325
2610 5331 2625 5384 ;
2660 5314 2827 5367 altero
2862 5316 3025 5381 Regio
3055 5332 3107 5369 η.
3134 5317 3289 5383 1228,
3332 5334 3457 5373 saec.
3478 5318 3547 5371 ΧΙ
3575 5336 3587 5372 :
3617 5325 3779 5376 tertio

2194 5386 2321 5457 item
2345 5383 2686 5457 Βεείνοίίᾷὲθ,
2711 5385 2982 5454 descripto
3011 5390 3218 5457 exicod.
3246 5391 3449 5443 montis
3467 5389 3783 5457 Athojussu

2195 5456 2521 5527 Citrysantbi
2560 5453 2790 5527 Νομίζω,
2810 5460 2901 5527 qui
2922 5466 3043 5527 erat
3070 5456 3456 5527 Hierosolymis
3474 5453 3783 5524 patriarcha

2194 5524 2498 5597 33177077}
2543 5525 2651 5577 vid.
2710 5524 2785 5578 Le
2830 5526 3001 5589 Quien
3056 5526 3265 5581 Orient.
3314 5524 3509 5583 Christ.
3569 5538 3609 5581 ι.
3656 5526 3781 5597 III,

2195 5595 2302 5648 col.
2349 5593 2452 5647 5:26
2495 5610 2521 5665 :7
2554 5602 2749 5662 quarto
2782 5612 2832 5646 η.
2886 5598 2950 5647 UO
3007 5599 3370 5665 ευρριειιιρηιί
3398 5597 3654 5661 ,duobus
3700 5593 3785 5651 tu;

2200 5666 2330 5738 uiis,
2351 5664 2626 5732 descripto
2662 5680 2886 5738 avorum
2941 5664 3254 5723 nostrarum
3302 5678 3460 5726 aetate
3509 5683 3582 5738 ex
3613 5670 3782 5738 [legio

2198 5734 2355 5800 1228,
2382 5750 2541 5803 quem
2564 5749 2722 5804 Supra
2756 5736 2891 5790 dixi.
3509 5734 3514 5740 ”
