4144 6282
374 254 471 327 ιιι

1322 245 1700 311 DIALOGUS
1749 244 1771 301 Ι
1820 240 1979 300 CUM
2020 237 2581 299 MOIIAMETANO.

3514 235 3612 297 142

373 373 510 442 πλὴν
537 372 614 426 ἔτι
651 370 941 441 βουλοίμην
968 382 1020 420 τι
1054 366 1261 420 τούτων
1292 364 1522 427 ἀκοῦσαι
1555 363 1890 437 σαφέστερον
1914 372 1925 385 “
1957 379 1972 413 Α

2076 355 2405 423 uodeunque
2440 356 2576 410 dicis
2604 374 2618 410 :
2650 355 2755 411 nisi
2788 355 2932 424 quod
2966 370 3126 409 unam
3176 370 3289 409 rem
3333 354 3617 423 aliquanto

372 464 511 516 ἀλλὰ
560 462 718 515 τοῦτο
753 463 852 528 μὲν
899 458 1003 527 ὁδῷ
1061 457 1290 528 βαδίζων
1342 456 1370 506 ό
1406 455 1563 521 λόγος
1614 454 1778 522 τυχὶν
1813 453 1942 520 ἡμῖν

374 554 669 607 ἀποδώσει.
712 543 1048 610 Ἀθανάτους
1101 549 1283 617 μέντοι
1318 548 1538 609 τούτους
1572 548 1687 608 πῶς
1735 544 1824 610 ἄρ’
1858 546 1945 594 ὲν-

374 647 592 714 δέχεται
625 641 764 697 εἶναι
793 660 807 708 ;
838 643 928 694 Δεῖ
954 641 1064 711 γὰρ
1113 640 1275 709 φύσιν
1303 641 1544 705 ἃπασαν,
1576 639 1696 707 ἥτις
1726 637 1783 689 οὐ
1819 635 1946 705 μέλ-

375 737 461 787 λει
506 734 684 804 πάντη
732 733 1226 803 διαφθαρήσεσθαι,
1266 731 1439 801 ἀρχὴν
1485 728 1757 783 λαϐοῦσάν
1790 744 1944 790 ποτε,

378 828 477 880 καὶ
510 827 665 888 τέλος
715 830 921 894 ταύτην
968 824 1158 878 λαϐεῖν
1182 840 1196 855 ·
1231 824 1297 877 ἵν’
1330 825 1520 892 ὥσπερ
1557 824 1615 874 ὲν
1667 820 1852 889 κύκλῳ
1878 822 1945 887 τῇ

383 917 618 986 γενέσει,
648 917 743 971 καὶ⁸
788 916 992 983 φθίσει,
1028 917 1123 969 καὶ
1152 915 1447 969 άναῦιώσει
1481 919 1561 976 είς
1600 916 1795 967 ταυτόν
1831 912 1963 964 ποτῖ

381 989 1041 1070 ἐλθοῦσαίάλλοιωθεῖσά
1081 1024 1141 1059 τε
1194 1006 1289 1060 καὶ¹
1327 1005 1680 1068 ἀναστάσεως
1708 1004 1951 1074 κρείττο-

383 1119 474 1164 νος
499 1100 874 1164 ἀπολαύσασα,
920 1099 1125 1167 φθορᾶς
1171 1099 1387 1168 ἁπάσης
1435 1098 1686 1167 ἁνωτέρα
1722 1095 1949 1164 γένηται

384 1191 479 1244 τοῦ
508 1192 721 1246 λοιποῦ.
752 1190 986 1253 Οὐκοῦν,
1023 1189 1181 1258 ἔφην,
1210 1183 1255 1242 ὦ
1293 1189 1467 1255 ’γαθὲ,
1507 1191 1600 1243 καὶ
1630 1191 1754 1252 τοὺς
1782 1190 1952 1256 ἀγγέ-

382 1284 509 1346 λους
560 1284 757 1345 αὐτοὺς
784 1282 1015 1350 θνητοὺς
1052 1279 1192 1334 εἶναι
1238 1280 1534 1345 δοξάζετε;
1583 1280 1693 1335 Καὶ
1736 1281 1793 1342 ὃς
1825 1280 1952 1349 ἔφη,

388 1380 521 1435 Ναί.
555 1376 628 1433 Ἦ
669 1379 804 1431 πολύ
858 1395 962 1443 τοι,
997 1377 1136 1447 ἔφην
1180 1377 1316 1446 ἐγὼ,
1364 1376 1624 1438 ἐναντίως
1658 1376 1842 1445 ἔχουσί
1891 1392 1956 1442 γε

388 1474 522 1543 ἡμῖν
552 1474 605 1525 αί
661 1474 789 1542 περὶ
820 1470 931 1523 τῶν
980 1470 1231 1538 ἀγγέλων
1276 1471 1465 1534 δόξαιο
1503 1468 1648 1538 ζωῆς
1701 1470 1811 1539 γὰρ
1865 1469 1959 1522 καὶ

391 1563 623 1616 θανάτου
656 1562 757 1624 τίς
777 1562 842 1615 ἂν
871 1561 1084 1628 γένοιτο
1116 1561 1319 1626 μείζων
1350 1560 1619 1629 διαφοράς
1649 1560 1743 1621 Τίς
1781 1558 1872 1611 οὖν
1898 1575 1957 1611 σε

2046 446 2247 502 ciarius
2275 448 2433 501 velim
2462 448 2760 516 intelligere
2787 466 2800 501 :
2826 448 2923 503 sed
2945 448 3073 501 illud
3101 448 3154 500 in
3184 448 3455 501 sermonis
3491 464 3617 515 pro-

2047 556 2235 606 gressu
2266 540 2497 595 fortasse
2522 542 2678 595 nobis
2709 542 3007 611 continget.
3028 540 3305 604 Attamen,
3332 540 3610 609 quomodo

2049 631 2165 684 ﬁeri
2188 640 2384 698 potest,
2401 642 2460 685 ut
2482 632 2658 702 angeli
2686 634 2796 687 sint
2822 633 3203 687 immortales?
3226 614 3453 701 Oportet
3471 632 3616 684 enim

2048 722 2229 776 hercle
2261 740 2478 779 omnem
2511 734 2786 789 naturam,
2840 741 2961 794 quae
3003 740 3106 777 non
3157 724 3381 778 omnino
3434 723 3623 775 interi-

2048 824 2171 870 tura
2200 816 2288 880 sit,
2316 817 2781 886 quemadmodum
2811 817 3106 886 aliquando
3133 816 3349 870 initium
3382 815 3622 884 accepit,

2050 908 2123 961 ita
2150 908 2309 962 ﬁnem
2340 910 2500 963 etiam
2528 909 2762 978 aliquem
2786 910 2985 963 habere
3016 925 3029 961 :
3058 917 3116 962 ut
3145 907 3300 976 quasi
3330 907 3383 959 in
3412 906 3623 959 circulo

2050 1014 2149 1068 per
2198 1003 2629 1070 generationem,
2654 1001 2931 1055 interitum
2965 1008 3031 1057 et
3054 999 3523 1055 resurrectionem.
3555 999 3623 1051 ad

2062 1088 2206 1142 idem
2266 1090 2483 1144 tandem
2530 1090 2824 1158 aliquando
2868 1090 3163 1159 perveniat,
3196 1097 3252 1144 et
3314 1088 3625 1149 immutata,

2053 1181 2531 1249 praestantiorique
2564 1181 2966 1236 resurrectione
2993 1180 3204 1245 fruens,
3233 1181 3453 1235 interitu
3474 1182 3626 1234 omni

2057 1272 2304 1339 superior
2332 1272 2385 1326 in
2414 1282 2686 1340 posterum
2718 1273 2930 1329 evadat.
2981 1271 3120 1324 Tum
3175 1287 3301 1341 ego,
3352 1273 3543 1340 igitur,
3594 1286 3631 1323 o

2058 1361 2220 1427 bone,
2254 1363 2479 1432 angelos
2504 1363 2651 1430 ipsos
2674 1362 2837 1417 etiam
2860 1364 3119 1418 mortales
3136 1378 3255 1418 esse
3278 1364 3580 1431 Opinamiui
3609 1365 3633 1416 ?

2057 1452 2169 1509 Nos
2197 1469 2326 1509 vero
2362 1457 2619 1517 maxime,
2643 1455 2839 1523 inquit.
2886 1453 2978 1509 Nae
3009 1455 3239 1510 multum
3290 1456 3495 1519 diﬂ‘ert,
3550 1457 3634 1509 in-

2059 1563 2248 1615 quam,
2283 1556 2469 1602 nostra
2500 1548 2786 1616 deangelis
2818 1548 3008 1615 opinio
3043 1548 3337 1617 :quidnam
3355 1550 3497 1602 enim
3519 1549 3636 1603 dis-

354 1688 357 1693 ι
391 1656 575 1707 πεῖσαι
604 1652 918 1718 δυνήσεται,
952 1651 1026 1714 ὡς
1054 1651 1229 1713 άλλως
1256 1650 1389 1719 ἔχει,
1422 1650 1458 1703 ἃ
1492 1648 1693 1717 λέγεις,
1732 1650 1958 1704 πιθανόν

2075 1638 2267 1691 :rimen
2296 1652 2420 1691 esse
2456 1638 2625 1707 possit
2655 1639 2832 1706 majus
2862 1638 2956 1691 illo
2981 1676 2997 1701 ,
3024 1638 3168 1707 quod
3194 1639 3338 1692 inter
3368 1640 3534 1694 vitam
3577 1650 3635 1693 et

390 1760 449 1795 τε
485 1742 665 1810 λέγειν
708 1741 990 1805 δοκοῦντα,
1035 1741 1130 1793 καὶ
1176 1740 1270 1809 τὴν
1312 1739 1419 1791 άπὸ
1450 1739 1560 1791 τῶν
1590 1739 1822 1809 Γραφῶν
1854 1739 1956 1791 οὐκ

392 1831 647 1883 ἐθέλοντα
696 1830 952 1894 δέξασθαι
1001 1828 1330 1898 μαρτυρίαν,
1382 1827 1477 1879 καὶ
1525 1826 1752 1896 προσέτι
1802 1826 1956 1893 φωνῇ

392 1919 800 1988 διαλεγόμενον,
835 1918 958 1988 ἣτις
990 1913 1248 1986 ἀλλοτρία
1294 1909 1425 1968 οὖσα
1454 1915 1534 1982 τῷ
1576 1912 1960 1983 προσδιαλεγο-

395 2011 544 2079 μένῳ
578 2014 684 2074 σοι,
734 2010 803 2063 τά
852 2008 1235 2078 λεχθησόμενα
1267 2008 1529 2076 παραινεῖ
1569 2004 1819 2075 ἐπίτηδες
1865 2021 1961 2057 τα-

394 2097 707 2168 πεινότερα,
747 2096 892 2169 ἢπερ
921 2097 1064 2163 ἐστὶ,
1102 2098 1282 2152 ποιεῖν
1306 2094 1616 2163 φαίνεσθαι.

471 2374 524 2423 ι’.
568 2366 863 2437 Πειρατέον
898 2366 992 2419 καὶ
1049 2364 1243 2430 οὕτως,
1292 2363 1421 2434 ἔφη,
1466 2364 1700 2431 τάληθὲς
1754 2365 1961 2435 εὑρεῖν.

399 2456 605 2510 Πολλοῦ
645 2458 742 2524 μὲν
776 2456 907 2525 γάρ,
956 2454 1017 2507 εὖ
1058 2454 1189 2518 ἴσθι,
1237 2455 1510 2524 πριαίμην
1545 2455 1631 2519 ἂν,
1673 2455 1728 2507 εί
1757 2456 1839 2516 τίς
1877 2472 1962 2522 μοι

406 2548 670 2615 παρεῖχεν
723 2546 943 2614 άμέσως
977 2561 1059 2596 σοι
1099 2544 1361 2597 δύνασθαι
1409 2543 1769 2611 διαλέγεσθαι.
1824 2544 1969 2613 Πλὴν

406 2640 771 2709 ὲγχωρητέον,
809 2640 884 2702 ὡς
918 2638 1173 2709 ἐγχωρεῖ,
1221 2641 1315 2693 καὶ
1342 2638 1537 2703 οὕτως,
1568 2641 1674 2708 ὅπη
1734 2640 1801 2692 διν
1836 2640 1969 2708 ἔχοι,

404 2730 642 2799 τάληθὲς
701 2731 1077 2800 εὑρεθήσεται.
1150 2730 1467 2800 Ἀπόκριναι
1521 2730 1584 2799 δή
1639 2747 1747 2800 μοι,
1813 2730 1969 2799 ἔφην.

410 2824 684 2892 Ἀναρχον
712 2818 854 2876 εἶναι
886 2824 1066 2890 λέγεις
1091 2823 1271 2876 πᾶσαν
1302 2823 1501 2893 ψυχὴν,
1534 2823 1625 2875 καὶ
1658 2822 1795 2891 μηδὲ
1822 2822 1973 2875 ἐκτί-

406 2915 534 2968 σθαι
565 2915 717 2979 ποτὲ,
754 2913 877 2985 μηδ’
902 2909 1067 2982 εἶναι,
1093 2916 1181 2967 ὅτε
1204 2917 1301 2967 οὐκ
1333 2911 1401 2983 ἦν
1424 2933 1437 2979 ;
1461 2915 1493 2985 ἢ
1536 2916 1818 2982 γεγονέναι
1844 2914 1976 2966 ταύ-

2061 1738 2289 1784 mortem
2323 1729 2612 1782 intercedit
2635 1729 2738 1782 ‘IEt
2766 1730 2915 1798 quis,
2941 1744 3151 1798 quaeso,
3170 1732 3509 1799 persuadere
3534 1732 3646 1786 tibi.

2060 1822 2278 1889 poterit,
2306 1820 2461 1875 aliter
2490 1836 2549 1875 se
2575 1821 2775 1875 habere
2820 1834 2885 1876 ea
2923 1836 3045 1890 qua
3080 1821 3240 1885 dicis,
3314 1824 3623 1892 praesertim

2060 1930 2184 1969 cum
2208 1923 2265 1967 tu
2300 1914 2393 1967 tibi
2424 1912 2704 1982 probabile
2726 1912 2935 1981 aliquid
2950 1913 3130 1969 dicere
3152 1914 3411 1976 videaris,
3433 1929 3635 1970 sacra;-

2062 2020 2168 2073 que
2198 2001 2497 2071 Scripturze
2528 2001 2901 2057 testimonium
2962 2001 3103 2056 nolis
3148 2001 3478 2056 admittere?
3502 2016 3639 2070 prae-

2065 2107 2313 2165 terquam
2344 2095 2487 2164 quod
2504 2094 2687 2163 lingua
2715 2093 2884 2149 uteris
2912 2093 3046 2147 mihi
3073 2102 3255 2148 tecum
3307 2094 3637 2161 colloquenti

2064 2188 2402 2257 aliena,quse
2441 2187 2622 2240 nativa
2655 2186 2702 2240 vi
2735 2199 2832 2240 sua
2872 2184 3052 2251 eilicit,
3073 2193 3133 2240 ut
3154 2200 3239 2240 res
3274 2185 3518 2240 dicendae
3538 2185 3640 2239 hu—
3675 2186 3678 2189 λ

2066 2278 2329 2343 utiliores,
2359 2293 2519 2347 quam
2552 2291 2743 2335 revera
2781 2287 2932 2339 sunt,
2981 2290 3101 2331 esse
3153 2275 3464 2330 videantur.

2139 2372 2229 2425 10.
2285 2370 2375 2425 Sic
2408 2373 2595 2433 etiam,
2631 2370 2831 2437 inquit,
2869 2369 3153 2424 veritatem
3185 2383 3451 2423 conemur
3486 2368 3640 2423 inve-

2070 2465 2211 2517 nire.
2250 2464 2381 2515 Nam
2421 2474 2620 2527 magno
2651 2459 2893 2528 quidem,
2929 2460 3062 2513 mihi
3093 2460 3275 2520 crede,
3305 2474 3563 2521 emerem,
3598 2458 3644 2509 si

2071 2556 2193 2625 quis
2213 2554 2316 2608 hoc
2340 2551 2475 2605 mihi
2498 2550 2783 2615 tribueret,
2812 2561 2870 2604 ut
2896 2551 3104 2618 absque
3142 2550 3305 2604 ullius
3336 2550 3644 2603 interventu

2073 2647 2311 2714 colloqui
2350 2655 2523 2698 tecum
2554 2657 2793 2712 possem.
2830 2641 2935 2695 Sed
2970 2650 3173 2704 tamen,
3203 2642 3382 2709 quoad
3420 2643 3538 2709 ejus
3571 2642 3652 2695 ia--

2075 2753 2196 2793 cere
2236 2738 2553 2806 poterimus,
2577 2750 2687 2790 rem
2716 2734 2931 2804 aggredi
2965 2749 3064 2804 par
3091 2743 3194 2798 est,
3224 2743 3279 2789 et
3312 2733 3393 2788 sic
3422 2734 3649 2797 veritas.

2075 2831 2563 2902 quomodocunque
2599 2843 2657 2882 se
2694 2827 2910 2891 habeat,
2961 2826 3285 2895 reperietur.
3354 2826 3462 2895 Age
3498 2841 3651 2887 vero,

2076 2924 2298 2992 inquam
2333 2938 2345 2975 :
2381 2920 2672 2990 responde,
2701 2919 2745 2972 si
2772 2919 2865 2973 tibi
2889 2918 3126 2974 videtur.
3151 2918 3377 2973 Omnem
3413 2918 3652 2971 animant

404 3024 507 3078 την
542 3008 695 3073 ποτε,
725 3008 819 3061 καὶ
851 3007 1056 3077 κτίσμα
1091 3003 1251 3072 εἶναι,
1297 3008 1389 3059 καὶ
1423 3007 1598 3077 ἀρχὴν
1643 3007 1923 3077 εἰληφέναι
1951 3025 1963 3071 ;

2077 3024 2258 3069 utrum
2304 3013 2440 3067 initii
2493 3020 2766 3082 expertem
2804 3026 2925 3067 esse
2972 3011 3130 3073 dicis,
3185 3025 3363 3078 neque
3410 3023 3649 3077 unquam

406 3102 505 3163 Τίς
539 3100 584 3152 δ’
612 3099 677 3153 ἂν
713 3099 777 3151 τὸ
812 3099 1027 3169 πρῶτον
1076 3099 1260 3164 εἴποις
1312 3099 1497 3167 φησίν.
1533 3097 1729 3161 Καλῶς
1768 3099 1969 3165 λέγεις,

352 3226 363 3251 .
407 3193 548 3262 ἔφην
573 3206 587 3221 ο
617 3190 758 3244 δοκῶ
782 3190 838 3242 δέ
866 3207 977 3260 μοι,
1009 3189 1084 3253 ὡς
1109 3191 1201 3243 καὶ
1230 3191 1484 3259 πρώτους
1510 3191 1618 3244 τῶν
1645 3192 1823 3246 ἄλλων
1846 3195 1975 3246 πάν-

407 3300 515 3336 των
551 3284 869 3351 κτισμάτων
920 3280 1163 3345 δοξάζεις
1206 3282 1332 3344 τοὺς
1383 3281 1648 3352 ἀγγέλους
1703 3283 1973 3349 ἐκτίσθαι,

408 3376 505 3429 καὶ
537 3375 774 3446 κρείττω
821 3373 984 3442 φύσιν
1031 3370 1173 3427 εἶναι
1207 3374 1401 3427 πασῶν
1445 3376 1552 3428 τῶν
1610 3377 1724 3444 μετ’
1779 3376 1977 3437 αὐτοὺς

410 3468 850 3537 γεγεννημένων,
903 3468 998 3521 καὶ
1046 3466 1482 3535 συγγενεστέραν
1523 3467 1589 3539 τῇ
1646 3467 1840 3538 πρώτῃ
1878 3468 1973 3537 (1).

421 3558 580 3627 ’Δρτι
610 3560 718 3627 γὰρ
754 3558 878 3628 ἐμοὶ
905 3557 1048 3611 τοῦτ’
1087 3558 1313 3623 εἰπόντι,
1349 3551 1430 3622 οἷς
1469 3559 1569 3612 οὐκ
1613 3561 1873 3629 άντέφης,
1905 3556 1980 3613 οἷο

423 3666 545 3718 μαι,
583 3649 827 3701 συνέθου.
857 3649 966 3701 Ναὶ⁸
1010 3647 1206 3714 οὕτως,
1247 3648 1352 3719 ἔφη
1378 3651 1408 3703 ό
1445 3651 1641 3720 γέρων,
1671 3650 1803 3720 ἔχει.
1840 3652 1982 3704 Οὐκ-

421 3738 539 3802 οῦν,
571 3732 615 3789 ὦ
649 3736 913 3805 βέλτιστε,
946 3736 1102 3808 ἔφην,
1157 3738 1254 3789 καὶ
1296 3737 1396 3807 τὴν
1433 3738 1618 3807 ψυχήν
1669 3755 1764 3791 σου
1800 3741 1983 3793 θανεῖν

418 3830 520 3893 δεῖ,
552 3829 648 3880 καὶ
679 3828 860 3879 πᾶσαν
889 3828 1075 3897 ἄλλην,
1105 3828 1201 3881 καὶ
1243 3828 1424 3898 πολλῷ
1452 3846 1515 3897 γε
1550 3830 1754 3898 μᾶλλον
1783 3830 1987 3892 ταύτας

418 3921 452 3991 ἢ
483 3919 613 3983 τοὺς
663 3917 953 3986 ἀγγέλους,
1002 3918 1124 3970 ἐπεὶ
1173 3919 1369 3972 πολλοῦ
1421 3935 1486 3987 γε
1545 3922 1637 3974 καὶ
1687 3921 1768 3972 δεῖ
1810 3921 1988 3991 ψυχὰς

421 4012 680 4081 ἀγγέλοις
735 4009 1158 4078 παρισωθῆναιο
1212 4008 1345 4063 πολὺ
1396 4012 1506 4080 γάρ
1564 4011 1737 4081 δήπου
1789 4013 1990 4076 ταύτας

422 4105 649 4157 ἐκείνων
700 4102 899 4171 ἥττους
936 4098 1301 4168 γνωρίζομεν.
1330 4100 1492 4155 Καὶό
1553 4102 1805 4173 Πέρσης·
1851 4104 1992 4157 Ἀλλ’

423 4198 483 4250 οὒ
512 4194 758 4260 δοξάζειν
811 4191 1235 4263 παρειλήφαμεν
1281 4190 1465 4247 οὗτωο
1497 4194 1593 4248 καὶ
1642 4196 1751 4263 γάρ
1802 4213 1884 4249 τοι
1935 4197 1992 4251 αί

2076 3111 2337 3168 creatam,
2368 3116 2465 3155 nec
2498 3102 2665 3155 ullum
2704 3101 2928 3155 omnino
2950 3099 3214 3169 assignari
3254 3099 3301 3152 ei
3335 3113 3492 3168 posse
3519 3109 3655 3153 lem-

2078 3210 2200 3263 pus,
2234 3208 2344 3263 quo
2375 3208 2482 3246 non
2522 3192 2701 3247 esset?
2743 3207 2809 3246 an
2844 3201 3031 3245 contra
3081 3191 3209 3244 olim
3259 3190 3453 3255 factam
3504 3203 3658 3242 crea—

2080 3296 2296 3355 tamque
2326 3300 2469 3348 esse,
2494 3282 2856 3339 etexsistendi
2888 3282 3187 3350 sumpsisse
3222 3281 3435 3334 initium
3462 3278 3662 3345 iQuis.

2078 3376 2273 3448 inquit,
2313 3379 2467 3446 prius
2498 3376 2628 3430 illud
2681 3374 2882 3429 dixerit
2910 3375 2933 3427 τ
2963 3373 3192 3441 Opinor,
3232 3373 3460 3441 inquam
3492 3388 3506 3426 :
3543 3371 3660 3447 sed,

2081 3482 2141 3526 ut
2168 3472 2299 3526 mibi
2336 3471 2571 3535 videtur,
2602 3480 2923 3524 eaeterarum
2973 3469 3137 3522 etiam
3169 3466 3413 3520 omnium
3447 3473 3664 3517 creatu—

2082 3582 2265 3621 rarum
2310 3569 2514 3635 primos
2550 3565 2769 3634 angelos
2814 3570 3027 3617 creatos
3059 3560 3231 3615 fuisse
3282 3559 3528 3628 opinare,
3573 3572 3667 3609 eo-

2085 3672 2315 3725 rumque
2368 3666 2621 3709 naturam
2676 3653 2929 3708 omnibus
2965 3668 3085 3721 qua:
3130 3660 3253 3720 post
3310 3652 3459 3719 ipsos
3514 3648 3668 3701 facta:

2089 3756 2217 3802 sunt
2251 3748 2686 3815 praestantiorem
2736 3760 2879 3806 esse,
2922 3746 3220 3812 primaque
3269 3744 3344 3796 illi
3373 3741 3544 3811 magis
3577 3755 3668 3794 co-

2089 3845 2332 3905 gnatam.
2367 3836 2525 3891 Modo
2555 3834 2698 3887 enim
2723 3833 2828 3887 hoc
2854 3834 2983 3886 mihi
3012 3833 3213 3886 dicenti
3245 3847 3368 3885 cmn
3402 3846 3509 3885 non
3538 3846 3671 3885 eon-

2093 3928 2410 3984 tradixeris.
2457 3940 2717 3980 assensus
2743 3939 2824 3985 es,
2856 3924 3111 3977 arbitror.
3146 3921 3313 3977 Recte
3364 3930 3417 3976 tu
3452 3922 3669 3993 quidem

2094 4018 2386 4081 arbitrare,
2422 4016 2624 4085 inquit..
2649 4010 2803 4076 Vide,
2841 4013 3085 4080 inquam,
3128 4012 3331 4081 optime
3369 4012 3470 4073 vir,
3501 4025 3674 4080 quan-

2098 4118 2210 4163 lnm
2260 4107 2448 4162 fallare
2482 4122 2582 4160 :an
2617 4121 2722 4161 non
2757 4115 2902 4157 tuam
2935 4103 3096 4157 etiam
3142 4103 3402 4166 animam,
3428 4117 3674 4155 onmem-

2096 4217 2202 4273 que
2238 4201 2398 4255 aliam
2453 4198 2678 4254 interire
2726 4196 2975 4267 oportet?
3024 4196 3305 4263 multoque
3356 4193 3530 4264 magis
3578 4194 3677 4246 bas

427 4288 593 4357 ψυχαὶ
646 4285 997 4355 διαμένουσιν
1027 4283 1309 4351 ἀθάνατοι,
1362 4284 1503 4354 μετὰ
1543 4285 1603 4339 τὸ
1631 4286 1838 4349 ταύτας
1884 4286 1972 4340 τῶε

2099 4310 2263 4365 quam
2295 4293 2537 4363 angelos,
2568 4291 2824 4359 quoniam
2858 4288 3027 4343 multo
3061 4287 3240 4341 hercle
3276 4287 3446 4345 abest,
3481 4293 3539 4338 ut
3563 4284 3679 4337 ani-

432 4378 701 4448 σωμάτων
755 4377 1168 4446 ἀπαλλαγῆναι.
1219 4370 1294 4430 Εὖ
1346 4375 1519 4429 ποιῶν
1568 4376 1741 4431 ταῦτα
1791 4377 1993 4445 λέγεις,

432 4467 588 4522 εἶπον
620 4468 749 4536 ἐγώ.
807 4467 976 4539 Πλὴν,
1034 4468 1151 4530 πῶς
1182 4461 1343 4522 αὗται
1374 4467 1496 4538 μὲν,
1540 4470 1748 4542 καίπερ
1798 4472 1997 4534 ἐνδεῶς

433 4561 571 4631 πρὸς
598 4561 698 4627 τὴν
733 4559 839 4611 τῶν
881 4558 1130 4625 ἀγγέλων
1155 4556 1375 4626 ἔχουσαι
1408 4558 1746 4630 τελειότητα,
1795 4561 2000 4631 φθορᾶς

434 4652 573 4725 εἶσιν
604 4648 933 4719 ὑψηλότεραι
962 4666 975 4714 ;
1006 4649 1041 4718 ἢ
1098 4647 1157 4701 δὲ
1187 4647 1395 4701 τούτων
1445 4649 1770 4718 ὑπέρκειται
1816 4651 2000 4719 φύσις,

436 4726 647 4809 φθορὰν
675 4739 767 4792 καὶ
793 4738 1024 4792 θάνατον
1056 4738 1457 4807 ὑποστήσεται;
1483 4740 1555 4792 Τὸ
1580 4741 1690 4810 γάρ
1716 4741 1779 4794 τὸ
1816 4741 2001 4795 δεύτε-

442 4833 533 4900 ρόν
566 4847 623 4883 τε
652 4830 747 4883 καὶ
779 4823 941 4899 ἧττόν
970 4845 1024 4881 τι
1051 4828 1305 4897 πάσχειν,
1335 4829 1558 4903 ὅπερηού
1587 4832 1647 4883 τὸ
1667 4832 1883 4902 πρῶτον
1908 4836 2000 4887 καὶ

443 4924 691 4993 κρεῖττον
739 4921 993 4990 φαίνεται
1033 4922 1262 4989 πάσχον,
1288 4919 1441 4974 οὐδὲν
1488 4921 1801 4992 θαυμαστόν
1821 4943 1836 4955 ·
1865 4921 1927 4980 οὗ
1956 4928 2001 4980 δ’

442 5012 507 5066 ἂν
538 5013 620 5082 εῐη
662 5012 721 5064 τὸ
777 5012 1031 5082 δεύτερόν
1063 5028 1124 5064 τε
1186 5014 1280 5065 καὶ
1316 5008 1479 5083 ἦττον
1517 5014 1653 5077 ὅλως
1698 5016 2003 5089 ἐλεύθερον,

2102 4404 2204 4442 mae
2236 4386 2440 4455 angelis
2465 4392 2821 4452 exaequentur
2852 4399 2866 4435 :
2909 4382 3005 4436 has
3034 4380 3178 4433 enim
3214 4378 3321 4432 illis
3352 4377 3513 4445 longe
3536 4374 3679 4428 inie-

2101 4479 2276 4534 riores
2307 4492 2427 4531 esse
2452 4482 2690 4530 constat.
2722 4470 2842 4526 Non
2882 4480 3063 4526 tamen
3093 4470 3163 4525 ita
3192 4476 3294 4534 est,
3330 4468 3540 4537 inquit:
3572 4479 3677 4518 non

2100 4570 2247 4625 illam
2277 4584 2377 4623 nos
2401 4558 2746 4634 disciplinam
2780 4579 2810 4616 a
2836 4562 3138 4630 majoribus
3170 4560 3483 4628 accepimus
3514 4575 3528 4611 :
3564 4555 3682 4610 ani-

2102 4677 2227 4736 mae,
2264 4668 2552 4730 postquam
2588 4655 2910 4721 corporibus
2956 4652 3200 4707 liberata:
3255 4660 3404 4713 sunt,
3461 4664 3681 4717 perma-

2107 4764 2234 4810 nent
2263 4752 2617 4807 immortales.
2659 4750 2801 4805 Bene
2835 4747 2992 4812 faeis,
3031 4745 3441 4815 inquam,quod
3473 4746 3576 4799 hoc
3601 4744 3684 4798 di-

2106 4842 2207 4897 cis.
2225 4840 2354 4903 Sed,
2370 4855 2477 4908 quo
2506 4839 2718 4894 tandem
2741 4838 2902 4892 modo
2923 4837 3118 4890 animae
3138 4837 3377 4905 quidem.
3397 4835 3497 4891 etsi
3524 4850 3686 4906 auge.

2110 4935 2287 4989 lorum
2313 4931 2645 5001 perfectione
2674 4928 2979 4993 inferiores,
2998 4941 3161 4995 supra
3192 4940 3407 4980 omnem
3433 4925 3687 4981 interitus

2113 5026 2285 5079 aleam
2344 5024 2533 5091 posita:
2562 5030 2708 5084 sunt,
2732 5019 2929 5074 animis
2960 5028 3142 5073 autem
3196 5018 3446 5087 superior
3490 5025 3686 5069 natura

445 5106 610 5175 σχολῇ
640 5106 691 5171 γ’
723 5105 790 5158 ἂν
840 5105 1016 5173 τούτῳ
1061 5103 1400 5158 δουλεύσειεν
1431 5106 1460 5159 ὃ
1504 5107 1637 5159 πολύ
1685 5126 1765 5161 τοι
1796 5111 1972 5165 ἐκείνο

2116 5117 2520 5184 corruptionem
2556 5122 2894 5182 mortemque
2930 5111 3211 5181 patietur?
3258 5110 3452 5163 Mirum
3488 5108 3690 5176 quippe

442 5195 829 5263 εὐγενέστερον
856 5196 1220 5266 ὡμολόγηται.
1262 5198 1330 5250 Ἣ
1359 5199 1421 5251 οὐ
1464 5198 1614 5251 δοκεῖ
1648 5219 1727 5253 σοι
1755 5221 1771 5267 ;

2114 5223 2221 5262 non
2256 5215 2359 5268 est.
2392 5205 2684 5260 secundam
2722 5203 3142 5273 interioremque
3170 5198 3531 5256 substantiam
3578 5193 3690 5262 pati

444 5288 671 5357 aliquid,
704 5288 844 5357 quod
876 5289 1047 5357 prima
1086 5298 1139 5343 et
1168 5290 1419 5359 superior
1448 5306 1555 5345 non
1595 5294 1832 5361 patiatur
1863 5317 1875 5353 :
1913 5302 2006 5356 sed
2049 5316 2155 5370 qua
2188 5300 2257 5354 ab
2303 5314 2361 5353 re
2396 5297 2636 5353 secunda
2672 5296 3008 5364 inferiorque
3041 5304 3239 5349 natura
3303 5291 3481 5345 soluta
3546 5285 3617 5337 sit
3639 5295 3694 5339 et

445 5382 635 5445 libera,
666 5382 716 5437 ei
749 5381 853 5449 ipsi
890 5381 966 5437 rei
999 5397 1141 5451 aegre
1167 5384 1406 5438 obnoxia
1442 5400 1561 5441 esse
1593 5387 1764 5455 possit
1833 5401 2052 5456 natura,
2129 5404 2291 5460 quam
2339 5390 2495 5458 longe
2533 5391 2771 5443 secunda
2816 5386 3140 5441 nobiliorem
3181 5395 3304 5436 esse
3345 5375 3690 5431 conﬁtemur.

448 5471 643 5527 Annon
677 5472 771 5527 tibi
807 5475 879 5527 ita
915 5472 1166 5528 videtur?

518 5652 599 5722 (1)
623 5654 825 5723 Nempe
861 5656 1081 5713 divinae.
