4144 6282
527 349 631 412 113

1691 348 1747 407 Μ
1760 346 2119 411 ANUELIS,
2172 349 2258 407 ΡΛ
2271 349 2624 409 LfEOLO‘GI

3689 346 3789 412 1-H

596 459 683 513 ιι,
716 454 1107 525 Mihiquidem,
1138 452 1338 523 inquit,
1373 467 1588 509 summa
1610 455 1822 509 ratione
1858 455 2002 511 dicta
2030 456 2090 508 vi-

2287 462 2377 509 ta'.
2417 456 2627 527 Σφόδρα
2674 473 2763 525 μοι
2813 455 2964 510 δοκεῖ
2999 454 3224 527 εβλογον
3279 448 3441 517 εἶναι,
3475 454 3608 524 ἔφη,
3647 456 3674 509 δ
3704 460 3787 513 λέ-

523 552 744 614 dentur,
780 562 897 615 qua:
928 548 1134 602 dixisti.
1167 547 1420 600 Animam
1470 555 1594 615 post
1633 550 2032 617 separationem
2078 563 2107 601 a

523 657 754 711 corpore
786 655 893 693 non
933 638 1168 705 amplius
1202 639 1527 691 morituram
1558 652 1680 692 esse
1716 638 1973 703 dicimus,
2008 638 2111 692 hoc

523 732 865 801 potissimum
905 738 1230 795 argumento
1264 729 1507 793 adducti,
1541 728 1682 797 quod
1713 736 2008 797 utrumque
2037 728 2111 783 si-

522 825 655 897 mul,
678 824 858 876 anima
883 823 1136 875 videlicet
1162 830 1214 875 et
1243 836 1463 890 corpus,
1496 835 1602 874 non
1624 822 1821 875 borum
1853 822 2105 888 alterum,

521 925 602 969 est
640 915 804 968 homo
844 931 858 968 :
899 915 988 981 qui
1035 913 1162 966 dum
1200 921 1450 968 mortuus
1479 921 1585 978 est,
1618 914 1810 967 mortis
1839 913 2109 981 quodam-

522 1007 684 1060 modo
708 1006 985 1074 particeps
1013 1004 1069 1056 fit
1098 1004 1307 1057 anima.
1344 1003 1397 1057 Si
1428 1006 1572 1057 enim
1605 1004 1709 1057 hoc
1750 1004 1906 1057 aliter
1933 1003 2106 1068 fieret,

524 1096 799 1148 hominem
827 1104 1100 1147 mortuum
1128 1110 1248 1148 esse
1277 1110 1620 1165 nequaquam
1650 1105 1794 1149 recte
1811 1096 2106 1160 diceretur,

520 1190 611 1243 sed
675 1188 837 1256 hujus
892 1198 985 1239 aut
1018 1186 1163 1239 illius
1203 1186 1439 1240 hominis
1484 1202 1706 1255 corpus.
1741 1185 1895 1260 Nunc
1925 1197 2104 1241 autem

521 1295 630 1334 non
658 1279 763 1331 hoc
797 1279 1043 1339 omnino,
1080 1277 1173 1331 sed
1196 1278 1467 1331 hominem
1502 1288 1774 1332 mortuum
1815 1294 1937 1333 esse
1968 1278 2104 1332 dici-

519 1387 660 1436 mus,
704 1372 848 1440 quod
896 1382 1190 1441 utrumque
1236 1372 1397 1425 simul
1431 1372 1703 1439 signiﬁcat
1737 1389 1749 1425 :
1788 1373 1991 1440 itaque,
2048 1381 2106 1425 ut

511 1466 623 1534 jam
656 1480 817 1534 supra
845 1465 976 1530 dixi,
1003 1466 1245 1518 omnium
1278 1479 1398 1533 qua:
1424 1466 1642 1534 corpori
1669 1464 1929 1518 accidunt
1960 1464 2101 1519 facta

514 1558 784 1628 particeps
816 1558 1021 1621 anima,
1055 1565 1285 1610 mortem
1320 1571 1540 1624 quoque
1566 1557 1654 1609 illa
1698 1573 1803 1626 qua
1865 1558 2098 1611 demon-

524 1660 753 1706 stratum
779 1657 862 1703 est
892 1649 1103 1701 ratione
1134 1662 1255 1700 cum
1296 1660 1360 1700 eo
1396 1661 1741 1699 communem
1780 1647 1961 1700 habet.
1995 1648 2099 1701 Sed

2214 562 2352 614 γεις.
2388 546 2499 616 Τὴν
2522 546 2579 599 δὲ
2602 546 2946 616 ψυχὴνμετά
2968 547 3058 599 τὸν
3087 544 3183 598 τοῦ
3218 545 3475 614 σώματος
3505 549 3788 617 χωρισμόν

2216 654 2399 707 φαμεν
2432 638 2631 708 μηκέτι
2660 637 3043 707 τεθνήξεσθαι,
3070 638 3158 692 διὰ
3188 637 3337 691 τόνδε
3365 638 3456 690 τὸν
3494 636 3673 705 λόγον,
3703 640 3785 694 ὅτι

2212 728 2275 780 τδ
2326 729 2735 799 συναμφότερόν
2778 731 2928 783 ἐστιν
2979 729 3290 801 ἄνθρωπος,
3338 728 3484 798 ψυχὴ
3542 728 3787 800 δηλονότι

2214 818 2305 871 καλ
2338 817 2517 887 σῶμα,
2553 819 2672 885 οὐχὶ
2696 818 2758 870 τὸ
2794 818 2984 890 ἕτερον
3015 818 3228 871 τούτοιν
3253 834 3267 849 '
3315 818 3373 881 ὃς
3403 818 3625 871 ἐπειδὰν
3653 820 3788 872 ἀπο-

2213 908 2372 979 θάνῃ,
2398 911 2652 962 κοινωνεῖ
2683 928 2799 972 πως
2823 909 2918 963 τοῦ
2944 908 3176 962 Θανάτου
3206 908 3300 961 καὶ⁵
3326 909 3358 977 ἠ
3392 908 3559 978 ψυχή.
3591 909 3655 963 El
3676 909 3785 978 γάρ

2212 1000 2389 1065 ἄλλως
2416 998 2484 1066 ἧν
2516 1002 2695 1067 τοῦτο,
2728 1002 2983 1071 οὐδαμῶς
3008 997 3077 1071 ἦν
3101 1000 3324 1069 εὖλογον
3356 1001 3540 1070 λέγειν
3570 1002 3662 1055 τὸν
3688 1004 3782 1056 άν-

2213 1095 2432 1164 θρωπον
2471 1094 2817 1163 τεθνηκέναι,
2842 1095 3000 1160 ἀλλὰ,
3033 1094 3094 1147 τδ
3127 1094 3287 1163 σῶμα
3314 1092 3409 1146 τοῦ
3437 1094 3633 1155 δεῖνος.
3667 1092 3781 1147 Νῦν

2210 1188 2267 1240 δὲ
2302 1187 2519 1249 πάντως
2571 1186 2630 1238 οὗ
2671 1186 2852 1251 τοῦτο,
2894 1187 3029 1240 ἀλλά
3068 1186 3160 1240 τὸν
3209 1185 3500 1255 ἄνθρωπον
3549 1185 3782 1255 λέγομεν

2210 1279 2553 1349 τεθνηκέναι,
2598 1278 2626 1330 δ
2673 1278 2737 1348 δὴ
2773 1278 3028 1347 σημαίνει
3074 1276 3136 1330 τὸ
3174 1278 3622 1349 συναμφότερον·
3653 1277 3783 1330 ὥσθ’

2210 1374 2347 1446 ὅπερ
2382 1373 2553 1441 ἔφθην
2585 1370 2778 1435 εἰπὼν,
2808 1372 3029 1425 πάντων
3064 1372 3096 1440 ἡ
3131 1370 3281 1441 ψυχὴ
3308 1369 3383 1440 τῷ
3426 1370 3640 1438 σώματι
3672 1389 3784 1424 κοι-

2210 1464 2456 1518 νωνοῦσα
2489 1465 2740 1518 κοινωνεῖ
2788 1478 2905 1526 πως
2945 1462 3121 1532 τούτῳ
3165 1461 3385 1514 καὶτοῦ
3431 1460 3664 1515 Θανάτου
3692 1462 3783 1514 τὸν

2212 1559 2503 1628 εἰρημένον
2549 1557 2773 1627 τρόπον.
2805 1556 2916 1609 Kal.
2960 1555 3149 1620 λοιπὸν
3181 1552 3452 1614 ἀθάνατος
3501 1552 3600 1605 καὶ
3642 1551 3782 1622 αὕτη

2211 1647 2481 1716 διαμένει,
2508 1647 2627 1700 ἀνθ’
2658 1642 2733 1700 ὧν
2764 1648 2823 1699 ἰν
2845 1645 2926 1716 τῷ
2954 1643 3047 1697 τοῦ
3082 1644 3337 1712 σώματος
3368 1642 3659 1711 ἠλλοίωται
3690 1642 3785 1695 θα-

516 1742 641 1797 inde
670 1754 843 1807 usque
889 1740 1072 1791 anima
1107 1736 1437 1791 immortalis
1486 1746 1793 1802 permanet,
1840 1738 2090 1805 quoniam

2212 1740 2377 1808 νάτῳ.
2437 1736 2717 1802 Ποικίλον,
2765 1736 2922 1806 ἔφην,
2975 1734 3195 1804 λέγεις⁹
3231 1733 3372 1804 πλὴν
3420 1729 3575 1803 οἶμαι
3624 1734 3781 1787 τοῦτο

514 1833 569 1887 in
602 1832 848 1901 corporis
893 1838 1067 1884 morte
1107 1828 1211 1883 fuit
1249 1829 1561 1883 immutata.
1593 1827 1823 1882 Versuta
1856 1829 1945 1882 illa
1981 1832 2104 1899 qui-

513 1920 658 1984 dem,
708 1919 957 1987 inquam,
1006 1920 1098 1972 sed
1154 1918 1313 1972 fallax
1356 1926 1555 1981 tamen,
1600 1920 1817 1986 opinor,
1879 1922 2099 1977 conclu-

2211 1818 2453 1905 σόφισμα
2495 1824 2656 1884 εἶναι.
2688 1827 2755 1883 Τί
2791 1845 2923 1882 ποτε
2958 1830 3068 1899 γάρ
3095 1828 3189 1881 τὸν
3230 1826 3463 1880 θάνατον
3490 1821 3633 1880 εἶναι
3667 1826 3780 1895 φῶ-

2210 1940 2310 1992 μεν
2344 1922 2459 1993 (1);
2493 1921 2586 1974 καὶ
2631 1921 2684 1973 τί
2716 1919 2779 1989 δὴ
2812 1918 2909 1989 τὴν
2941 1919 3122 1988 ξωήνς
3176 1917 3238 1972 οὐ
3290 1916 3449 1973 τοῦτο
3498 1918 3598 1987 μὲν
3634 1917 3779 1988 ζωὴν

512 2008 782 2065 siuncula.
813 2006 949 2061 Nam
984 2008 1111 2074 quid
1144 2008 1362 2062 demmn
1395 2008 1642 2065 dicemus
1672 2024 1793 2064 esse
1827 2013 2090 2066 mortem?

2204 2009 2349 2067 εἶναι
2374 2014 2649 2083 φήσομεν,
2679 2010 2738 2063 τδ
2767 2009 2947 2080 ψυχὴν
2979 2010 3184 2063 ἐνεῖναι
3224 2008 3304 2078 τῷ
3332 2008 3570 2078 σώματι,
3604 2010 3781 2063 έκεῖνο

510 2101 641 2172 quid
678 2101 886 2154 vitam?
916 2101 1104 2155 Nonne
1135 2100 1239 2154 hoc
1265 2101 1482 2170 quidem
1509 2102 1696 2168 vitam,
1729 2104 1944 2172 corpori
1984 2106 2090 2157 ani-

2201 2103 2259 2156 δὲ
2289 2104 2544 2171 θάνατον,
2579 2102 2637 2155 τὸ
2672 2100 2847 2156 ταῦτα
2883 2100 3175 2170 ἀμφότερα
3226 2100 3472 2172 ἀλλήλων
3501 2102 3780 2171 διακεκρί-

511 2210 653 2247 mam
686 2194 887 2258 inesse,
918 2193 1046 2246 illud
1081 2201 1333 2257 mortem,
1381 2192 1545 2247 ambo
1576 2193 1690 2248 haec
1717 2207 1745 2246 a
1778 2208 1836 2248 se
1865 2194 2090 2249 invicem

2203 2195 2365 2262 σθαι;
2402 2194 2533 2258 Nal,
2563 2192 2790 2262 κυρίως,
2821 2192 2926 2260 ἔφη
2950 2208 2965 2225 ·
3005 2193 3227 2260 λέγεται
3268 2192 3325 2246 δὲ
3356 2196 3451 2249 καὶ
3484 2195 3619 2249 ἀλλα
3645 2197 3778 2266 θνή·

512 2300 633 2340 esse
673 2283 993 2347 disiuncta?
1021 2283 1077 2336 ιιι
1112 2284 1314 2351 ipsum,
1344 2283 1545 2351 inquit,
1579 2284 1623 2337 si
1660 2285 1877 2353 proprie
1905 2285 2090 2354 loqua-

2204 2303 2360 2338 σκειν
2394 2285 2567 2338 πολλά
2611 2283 2828 2346 πολλοῖς
2868 2299 3008 2337 τισιν
3040 2284 3222 2347 ἀλλοις
3260 2285 3564 2357 τρόποις,ἢ
3600 2290 3775 2359 χρόνῳ

509 2392 635 2431 mur
663 2391 677 2440 ;
717 2376 809 2429 sed
844 2375 1011 2428 multa
1038 2375 1200 2428 etiam
1238 2375 1345 2428 alia
1378 2375 1567 2429 multis
1592 2375 1715 2430 aliis
1747 2376 1922 2431 modis
1956 2378 2090 2431 mori

2198 2376 2446 2447 δηλονότι
2480 2374 2865 2445 παλαιούμενά
2909 2390 2970 2427 τε
3008 2377 3103 2429 καὶ
3142 2375 3446 2447 λεληθότως
3490 2378 3775 2433 ἀναλισκό-

513 2468 771 2531 dicimus,
825 2470 954 2537 qum’
993 2468 1247 2521 nimirum
1291 2468 1405 2521 sive
1452 2476 1701 2536 tempore
1749 2477 2090 2525 veterascunl

2200 2468 2432 2538 μενα,ἢ
2491 2465 2869 2536 συμπτώμασι
2922 2483 3032 2521 τισι
3094 2469 3498 2539 μαραινόμενα,
3538 2470 3635 2524 καὶ
3696 2470 3774 2541 τῷ

511 2559 827 2628 sensimque
870 2568 924 2612 et
970 2559 1202 2613 latenter
1243 2569 1667 2625 consumuntur,
1718 2548 1831 2615 sive
1874 2561 2096 2616 casibus

508 2655 833 2722 quibusdam
894 2661 1262 2718 marcescunt,
1320 2652 1573 2722 ideoque,
1618 2653 1771 2722 quod
1812 2652 2092 2708 accedenti

507 2744 844 2813 corruptioni
875 2742 927 2794 in
961 2749 1280 2811 perpetuum
1304 2743 1561 2797 resistere
1591 2757 1698 2797 non
1731 2753 1978 2813 possunt,
2000 2757 2092 2812 pe-

506 2834 655 2889 nitus
677 2842 1032 2889 evanescunt.

579 2948 665 3002 i2.
696 2946 1002 3013 intelligere
1036 2947 1165 3000 mihi
1221 2946 1431 3012 videor,
1487 2947 1734 3017 inquam,
1787 2962 1908 3017 quae
1930 2949 2087 3004 dicis.

504 3036 748 3106 Namque
767 3052 927 3091 omne
952 3036 1272 3100 animatum,
1311 3048 1363 3090 et
1381 3046 1593 3102 contra,
1617 3022 1944 3107 quocunque
1970 3047 2090 3093 tan-

504 3132 626 3185 dem
692 3128 857 3181 modo
896 3137 1209 3197 corruptum
1265 3128 1446 3194 fuerit,
1492 3128 1593 3183 hoc
1644 3138 1696 3183 tu
1740 3132 1877 3185 mori
1924 3132 2082 3195 dicis,
2116 3101 2158 3160 ο

506 3235 731 3289 remque
762 3220 933 3285 ipsam
960 3220 1151 3274 mortis
1174 3221 1392 3275 nomine
1419 3221 1676 3290 appellas.
1695 3221 1810 3276 Non
1836 3239 2081 3293 prorsus,

504 3311 701 3383 inquit,
725 3310 780 3363 in
810 3311 912 3364 hac
935 3326 1054 3364 sunt
1078 3311 1369 3375 sententia,
1393 3326 1556 3380 quam
1578 3312 1715 3368 dicis
1749 3332 1763 3369 :
1802 3314 1889 3367 illa
1915 3309 2081 3376 enim,

505 3404 593 3458 ubi
627 3404 792 3459 semel
824 3410 1078 3472 corrupta
1129 3401 1351 3467 fuerint,
1406 3420 1685 3474 nunquam
1735 3409 2078 3462 reviviscent.

500 3495 689 3562 Igitur,
724 3493 973 3562 inquam,
1017 3507 1192 3561 neque
1244 3502 1433 3548 nostra
1489 3510 1721 3564 corpora
1757 3497 2084 3567 resurgant?

500 3585 662 3654 Atqui
699 3585 842 3640 scias
862 3584 1044 3646 velim,
1070 3583 1247 3653 inquit
1276 3583 1462 3651 Persa,
1491 3601 1680 3641 eorum
1707 3588 1797 3657 qui
1822 3590 1963 3657 apud
1983 3602 2084 3643 nos

499 3675 697 3731 eruditi
752 3674 1055 3739 habentur,
1112 3674 1378 3742 quosdam
1430 3676 1504 3730 ita
1555 3678 1766 3747 cpinari
1821 3684 2084 3745 :oportet

499 3766 642 3819 cnim
695 3779 823 3818 vera
876 3764 1057 3817 fateri.
1111 3761 1175 3815 Et
1208 3764 1423 3820 difﬁcile
1453 3782 1587 3820 sane
1619 3777 1701 3821 est
1730 3767 1798 3821 ab
1831 3748 1937 3823 illis
1972 3783 2080 3822 non

497 3856 839 3924 supplantari
862 3852 1144 3924 refellique
1166 3869 1282 3918 eos,
1306 3856 1619 3927 quicunque
1641 3872 1766 3911 cum
1793 3857 1927 3927 ipsis
1951 3872 2083 3912 con-

497 3959 707 4001 certare
758 3947 923 4001 velint
964 3963 978 4000 :
1021 3962 1115 4001 eos
1166 3948 1289 4002 dico
1335 3950 1428 4016 qui
1480 3964 1588 4003 non
1645 3950 1771 4016 fide,
1822 3958 2078 4019 tanquam

497 4046 656 4091 scuto
686 4036 893 4106 aliquo,
920 4037 1150 4107 protecti
1188 4041 1546 4105 accesserint,
1581 4041 1672 4095 sed
1706 4042 2083 4097 ratiocinatio-

499 4129 661 4183 nibus
689 4137 896 4181 tantum
935 4130 1154 4184 armati.
1188 4129 1571 4185 Verumtamen
1601 4134 1694 4199 qui
1723 4134 1880 4187 nobis
1909 4134 2078 4202 legem

497 4220 667 4283 dedit,
712 4221 760 4273 is
797 4235 1087 4288 corporum
1145 4224 1603 4278 resurrectionem
1638 4239 1737 4278 nos
1771 4234 2081 4293 exspectare

493 4311 677 4379 jussit,
713 4312 799 4365 cui
834 4328 931 4366 nec
960 4312 1119 4365 fidem
1156 4312 1417 4380 derogare
1460 4313 1608 4375 licet,
1645 4326 1743 4364 nec
1776 4315 2079 4369 adversari.

2197 2558 2336 2629 πρὸς
2362 2559 2462 2629 τὴν
2487 2558 2743 2612 ἐναντίαν
2772 2557 2984 2630 φθορὰν
3003 2559 3254 2631 ἀντέχειν
3277 2559 3363 2614 ἀεὶ
3382 2561 3457 2631 μὴ
3482 2560 3764 2630 δύνασθαι,

2194 2649 2416 2714 τελείως
2444 2651 2843 2721 ἀφανιζόμενα.

2264 2934 2354 3005 ιβ’.
2393 2934 2693 3002 Μανθάνω,
2727 2931 2908 3006 οἶμαι,
2939 2938 3099 3008 έφην,
3135 2939 3171 2994 ἃ
3199 2941 3402 3011 λέγεις.
3436 2944 3613 3002 Ἀπαν
3655 2950 3763 3020 γάρ

2191 3029 2433 3101 ἔμψυχόν
2463 3046 2522 3082 τε
2559 3032 2655 3084 καὶ
2687 3029 2784 3100 μὴ.
2817 3030 2966 3095 ὅπως
2984 3031 3186 3101 δήποτε
3213 3035 3412 3102 τελέως
3446 3038 3765 3114 διαφθαρὲν,

2190 3119 2353 3173 τοῦτο
2382 3119 2446 3190 δὴ
2491 3119 2751 3192 θνήσκειν
2785 3121 2986 3191 λέγεις,
3022 3125 3117 3177 καὶ
3145 3129 3204 3179 τδ
3252 3131 3485 3202 πρᾶγμα
3537 3134 3769 3190 θάνατον

2191 3213 2500 3283 ὀνομάζεις.
2536 3213 2661 3266 Οὐδ’
2686 3214 2989 3267 ὁπωστιοῦν
3018 3211 3053 3291 ᾗ
3078 3218 3207 3289 φῂς,
3238 3220 3365 3291 ἔφη,
3393 3223 3535 3293 λέγω
3554 3242 3569 3258 ⁸
3597 3227 3767 3281 ταῦτα

2190 3308 2302 3377 γὰρ
2355 3306 2464 3359 οὐδ’
2518 3305 2884 3358 ἀναδιώσεταί
2918 3324 3050 3360 ποτε
3103 3309 3489 3382 διαφθαρέντα.
3553 3319 3769 3375 Οὐκοῦν

2191 3397 2311 3450 οὐδὲ
2355 3397 2425 3449 τά
2486 3396 2716 3466 σώματα
2769 3397 2900 3465 ἡμῖν
2954 3398 3358 3467 ἀναστήσεται;
3415 3402 3575 3475 ἔφην.
3618 3408 3770 3461 Ἀλλ’

2192 3488 2351 3551 εἰσὶν,
2382 3481 2440 3540 εὖ
2472 3486 2603 3551 ἴσθι,
2651 3485 2758 3555 ἔφη
2787 3487 2816 3538 δ
2852 3486 3086 3557 Πέρσης,
3126 3489 3269 3557 οἵγε
3317 3491 3462 3545 οὕτω
3491 3494 3649 3548 τοῦτο
3680 3501 3775 3553 δο..

2192 3580 2413 3644 ξάςουσι
2446 3577 2553 3630 τῶν
2603 3576 2735 3647 παρ’
2771 3578 2907 3649 ἡμῖν
2959 3578 3203 3646 λογίων·
3256 3579 3337 3634 δεῖ
3377 3582 3485 3654 γὰρ
3532 3586 3770 3659 caltam;

2189 3671 2339 3739 ἡμᾶς
2365 3667 2565 3735 λέγειν.
2609 3666 2717 3718 Kal
2746 3667 2984 3737 χαλεπὸν
3028 3669 3222 3738 ἀμέλει
3268 3671 3344 3744 μὴ
3399 3674 3607 3741 πάντας
3641 3680 3765 3733 τού..

2188 3778 2317 3823 τους
2352 3760 2707 3817 ὑποσκελίσαι
2746 3763 2875 3823 τοὺς
2899 3760 2978 3825 είς
3004 3762 3195 3832 χεῖρας
3223 3762 3433 3828 τοῦτοις
3469 3768 3720 3833 ἐλθόντας
3743 3786 3760 3803 '

2189 3853 2333 3922 λέγω
2358 3854 2424 3926 δὴ
2455 3854 2583 3917 τοὺς
2629 3855 2704 3926 μὴ
2736 3854 2833 3925 τὴν
2863 3853 3044 3907 πίστιν
3087 3854 3587 3926 προϐαλλομένους,
3623 3862 3761 3915 ἀλλά

2188 3949 2474 4019 λογισμοῖς
2502 3947 3058 4019 ὡπλισμένους.Πλὴν
3094 3948 3227 4017 ἡμῖν
3256 3950 3283 4002 ὁ
3312 3948 3436 4012 δοὺς
3478 3951 3571 4005 τὸν
3595 3955 3762 4023 νόμον
3850 4018 3853 4019 ν

2188 4042 2486 4095 ἀνάστασιν
2508 4038 2616 4092 τῶν
2648 4039 2915 4107 σωμάτων
2963 4038 3217 4092 ἐκέλευσε
3259 4041 3585 4112 προσδοκᾷν,
3611 4037 3762 4116 ᾧπερ

2188 4134 2439 4185 ἀπιστεῖν
2467 4132 2567 4185 οὐκ
2595 4131 2696 4195 ἔνι,
2724 4129 2834 4183 οὐδ’
2859 4130 3156 4181 ἀντιτεῖναι
3186 4131 3419 4197 ἐφεῖται.
3457 4136 3665 4197 Παντός
3695 4153 3759 4202 γε

2192 4222 2397 4291 μᾶλλον
2438 4222 2596 4289 ἡμεῖς
2632 4218 2986 4283 πιστεύομεν,
3023 4216 3181 4287 ἔφην,
3212 4217 3287 4280 ὼς
3319 4220 3385 4272 τά
3414 4221 3522 4274 τῶν
3548 4224 3758 4294 ἀνθρώ.

2190 4330 2307 4364 πων
2360 4312 2731 4377 ἀναστήσεται
2782 4306 3048 4374 σώματα·
3096 4308 3145 4359 ει
3194 4308 3240 4360 δ’
3286 4313 3314 4361 ό
3368 4312 3555 4383 ἕτερος
3602 4316 3758 4385 ἡμῶν

494 4403 605 4458 Nos
650 4420 798 4467 vero,
864 4404 1109 4477 inquam,
1151 4403 1388 4457 humana
1431 4418 1659 4471 corpora
1705 4414 2079 4457 resurrectura

2197 4402 2347 4455 τοῦτό
2370 4418 2433 4469 γε
2465 4399 2559 4452 νῦν
2586 4400 2831 4468 ἠπίστει,
2861 4396 2979 4460 πῶς
3006 4398 3072 4451 ἂν
3101 4400 3298 4471 ῥᾳδίως
3341 4398 3488 4475 εἶχεν
3518 4409 3545 4459 ό
3574 4408 3758 4473 ἕτερος

492 4512 617 4550 esse
653 4497 732 4550 vel
774 4497 1007 4549 maxime
1040 4496 1315 4551 credimus
1349 4513 1362 4549 :
1396 4495 1538 4562 quod
1570 4495 1615 4547 si
1653 4495 1787 4547 alter
1817 4510 1882 4547 ex
1924 4494 2080 4549 nobis

2197 4489 2323 4559 πρὸς
2362 4491 2459 4558 τὴν
2503 4490 2692 4541 πίστιν
2722 4488 2911 4540 τοῦτον
2946 4492 3396 4561 χειραγωγῆσαι;
3449 4496 3635 4561 Οὐδεὶς
3667 4496 3754 4565 ἃν,

494 4605 639 4641 nunc
666 4603 771 4641 non
822 4588 1162 4654 concederet,
1197 4588 1341 4642 hunc
1366 4588 1502 4641 alter
1534 4585 1833 4655 quomodo,
1873 4598 2081 4652 quaeso,

491 4680 557 4733 ad
583 4680 959 4734 auctoritatem
982 4695 1138 4735 suam
1166 4688 1350 4747 posset
1368 4678 1683 4731 adducere?
1717 4674 1888 4729 Nemo
1910 4675 2081 4743 possit

492 4776 690 4843 inquit,
741 4775 1068 4843 pet-Suadere
1118 4773 1165 4823 ei
1201 4772 1290 4838 qni
1326 4770 1780 4823 resurrcczionem
1816 4782 1937 4819 esse
1968 4782 2072 4817 non

490 4868 673 4919 credat
700 4907 714 4929 ,
756 4869 1181 4933 manil’eslasque
1216 4864 1315 4915 hac
1352 4862 1417 4915 de
1452 4877 1507 4915 re
1564 4860 2057 4913 demonstrationes

489 4962 741 5029 postulet.

562 5108 645 5160 15.
691 5105 820 5160 Vide
855 5106 1037 5173 igitur,
1080 5104 1162 5156 vir
1188 5103 1411 5170 Optime,
1452 5103 1697 5170 inquam,
1729 5116 1890 5169 quam
1918 5100 2057 5169 opti-

488 5214 580 5254 mo
606 5199 729 5267 jure
766 5196 922 5249 nobis
962 5195 1031 5248 ad
1080 5194 1560 5247 demonstrandam
1604 5193 1923 5263 angelorum
1960 5192 2061 5245 im-

2184 4584 2310 4652 ἔφη,
2355 4583 2544 4635 τοῦτον
2602 4582 2899 4635 ἀναπεῖσαι
2944 4582 3198 4652 δυνηθείη
3244 4588 3397 4650 ποτὲ,
3444 4588 3580 4651 ὅλως
3622 4590 3755 4643 ἀπι-

2186 4674 2417 4726 στοῦντα
2446 4673 2521 4743 τῷ
2551 4673 2860 4743 πράγματι,
2898 4672 2990 4725 καὶ
3031 4675 3161 4742 περὶ
3191 4674 3356 4729 αὐτοῦ
3406 4678 3503 4743 τὰς
3535 4681 3754 4735 ἀποδείη

2187 4765 2239 4829 ξε
2252 4782 2297 4827 ις
2324 4765 2414 4817 Eva
2427 4767 2574 4834 ργεῖς
2608 4766 2961 4820 ἀπαιτοῦντα.

2240 5098 2326 5165 ιγ’.
2369 5098 2563 5167 Ἀθρει
2610 5096 2812 5157 τοίνυν,
2848 5092 3021 5162 εἶπον,
3069 5089 3113 5149 ὧ
3162 5096 3432 5166 βέλτιστε,
3481 5098 3555 5162 ὡς
3589 5101 3751 5170 ἤρκει

2167 5191 2381 5251 πάντως
2415 5189 2490 5258 (Ξ)
2524 5190 2673 5259 ἰήμῖν
2725 5188 3030 5249 ἀθανάτους
3080 5189 3207 5250 τοὺς
3257 5189 3524 5256 ἀγγέλους
3576 5190 3748 5254 δεῖξαι

489 5288 880 5344 mortalitatem
933 5286 1070 5338 satis
1122 5286 1343 5341 omnino
1392 5299 1515 5339 esse
1562 5286 1758 5355 possit,
1810 5285 2063 5339 d0t‘l01'03

2197 5282 2539 5357 ιροκείμενον
2582 5280 2785 5348 ἔχουσι,
2823 5279 2949 5339 τοὺς
2983 5278 3344 5343 διδασκάλους
3378 5282 3475 5335 καὶ
3517 5282 3614 5352 τὴν
3654 5302 3746 5335 πι-

488 5390 706 5435 nostros
756 5385 1113 5445 nostramque
1168 5376 1327 5431 ﬁdem
1369 5378 1635 5445 proferre,
1690 5379 1877 5446 sicque
1913 5376 2060 5430 omni

2174 5392 2290 5427 στιν
2345 5370 2797 5440 προδαλομένοις,
2859 5368 3205 5437 πραγμάτων
3257 5370 3603 5440 ἀπηλλάχθαι
3648 5373 3744 5425 καὶ

487 5469 702 5535 negotio
726 5484 787 5521 ac
811 5468 993 5520 labore
1010 5467 1263 5537 defungi:
1290 5483 1395 5521 non
1416 5477 1627 5537 oportet
1646 5471 1813 5535 enim,
1838 5479 1895 5521 ut
1917 5468 2069 5521 vohis

2197 5468 2355 5518 τόνων
2381 5479 2394 5493 ’
2426 5465 2545 5515 οὐδὲ
2571 5463 2678 5528 γὰρ
2706 5461 2834 5529 ὑμῖν
2861 5460 2959 5528 μὲν
2982 5459 3157 5523 ἔξεστι
3182 5461 3337 5513 τοῦτο
3362 5467 3556 5529 ποιεῖν,
3583 5466 3743 5535 ἡμεῖς

484 5558 702 5628 quidem
739 5559 791 5612 id
826 5558 1001 5612 facere
1029 5557 1210 5623 liceat,
1239 5559 1395 5613 nobis
1424 5570 1603 5614 autem
1638 5576 1839 5614 ancora
1869 5558 2059 5626 hujus-

553 5757 631 5830 (Ι)
653 5758 881 5816 Coislin.
921 5759 1218 5839 φήσαιμεν.

2171 5558 2227 5610 δὲ
2271 5555 2473 5622 ταύτης
2528 5552 2864 5623 ἀφῃρήμεθα
2915 5551 3015 5620 τῆς
3073 5553 3341 5625 ἀγκύρας.
3395 5556 3583 5610 Πίστει
3634 5559 3745 5628 γὰρ

2232 5757 2308 5826 (9.)
2334 5755 2467 5811 Cod.
2495 5756 2679 5818 ambo,
2704 5754 2929 5815 πάντας.
