4144 6282
432 352 537 416 145

419 530 817 602 έδραιούμεθαο
849 532 989 601 πλὴν
1014 534 1117 598 ἕως
1157 537 1386 604 ἐφεῖται,
1433 541 1665 610 χρῆσθαι
1694 542 1767 611 τῷ
1812 544 1983 596 είκότι

420 628 562 681 πάνυ
595 629 783 681 καλόν.
813 628 983 681 Ἔνθα
1036 630 1136 699 μὲν
1165 631 1274 700 γὰρ
1305 632 1490 694 πίστις
1526 633 1588 684 οὐ
1631 634 1981 702 προηγεῖται,

420 718 817 788 ἀναντιρρήτου
844 736 905 772 τε
927 720 1100 790 πάντη
1133 721 1229 775 καὶ
1276 718 1542 790 ὁμολοῩῦυ
1553 723 1722 792 μένης
1750 723 1983 792 δεόμεθα

419 809 753 874 ἀποδείξεως
778 825 792 841 ο
822 810 952 865 ἔνθα
977 812 1035 866 δὲ
1066 814 1251 876 πίστις
1276 813 1335 867 τὸ
1370 815 1477 866 πᾶν
1501 815 1695 883 ίσχύει,
1725 816 1982 884 ἐναργέσι

423 897 524 963 μὲν
577 898 887 962 ἀποδείξεσι
930 900 1093 965 τόπος
1140 903 1239 955 οὐκ
1296 902 1397 956 ἔνι.
1463 904 1825 958 Ἀντίκεινται
1877 906 1984 975 γὰρ

418 986 668 1055 ἀλλήλοις
684 990 719 1059 ἦ
738 1007 796 1042 τε
820 990 998 1053 πίστις
1024 994 1118 1045 καὶ
1144 994 1175 1062 ἠ
1207 995 1501 1060 ἀπόδειξις,
1522 1002 1616 1050 καὶ
1645 997 1745 1049 οὐκ
1765 998 1830 1050 ἄν
1856 1014 1984 1050 ποτε

422 1078 666 1132 συνέλθοι
698 1082 842 1136 κατά
871 1083 1066 1135 ταυτὸν
1091 1083 1373 1154 ἀμφότερα
1392 1102 1407 1118 ο
1436 1085 1495 1139 τὸ
1524 1086 1579 1139 δὲ
1618 1087 1767 1149 είκδς
1794 1090 1858 1157 τῇ
1891 1087 1985 1139 πί-

420 1186 539 1222 στει
569 1173 959 1242 παρομαρτοῦν
1008 1176 1073 1227 ἐκ
1109 1178 1432 1245 περισσείας
1462 1177 1539 1246 (l)
1563 1180 1776 1245 γίνεται
1820 1180 1986 1247 λιμὴν

417 1262 531 1322 τοις
584 1262 926 1325 πιστεύουσι,
972 1265 1067 1317 καὶ
1112 1268 1354 1337 γαλήνην
1408 1268 1689 1338 λογισμοῖς
1745 1270 1985 1335 ἐμποιεῖ,

418 1351 666 1421 ἀγκύρας
699 1354 788 1405 ἐπ’
844 1354 1095 1425 ἰσχυρᾶς,
1147 1357 1292 1425 λέγω
1329 1358 1394 1429 δὴ
1425 1360 1525 1428 τῆς
1575 1360 1834 1421 πίστεως,
1889 1359 1989 1421 τὰς

659 430 669 439 δ
1132 406 1133 409 η
1383 362 1769 425 DIALOGUS
1812 366 1835 424 I
1876 366 2037 426 CUM
2083 364 2643 428 MOHAMETANO.

422 443 584 510 ἡμεῖς
633 440 839 510 μᾶλλον
891 443 924 512 ἢ
960 442 1168 511 μεθόδῳ
1214 447 1309 500 καὶ
1345 449 1507 521 τέχνῃ
1554 451 1649 503 καὶ
1675 452 1975 522 ,λογισμοῖς

2087 453 2222 506 modi
2246 453 2543 509 auferatur.
2565 456 2695 509 Nam
2734 454 2836 509 tlde
2861 455 3033 525 magis
3050 469 3212 525 quam
3244 462 3380 525 arte,
3402 452 3663 508 mctbodo

3562 360 3666 427 146

2089 553 2141 597 et
2195 545 2708 601 ratiocinationibus
2757 555 2968 602 stamus
3002 564 3016 600 :
3054 547 3146 603 sed
3179 555 3356 600 tamen
3393 553 3661 613 quantum

2087 634 2212 687 licet
2264 636 2737 703 probabilitatibus
2783 639 2860 692 uti
2914 654 3042 693 sane
3094 638 3359 691 laudabile
3404 645 3505 689 cst.
3560 634 3662 689 Ubi

2086 726 2230 779 cnim
2274 727 2404 782 fides
2433 743 2539 782 non
2589 731 2763 797 prmit,
2804 730 3110 783 indubitata
3158 729 3396 796 nullique
3438 727 3664 780 omnino

2087 820 2508 875 contradictioni
2540 822 2770 877 obnoxia
2804 824 3272 879 demonstratione
3310 820 3615 886 indigemus
3645 834 3657 868 :

2090 910 2221 965 lldes
2252 925 2377 965 vero
2406 912 2494 965 ubi
2522 928 2737 966 onmem
2765 914 2871 966 vim
2898 914 3080 976 habet,
3116 910 3419 965 manifestis
3446 908 3661 974 quidem

2086 1001 2645 1058 demonstrationibus
2679 1005 2827 1059 locus
2852 1021 2959 1058 non
2992 1014 3095 1060 est.
3145 1004 3274 1057 Nam
3305 1001 3666 1055 adversantur

2088 1090 2189 1143 sibi
2228 1090 2357 1145 lldes
2392 1102 2445 1145 et
2471 1093 2886 1158 demonstratio,
2921 1109 3019 1147 nec
3046 1091 3353 1160 unquamin
3376 1088 3517 1142 idem
3546 1101 3663 1139 am-

2087 1178 2158 1231 bo
2192 1183 2485 1236 convenire
2508 1193 2737 1250 possunt
2774 1200 2788 1236 :
2826 1183 2916 1236 sed
2946 1182 3219 1251 probabile
3259 1186 3661 1250 argumentum,

2091 1269 2247 1322 ﬁdem
2282 1286 2343 1324 ex
2362 1271 2674 1345 abundanti
2707 1274 2997 1337 comitans,
3028 1271 3376 1324 credentibus
3426 1269 3484 1321 iit
3535 1281 3665 1335 por-

2092 1371 2178 1413 tus
2212 1361 2433 1428 quidam
2472 1378 2485 1414 :
2520 1362 3026 1416 ratiocinationibus
3057 1376 3246 1414 eorum
3296 1360 3530 1428 quietem
3567 1371 3663 1422 pa-

418 1439 521 1508 τῆς
567 1442 849 1510 σωτηρίας
908 1444 1130 1509 ἐλπίδας
1180 1448 1563 1519 ἀναθεμένοις.
1621 1447 1793 1500 Ἔνθα
1856 1448 1984 1516 γοῦν

2093 1450 2188 1513 fit.
2230 1452 2485 1518 quoniam
2521 1467 2669 1521 spem
2695 1469 2807 1507 sua:
2839 1452 3023 1506 salutis
3058 1454 3111 1505 in
3144 1450 3267 1505 forti
3302 1463 3525 1509 ancora,
3560 1448 3665 1498 boc

417 1531 654 1598 έφεῖται,
688 1533 831 1588 πάνυ
878 1552 943 1601 γε
972 1536 1139 1590 καλὸν
1175 1539 1351 1607 τούτῳ
1395 1538 1633 1608 χρῆσθαι
1656 1554 1670 1572 ο
1705 1538 1732 1591 ὃ
1771 1538 1835 1608 δὴ
1887 1540 1983 1592 καὶ

417 1625 682 1694 ποιῶμεν,
710 1629 757 1680 εί
789 1627 988 1697 βούλει,
1016 1630 1446 1690 ἐπαναλαϐόντες
1474 1631 1574 1701 ἤδη
1606 1631 1698 1683 τὸν
1728 1630 1906 1698 λόγον.

2088 1551 2171 1594 est
2203 1541 2327 1607 ﬁde,
2358 1554 2643 1611 reponunt.
2679 1544 2845 1612 Igitur
2873 1545 2963 1598 ubi
2996 1544 3203 1597 licitum
3258 1552 3361 1604 est,
3395 1535 3664 1607 probabili

2086 1642 2407 1701 argumento
2456 1636 2530 1689 uti
2585 1650 2743 1703 quam
2808 1638 3046 1689 maxime
3116 1636 3320 1689 decet:
3366 1631 3507 1698 quod
3567 1642 3671 1682 nos

414 1716 865 1785 etiam,siplacet,
906 1718 1189 1788 iaciamus,
1232 1728 1395 1790 atque
1425 1721 1489 1775 ad
1519 1736 1637 1776 eam
1670 1730 1877 1791 partem
1919 1723 2211 1790 sermonis,
2245 1738 2311 1779 ex
2341 1738 2446 1791 qua
2475 1726 2675 1795 egressi
2714 1741 2921 1793 sumus,
2953 1735 3310 1781 revertamur.

490 1834 573 1887 ιδ’.
612 1830 790 1898 Εἷπας
830 1835 1007 1889 τοίνυν
1052 1836 1253 1907 κυρίως
1298 1838 1397 1906 μὲν
1438 1838 1670 1893 θάνατον
1710 1835 1852 1894 εῖναι
1895 1840 1984 1893 τὸν

2163 1842 2251 1897 M.
2287 1840 2514 1898 Mortem
2542 1844 2707 1916 igitur
2737 1847 2954 1915 proprie
2988 1860 3111 1900 esse
3146 1845 3329 1899 dixisti
3361 1842 3663 1897 discessum

420 1921 521 1991 τῆς
544 1921 724 1991 ψυχῆς
750 1924 857 1977 ἀπὸ
880 1923 971 1976 τοῦ
1001 1925 1250 1993 σώματος
1276 1927 1555 1996 χωρισμόν
1576 1939 1592 1956 ⁸
1620 1944 1988 1998 καταχρηστι-

421 2013 532 2075 κῶς
568 2013 627 2066 δὲ
664 2016 757 2068 καὶ
795 2015 929 2070 ἄλλα
968 2015 1230 2086 θνήσκειν
1266 2017 1561 2085 λέγεσθαι,
1597 2018 1691 2072 καί
1728 2036 1851 2073 τινα
1889 2020 1989 2089 μὲν

417 2108 624 2161 τούτων
658 2108 848 2178 μηκέτ’
871 2104 1012 2163 εἶναι
1044 2109 1168 2179 μηδ’
1189 2111 1587 2165 ἀναϐιώσεσθαι
1620 2112 1858 2182 μέλλειν,
1888 2130 1988 2166 κα-

417 2197 695 2269 ταφθορὰν
736 2199 1089 2255 ὑποστάνταο
1129 2200 1247 2255 ἔνια
1286 2188 1342 2256 δὲ
1386 2202 1548 2257 πάλιν
1589 2203 1983 2273 ἀλλοιωθέντα,

419 2292 514 2344 καὶ
552 2290 726 2361 ταύτῃ
767 2291 1074 2362 κρείττονος
1112 2294 1496 2357 καταστάσεως
1538 2295 1981 2365 ἀπολελαυκότα,

424 2382 626 2451 μηκέτι
651 2381 824 2435 ταῦτα
854 2382 1161 2438 δουλεύσειν
1190 2384 1406 2455 θανάτῳ
1432 2402 1489 2438 τε
1524 2388 1616 2438 καὶ
1649 2387 1843 2457 φθορᾷ.
1873 2389 1985 2458 Τὴν

421 2470 479 2524 δὲ
524 2471 810 2525 ἀλλοίωσιν
852 2473 1060 2542 ταύτην
1105 2472 1333 2526 θάνατὸν
1381 2491 1466 2527 σοι
1512 2476 1664 2551 φίλον
1713 2495 1987 2547 προσαγο-

427 2559 612 2630 ρεύειν
643 2560 738 2615 καὶ
777 2560 1079 2615 ἀναϐίωσιν
1101 2601 1116 2625 ,
1149 2556 1216 2632 ἦς
1254 2563 1348 2615 καὶ
1380 2563 1479 2627 τὰς
1516 2563 1693 2634 ψυχὰς
1738 2567 1987 2635 μεθέξειν

424 2651 724 2719 ἀναγκαῖόν
755 2668 839 2705 σοι
879 2651 1130 2721 φαίνεται
1154 2668 1170 2685 ’
1204 2652 1272 2706 ἵν’
1296 2654 1594 2724 ἐπειδήπερ
1631 2656 1804 2726 ἀρχὴν
1838 2658 1987 2729 είλή..

423 2761 580 2812 φασι,
604 2743 755 2807 τέλος
774 2742 1083 2809 ἀκολούθως
1106 2743 1488 2815 ἐκδεχομένην,
1511 2746 1988 2804 ἀπαθανατισθῶσι

421 2836 512 2891 διά
535 2837 631 2904 τῆς
661 2836 1077 2900 ἀνακαινίσεως,
1104 2836 1198 2890 καὶ
1224 2836 1484 2907 δευτέρας
1510 2838 1683 2911 ταύτῃ
1711 2842 1987 2896 καταστά-

421 2942 559 2989 σεως
603 2926 868 2995 τύχωσιν,
914 2925 1173 2988 ἐπιεικῶς
1217 2925 1501 2993 ἀμείνονος
1546 2928 1643 2999 τῆς
1687 2930 1982 2999 προτέρας.

398 3023 592 3079 «Ταυτὶ
628 3023 686 3077 δι
724 3022 936 3092 ἔφησθα
971 3024 1187 3087 πάντως
1219 3024 1299 3093 τῷ
1338 3024 1509 3077 είκότι
1552 3023 1867 3095 χρώμενος’
1903 3020 1986 3089 οἷς

2089 1933 2258 1985 animi
2304 1947 2332 1985 a
2364 1948 2590 2005 corpore
2621 1952 2635 1988 :
2667 1950 2762 2004 per
2809 1937 3128 1990 abusionem
3176 1949 3327 1997 vero,
3363 1933 3666 2001 inquiebas,

2089 2024 2193 2078 alia
2215 2025 2379 2079 etiam
2406 2027 2543 2081 mori
2568 2028 2848 2093 dicuntur,
2872 2042 3106 2098 quorum
3131 2027 3374 2096 quaedam
3397 2040 3502 2079 non
3539 2035 3667 2078 sunt

2090 2117 2347 2185 amplius,
2382 2134 2580 2188 neque,
2617 2128 2904 2189 postquam
2950 2126 3206 2188 corrupta
3262 2126 3407 2181 sunt,
3464 2114 3663 2168 revivio

2087 2203 2241 2265 scént
2277 2230 2289 2265 :
2333 2211 2579 2279 quaedam
2617 2222 2803 2267 contra
2834 2214 3137 2275 immutata,
3166 2210 3555 2274 melioremque
3582 2208 3667 2262 sic

2086 2302 2283 2370 adepta
2318 2303 2795 2365 constitutionem,
2849 2302 3007 2357 morti
3059 2286 3509 2371 corruptionique
3556 2312 3664 2351 non

2085 2394 2320 2462 amplius
2366 2403 2527 2448 erunt
2566 2393 2834 2461 subjecta.
2893 2395 3007 2447 Hoc
3054 2407 3219 2461 porro
3267 2387 3677 2444 immutationis

2086 2500 2255 2552 genus
2279 2494 2502 2540 mortem
2527 2485 2797 2554 appellare
2824 2485 2917 2540 tibi
2937 2486 3111 2554 placet
3128 2493 3180 2537 et
3197 2480 3664 2543 resurrectionem,

2087 2576 2243 2644 cujus
2278 2576 2487 2629 animas
2514 2592 2732 2644 quoque
2764 2576 2877 2639 fore
2918 2574 3214 2644 aliquando
3245 2573 3536 2642 participes
3569 2586 3665 2624 ne-

2089 2668 2385 2722 cessarium
2433 2669 2527 2722 tibi
2561 2669 2777 2723 videtur
2809 2684 2824 2721 :
2860 2679 2918 2722 ut
2957 2668 3214 2737 quoniam
3247 2675 3425 2718 ortum
3461 2664 3668 2716 babuc-

2089 2768 2215 2813 runt
2246 2759 2461 2819 animm.
2492 2760 2720 2830 ideoque
2738 2760 2894 2815 tinem
2928 2774 3146 2829 quoque
3178 2759 3378 2812 habere
3410 2764 3663 2824 possunt,

2050 2920 2055 2925 ι
2089 2851 2440 2904 renovatione
2472 2850 2558 2903 illa
2580 2852 2805 2903 demum
2837 2849 3174 2902 immortales
3212 2846 3363 2909 ﬂant,
3395 2847 3582 2911 sicque
3610 2844 3664 2896 in

2086 2934 2316 2995 alterum
2351 2941 2639 3009 quemdam
2670 2948 2872 2995 statum
2921 2939 3260 3009 perveniant,
3297 2937 3476 3006 priore
3507 2934 3666 3005 longe

2085 3032 2392 3086 meliorem.
2443 3031 2568 3086 Haec
2611 3042 2791 3086 autem
2843 3031 3052 3095 dixiSti,
3109 3028 3385 3083 verisimili
3438 3040 3665 3095 prorsus

420 3118 530 3187 γάρ
554 3119 668 3181 τοῖς
696 3117 942 3186 σώμασιν
969 3117 1022 3170 αἱ
1050 3118 1225 3188 ψυχαὶ
1249 3117 1565 3172 κοινωνοῦσι
1592 3121 1687 3173 καὶ
1710 3119 1819 3173 τῶν
1845 3121 1983 3189 ἀγα-

2088 3131 2411 3193 argumento
2465 3133 2669 3177 utens:
2728 3139 2851 3177 cum
2900 3123 3099 3192 quibus
3146 3122 3291 3175 enim
3343 3119 3665 3188 corporibus

423 3208 533 3261 θῶν
551 3249 565 3274 ,
593 3208 685 3261 καὶ
709 3208 818 3261 τῶν
846 3208 921 3278 μὴ
942 3209 1230 3275 τοιούτων,
1257 3208 1351 3262 καὶ
1378 3208 1565 3273 ἁπλῶς
1590 3210 1807 3263 πάντων
1832 3212 1985 3281 ἑξῆς,

422 3299 515 3352 καὶ
551 3299 644 3351 τοῦ
681 3298 913 3355 θανάτου
945 3300 1130 3362 αὐτοῖς
1161 3301 1571 3369 κοινωνήσουσι.
1607 3300 1789 3354 Ταῦτα
1819 3298 1908 3372 ἦν,
1942 3297 1987 3356 ὧ

421 3390 572 3457 ’γαθὲ
592 3432 607 3455 ,
640 3390 693 3443 εί
717 3407 781 3459 γε
817 3391 891 3461 μὴ
933 3390 1282 3445 παντάπασιν
1307 3390 1667 3461 ἐπιλέλησμαι
1686 3431 1701 3457 ,
1735 3391 1771 3445 ἀ
1800 3391 1866 3445 δι’
1890 3392 1986 3446 ἀλ-

421 3482 529 3533 λων
564 3480 840 3549 ὀνομάτων
873 3480 1203 3552 (συνέτεμον
1234 3481 1344 3550 γάρ
1376 3480 1468 3533 τὸν
1501 3480 1683 3547 λόγον)
1719 3481 1846 3548 περὶ
1878 3481 1987 3534 τῶν

425 3572 617 3641 ψυχῶν
641 3590 743 3639 σοι,
772 3573 868 3626 καὶ
893 3572 988 3626 τοῦ
1016 3572 1269 3637 θανάτου,
1295 3572 1393 3627 καὶ
1416 3572 1513 3639 τῆς
1542 3571 1881 3636 ἀλλοιώσεως
1909 3573 1987 3626 εί-

433 3678 629 3733 ρηταιο
665 3665 714 3717 ει
755 3664 802 3716 δ’
827 3664 1206 3735 ἐπελαθόμην,
1241 3663 1400 3727 αὐτὸς
1439 3663 1772 3737 ἀνάμνησον.
1808 3665 1917 3718 Καὶ
1957 3666 1986 3718 ὁ

430 3754 666 3822 Πέρσης,
701 3754 863 3807 Ἀλλά
887 3755 1058 3808 ταῦτά
1086 3758 1251 3822 ἐστιν,
1282 3755 1407 3823 ἔφη.

484 3868 583 3922 ιε’.
622 3865 757 3920 Εἰπὲ
786 3866 850 3935 δὴ
880 3869 1122 3937 πρῶτον,
1152 3868 1286 3937 ἔφην
1316 3868 1458 3935 ἐγὼ,
1492 3869 1629 3937 ποίῳ
1657 3869 1720 3935 δή
1751 3885 1856 3921 τινι
1888 3867 1988 3920 θα·
2022 3846 2029 3853 ο

425 3959 575 4026 νάτῳ
612 3955 918 4008 δουλεύσειν
951 3956 1232 4025 ὑπόχρεως
1264 3952 1404 4008 εἶναι
1437 3957 1615 4023 λέγεις
1652 3956 1779 4017 τοὺς
1819 3956 1989 4022 ἀγγέ-

424 4050 571 4127 λουξι
595 4046 673 4116 τῷ
700 4046 923 4116 κυρίως,
954 4047 985 4116 ἢ
1014 4045 1089 4116 τῷ
1122 4046 1226 4115 tui;
1257 4045 1529 4113 Καθαρῶς
1563 4046 1680 4113 μὲν.
1711 4046 1810 4114 ἔφη
1841 4049 1868 4099 ὁ
1896 4049 1988 4114 γέ-

428 4157 557 4210 ρων,
602 4137 730 4192 οῦτε
781 4135 1001 4205 λέγεταί
1048 4153 1125 4198 τι,
1180 4133 1303 4187 οὔτε
1355 4134 1461 4203 μὴν
1508 4136 1812 4203 γέγραπται
1861 4139 1987 4203 περὶ

423 4227 613 4282 τούτου
631 4268 645 4291 ,
678 4225 845 4297 πλὴν,
876 4226 956 4279 ὅτι
985 4225 1080 4279 καὶ
1110 4226 1159 4277 οἱ
1188 4224 1407 4292 ἄγγελοι
1437 4224 1802 4293 τεθνήξονται.
1835 4226 1987 4278 Δοκῶ

422 4319 479 4372 δέ
513 4337 635 4387 μοι,
667 4319 759 4371 καὶ
788 4317 1000 4387 μάλιστ’
1023 4317 1082 4382 ἐξ
1115 4309 1189 4369 ὧν
1221 4332 1302 4367 σοι
1333 4314 1427 4369 νῦν
1454 4315 1518 4378 δὴ
1549 4315 1791 4384 εἴρηται,
1822 4315 1895 4376 ὡς
1925 4312 1984 4369 εὖ

2088 3214 2249 3277 bona,
2287 3215 2428 3269 mala
2488 3224 2787 3282 caatcraque
2824 3214 3048 3269 omnino
3113 3214 3294 3266 omnia
3347 3211 3662 3266 communia

2089 3308 2394 3363 habuerunt
2435 3309 2650 3371 animae,
2690 3322 2813 3360 cum
2860 3306 3050 3360 iisdem
3096 3318 3439 3358 communem
3498 3302 3662 3355 etiam

2089 3409 2316 3453 mortem
2341 3399 2635 3452 habebunt.
2661 3395 2784 3451 Hmc
2804 3396 2915 3450 fere
2933 3406 3079 3459 sunt,
3114 3397 3332 3465 hospes.
3359 3394 3458 3449 nisi
3477 3393 3665 3447 admo-

2076 3489 2215 3544 dum
2243 3504 2329 3544 me
2352 3504 2484 3543 mea:
2509 3489 2789 3543 memoriae
2812 3502 3005 3543 sensus
3026 3486 3183 3552 fallit,
3204 3501 3323 3554 quae
3346 3485 3465 3539 aliis
3484 3484 3665 3538 verbis

2092 3583 2242 3650 (nam
2277 3581 2524 3635 contraxi
2548 3579 2847 3634 orationem
2875 3578 3062 3650 tuam)
3093 3577 3161 3632 de
3192 3578 3499 3630 animarum
3523 3591 3666 3629 mor-

2089 3682 2140 3727 te
2158 3672 2561 3740 mutatioueque
2576 3670 3036 3740 dixistiiquorum
3060 3672 3106 3724 si
3126 3669 3254 3737 quid
3273 3669 3403 3721 mibi
3425 3667 3660 3732 excidit,

2088 3756 2140 3810 in
2159 3759 2473 3812 memoriam
2493 3773 2703 3813 revoca.
2722 3757 2832 3825 Ego
2848 3774 2975 3813 vero
2995 3758 3132 3812 nihil
3150 3757 3295 3811 aliud
3316 3756 3447 3819 dixi,
3464 3755 3661 3822 inquit.

2160 3848 2245 3900 15.
2296 3847 2485 3915 Igitur,
2520 3849 2763 3914 inquam,
2796 3849 2885 3901 dic
2914 3849 3046 3901 mibi
3081 3848 3340 3915 primum.
3384 3848 3426 3900 si
3464 3847 3661 3913 placet,

2090 3937 2234 4005 quali
2271 3944 2327 3988 tu
2370 3937 2585 3989 tandem
2612 3938 2773 3990 morti
2805 3937 3068 3991 obnoxios
3102 3936 3219 3991 fore
3266 3938 3487 4006 angelos
3520 3939 3665 3990 allir-

2091 4041 2227 4091 mas,
2280 4037 2462 4080 utrum
2517 4026 2734 4095 proprie
2769 4026 2927 4082 dictae
2966 4028 3063 4092 illi,
3104 4042 3171 4081 an
3210 4029 3405 4082 secus?
3433 4027 3662 4095 Liquido

2090 4118 2333 4187 quidem,
2376 4118 2571 4186 inquit,
2605 4118 2705 4172 bac
2736 4118 2803 4173 de
2832 4134 2888 4173 re
2914 4134 3090 4189 neque
3120 4119 3315 4174 dicitur
3341 4123 3659 4191 quidquam,

2087 4225 2264 4279 neque
2294 4210 2568 4275 scribitur,
2608 4217 2804 4280 praeter
2855 4210 2975 4274 boc,
3022 4213 3164 4279 quod
3218 4214 3392 4281 angeli
3445 4229 3660 4283 quoque

2089 4302 2410 4356 morientur.
2450 4301 2575 4355 Mihi
2624 4316 2753 4354 vero
2779 4315 2843 4355 ex
2876 4301 2944 4355 iis
2970 4302 3222 4365 maxime,
3257 4317 3375 4369 qua:
3403 4300 3560 4355 modo
3583 4304 3663 4355 di-

423 4410 487 4465 ἂν
513 4410 625 4481 ἔχοι
649 4411 827 4477 λέγειν
847 4450 860 4473 ,
908 4411 1098 4478 ὅτιπερ
1129 4407 1216 4460 τὸν
1247 4405 1306 4458 ού
1355 4406 1560 4477 κυρίως
1588 4406 1984 4460 ἀποθανοῦνται

2087 4396 2267 4458 cebas,
2296 4394 2492 4449 rationi
2524 4404 2948 4448 consentaneum
2985 4395 3217 4458 videtur,
3240 4403 3295 4447 ut
3327 4402 3652 4458 statuamus,

423 4478 651 4555 θάνατον
682 4501 730 4552 οἱ
768 4500 844 4571 (2)
880 4498 1125 4567 ἄγγελοι.
1165 4498 1274 4551 Kal.
1321 4498 1438 4559 πῶς
1482 4514 1541 4548 σε
1585 4497 1793 4559 ἄλλως,
1832 4492 1983 4549 εἷπον

2090 4483 2386 4552 imprOprie
2416 4482 2616 4537 dictam
2650 4492 2878 4537 mortem
2929 4484 3152 4551 angelos
3183 4484 3479 4537 subituros.
3530 4482 3656 4544 Nec,

425 4589 557 4656 ἐγὼ,
607 4589 877 4658 ἐνδέχεται
925 4589 1123 4642 ὲννοεῖν
1163 4603 1222 4639 τε
1266 4586 1362 4639 καὶ
1401 4586 1608 4654 λέγειν,
1654 4587 1822 4658 ἄνδρα.
1860 4589 1983 4640 νοῦν

426 4681 619 4749 ἔχοντα
647 4679 740 4732 καὶ
766 4678 928 4745 σοφόν
950 4696 966 4744 ;
987 4679 1128 4730 Ὅσα
1161 4679 1257 4747 μὲν
1284 4678 1392 4749 γάρ
1418 4679 1481 4730 ἐκ
1514 4680 1772 4731 πλειόνων
1800 4697 1859 4732 τε
1889 4682 1983 4731 καὶ

424 4769 695 4839 διαφόρων
722 4769 820 4838 τὴν
849 4767 1081 4835 ῦπαρξιν
1108 4767 1241 4835 εχει,
1270 4766 1490 4836 εὔδηλον
1517 4768 1591 4829 ὡς
1622 4769 1978 4833 συντέθειται,

426 4862 519 4913 καὶ
544 4860 625 4913 δεῖ
649 4875 778 4911 ποτε
802 4858 972 4909 ταῦτα
996 4858 1333 4925 διαλυθῆναι.
1362 4857 1618 4921 Σύνθεσις
1642 4860 1770 4929 γὰρ,
1799 4865 1979 4928 φασὶν,

425 4952 569 5021 ἀρχὴ
604 4949 959 5010 διαστάσεως.
994 4949 1055 5000 El
1091 4947 1150 4999 δὲ
1182 4948 1245 5017 δὴ
1282 4950 1376 5001 καὶ
1411 4948 1469 5014 ἐξ
1504 4950 1758 5003 ἐναντίων
1795 4953 1983 5004 συντέ-

424 5043 595 5095 θειται
630 5041 725 5094 καὶ
760 5038 921 5109 φύσει
954 5038 1260 5106 πολεμίων,
1293 5032 1382 5091 οἷα
1413 5039 1475 5106 δὴ
1509 5039 1577 5091 τά
1609 5041 1801 5109 πρῶτα
1838 5058 1982 5094 στοι-

426 5133 544 5201 χεῖα
589 5130 686 5199 (ἐξ
717 5122 791 5182 ὧν
824 5128 893 5181 τὰ
929 5126 1137 5196 σώμαθ’
1166 5128 1294 5196 ὑμῖν
1317 5167 1331 5189 ,
1368 5128 1499 5179 Θεοῦ
1535 5128 1758 5195 δυνάμει
1792 5148 1849 5181 τε
1892 5132 1985 5183 καὶ

426 5219 738 5288 κελεύσει),
773 5218 952 5287 θαῦμα
973 5256 987 5282 ,
1019 5218 1102 5271 ὅτι
1131 5218 1224 5270 καὶ
1259 5217 1484 5286 συνῆλθε
1514 5218 1611 5286 τὴν
1639 5220 1812 5288 ἀρχὴν
1843 5220 1984 5272 κατά

424 5308 646 5373 ταυτὸν,
679 5307 774 5360 καὶ
804 5306 1053 5359 ὁπωσοῦν
1086 5305 1313 5372 συνέστη
1333 5342 1349 5368 ,
1384 5308 1477 5358 καὶ¹
1511 5306 1751 5375 διαρκεῖ,
1783 5309 1850 5359 τά
1885 5308 1982 5375 μὲν

422 5397 516 5449 ἐπὶ
558 5398 763 5459 πλεῖον,
803 5398 870 5449 τὰ
911 5396 968 5448 δὲ
1010 5396 1095 5448 ἐπ’
1118 5395 1337 5447 ἔλαττον
1363 5412 1379 5428 ο
1418 5394 1446 5447 δ
1489 5394 1546 5447 δὲ
1586 5397 1680 5448 καὶ
1721 5395 1982 5465 ἔκπληξιν

2092 4577 2337 4642 inquam,
2374 4590 2474 4642 pro
2501 4576 2788 4643 prudentia
2825 4575 2913 4627 illa
2953 4585 3007 4629 et
3039 4576 3303 4636 doctrina,
3331 4590 3451 4643 quae
3482 4583 3560 4629 cst
3605 4577 3655 4628 in

2092 4678 2142 4719 tc
2170 4680 2404 4727 summa,
2435 4665 2589 4719 aliter
2613 4676 2763 4732 potes
2792 4666 2991 4719 sentire
3020 4674 3071 4717 et
3112 4665 3279 4733 loqui.
3314 4665 3660 4734 Quaecunque

2091 4772 2157 4809 ex
2189 4756 2435 4824 pluribus
2456 4756 2794 4823 diversisque
2820 4757 2978 4809 rebus
3009 4755 3381 4809 exsistentiam
3408 4757 3652 4820 trabuut,

2093 4864 2153 4901 ea
2180 4849 2396 4915 quidem
2426 4848 2722 4916 composita
2754 4863 2874 4902 csse
2901 4847 3299 4917 aliquandoque
3324 4848 3652 4903 dissolutum

2094 4938 2155 4991 iri
2192 4938 2480 4993 manifesto
2509 4939 2696 5005 liquet.
2728 4937 2857 4990 Nam
2903 4938 3280 4992 dissolutionis
3324 4938 3559 5003 initium,
3597 4948 3656 4992 ut

2091 5031 2265 5094 aiunt,
2299 5040 2380 5083 est
2428 5031 2769 5098 compositio.
2802 5029 2921 5083 Jam
2957 5045 3087 5083 vero
3117 5032 3159 5083 si
3194 5030 3437 5099 qumdam
3470 5031 3550 5085 vel
3586 5046 3650 5082 ex

2090 5121 2381 5174 contrariis
2416 5122 2711 5188 conrpasita
2748 5120 2945 5174 fuerint
2988 5130 3286 5190 naturaque
3313 5122 3450 5175 inter
3474 5134 3529 5174 se
3554 5133 3652 5188 pu-

2087 5213 2400 5281 gnantibus,
2434 5213 2738 5280 cujusmodi
2770 5224 2898 5266 sunt
2928 5215 3100 5281 prima
3130 5212 3437 5279 elementa(
3472 5225 3501 5263 e
3530 5208 3649 5275 qui-

2089 5302 2191 5357 bus
2225 5315 2407 5357 nostra
2439 5318 2663 5371 corpora
2696 5303 2788 5356 Dei
2825 5303 3334 5370 numinejussuque
3351 5294 3646 5361 constant),

2087 5396 2285 5448 mirum
2331 5403 2473 5447 certe
2508 5395 2725 5454 accidit,
2764 5409 2825 5447 ea
2868 5396 2919 5447 in
2964 5409 3129 5447 unum
3175 5393 3243 5445 ab
3277 5387 3646 5449 inltiohlocum

424 5490 673 5556 ἐμποιεῖν
707 5482 821 5540 οἷόν
852 5502 912 5538 τε
948 5486 1040 5539 νοῦ
1076 5486 1419 5554 μετέχουσιν,
1454 5478 1627 5539 ἐκεῖνο
1661 5486 1876 5550 πάντως
1912 5488 1977 5539 ἂν

2087 5485 2426 5548 convenisse,
2461 5485 2756 5554 aliquoque
2783 5486 2999 5537 tandem
3034 5482 3194 5536 modo
3214 5488 3493 5542 utcunque
3516 5486 3646 5525 con:

499 5713 570 5783 (1)
596 5714 735 5773 Cod.
760 5731 872 5784 reg.
906 5713 1243 5784 περιουσίας.

2164 5709 2238 5777 (9.)
2264 5710 2324 5761 0!
2357 5710 2506 5762 dccst
2538 5712 2590 5762 in
2627 5724 2720 5774 rt‘g
