4144 6282
526 331 630 396 147
1008 337 1021 352 ’
1695 350 2094 414 MANUELIS

2204 317 2580 421 tLJEOLOGi
3735 368 3858 434 148

511 446 742 514 stitisse,
775 461 828 504 et
849 451 951 506 alia
988 453 1242 524 longiori,
1279 455 1385 510 alia
1418 458 1659 513 breviori
1695 463 1958 529 temporis
2001 463 2088 516 in-

2204 469 2304 538 είη.
2335 470 2406 522 Τὸ
2437 471 2545 539 γὰρ
2578 471 2755 526 πάντα
2786 472 3032 540 πεφυκὸς
3061 472 3422 542 διαφθείρειν,
3445 474 3472 526 6
3507 475 3848 546 πόὶεμος,

513 543 739 596 ten-allo
770 559 1088 624 permanere
1125 564 1140 599 :
1175 549 1251 615 id,
1272 551 1364 620 qui
1389 561 1514 608 sunt
1537 554 1765 608 rationis
1791 565 2096 636 compotes,

2207 558 2321 614 ἄνω
2359 562 2622 630 ποταμῶν
2656 564 2750 616 ἐπὶ
2781 564 2993 629 τούτοις
3031 565 3355 620 συστατικδν
3388 543 3851 633 ἀναφαίνεται.

509 634 617 688 nisi
649 639 1011 694 admiratione
1035 634 1407 712 obstupefacti
1441 648 1803 713 contemplari
1834 663 1946 702 non
1973 634 2098 718 pos;

2207 649 2507 720 Σκοπῶμεν
2537 650 2628 716 δὲ,
2661 653 2807 716 ὅπως
2839 654 3077 724 πολέμου
3109 655 3260 718 τέλος
3293 655 3384 707 καὶ
3418 655 3634 726 μάχης
3675 657 3856 710 δυοῖν

509 735 657 779 sunt.
688 728 840 793 Quod
871 733 1015 786 enim
1049 735 1116 788 ad
1147 737 1331 790 omnia
1359 738 1758 806 corrumpenda
1791 747 1985 792 natum
2010 751 2095 794 est

2204 739 2453 813 θάτερον,
2496 743 2528 814 ἢ
2582 746 2908 816 σπείσασθαι
2955 747 2990 816 ἠ
3039 746 3312 814 κρατῆσαι
3341 764 3355 778 ο
3402 746 3674 818 θάτερον
3730 749 3851 819 μὲν

510 817 747 885 bellum,
810 824 898 879 hic
954 837 1168 882 mutato
1225 829 1418 885 ordine
1476 832 1872 886 conservandis
1925 832 2090 887 rebus

2206 834 2505 901 κρατῆσαι,
2550 833 2780 905 θάτερον
2822 837 2880 890 δὲ
2921 838 3244 908 ἡττηθῆναι.
3288 837 3400 890 Καὶ
3445 817 3847 894 σπείσασθαι

511 913 721 966 videtur
769 917 1057 974 inservire.
1101 919 1236 974 Nam
1266 924 1696 988 consideremus,
1729 939 1835 994 qua
1882 925 2094 980 ratione

2208 908 2408 991 μὲντὰ
2439 929 2682 996 στοιχεῖα
2714 929 2965 999 ἀλλήλοις
2997 931 3278 994 παντελῶς
3305 931 3592 984 ἀδύνατον
3617 947 3637 962 ⁶
3683 933 3846 1002 μηδὲ

510 1003 720 1060 bellum
755 1019 808 1062 et
837 1026 1016 1080 pugna
1049 1014 1208 1068 linem
1246 1017 1484 1071 habeant
1519 1035 1533 1072 :
1573 1019 1796 1073 necesse
1824 1027 1926 1083 est,
1957 1017 2093 1071 alte-

2204 1013 2313 1084 γάρ
2343 1015 2443 1084 τὴν
2472 1017 2683 1072 έαυτῶν
2713 1019 2876 1088 φύσιν
2903 1021 3236 1091 ἀρνήσασθαι
3269 1021 3514 1077 δυνατόν.
3557 1023 3837 1092 Κρατῆ-

509 1112 630 1149 rum
668 1101 822 1154 sitde
856 1104 1088 1168 duobus,
1121 1117 1176 1160 ut
1204 1108 1288 1160 vel
1324 1110 1388 1161 ad
1422 1108 1730 1178 pactionem
1757 1123 1852 1164 res
1885 1108 2087 1168 veniat,

2204 1123 2292 1158 σαι
2334 1107 2391 1160 δὲ
2436 1110 2610 1179 πάντη
2657 1110 2862 1182 θάτερα
2933 1113 3041 1166 τῶν
3101 1113 3304 1182 ἑτέρων
3345 1113 3847 1180 ἀναγκαιότατον

512 1191 590 1243 vel
614 1194 676 1245 a-l
693 1195 999 1261 victoriam,
1027 1206 1083 1252 ut
1105 1199 1239 1253 alter
1256 1187 1478 1268 quidem
1499 1202 1704 1265 vincat,
1726 1201 1864 1256 alter
1907 1200 2098 1254 vinea-

2211 1200 2312 1269 μέν
2336 1217 2350 1232 ο
2381 1202 2514 1265 Θεὸς
2547 1203 2603 1256 δὲ
2637 1204 2814 1275 εἴργει
2838 1207 2997 1259 τοῦτο
3027 1205 3296 1274 γενέσθαι.
3330 1204 3402 1258 Τὸ
3434 1205 3550 1276 γὰρ
3596 1208 3845 1276 κρατῆ-

512 1291 622 1342 lur.
648 1291 812 1361 Atqui
844 1300 903 1346 ut
927 1295 990 1346 ad
1014 1296 1317 1364 pactionem
1339 1297 1480 1352 inter
1497 1312 1554 1353 se
1573 1297 1840 1351 elementa
1859 1295 2098 1358 veniant,

2207 1306 2306 1345 σαν
2341 1292 2398 1344 ἐν
2431 1294 2616 1356 αὐτοῖς
2650 1295 2863 1366 ἀνάγκη
2898 1295 3206 1365 διαφθεῖραι
3238 1298 3300 1351 τὺ
3333 1297 3641 1368 κρατηθὲν
3666 1337 3688 1362 ,
3732 1298 3844 1351 καὶ

509 1381 622 1434 lieri
639 1397 982 1453 nequaquam
1005 1396 1210 1455 potest:
1231 1405 1406 1459 neque
1423 1389 1566 1444 enim
1592 1403 1746 1444 suam
1778 1387 1894 1456 ipsa
1917 1396 2079 1440 natu-

2206 1383 2384 1453 τούτῳ
2421 1385 2811 1454 συμφθαρῆναι
2847 1387 2908 1440 τδ
2943 1388 3262 1453 ἀναλῶσαν,
3296 1387 3557 1459 καθάπερ
3603 1389 3730 1460 ὕλῃ
3768 1389 3839 1441 τὺ

507 1487 626 1526 ram
665 1474 935 1544 abnegare
975 1463 1220 1546 possunt.
1239 1480 1409 1549 Atque
1427 1482 1493 1534 ah
1531 1479 1930 1550 alteroquidem
1972 1479 2105 1531 alte-

510 1580 632 1618 rum
660 1567 803 1620 vinci
833 1571 1201 1624 necessarium
1236 1571 1377 1626 l‘oret
1408 1590 1422 1625 :
1459 1571 1601 1627 Deus
1629 1581 1810 1626 autem
1838 1571 1941 1624 hoc
1965 1569 2082 1623 ﬁeri

2215 1567 2364 1635 μένει
2388 1607 2402 1629 ,
2439 1571 2534 1622 καὶ
2567 1571 2645 1641 τῷ
2682 1571 2974 1642 παραδόξῳ
3005 1571 3181 1642 τούτῳ
3213 1571 3542 1634 διασώζεται
3583 1571 3832 1641 τρόπῳ.

513 1657 783 1724 prohibet.
808 1661 942 1714 Nam
1009 1663 1364 1729 elementum,
1388 1669 1533 1735 quod
1580 1666 1634 1718 in
1669 1665 1801 1732 ipsis
1821 1662 2062 1717 victoriae
2099 1675 2325 1730 compos
2365 1661 2526 1729 foret,
2556 1665 2608 1720 id
2635 1673 2690 1720 et
2723 1667 2924 1721 victum
2953 1669 3286 1723 elementum
3323 1666 3570 1730 tolleret,
3610 1675 3679 1721 et
3714 1673 3838 1721 una

510 1768 636 1804 cunt
667 1754 758 1806 illo
783 1756 926 1824 quod
959 1759 1418 1826 consumpsisset,
1458 1761 1599 1813 sicut
1623 1759 1842 1812 llamma
1867 1771 1990 1810 cum
2019 1753 2265 1818 materia,
2298 1755 2474 1823 ipsum
2505 1759 2946 1828 exstingueretur
2984 1781 3000 1816 :
3035 1762 3175 1817 adeo
3216 1770 3277 1817 ut
3324 1759 3452 1815 belli
3516 1773 3645 1829 ope
3698 1757 3832 1813 sola

509 1845 778 1900 elementa
825 1851 1137 1919 perdurent,
1183 1852 1609 1922 hujusmodique
1645 1853 1828 1919 modo,
1878 1864 2052 1920 eoque
2092 1847 2398 1903 admirabili
2438 1862 2852 1908 conserventur.

582 1939 670 1994 l6.
725 1939 876 1995 Unde
923 1943 1122 1998 mirum
1170 1960 1295 2008 esse
1343 1946 1478 2011 dixi,
1522 1946 1668 2014 quod
1717 1961 1782 2000 ex
1817 1942 2082 2014 ejusmodi

2273 1941 2370 2006 ις’.
2406 1945 2512 1998 Καὶ
2550 1947 2885 2016 θαυμαστὸν,
2921 1948 3060 2017 ὅπερ
3093 1941 3267 2012 siC-nov,
3301 1945 3384 2000 ὅτι
3418 1944 3513 2000 καὶ
3553 1947 3827 2015 συνέστη

507 2033 794 2103 principiis
829 2037 896 2089 ah
947 2038 1106 2091 initio
1156 2052 1343 2094 nostra
1384 2054 1612 2108 corpora
1641 2039 2012 2103 constiterint,
2049 2044 2098 2092 et

2204 2033 2300 2104 τὴν
2333 2037 2504 2106 ἀρχὴν
2536 2038 2605 2091 τὰ
2639 2040 2869 2108 σώματα
2901 2040 3034 2110 ἡμῖν
3065 2039 3176 2092 ἀπὸ
3208 2039 3317 2092 τῶν
3349 2038 3628 2092 τοιούτων
3655 2079 3673 2104 ,
3717 2040 3828 2093 καὶ

507 2125 592 2179 vel
625 2126 771 2179 brevi
805 2128 1058 2195 quopiam
1093 2136 1336 2197 tempore
1368 2138 1742 2193 permaneant.
1768 2127 2098 2197 Angelorum

2204 2128 2420 2197 διαρκεῖ
2465 2129 2669 2199 βραχύν
2705 2137 2827 2184 τινα
2868 2133 3082 2201 χρόνον.
3121 2133 3185 2184 Ol.
3240 2131 3298 2185 δὲ
3337 2131 3565 2199 ἄγγελοι
3636 2130 3826 2200 φύσις

508 2229 643 2268 vero
677 2227 871 2270 natura
904 2217 1137 2286 simplex
1162 2217 1562 2286 elementisque
1599 2219 1974 2286 praestantior,
2003 2230 2098 2268 ne-

2204 2220 2348 2290 ἁπλῆ
2390 2225 2484 2275 καὶ
2517 2221 2626 2274 τῶν
2663 2223 2946 2294 στοιχείων
2981 2223 3282 2292 κρείττων,
3320 2221 3418 2276 καὶ
3453 2221 3594 2276 οὔτε
3646 2221 3823 2292 παρά

510 2322 614 2375 que
649 2307 717 2361 ab
748 2309 836 2371 iis,
869 2309 1153 2363 elementis
1183 2310 1326 2375 dico,
1353 2310 1727 2364 exsisteutiam
1762 2309 1923 2364 habet
1951 2309 2098 2377 (quo

2204 2312 2408 2365 τούτων
2435 2313 2544 2383 ἔχει
2566 2313 2665 2384 τὴν
2692 2312 2928 2385 ὓπαρξιν
2957 2314 3099 2386 (πῶς
3125 2314 3234 2384 γὰρ
3259 2313 3554 2367 ἀκόλουθον
3587 2315 3664 2368 ἐκ
3695 2315 3817 2368 τῶν

512 2399 689 2463 enim,
712 2401 960 2466 obsecro,
993 2411 1155 2470 pacto
1204 2415 1630 2457 consentaneum
1673 2415 1839 2467 esset,
1888 2417 1951 2457 ex
1984 2409 2098 2470 post

2204 2406 2682 2476 ὑστερογενῶν;),-
2709 2407 2834 2461 οὔτε
2877 2408 3022 2469 τινὸς
3044 2407 3200 2469 αὗθις
3248 2407 3442 2472 δεῖται,
3489 2405 3656 2461 ὥστε
3711 2407 3818 2461 καὶ.

513 2485 671 2549 factis
717 2495 865 2564 ipsos
903 2511 1024 2551 esse
1076 2496 1357 2568 factosi),
1387 2513 1564 2566 neque
1597 2497 1700 2550 alia
1739 2496 1994 2565 quapiam
2045 2508 2098 2548 re

2204 2495 2556 2550 συνίστασθαι
2589 2498 2619 2567 ἢ
2658 2494 2717 2551 εὖ
2751 2495 2912 2554 εἶναι.
2945 2499 3059 2552 Οὐκ
3090 2499 3176 2568 ἄρ’
3201 2497 3261 2552 εὖ
3293 2498 3406 2567 ἔχει
3435 2499 3683 2562 τούτους
3719 2497 3814 2550 δο-

512 2587 740 2657 iindiget,
798 2597 858 2641 ut
917 2590 1183 2644 consismt
1231 2589 1326 2644 a'ut
1368 2590 1507 2645 bene
1559 2605 1617 2643 se
1665 2591 1884 2644 habent.
1933 2588 2098 2658 Igitur

2204 2589 2383 2654 ξάζειν
2437 2589 2583 2652 οἵους
2617 2607 2676 2642 τε
2721 2586 2859 2643 εἶναι
2903 2590 3079 2660 φθορᾷ
3112 2588 3416 2643 δουλεῦσαι.
3455 2589 3519 2642 Εἰ
3556 2590 3686 2660 γὰρ
3733 2589 3807 2642 τὰ

511 2680 653 2732 haud
690 2690 834 2735 recte
863 2681 1120 2749 epinetur
1154 2683 1297 2750 quis,
1340 2664 1560 2752 angelos
1593 2683 1930 2750 corruptioui
1967 2681 2098 2736 sub-

2205 2681 2435 2732 σύνθετα
2476 2679 2645 2749 θνητὰ
2688 2679 2781 2731 και)¹
2818 2679 2972 2747 λῆξιν
3008 2679 3369 2749 ἐκδεχόμεναι,
3409 2678 3590 2750 τούτῳ
3637 2680 3804 2746 αύτῷ

505 2775 682 2837 jectos
721 2789 843 2828 esse
871 2789 1050 2841 posse.
1079 2776 1133 2829 Si
1163 2776 1307 2828 enim
1344 2775 1670 2843 composita,
1709 2789 1773 2828 ec
1802 2775 1921 2842 ipso
1953 2775 2098 2841 quod

2204 2772 2277 2840 τῷ
2325 2773 2555 2825 σύνθετα
2601 2767 2761 2830 εἶναι,
2805 2772 2898 2824 καὶ
2941 2772 3028 2825 διὰ
3064 2772 3223 2826 τοῦτο
3265 2772 3472 2850 δέονται
3516 2771 3804 2841 φθαρτῶν

509 2867 814 2932 composita
847 2877 996 2929 sunt,
1035 2875 1263 2921 mortem
1313 2868 1533 2936 quidem
1574 2868 1778 2921 obeunt
1829 2869 2098 2935 liuemque

2204 2863 2424 2932 ἑτέρων,
2448 2862 2588 2918 ὥστε
2618 2863 2995 2926 συνίστασθαι,
3026 2864 3195 2930 σαφὲς
3223 2863 3288 2917 ἂν
3314 2862 3400 2933 εἴη
3430 2863 3687 2927 πάντως,
3719 2861 3803 2924 ὡς

515 2957 1020 3025 habent,ideoque
1075 2958 1197 3013 aliis
1262 2958 1716 3026 corruptibilibus
1785 2957 1852 3010 ad
1921 2958 2098 3012 consi-

2204 2956 2461 3009 τάναντία
2489 2955 2697 3016 τούτοις
2729 2955 2996 3009 ἀθάνατα.
3031 2955 3096 3008 Ἡ
3124 2955 3231 3010 τῶν
3257 2955 3507 3022 ἀγγέλων
3535 2955 3658 3025 ἄρα
3692 2952 3805 3023 φύ-

513 3047 766 3101 stendum
805 3047 1068 3116 indigent,
1107 3048 1283 3115 palam
1347 3056 1426 3101 cst
1474 3048 1800 3102 immortalia
1837 3064 1956 3102 esse
1982 3063 2098 3116 qua:

2206 3065 2290 3109 σις
2327 3046 2614 3108 ἀθάνατος.
2651 3046 2853 3099 Θεόθεν
2884 3049 2995 3116 γὰρ
3027 3047 3126 3116 τὴν
3158 3045 3393 3116 ὕπαρξιν
3426 3045 3617 3115 ἔχουσι
3640 3086 3658 3111 ,
3697 3044 3802 3096 καὶ

512 3142 643 3187 sunt
711 3135 860 3188 hisce
923 3135 1335 3205 contraria.E5t
1362 3151 1493 3205 ergo
1541 3137 1859 3205 angelorum
1909 3146 2098 3190 natura

2204 3143 2266 3210 τῇ
2299 3139 2494 3192 τούτου
2528 3140 2665 3209 μόνῃ
2694 3140 2913 3208 μεθέξει
2944 3139 3078 3202 ζῶσι
3107 3138 3205 3209 (2),
3233 3139 3324 3191 καὶ
3355 3119 3663 3201 κινοῦνται,
3697 3133 3802 3188 καὶ

512 3226 861 3289 immortalis.
915 3225 1051 3279 Nam
1098 3241 1128 3278 a
1165 3227 1276 3281 Deo
1350 3228 1728 3282 exsistentiam
1785 3229 2009 3292 habent,
2043 3237 2098 3284 et

2206 3233 2340 3285 εἰσίν
2374 3233 2475 3301 (5).
2498 3233 2664 3285 ’Ὀθεν
2697 3233 2730 3302 ἡ
2761 3232 2987 3300 τοιαύτη
3031 3230 3191 3299 φύσις
3230 3230 3350 3291 πῶς
3388 3229 3486 3297 μὲν
3517 3228 3797 3296 νοσήσας

513 3318 628 3371 sola
668 3318 830 3386 hujus
882 3319 1304 3388 participatione
1349 3321 1560 3385 vivunt,
1603 3329 1914 3385 moventur,
1942 3331 2098 3377 sunt.

2207 3324 2325 3388 πῶς
2363 3324 2420 3380 δὲ
2463 3324 2695 3394 γηράσει
2731 3323 2844 3393 (4);
2883 3321 3000 3382 πῶς
3036 3322 3094 3373 δὲ
3134 3319 3620 3384 παλαιωθήσεται;
3669 3317 3801 3378 πῶς

2203 3419 2260 3472 δὲ
2288 3417 2641 3484 τεθνήξεταις
2674 3414 2875 3467 Τοῦτον
2905 3413 2961 3465 δὲ
2991 3412 3083 3464 τὸν
3111 3412 3313 3481 τρόπον
3342 3410 3433 3462 καὶ
3465 3407 3562 3466 τὰς
3591 3409 3802 3477 ψυχὰς

2204 3509 2505 3570 ἀθανάτους
2531 3507 2892 3576 ὑποληπτέον.
2926 3503 3120 3556 Ἀπλατ
3145 3502 3254 3572 γὰρ
3279 3500 3342 3569 δὴ
3371 3499 3462 3552 καὶ
3487 3489 3655 3552 αὗται
3685 3501 3797 3568 τὴν

2204 3600 2398 3669 φύσιν,
2435 3598 2531 3651 καὶ
2563 3597 2778 3664 λογικαὶ
2799 3635 2814 3658 ,
2849 3595 2947 3648 καὶ
2974 3596 3040 3664 τῇ
3077 3593 3172 3646 τοῦ
3206 3590 3340 3645 Θεοῦ
3378 3589 3594 3660 μεθέξει
3639 3591 3795 3660 μόνῃ

2205 3690 2571 3743 συνίστανται.
2601 3689 2709 3742 Kal.
2742 3687 2848 3758 μὴν
2878 3687 2976 3740 καὶ
3000 3686 3109 3740 τῶν
3137 3684 3394 3754 φθαρτῶν
3422 3699 3492 3753 τε.
3512 3682 3608 3735 καὶ
3643 3682 3786 3752 θνη-

2201 3782 2331 3848 τῶν,
2357 3783 2457 3834 ὅσα
2486 3780 2668 3850 μέλλει
2698 3780 2914 3841 πάντως
2943 3775 3274 3849 γενήσεσθαι
3302 3775 3536 3845 κρείττω
3563 3771 3786 3841 φθορᾶς

2203 3876 2298 3928 καὶ
2331 3873 2583 3939 θανάτου,
2618 3874 2683 3943 τῇ
2715 3870 2808 3924 τοῦ
2840 3871 3122 3941 ἀφθάρτου
3156 3870 3356 3939 μετοχῇ
3386 3866 3546 3920 τοῦτο
3575 3865 3641 3918 ἂν
3676 3862 3784 3916 πά-

2203 3968 2308 4025 θοι.
2339 3968 2502 4020 Ὥστε
2532 3965 2632 4020 τίν’
2657 3965 2771 4036 ἔχει
2800 3964 2958 4032 λόγον
2977 4001 2994 4027 ,
3026 3962 3260 4016 θάνατον
3290 3954 3544 4028 ἀγγέλοις
3574 3953 3784 4025 περιά⁶

2205 4078 2358 4113 πτειν
2387 4059 2629 4128 ἀμείνοσι
2658 4057 2764 4110 τῶν
2790 4055 3000 4124 θνητῶν
3029 4053 3110 4123 (5)
3137 4051 3507 4120 ὑπάρχουσιν;
3538 4048 3599 4100 Εἰ
3624 4046 3686 4098 δὲ
3714 4044 3777 4112 δὴ

2205 4154 2303 4222 τὴν
2331 4149 2538 4202 τούτων
2567 4147 2727 4217 φύσιν
2759 4146 2866 4215 φῂς
2897 4142 3243 4198 ἀλλοιοῦσθαι
3271 4140 3408 4211 πρὸς
3437 4139 3497 4190 τὸ
3529 4135 3743 4206 βέλτιον
3761 4174 3776 4198 ,

2204 4243 2298 4296 καί
2330 4257 2411 4293 σοι
2442 4240 2593 4306 φίλον
2624 4237 2852 4290 θάνατον
2880 4234 3038 4286 τοῦτο
3069 4234 3274 4297 καλεῖν,
3308 4232 3414 4286 ῐσθι
3449 4229 3568 4300 μὲν,
3601 4229 3680 4290 ὡς
3710 4225 3773 4276 ού

512 3409 835 3480 llujusmodi
903 3419 1084 3464 autem
1147 3420 1339 3466 natura
1416 3413 1692 3480 quontodo
1761 3415 2088 3482 aegrotabit?

511 3504 790 3572 quomodo
863 3502 1173 3557 scnescet?
1221 3503 1496 3570 quomodo
1557 3511 1859 3557 veteraSCet
1899 3503 1922 3556 ?
1962 3519 2102 3572 quo-

511 3595 676 3648 modo
726 3594 1028 3648 morietur?
1079 3592 1278 3648 Eadem
1338 3595 1549 3648 ratione
1604 3593 1817 3648 animas
1869 3609 2089 3665 quoque

513 3686 858 3741 immortales
909 3700 1031 3740 esse
1083 3685 1515 3740 existimandum
1579 3696 1684 3741 est.
1724 3685 1930 3740 Natura
1955 3687 2099 3741 enim

513 3787 642 3833 sunt
695 3777 1016 3846 simplices.
1061 3776 1404 3845 rationisque
1485 3771 1823 3846 participes,
1869 3778 2100 3847 soloque

512 3869 613 3924 Dei
655 3853 971 3924 interventn‘
1009 3868 1096 3938 (si
1147 3867 1228 3922 sic
1277 3866 1418 3938 quod
1470 3866 1642 3922 Graeci
1663 3867 1885 3936 μέθεξιν
1906 3876 2097 3924 vocant

515 3961 784 4033 appellari
818 3961 1037 4031 placet)
1074 3961 1374 4015 exsistunt.
1407 3959 1735 4025 Quinetiam
1769 3961 2102 4031 corruptibi-

515 4054 646 4108 lium
694 4051 1118 4122 mortaliumque
1164 4067 1346 4106 rerum
1399 4066 1743 4121 quaecunque
1795 4053 2101 4122 corruptio-

514 4159 645 4199 nem
668 4158 730 4198 ac
766 4152 996 4197 mortem
1046 4144 1416 4210 superabunt,
1445 4141 1586 4194 hanc
1636 4142 2099 4196 immortalitatem

512 4235 955 4305 incorruptibil's.
982 4245 1191 4290 natura:
1227 4233 1644 4303 participatione
1687 4233 2100 4300 adipiscuntur.

513 4332 782 4394 Qua'nam
814 4329 978 4397 igitur
1007 4327 1146 4381 ratio
1188 4340 1309 4380 esse
1361 4331 1560 4392 potest,
1617 4332 1677 4376 ut
1722 4325 1951 4390 angelis,
2007 4326 2098 4393 qui

2205 4331 2356 4401 καλῷ
2404 4329 2690 4381 κάλλιστον
2739 4326 2972 4394 πρᾶγμα
3019 4321 3453 4402 προσαγορεύεις
3499 4317 3728 4388 ὀνόματι
3757 4328 3772 4343 ⁸

514 4421 845 4475 substantiis
885 4419 1210 4472 mortalibus
1244 4415 1653 4484 praestautiores
1684 4422 1834 4475 sunt,
1868 4423 2098 4468 mortem

2204 4421 2304 4491 τὴν
2340 4421 2446 4488 γὰρ
2487 4418 2579 4470 ἐπὶ
2613 4419 2672 4468 τὸ
2709 4417 2955 4484 κρεῖττον
2988 4414 3276 4467 ἀλλοίωσιν
3311 4413 3457 4481 ζωῆς
3501 4423 3776 4477 προσηγο-

515 4510 926 4567 ειινίὺυιιηιιιςῖ)
960 4507 1053 4562 Sin
1087 4517 1276 4562 autem
1307 4507 1504 4559 horum
1532 4513 1784 4558 naturam
1817 4505 1872 4558 in
1903 4507 2098 4559 melius

2212 4514 2336 4582 ρίαν
2372 4507 2623 4577 δέχεσθαι
2668 4506 2865 4575 μᾶλλον
2904 4507 2937 4575 ἢ
2983 4505 3212 4558 θανάτου
3257 4504 3525 4573 προσῆκε.
3561 4499 3775 4563 Λέξεως

517 4604 717 4658 mutari
748 4602 908 4668 dicis,
943 4612 1106 4671 atque
1147 4599 1250 4653 hoc
1281 4609 1508 4652 mortem
1538 4612 1735 4651 vocare
1781 4597 1877 4651 tibi
1900 4599 2094 4666 placet,

2204 4609 2247 4660 δ’
2272 4607 2460 4658 ἕνεκεν
2503 4603 2564 4655 οὐ
2610 4600 2921 4668 διοίσομαι·
2966 4600 3079 4652 ἀλλ’
3103 4599 3222 4652 οὐδὲ
3266 4597 3434 4650 πολύν
3475 4594 3600 4648 τινά
3645 4605 3774 4643 ποτε

514 4697 741 4750 nomine
776 4712 886 4751 non
926 4695 1154 4765 pulchro
1188 4692 1614 4761 pulcherrimam
1655 4705 1769 4742 rem
1803 4691 1899 4744 abs
1929 4701 1977 4744 te
1999 4707 2094 4760 ap-

2205 4695 2508 4763 ποιήσομαι
2537 4692 2694 4756 λόγον
2715 4730 2730 4756 ,
2763 4692 2891 4744 ὅταν
2923 4706 3003 4743 σοι
3034 4689 3131 4757 τῆς
3165 4687 3400 4757 ἀληθοῦς
3429 4688 3456 4739 6
3486 4682 3610 4746 νοῦς
3643 4682 3772 4750 ἔχη-

515 4784 708 4854 pellari
762 4786 900 4841 scito
937 4802 951 4838 :
989 4798 1112 4838 nam
1145 4797 1266 4852 qua:
1307 4781 1361 4836 in
1403 4782 1715 4842 melius-ilit
1767 4783 2095 4850 immutatio,
2202 4803 2293 4837 ται
2324 4783 2503 4851 δόξης.

518 4899 581 4936 ca
621 4882 744 4936 vitae
777 4881 956 4951 potius
983 4895 1148 4951 quam
1184 4879 1380 4934 mortis
1437 4877 1857 4948 appellationem
1921 4881 2169 4949 accipere
2210 4880 2451 4935 deberet.
2499 4876 2603 4931 Sed
2663 4874 2812 4930 nulla
2874 4877 2979 4930 erit
3039 4874 3176 4928 mihi
3251 4879 3430 4927 tecum
3496 4873 3561 4926 de
3609 4867 3774 4925 verbo

519 4977 898 5030 controversia
929 4991 944 5027 :
1025 4989 1126 5028 nec
1164 4972 1388 5041 longum
1423 4988 1522 5042 ego
1551 4973 1618 5026 de
1660 4969 1751 5024 illa
1784 4986 1840 5025 re
1872 4987 1992 5026 sum
2024 4989 2331 5028 sermonem
2381 4971 2645 5035 facturus,
2685 4970 2979 5026 dummodo
3008 4986 3038 5023 a
3069 4983 3198 5024 vera
3246 4967 3505 5037 opinione
3549 4967 3775 5022 intentio

521 5073 905 5142 sententiaque
937 5079 1027 5124 tua
1064 5084 1172 5122 non
1211 5069 1282 5122 sit
1311 5067 1514 5121 aliena.
1881 5100 1887 5110 .
3101 5058 3105 5061 '

593 5167 680 5222 l7.
713 5165 810 5219 llic
851 5165 1036 5226 Persa,
1074 5160 1306 5228 Optime,
1343 5161 1540 5226 inquit,
1577 5159 1820 5212 omnium
1860 5168 1912 5212 tu
1969 5160 2099 5213 mihi

523 5262 623 5317 abs
646 5270 697 5314 te
723 5260 993 5312 dictorum
1025 5253 1262 5322 probasti
1282 5250 1571 5314 rationem,
1597 5253 1957 5319 orationeque
1985 5263 2098 5315 tua,

2204 5271 2302 5320 γου
2344 5254 2410 5304 τὰ
2451 5254 2751 5323 εἰρημένα,
2796 5254 2889 5305 καὶ
2935 5251 3234 5314 ἀθανάτους
3278 5253 3402 5314 τοὺς
3445 5253 3708 5320 ἀγγέλους
3744 5248 3770 5298 6

525 5370 649 5410 cum
679 5350 922 5419 angelos,
945 5357 1056 5399 tum
1104 5347 1336 5408 animas,
1360 5345 1698 5398 immortales
1732 5360 1852 5398 esse
1882 5348 2098 5400 domou-

2204 5343 2361 5410 λὸγος
2388 5343 2666 5414 ἀπέφηνε,
2698 5343 2790 5394 καὶ
2815 5342 2877 5410 δὴ
2907 5343 2998 5392 καὶ
3025 5341 3120 5403 τὰς
3145 5341 3338 5410 ψυχάς.
3370 5344 3437 5394 Ἦ
3465 5341 3624 5410 φύσις
3653 5338 3772 5408 μέν·

443 5446 450 5451 ’
526 5442 1060 5502 strasti.Amborum
1092 5448 1270 5492 tamen
1306 5443 1496 5488 natura
1530 5452 1636 5490 non
1673 5437 1850 5491 omnis
1878 5439 2098 5491 omnino

2207 5453 2289 5487 τοι
2337 5436 2433 5487 καὶ
2475 5438 2680 5505 ἀμφοῖν
2725 5437 2822 5488 οὐκ
2867 5434 3081 5502 ἀπαθὴς
3124 5436 3468 5488 παντάπασιν
3507 5431 3639 5488 οὗσά
3684 5443 3765 5498 μοι

525 5535 800 5608 passionis
831 5546 1026 5601 expers
1053 5545 1173 5584 esse
1204 5527 1336 5582 mihi
1360 5527 1574 5582 videtur
1605 5547 1618 5583 :
1663 5545 1760 5582 nec
1786 5531 1928 5583 enim
1963 5545 2098 5582 sem-

2212 5528 2463 5593 φαίνεται
2487 5543 2499 5556 ·
2535 5528 2654 5579 οὐδὲ
2692 5529 2799 5596 γὰρ
2835 5527 2918 5580 ἀεὶ
2951 5527 3212 5590 ὡσαύτως
3245 5527 3476 5596 ἔχουσα,
3510 5527 3603 5578 καὶ
3635 5518 3769 5578 κατὰ

2279 5162 2360 5225 ιζ’.
2405 5161 2620 5230 Σφόδρα
2651 5161 2860 5224 πάντα,
2891 5159 2996 5229 ἔφη
3025 5163 3053 5212 6
3083 5159 3328 5232 Πέρσης,
3362 5162 3546 5233 ἔχεταί
3578 5178 3661 5213 σοι
3689 5158 3772 5210 λό-

601 5677 618 5732 ί
628 5676 680 5738 1)
703 5675 866 5730 Forte
894 5673 1062 5743 μόνῳ.

603 5747 682 5807 (2)
713 5744 848 5800 Cod.
879 5743 1046 5800 Cois].
1082 5743 1216 5811 ζιῖα.

606 5814 684 5889 (ὅ)
709 5815 916 5870 Alludit
944 5817 1008 5873 ad
1052 5817 1106 5872 S.
1135 5815 1281 5870 l’auli
1310 5813 1535 5881 dictum,
1570 5817 1682 5870 Act.
1731 5815 1918 5885 Αριιδι.
1960 5827 2094 5872 xvn,

2209 5669 2298 5722 28.
2327 5668 2390 5720 In
2415 5671 2524 5734 ipso
2546 5672 2680 5722 enim
2713 5670 2954 5731 vivimus.
2985 5686 3250 5724 movemur
3277 5680 3324 5723 et
3355 5685 3558 5723 sumus.

2289 5740 2364 5800 (ιί)
2389 5738 2525 5792 Cod.
2553 5740 2721 5792 Coisl.
2753 5757 2812 5806 γε
2853 5743 3137 5808 κρατήσει.

2284 5810 2363 5873 (5)
2395 5808 2482 5862 Sic
2513 5809 2726 5862 correxi
2767 5826 2777 5860 :
2805 5813 2854 5862 in
2887 5823 3015 5864 lllSS.
3043 5809 3237 5876 legitur
3259 5809 3578 5865 τῶνόντων,

2209 1475 2359 1541 πῦρ·
2398 1475 2539 1529 ὥστε
2572 1477 2643 1530 τὰ
2683 1481 2924 1548 στοιχεῖα
2967 1479 3105 1550 μόνα
3138 1480 3216 1549 (1)
3249 1479 3328 1548 τῷ
3370 1480 3659 1548 πολεμεῖν
3699 1480 3840 1533 δια-
3880 1518 3881 1521 η
