4144 6282
432 395 541 459 Ιίθ
1380 398 1767 461 DIALOGUS
1800 400 1857 461 ΙΙ
1893 399 2052 462 CUM
2082 398 2650 461 MOHAMETANO.

3585 383 3695 447 tau

425 507 626 574 ταυτά,
665 508 757 561 καὶ
798 508 1077 579 ἀκίνητος.
1112 510 1247 576 Nat,
1286 510 1423 579 ἔφην
1459 498 1571 580 ἐγώ
1597 529 1611 543 ·
1648 514 1855 585 τὸιγὰρ
1900 533 2003 585 μη-

2114 530 2204 584 per
2232 515 2424 569 eodem
2455 513 2729 582 similique
2760 508 2920 564 modo
2946 522 3007 563 se
3041 506 3226 570 habet,
3262 519 3438 567 neque
3464 503 3690 557 immota

420 602 567 670 δαμῆ
599 601 864 671 μηδαμῶς
890 602 1099 672 τροπὴν
1122 604 1153 673 ἦ
1183 604 1395 674 κίνησιν
1422 602 1671 675 ἡντινοῦν
1700 608 1995 675 ὑπομένειν

2114 606 2367 663 :onsistit!
2407 605 2484 659 Ita
2512 607 2691 674 plane,
2740 603 2964 669 inquam
2998 616 3011 653 :
3050 596 3251 651 etenim
3284 594 3490 647 nullam
3524 608 3686 661 prur-

421 692 705 757 δύνασθαι,
747 692 905 748 τοῦτο
952 696 1018 766 δὴ
1061 699 1127 765 τῇ
1180 694 1300 767 Θείᾳ
1349 699 1446 749 καὶ
1495 698 1719 769 ἀνάρχῳ
1768 700 1863 751 καὶ
1908 700 2002 770 δη-

428 784 673 857 μιουργῷ
725 786 882 854 φύσει
912 788 1049 861 μόνῃ
1075 788 1273 842 δοτέον.
1302 788 1541 842 Τοιαῦτα
1561 791 1730 861 δήπου
1758 791 1995 859 λέγοντι,

422 876 556 946 ἔφη,
595 878 677 929 σοὶ
711 878 808 946 μὲν
840 877 1013 946 ἔγωγε
1042 878 1247 949 χαίρων
1276 879 1523 948 ὁμολογῶ
1548 897 1561 911 ο
1595 882 1718 951 ἐμοὶ
1747 882 1803 935 δὲ
1836 883 1999 936 πάλιν

422 970 523 1022 οὐκ
556 969 969 1041 ἀπειθήσουσιν,
1002 965 1084 1033 οἷς
1116 970 1182 1024 ἂν
1214 972 1312 1025 καὶ
1350 973 1637 1043 μεταδοίην
1670 973 1763 1026 τοῦ
1798 974 1956 1043 λόγου
1980 991 1997 1007 σ

422 1062 481 1113 οὐ
519 1063 628 1129 γὰρ
661 1061 977 1115 ἀντιτείνειν
1014 1064 1448 1135 ἐπιχειρήσουσι.
1486 1065 1594 1119 Καὶ
1626 1067 1736 1136 γὰρ
1770 1068 1997 1136 νομίζω,

425 1153 634 1221 μηδένα
667 1151 841 1216 οὕτως
874 1149 1013 1207 εἶναι
1048 1154 1257 1223 θρασὺν
1288 1155 1396 1209 τῶν
1430 1158 1513 1219 είς
1548 1159 1647 1226 ἐμὲ
1686 1157 1998 1226 φοιτώντων

423 1242 743 1310 (φοιτῶσιδέ
773 1243 880 1314 ἄρα
904 1244 1128 1310 πάντες,
1157 1244 1304 1307 ὅσοις
1331 1246 1441 1298 τῶν
1466 1246 1591 1314 ἐμοὶ
1621 1245 1858 1298 πολιτῶν
1881 1246 2005 1311 δογ-

422 1334 608 1401 μάτων
637 1351 696 1386 τε
731 1334 905 1403 μέλει,
936 1337 1029 1388 καὶ
1087 1337 1286 1406 νόμων,
1321 1338 1413 1389 καὶ
1468 1336 1778 1405 λόγωρτῶν
1805 1337 2006 1407 ἡμετέ-

423 1425 578 1496 ρων),
601 1427 806 1496 μηδένα
834 1425 1013 1481 τοίνυν
1038 1427 1246 1481 τούτων
1267 1428 1460 1481 σκαιὸν
1489 1430 1584 1481 καὶ
1613 1429 1838 1499 ἀνόητον
1864 1425 2006 1481 εἶναι

417 1517 690 1582 τοσοῦτον,
719 1518 858 1571 ὥστε
887 1521 983 1571 καὶ
1005 1518 1277 1587 τολμῆσαί
1306 1536 1399 1587 μοι
1427 1519 1564 1587 πρὸς
1588 1520 1784 1583 λόγους
1809 1520 2003 1575 ἐλθεῖν.

424 1608 605 1660 ἰσσισι
639 1611 780 1677 γὰρ,
815 1608 891 1674 ὡς
929 1608 1032 1678 μῦς
1066 1611 1283 1676 πίττης,
1320 1610 1485 1677 φασίν
1520 1610 1615 1678 (1).
1658 1610 1879 1670 Ἱκανῶς
1917 1628 2007 1679 μοι

419 1696 711 1766 τοιγαροῦν
746 1698 838 1750 τὸν
873 1700 1007 1767 περὶ
1039 1699 1149 1750 τῶν
1185 1699 1494 1767 εἰρημένων
1528 1700 1874 1762 ἀποδέδωκας
1919 1700 2008 1751 λό-

420 1803 516 1854 γον
541 1803 553 1816 ’
591 1789 685 1840 καὶ
716 1788 879 1858 χάριν
908 1805 990 1841 σοι
1015 1789 1127 1842 τῶν
1153 1791 1331 1841 πόνων
1359 1790 1658 1858 ὁμολογῶν,
1688 1790 1876 1859 δέομαί
1910 1807 2005 1843 σου

2106 715 2201 754 sus
2229 698 2592 752 mutationem
2651 695 3023 749 motionemve
3068 689 3179 759 pati
3214 702 3397 756 posse,
3438 686 3540 739 hoc
3589 687 3693 745 soli

2100 792 2316 856 divinae,
2336 802 2629 858 rerumque
2648 786 2893 841 omnium
2916 779 3265 851 procreatrici
3300 779 3563 844 initioque
3591 792 3682 829 ca-

2105 883 2247 939 renti
2290 890 2524 947 naturae,
2586 876 2997 933 concedendum
3060 882 3165 927 cst.
3235 870 3354 923 Tibi
3393 883 3548 929 sane.
3614 868 3697 920 in-

2103 977 2245 1047 quit,
2300 973 2571 1029 assentior
2620 971 2735 1024 haec
2775 968 3147 1023 dicenti:nec
3196 964 3355 1017 aliter
3391 971 3553 1028 atque
3597 974 3696 1026 ego

2105 1065 2341 1122 sentient
2363 1106 2377 1129 ,

2458 1063 2792 1132 quibuscum
2867 1058 3095 1128 posthac
3170 1055 3317 1106 hunc
3387 1063 3695 1104 sermonem

2108 1156 2521 1213 communicare
2561 1171 2574 1207 :
2609 1168 2710 1207 nec
2762 1151 2904 1205 enim
2979 1148 3249 1203 obsistere
3320 1143 3693 1197 conabuntur.

2110 1248 2188 1302 Ex
2229 1248 2297 1302 iis
2337 1246 2507 1309 enim,
2550 1245 2645 1314 qui
2688 1243 3037 1311 frequentant
3077 1241 3298 1294 domum
3345 1250 3520 1288 meam
3558 1233 3694 1299 (fre-

2109 1346 2379 1409 quentant
2420 1337 2957 1403 autem,quicunque
3010 1340 3328 1384 nostrorum
3363 1325 3563 1382 civium
3598 1325 3696 1378 du-

2113 1430 2427 1501 gmatibus,
2481 1427 2801 1497 legibusque
2858 1422 3235 1491 disciplinisve
3302 1418 3511 1473 nostris
3580 1426 3700 1471 stu-

2113 1522 2299 1590 dent),
2322 1536 2387 1575 ex
2430 1520 2515 1574 his
2543 1519 2710 1589 igitur
2740 1517 3012 1571 nemiuem
3047 1515 3121 1567 ita
3145 1528 3268 1567 esse
3297 1510 3560 1565 audacem
3586 1511 3702 1577 Opi-

2114 1629 2239 1677 nor,
2278 1622 2374 1667 aut
2420 1614 2495 1666 ita
2528 1612 2799 1670 hebetem,
2836 1617 2929 1662 aut
2961 1606 3335 1672 insipientem,
3388 1612 3445 1656 ut
3482 1616 3698 1683 mecum

2113 1706 2165 1759 in
2204 1705 2637 1760 controversiam
2685 1717 2873 1756 ventre
2917 1700 3136 1753 audeat.
3189 1697 3403 1749 Norunt
3434 1695 3603 1757 enim,
3642 1702 3699 1743 ιιι

2113 1814 2235 1852 mus
2266 1799 2462 1868 picem,
2516 1796 2663 1865 quod
2700 1796 2879 1849 aiunt.
2921 1792 3125 1861 ltaqud‘
3155 1799 3247 1843 tua
3296 1788 3362 1841 de
3409 1787 3493 1840 his
3535 1786 3698 1838 rebus

419 1881 620 1949 χωρεῖν
649 1880 742 1933 ἐπὶ
769 1882 836 1934 τὰ
870 1882 1077 1950 πρόσω.
1106 1882 1277 1935 Ταυτὶ
1308 1882 1407 1951 μὲν
1431 1878 1525 1935 οὖν
1550 1882 1621 1934 τὰ
1644 1883 1743 1950 τῆς
1777 1884 2001 1952 πρώτης

2114 1890 2287 1944 oratio
2320 1889 2536 1943 abunde
2576 1889 2709 1941 mihi
2752 1886 2882 1941 fecit
2928 1885 3061 1940 satis
3100 1901 3113 1936 :
3152 1882 3519 1948 meritamque
3560 1877 3697 1931 adeo

420 1973 636 2036 νυκτός.
670 1974 747 2043 Τῇ
784 1974 829 2026 δ’
855 1973 1118 2043 ὑστεραίᾳ
1156 1989 1247 2041 μοι
1283 1971 1605 2038 προσελθὼν
1636 1974 1663 2025 ό
1696 1970 1877 2040 γέρων¹
1906 1974 2001 2042 ἅμ’

418 2062 555 2133 ἡλίῳ
586 2064 695 2117 σὺν
710 2068 822 2126 τοῖς
850 2065 1051 2129 υἱέσιν,
1088 2064 1295 2117 ἐδέοντό
1327 2081 1451 2134 μου,
1477 2064 1551 2134 μὴ
1588 2064 1833 2132 μέλλειν,
1868 2066 2004 2119 ἀλλὰ

417 2156 477 2206 τὸ
509 2155 671 2224 τάχος
706 2154 1013 2226 ἄρξασθαι,
1048 2156 1172 2209 ὅθεν
1203 2158 1231 2209 ὁ
1264 2156 1421 2224 λόγος
1454 2158 1586 2226 ἡμῖν
1620 2156 1997 2226 ἐτελεύτησεν.

2111 1982 2208 2035 tibi
2242 1981 2415 2035 habeo
2446 1996 2541 2049 pro
2564 1995 2698 2035 cura
2737 1988 2823 2032 tua
2850 1978 3101 2048 gratiam,
3136 1988 3439 2043 pergasque
3466 1970 3699 2025 obsecro

2113 2071 2179 2124 ad
2227 2085 2289 2123 ea
2326 2086 2449 2140 qua:
2487 2079 2818 2141 sequuntur.
2860 2068 2929 2121 Et
2960 2070 3106 2120 hunc
3126 2065 3344 2134 quidem
3388 2063 3440 2115 in
3478 2062 3695 2115 modum

2110 2175 2171 2214 se
2202 2159 2535 2225 habuerunt,
2560 2175 2681 2228 quae
2722 2160 2897 2228 prima
2927 2165 3086 2212 nocte
3118 2164 3236 2210 acta
3260 2162 3406 2209 sunt.
3434 2152 3699 2205 Postridie

417 2254 599 2303 autem
635 2248 752 2318 ejus
784 2252 913 2317 diei,
962 2266 1085 2309 cum
1120 2267 1286 2307 senex
1317 2268 1425 2307 una
1462 2268 1583 2307 cum
1628 2253 1757 2308 ﬁliis
1808 2256 2021 2310 oriente
2086 2257 2200 2311 sole
2248 2258 2315 2311 ad
2352 2272 2437 2311 me
2465 2258 2809 2323 accessisset,
2856 2260 3189 2326 rogaverunt
3246 2263 3458 2315 omnes,
3502 2257 3561 2302 ut
3591 2263 3701 2317 quo

419 2343 477 2401 in
509 2346 632 2403 loco
652 2347 825 2401 ﬁnem
855 2347 1164 2417 disputandi
1200 2348 1475 2414 fecissem,
1502 2350 1623 2406 sine
1658 2366 1806 2405 mora
1837 2350 1964 2406 inde
1991 2352 2059 2405 ad
2085 2353 2293 2421 reliqua
2328 2368 2630 2422 pergerem.

451 2546 626 2573 ψ

1666 2711 2265 2804 DIALOGUS
2320 2716 2462 2801 II.

785 2910 873 2972 De
905 2908 1087 2984 cmlo,
1129 2915 1411 2985 terra,.et
1453 2910 1536 2971 de
1594 2910 1675 2971 iis
1714 2930 1854 2990 quae
1888 2912 1977 2973 ibi
2047 2913 2491 2987 continentur;
2544 2914 2694 2974 item
2756 2914 2833 2975 de
2878 2878 3098 2976 Adami
3135 2913 3343 2991 lapsu,

1292 3034 1654 3115 Christique
1699 3036 1944 3111 judicio
1978 3041 2040 3100 et
2076 3038 2457 3102 Moamethis
2510 3039 2830 3119 paradiso.
3054 3038 3059 3041 “
3198 3021 3211 3035 ’

2006 3226 2083 3242 -

497 3359 569 3418 α’.
597 3360 779 3413 Ἔστω
817 3359 1019 3425 τοίνυν,
1068 3359 1205 3429 ἔφην
1249 3358 1381 3426 ἐγώ.
1428 3358 1565 3412 Τίνα
1614 3360 1679 3429 δὴ
1725 3359 1818 3414 οῦν
1866 3360 2072 3422 huc

426 3455 645 3522 φρονεῖς
680 3444 809 3523 περὶ
843 3453 1101 3522 οὐρανοῦ,
1137 3455 1231 3505 καὶ
1264 3455 1389 3521 γῆς,
1424 3454 1519 3505 καὶ
1552 3452 1771 3507 πάντων
1802 3452 1910 3507 τῶν
1948 3454 2005 3505 ἐν

428 3542 647 3607 αὕτοῖς;
684 3542 892 3596 τούτων
927 3543 1035 3613 γὰρ
1070 3538 1223 3612 οἶμαι
1265 3559 1323 3595 σε
1356 3544 1449 3596 τὸν
1482 3543 1640 3610 λόγον
1674 3544 1955 3614 ἐπιζητεῖν
1981 3560 1998 3577 ο

431 3631 560 3684 εἴτι
586 3630 681 3687 οῦν
712 3651 794 3687 σοι
824 3635 977 3701 φίλον
1013 3634 1227 3703 πρῶτον
1259 3636 1453 3701 εἰπεῖν,
1487 3636 1519 3705 ἢ
1554 3635 1797 3704 ἐρέσθαι,
1828 3636 2007 3700 ἔξεστι

431 3722 681 3791 φράζειν.
732 3723 914 3776 Ταῦτα
964 3725 1210 3789 εἰπόντος
1258 3726 1419 3796 ἐμοῦ,
1448 3730 1475 3780 ό
1524 3728 1699 3797 γέρων
1748 3727 2005 3796 κεκυφὼς

430 3812 667 3879 ἐκάθητο
685 3852 701 3877 ,

572 3901 733 3957 Κατά
760 3903 982 3973 χθονὸς
1013 3905 1243 3973 ὄμματα
1275 3906 1472 3973 πήξας
1504 3906 1581 3976 (2)
1601 3920 1627 3953 ’ν

429 3994 526 4046 καὶ
567 3991 732 4063 ἐῴκει
760 3993 823 4062 δή
855 4011 970 4057 πως
1000 3997 1340 4064 φροντίζοντί
1364 4013 1422 4049 τε
1451 4000 1546 4051 καὶ
1572 3997 2008 4067 διαπορουμένῳ.

426 4078 537 4138 Ἦν
566 4087 675 4155 γὰρ
696 4127 710 4150 ,
742 4086 827 4147 ὼξ
848 4085 1021 4155 ἔφθην
1051 4086 1222 4139 είπὼν
1242 4129 1258 4153 ,
1290 4087 1555 4158 ἔμπειρός
1583 4105 1641 4141 τε
1672 4087 1849 4151 λόγων
1870 4130 1884 4155 ,
1914 4090 2009 4142 καὶ

428 4176 612 4245 νόμων
633 4217 647 4242 ,
680 4178 775 4229 καὶ
806 4177 1098 4246 δογμάτων
1129 4176 1236 4229 τῶν
1268 4180 1386 4230 κατ’
1410 4179 1605 4241 αὐτοὺς
1624 4220 1639 4243 ,
1673 4180 1766 4232 καὶ
1795 4180 1893 4250 τὴν
1920 4197 2012 4233 κο-

432 4267 604 4337 ρυφὴν
624 4309 638 4334 ,
671 4270 745 4331 ὡς
776 4269 993 4336 ἐλέγετό
1018 4285 1077 4320 τε
1108 4269 1202 4321 καὶ
1239 4268 1556 4337 ἐνομίζετο,
1589 4270 1685 4339 τῆς
1722 4271 1870 4339 σφῶν
1906 4273 2008 4343 ad-

428 4363 537 4415 τῶν
571 4362 762 4429 σοφίας
797 4362 1147 4433 κατειληφώς
1174 4378 1189 4395 ο
1221 4359 1289 4433 ἦν
1320 4363 1376 4416 δὲ
1408 4364 1475 4417 τὰ
1506 4364 1726 4418 τοιαῦτα
1760 4365 1921 4433 σοφὸς
1953 4368 2011 4418 ἐν

437 4456 495 4522 τῇ
541 4456 721 4524 γενεᾷ,
767 4454 903 4522 φησὶ
948 4454 1048 4522 (3),
1087 4456 1152 4522 τῇ
1199 4453 1419 4506 ἑαυτοῦ.
1461 4454 1561 4506 Διὰ
1602 4453 1760 4506 τοῦτο
1802 4454 2010 4520 τοίνυν,

432 4538 617 4610 οἶμαι,
652 4542 1189 4612 στενοχωρούμενος,
1214 4546 1329 4605 τοῖς
1362 4543 1679 4613 Πυθαγόρου
1712 4544 1871 4613 ἐῴκει
1904 4562 2008 4613 μα-

437 4632 643 4699 θηταῖς,
679 4633 812 4684 πολὺ
846 4635 944 4703 τὴν
981 4634 1190 4704 σιωπὴν
1226 4634 1630 4702 ἀσπαζόμενος.
1668 4636 1754 4698 Ὠς
1793 4638 1885 4690 οὖν
1923 4637 2009 4705 ἐφ’

2183 3362 2233 3414 1.
2279 3360 2405 3415 Esto
2440 3360 2621 3429 igitur,
2672 3358 2916 3428 inquam.
2960 3356 3219 3422 Quaanam
3268 3369 3401 3409 vero
3435 3358 3608 3412 sentis
3629 3360 3703 3413 de

2116 3452 2280 3513 caelo,
2313 3451 2379 3504 de
2408 3460 2571 3515 terra,
2618 3451 2982 3519 omnibusque
3020 3463 3142 3518 quae
3173 3448 3225 3500 in
3257 3446 3363 3501 illis
3410 3450 3700 3504 continen-

2117 3544 2239 3597 tur?
2270 3542 2475 3629 horum.
2499 3541 2669 3604 enim,
2712 3541 2929 3609 opinor,
2962 3541 3227 3593 rationem
3263 3539 3534 3605 exquiris.
3563 3541 3700 3606 Qui-

2116 3635 2219 3690 bus
2253 3634 2319 3687 de
2346 3635 2510 3688 rebus
2539 3634 2584 3688 si
2631 3632 2762 3702 quid
2795 3633 2978 3686 dicere
3013 3631 3168 3695 velis,
3202 3638 3296 3684 aut
3333 3632 3696 3702 interrogare,

2116 3726 2256 3780 facio
2286 3726 2402 3790 tibi,
2430 3728 2651 3795 hospes,
2678 3732 3021 3794 potestatem.
3059 3724 3191 3791 Qua:
3231 3737 3355 3777 cum
3401 3724 3729 3789 dixissem“

2114 3817 2353 3873 demisso
2377 3818 2527 3873 vultu
2562 3817 2921 3879 seditsenex,
2948 3823 3004 3871 et

2537 3905 2697 3959 Humi
2730 3923 2825 3959 sua
2855 3906 3061 3958 lumina
3098 3908 3265 3973 ﬁmil,

2119 3995 2436 4061 haerereque
2463 3993 2515 4047 in
2549 3994 2729 4061 aliqua
2767 4009 2826 4047 ro
2858 3994 3164 4059 videbatur,
3188 3998 3537 4069 cogitareque
3596 4013 3696 4053 nco

2123 4086 2242 4141 scio
2267 4086 2396 4155 quid
2431 4094 2633 4139 attente
2661 4085 2970 4140 admodum.
3004 4088 3129 4143 Erat
3156 4091 3325 4156 enim,
3349 4100 3405 4146 ut
3443 4093 3696 4160 superius

2118 4176 2636 4241 demonstravimus,
2684 4177 3081 4243 doetriuarum,
3124 4192 3176 4234 et
3227 4182 3426 4250 legum,
3473 4183 3699 4249 dogma-

2120 4278 2342 4335 tumque
2375 4267 2603 4336 peritus,
2639 4283 2759 4337 qua:
2782 4270 2923 4338 apud
2958 4270 3093 4323 istos
3134 4271 3337 4340 vigent,
3376 4275 3699 4327 secundum-

2118 4373 2226 4428 que
2256 4360 2498 4413 omnium
2549 4374 2856 4413 sermonem
2906 4371 2959 4415 et
3009 4362 3320 4429 opinionem
3369 4364 3693 4417 altissimum

2116 4450 2257 4504 inter
2307 4450 2548 4518 ipsorum
2610 4451 2903 4530 magistros
2955 4452 3183 4519 gradum
3244 4462 3596 4516 consecutus,
3645 4464 3697 4506 et

2114 4542 2257 4609 quod
2290 4542 2357 4595 ad
2385 4541 2496 4595 haec
2524 4543 2734 4605 attinet,
2766 4544 2819 4594 in
2852 4546 3186 4612 generatione
3202 4562 3300 4597 sua
3328 4546 3537 4611 sapiens
3563 4545 3604 4607 ‘,
3638 4558 3705 4598 nt

2119 4629 2261 4683 Deus
2298 4629 2517 4682 cecinit.
2546 4630 2717 4694 Quam
2763 4631 2832 4684 ob
2883 4647 3019 4696 rem,
3068 4632 3283 4700 opinor,
3322 4634 3505 4685 animo
3535 4649 3694 4700 ange-

357 4716 360 4720 λ
439 4698 622 4771 ἰκανὸν
670 4721 770 4809 οῦδ(
817 4698 1160 4784 ἀνέκυπτεν,
1211 4726 1238 4774 ὁ
1288 4698 1659 4794 πρεσϐύτερός
1712 4743 1844 4794 φησι
1893 4698 2007 4779 τοῖν

2118 4722 2297 4785 batur,
2330 4721 2717 4788 silentiumque
2748 4722 2943 4776 mirum
2998 4725 3052 4777 in
3098 4727 3315 4777 modum
3361 4725 3695 4791 amplectens

435 4812 593 4871 υίοῖν,
630 4811 831 4880 βλέψας
861 4814 940 4874 είς
972 4813 1071 4881 ἐμέ
1095 4828 1109 4843 ·
1145 4813 1285 4866 Ἀλλ’
1311 4816 1363 4867 εί
1391 4818 1471 4868 τοί
1506 4834 1586 4869 σοι
1618 4820 1718 4870 οὐκ
1748 4820 2009 4888 ἐπαχθὲς,

435 4902 530 4955 καὶ
571 4903 702 4972 περὶ
740 4903 947 4956 τούτων
986 4921 1047 4970 γε
1088 4905 1221 4974 ἡμῖν
1260 4906 1419 4967 αὐτὸς
1468 4908 1663 4970 ἀπόδος
1704 4909 1792 4963 τὸν
1834 4911 2009 4979 λόγον.

440 4993 613 5061 qm,
644 4992 755 5061 εγὼ
790 4994 921 5063 πρὸς
962 4995 1159 5047 αὐτόν·
1198 4998 1307 5049 Καὶ
1341 4999 1417 5067 (4)
1454 5000 1574 5052 τίνα
1608 4999 1673 5068 δὴ
1706 5002 1898 5055 τοῦτον
1932 5006 2007 5076 (5)

430 5084 687 5144 ἀπαιτεῖς
726 5083 919 5149 λόγον;
958 5086 1050 5137 τὸν
1082 5087 1230 5147 ὅπως
1271 5086 1478 5140 ἕκαστα
1516 5093 1754 5159 στοιχεῖα
1797 5093 2010 5159 φύσεως

404 5224 405 5227 η
435 5173 572 5244 ἔχει,
603 5174 693 5226 καὶ
722 5168 765 5241 ᾧ
794 5175 859 5245 δὴ
891 5175 1066 5240 ταῦτ’,
1097 5176 1347 5247 ἀλλήλοις
1379 5179 1615 5250 πολέμιά
1642 5198 1701 5232 τε
1735 5182 1881 5249 ὄντα,
1914 5185 2008 5237 καὶ

512 5308 526 5337 ⁸
553 5305 687 5362 Luc.
718 5322 829 5372 xw,
851 5308 905 5363 8.

512 5419 587 5489 (Ι)
648 5421 1382 5502 Plenius‘apuiErasmnm
1434 5430 1665 5487 Chiliad.
1735 5436 1801 5502 fl,
1869 5454 2001 5492 cen-

440 5500 546 5544 tur.
576 5506 841 5571 Ill,.pl‘0V.
876 5493 975 5547 68:
1002 5494 1119 5571 Μῦς
1144 5496 1267 5571 ἄρτι
1300 5498 1497 5571 πίσσης
1530 5493 1845 5571 γενόμενος,
1886 5528 1903 5559 ‹
1945 5511 1999 5561 in

438 5575 557 5641 eos,
593 5562 686 5641 qui
720 5578 845 5615 cum
874 5573 1031 5615 antea
1068 5562 1617 5641 fuerintaud'aculict
1640 5562 1999 5641 conﬁdentes,

441 5632 942 5703 posteadegnstato
968 5633 1210 5699 periculo
1254 5636 1410 5703 plane
1448 5642 1619 5694 timidi
1658 5643 1930 5700 videntur.
1978 5632 1998 5698 ἱ
2062 5648 2077 5663 ⁶

512 5696 588 5764 (ε)
622 5696 769 5753 Iliad.
804 5702 863 5765 Γ,
900 5696 1046 5765 νυὶεε.
1084 5703 1209 5755 9.17.

522 5768 817 5837 (3)(Ρησὶν,
858 5772 1223 5842 subintvllige,
1288 5778 1312 5827 ὁ
1359 5776 1499 5843 ἱερ²ς
1553 5780 1730 5848 ὶῦγοςι
1793 5786 1823 5852 ἡ
1880 5786 2009 5854 ἁγία

2114 4810 2434 4880 Pythagorae
2462 4812 2854 4881 discipulorum
2892 4815 3090 4869 similis
3144 4816 3460 4883 apparebat.
3508 4816 3693 4885 itaque

2120 4918 2242 4957 cum
2278 4903 2618 4972 aliquantum
2653 4906 2915 4973 temporis
2939 4914 3104 4972 caput
3132 4921 3239 4959 non
3268 4907 3521 4974 erigeret,
3552 4910 3695 4962 filius

2120 5004 2247 5048 natu
2286 4997 2458 5063 major
2491 4996 2544 5048 in
2581 5010 2665 5048 me
2712 4996 2952 5062 intuens,
2987 4996 3101 5051 Nisi
3137 5000 3421 5051 molestum
3460 5008 3567 5057 est,
3605 5000 3687 5050 in-

2120 5089 2258 5157 quit,
2289 5088 2355 5141 de
2392 5090 2474 5143 his
2507 5091 2621 5157 ipse
2656 5090 2812 5143 nobis
2836 5091 3097 5144 rationem
3135 5092 3345 5146 reddas.
3384 5088 3686 5154 Quamnam

2120 5197 2271 5248 vero,
2324 5183 2568 5251 inquam,
2627 5184 2892 5237 rationem
2924 5186 3003 5241 vis
3033 5186 3227 5241 reddi?
3259 5204 3328 5242 an
3369 5195 3429 5241 ut
3468 5184 3565 5239 tibi
3594 5197 3690 5234 ex-

2111 5440 2461 5514 Γραφὴπειιιι
2486 5444 2753 5509 ejusmodi
2791 5446 2991 5514 aliquid
3026 5464 3039 5498 :
3071 5460 3195 5498 nam
3238 5440 3515 5514 Ιιοολφησί
3545 5454 3686 5514 sp‘pe

2113 5506 2339 5584 utuntur
2362 5506 2570 5577 (ξηροί,
2612 5523 2669 5567 ut
2698 5506 3207 5584 sacrae-Scriptura:
3255 5510 3416 5564 verba
3452 5506 3685 5574 proferri

2115 5593 2143 5631 a
2174 5594 2232 5631 se
2272 5582 2521 5635 innuant.

2184 5648 2259 5716 (4)
2300 5650 2413 5718 Καὶ
2446 5654 2600 5705 deest
2632 5652 2837 5718 ittch.

2121 5785 2151 5839 ι.
2189 5713 2282 5840 (5)5
2298 5717 2456 5776 Forte
2486 5723 2693 5774 τούτων
2730 5713 2987 5775 rationem
3019 5721 3078 5771 de
3101 5718 3179 5770 liis
3217 5713 3388 5776 rebus,
3424 5715 3481 5762 ut
3519 5723 3705 5778 supra

2143 5801 2213 5840 ιιι.
2288 5826 2299 5839 .
