4144 6282
511 343 615 410 lat

1670 358 2067 423 MANUELIS
2108 362 2190 421 PA
2203 360 2553 423 LECLOGI

3653 352 3784 447 152

398 467 405 473 '
496 462 715 530 plicem,
744 477 992 532 quaenam
1033 464 1105 520 sit
1153 467 1492 538 singulorum
1545 471 1938 531 elementorum
1979 492 2071 531 na-

2184 481 2404 547 μακράν
2440 475 2689 545 ἀλλήλων
2726 476 2791 547 τῇ
2839 474 3000 543 φύσει
3043 452 3385 546 διεστηκότα.
3429 473 3512 538 είς
3551 475 3780 530 ταυτὸν

497 554 663 607 tura?
700 556 978 625 quomodo
1004 556 1141 623 btec,
1172 560 1386 614 etiamsi
1426 564 1829 631 pugnentinter
1868 582 1948 631 se,
1977 580 2076 622 na-

496 651 726 711 turaque
760 644 921 715 longe
946 647 1277 713 discrepent,
1315 649 1525 705 initlem
1543 659 1723 707 tamen
1745 659 2075 710 conveniant

497 735 924 802 quodammodo,
971 739 1257 809 vicinaque
1296 742 1451 796 sint?
1497 745 1600 798 alia
1632 745 1855 814 quidem
1886 749 2074 800 imme-

494 827 656 889 diate,
691 835 748 878 ut
784 827 853 879 ita
891 829 1090 892 dicam,
1124 831 1543 903 quihuscuuque
1573 834 1825 889 videlicet
1870 852 2074 905 cogna-

486 912 571 967 tio
598 916 845 985 qttzedam
881 928 935 972 ct
969 922 1181 973 occulta
1216 922 1471 975 identitas
1505 924 1687 977 inest?
1714 925 1819 979 alia
1846 929 2075 980 mediate

492 1022 554 1059 ca
581 1007 725 1072 dico,
761 1024 882 1076 quae
916 1010 1115 1064 diversi
1149 1016 1373 1066 omnino
1401 1025 1527 1069 sunt
1560 1017 1800 1083 generis,
1837 1028 1889 1071 et
1917 1032 2075 1086 pror-

494 1114 590 1152 sus
622 1099 845 1153 aliena?
875 1117 995 1169 qua:
1030 1112 1207 1157 tamen
1242 1106 1501 1159 similium
1535 1107 1861 1170 qualitatum
1905 1111 2076 1163 inter-

495 1200 659 1242 ventu
696 1190 945 1255 latenter,
979 1204 1036 1248 ut
1060 1197 1328 1264 quispiam
1363 1198 1581 1259 dixerit,
1605 1211 1659 1252 et
1689 1201 1901 1255 occulte
1933 1201 2075 1256 inter

497 1296 558 1334 se
589 1284 1010 1338 reconciliantur
1043 1303 1056 1338 :
1088 1288 1228 1340 unde
1262 1288 1475 1357 singula
1513 1289 1759 1360 singulis,
1804 1292 1949 1361 quod
1991 1300 2075 1347 est

493 1370 638 1425 dictu
675 1374 944 1441 mirabile,
985 1382 1319 1434 contrariam
1375 1381 1509 1450 ipsis
1542 1392 1794 1458 naturam
1825 1398 2074 1439 commu-

496 1464 702 1530 nicant,
746 1469 1301 1540 contmistionemquc
1346 1482 1400 1526 et
1439 1475 1702 1528 unitatem
1754 1489 1877 1530 cum
1909 1476 2073 1531 dissi—

495 1556 715 1611 milibus
768 1559 995 1626 faciunt,
1039 1563 1182 1630 quod
1238 1579 1456 1617 omnem
1505 1567 1685 1619 hercle
1731 1567 2074 1621 admirabili-

493 1649 622 1703 tatis
662 1663 945 1704 excessum
996 1662 1218 1722 superat
1256 1672 1269 1707 :
1315 1655 1585 1723 siquidem
1623 1656 1675 1710 id
1726 1658 2074 1712 dissimilitu-

392 1780 399 1785 .
498 1740 645 1794 dinis
686 1744 873 1811 specie
924 1746 1138 1799 dulcem
1197 1750 1486 1813 quemdam
1515 1759 1839 1803 concentum
1890 1749 2072 1816 eiIicit,

2177 567 2499 639 συνέρχεται
2525 582 2663 630 πως,
2688 567 2782 619 καὶ
2809 564 3137 634 γειτνιάζεις
3165 567 3261 620 καὶ
3282 566 3349 619 τά
3378 565 3479 634 μὲν
3502 566 3774 635 ἀμέσως,

2175 659 2322 722 δσοις
2363 657 2606 728 δηλονότι
2650 656 2944 724 συγγένειά
2979 670 3063 719 τις
3106 655 3304 721 ἔνεστι,
3347 654 3443 708 καὶ
3481 656 3775 725 ταυτότης

2176 747 2640 820 ὲγκεκρυμμένη;
2676 748 2743 801 τὰ
2784 747 2830 801 δ’
2858 742 2927 802 αὗ
2962 747 3249 818 ἔμμέσως,
3286 747 3430 815 λέγω
3464 746 3521 801 δὲ
3555 746 3652 800 νῦν
3681 747 3772 801 τὰ

2176 839 2352 909 πάντη
2394 838 2605 907 έκφυλά
2646 853 2705 891 τε
2751 838 2828 907 (l)
2871 838 2968 892 καὶ
3007 837 3294 907 ἀλλότρια;
3337 836 3374 891 ἃ
3406 836 3515 890 τῶν
3548 836 3773 906 ὁμοίων

2177 929 2581 999 μεσιτευουσῶν
2607 930 2936 999 ἀμφοτέροις
2969 928 3296 999 ποιοτήτων,
3328 926 3651 999 λεληθότως,
3677 928 3772 992 ὡς

2175 1019 2240 1075 ἄν
2268 1037 2353 1081 τις
2381 1018 2527 1073 εῐποι
2552 1061 2566 1083 ,
2599 1022 2696 1072 καὶ
2729 1020 2976 1089 κρυφίως
3002 1018 3435 1073 καταλλάττεται
3461 1032 3476 1049 ο
3507 1021 3603 1072 καὶ
3635 1006 3772 1071 κοι-

2174 1107 2336 1163 νωνεῖ
2370 1110 2602 1164 ἕκαστον
2637 1110 2853 1179 ἑκάστῳ
2908 1106 3010 1177 τῆς
3058 1108 3312 1171 ὶναντίας
3352 1100 3501 1176 αὐτῷ
3538 1107 3773 1174 φύσεως

2176 1195 2467 1270 θαυμασίῳ
2497 1201 2706 1269 τρόπῳ,
2740 1202 2836 1252 καὶ
2874 1199 3235 1269 μεταδίδωσιν
3264 1198 3451 1269 ἡρέμα
3484 1197 3583 1268 τῆς
3613 1197 3769 1267 πρὸς

2173 1292 2242 1345 τὰ
2271 1293 2499 1361 ἀνόμοια
2528 1290 2886 1360 συγκράσεὼς
2912 1307 2970 1343 τε
2999 1292 3093 1343 καὶ⁸
3119 1289 3398 1355 ένώσεως,
3424 1288 3453 1342 δ
3478 1288 3542 1360 δὴ
3571 1289 3768 1342 πᾶσαν

2174 1380 2453 1450 θαύματος
2482 1380 2791 1449 ὑπερϐολὴν
2821 1380 2954 1433 εἴσω
2982 1381 3292 1435 πίπτουσαν
3323 1378 3652 1446 ἀποφαίνει,
3688 1381 3762 1449 τῇ

2176 1472 2408 1543 δοκούσῃ
2439 1473 2717 1540 ἀνισότητι
2747 1471 2943 1542 εὔηχόν
2976 1489 3098 1525 τινα
3129 1471 3398 1541 ἁρμονίαν
3429 1470 3760 1535 ἀποτελοῦν,

2177 1561 2272 1614 καὶ
2304 1563 2405 1614 οὐκ
2436 1563 2603 1628 ἀξίως
2635 1564 2941 1633 δυναμένην
2973 1562 3374 1630 θαυμάζεσθαι.
3407 1559 3625 1615 Τούτων
3653 1560 3758 1614 οῦν

2176 1652 2269 1704 τὸν
2301 1652 2462 1718 λόγον
2494 1654 2588 1706 νῦν
2620 1635 2911 1718 ἁπαιτεῐς;
2945 1654 2979 1724 ἢ
3022 1654 3230 1707 ἐκεῖνον
3250 1693 3264 1715 ,
3304 1652 3428 1706 καθ’
3453 1651 3513 1706 δν
3544 1652 3574 1705 ό
3613 1652 3758 1706 πάν-

2176 1758 2284 1794 των
2312 1742 2643 1811 δημιουργὸς
2676 1747 2739 1795 ὲκ
2768 1743 2863 1796 τοῦ
2900 1743 2974 1813 μὴ
3006 1742 3159 1807 ὄντος
3184 1741 3358 1796 ταῦτα
3391 1742 3756 1814 παρήγαγενς

492 1844 656 1895 quem
693 1846 857 1885 nemo
889 1849 990 1902 pro
1033 1837 1109 1889 rei
1143 1837 1408 1907 dignitate
1435 1839 1768 1909 satispossit
1792 1840 2071 1895 admirari.

2178 1833 2210 1904 ἢ
2240 1834 2331 1887 τὸν
2361 1834 2679 1905 ἱστοροῦντα
2706 1835 2913 1889 τούτων
2942 1837 3043 1905 τὴν
3077 1836 3316 1906 ποίησιν,
3346 1837 3440 1889 καὶ
3471 1836 3623 1888 ποῖον
3652 1832 3760 1903 μὲν

491 1918 632 1975 Nutu
665 1922 834 1992 igitur
879 1925 1073 1980 horum
1113 1928 1229 1994 tibi,
1257 1927 1477 1997 hospes,
1509 1932 1775 1986 rationem
1801 1932 2063 2002 erplicari

492 2028 639 2069 nunc
670 2019 913 2084 postulas
939 2020 962 2071 ἲ
991 2021 1073 2073 vel
1100 2037 1241 2084 eam,
1270 2038 1380 2091 qua
1428 2023 1641 2078 ratione
1680 2023 1862 2093 Opiiex
1894 2024 2066 2079 aedili-

489 2115 756 2175 catorque
782 2109 1029 2161 omnium
1069 2109 1205 2163 Deus
1238 2126 1301 2164 ex
1345 2111 1516 2165 nihilo
1550 2112 1675 2189 haec
1696 2111 2013 2180 produxerit
2046 2112 2069 2164 ?

492 2198 576 2251 vel
605 2213 753 2259 eam,
788 2214 911 2268 qum
942 2204 1132 2256 horum
1168 2204 1413 2255 omnium
1452 2204 1784 2257 creationem
1826 2214 2067 2267 enarret,

2176 1926 2412 1996 πρῶτον,
2453 1928 2605 1979 ποῖον
2646 1927 2703 1980 δὲ
2749 1928 2935 1996 μέσον,
2983 1930 3138 1980 ποῖον
3181 1924 3227 1981 δ’
3255 1925 3486 1980 ὕστατον
3529 1927 3755 1993 γέγονας

2176 2017 2287 2070 Καὶ
2312 2018 2394 2081 ὃς,
2422 2019 2526 2071 Τὸν
2553 2020 2731 2091 τρίτον
2757 2017 2931 2086 οἶμαι,
2960 2021 3084 2090 ἔφη,
3110 2020 3202 2074 τὸν
3226 2019 3442 2089 πατέρα
3473 2020 3753 2073 ἀπαιτεῖν.

2176 2105 2252 2161 Οίι
2288 2109 2618 2177 συνθεμένου
2649 2110 2727 2180 τῷ
2760 2112 2949 2178 παιδὶ,
2983 2113 3080 2165 καὶ
3111 2112 3545 2183 ὁμολογήσαντος
3567 2151 3582 2175 ,
3612 2108 3757 2180 ἔφην

2177 2200 2287 2268 ἐγώ
2311 2216 2325 2229 ’

488 2301 543 2344 ct
572 2293 700 2361 quid
748 2295 1005 2361 primum,
1049 2298 1179 2366 quid
1217 2299 1479 2365 medium,
1513 2300 1642 2367 quid
1676 2300 1926 2354 ultimum
1964 2298 2165 2353 factum
2199 2295 2399 2355 fuerit?
2427 2300 2578 2356 Istuc
2602 2300 2825 2355 tertium
2893 2300 3110 2371 opinor,
3175 2298 3378 2370 inquit,
3427 2306 3588 2369 pater
3652 2308 3755 2352 ex-

489 2388 647 2457 petit.
678 2389 779 2454 Qui
817 2407 939 2444 cum
982 2393 1074 2446 lilii
1098 2393 1307 2448 dictum
1336 2409 1564 2449 assensu
1595 2411 1696 2450 suo
1721 2396 2153 2464 comprobasset,
2188 2407 2299 2454 tum
2329 2413 2459 2471 ergo
2496 2413 2686 2454 rursus
2719 2397 2793 2451 ita
2826 2411 2946 2451 sum
2982 2410 3215 2451 exorsus
3243 2395 3465 2450 dicere:

557 2482 613 2536 2.
665 2482 891 2539 Rectum
930 2486 1147 2553 quidem
1202 2504 1320 2542 mea
1375 2489 1667 2551 sententia,
1716 2489 1906 2558 optimi
1946 2489 2069 2555 viri,

487 2577 779 2632 consilium
812 2577 1037 2641 iniistis,
1082 2580 1227 2647 quod
1261 2580 1565 2635 inclinastis
1595 2580 1659 2632 ad
1692 2581 1767 2645 id,
1793 2580 1936 2649 quod
1964 2595 2069 2634 non

488 2667 808 2738 pertliﬂicile
875 2678 981 2731 est,
1017 2671 1101 2725 vel
1139 2671 1364 2725 omnino
1394 2683 1549 2726 extra
1604 2672 1920 2726 lacullatem
1969 2686 2070 2726 no-

487 2774 661 2816 atram
686 2761 923 2828 positum
960 2779 973 2814 :
996 2764 1167 2815 multo
1195 2764 1339 2816 enim
1371 2764 1553 2817 hercle
1580 2778 1831 2817 sermone
1858 2762 2068 2832 indige-

488 2861 575 2907 ret
650 2853 896 2922 priorum
949 2856 1311 2921 quaestionum]
1352 2853 1664 2924 explicatio,
1723 2854 2069 2923 multumque

490 2942 649 2998 nobis
687 2943 985 2999 lacesseret
1017 2946 1240 3013 negotii,
1280 2945 1729 3015 philosophorum
1771 2944 1935 3000 etiam
1963 2944 2068 2999 lin-

487 3051 594 3105 gua
622 3044 677 3091 et
706 3038 895 3091 auditu
942 3052 1081 3106 opus
1112 3038 1351 3093 haberet.
1388 3038 1534 3092 Illam
1566 3052 1730 3108 porro
1774 3038 2065 3102 rationem,

488 3145 596 3199 qua
632 3129 747 3184 haec
773 3131 958 3185 omnia
990 3131 1308 3200 produxerit
1335 3132 1500 3195 Deus.
1545 3134 1980 3203 sapientiamque
2008 3133 2071 3186 il-

487 3221 621 3287 iam,
645 3237 752 3291 qua
777 3224 1095 3277 universum
1128 3224 1273 3278 hunc
1300 3225 1560 3278 mundum
1585 3225 1886 3288 :edilicarit,
1919 3224 2070 3278 s~lus

2254 2491 2320 2562 β’.
2355 2490 2429 2546 Εὖ
2459 2510 2548 2562 μοι
2577 2488 2960 2561 βεϐουλεῦσθαι
2986 2488 3217 2554 δοκεῖτε,
3247 2486 3383 2558 πρὸς
3410 2486 3473 2539 τὸ
3504 2484 3579 2555 μὴ
3606 2480 3749 2537 πάνυ

2180 2583 2414 2654 χαλεπὸν
2437 2584 2470 2653 ἥ
2502 2583 2762 2637 ἀδύνατον
2787 2582 3082 2642 νεύσαντες
3106 2596 3120 2607 ·
3151 2579 3259 2633 τῶν
3289 2580 3387 2649 μὲν
3413 2578 3522 2646 γὰρ
3551 2575 3751 2647 προτέ-

2180 2693 2290 2745 ρων
2330 2676 2660 2747 ζητημάτων
2697 2675 2727 2725 ὀ
2768 2673 2925 2742 λόγος
2974 2671 3141 2734 πολὺς
3183 2669 3250 2724 ἂν
3290 2670 3399 2739 εἴη,
3441 2671 3536 2723 καὶ
3579 2668 3749 2722 πολλὰ

2176 2767 2434 2837 παρέχων
2464 2768 2596 2836 ἡμῖν
2628 2764 2951 2835 πράγματα,
2971 2762 3298 2831 φιλοσόφων,
3336 2761 3431 2813 καὶ
3462 2759 3749 2830 γλώττης,

2174 2861 2269 2915 καὶ
2297 2862 2469 2928 ἀκοῆς
2495 2858 2770 2929 δεόμενος.
2801 2859 2973 2925 Λόγον
3002 2857 3061 2910 δὲ
3091 2856 3255 2909 πάλιν
3285 2855 3516 2918 ἐκεῖνον,
3546 2851 3667 2906 καθ’
3689 2853 3747 2905 ὸν

2173 2951 2352 3005 πάντα
2384 2949 2710 3019 παρήγαγεν
2736 2951 2766 3002 ό
2790 2948 2944 3015 Θεὸς,
2972 2948 3065 3001 καὶ
3092 2947 3307 3016 σοφίαν,
3336 2940 3371 3022 ᾖ
3400 2946 3574 2999 ταῦτα
3600 2944 3748 3013 8:511-

2176 3042 2542 3112 μιούργηκεν,
2581 3042 2747 3104 αὐτὸς
2801 3040 2869 3093 ἂν
2913 3040 3072 3108 μόνος
3118 3037 3287 3108 εἰδείη
3316 3055 3331 3071 ο
3369 3039 3502 3108 ἡμῖν
3541 3036 3600 3088 δὲ
3640 3033 3745 3101 ἄρα

2169 3133 2290 3187 τόδε
2321 3134 2520 3195 παντὸς
2554 3132 2755 3202 μᾶλλον
2783 3132 3071 3209 ἀδύνατον.
3105 3130 3179 3183 Ού
3212 3127 3316 3199 γὰρ
3343 3124 3486 3182 οἶδεν
3517 3128 3550 3197 ἡ
3575 3126 3744 3191 οίκία,

2170 3225 2339 3295 ούδίίι
2374 3225 2537 3289 ναῦς,
2571 3224 2671 3293 τὴν
2700 3223 2897 3293 τέχνην
2917 3261 2932 3285 ,
3034 3221 3225 3288 γέγονε
3252 3236 3265 3250 ο
3300 3218 3478 3271 καίτοι
3512 3219 3608 3272 καὶ
3636 3218 3745 3287 ἀμ-

487 3313 608 3383 ipse
634 3315 847 3368 noverit
881 3331 896 3366 :
934 3326 1033 3369 nec
1065 3316 1359 3384 quidquam
1394 3326 1477 3371 est
1508 3316 1775 3386 proiecto,
1812 3318 1970 3387 cujus
2015 3317 2069 3369 in

2176 3318 2381 3385 φότερα
2403 3316 2578 3371 ταῦτα
2625 3311 2784 3368 τοῦτο
2811 3314 2845 3384 ἢ
2876 3314 3053 3367 ὲκείνο
3081 3313 3140 3365 τὸ
3167 3306 3304 3371 εῐδος
3331 3308 3494 3377 μόνον
3524 3308 3608 3375 (ού
3641 3308 3746 3378 μὴν

491 3404 857 3473 cognitionem
895 3407 1152 3460 devenire
1182 3404 1362 3461 minus
1390 3408 1689 3476 posSimus.
1724 3405 1866 3472 Quid
1898 3405 2073 3460 enim?

490 3496 713 3549 novitne
735 3496 959 3564 domus,
988 3497 1215 3552 nuvitne
1245 3498 1402 3552 navis
1433 3505 1629 3562 artem,
1658 3512 1763 3566 qua
1796 3496 1938 3551 facta
1966 3496 2073 3551 est?

488 3587 555 3641 Et
588 3595 767 3642 tamen
793 3588 966 3643 ambae
987 3587 1122 3642 nihil
1155 3597 1349 3656 praeter
1379 3590 1518 3642 hanc
1554 3588 1639 3642 vel
1669 3587 1815 3642 illam
1841 3589 2071 3643 formam

487 3679 622 3747 (non
652 3686 931 3746 acceptam
972 3677 1127 3731 initio
1160 3678 1687 3744 exsisteutiammon
1713 3687 1936 3744 statum,
1962 3693 2069 3734 non

489 3770 1002 3839 conservationem)
1046 3784 1209 3823 manu
1236 3769 1678 3841 cogitatione'que
1704 3780 1892 3825 nostra
1918 3785 2076 3826 acce-

490 3870 709 3931 perunt.
743 3862 887 3916 Deus
914 3870 1125 3927 autem,
1158 3863 1300 3932 quod
1338 3865 1522 3918 omnia
1555 3877 1618 3918 ex
1669 3863 1841 3919 nihilo
1872 3864 2075 3932 produ-

488 3951 592 4012 xit.
625 3958 679 4004 et
711 3952 765 4003 in
809 3965 990 4006 rerum
1034 3963 1226 4005 natura
1280 3960 1594 4017 conservat,
1644 3967 1753 4007 non
1802 3954 2070 4005 minorem

488 4038 618 4094 inde
638 4039 1058 4094 admirationem
1084 4052 1285 4105 movet,
1302 4058 1463 4112 quam
1490 4042 1613 4110 quia
1636 4041 1928 4110 quamdam
1952 4041 2074 4094 sitte

490 4134 601 4187 ulla
650 4131 854 4201 specie,
901 4143 1069 4203 atque
1114 4146 1395 4187 carentem
1447 4133 1709 4201 qualitate
1762 4132 2070 4197 materiam,

489 4233 639 4279 certa
666 4224 847 4294 aliqua
878 4224 1060 4279 forma
1094 4227 1372 4293 posterius
1403 4223 1706 4291 insignivit.
1735 4223 1825 4286 Et,
1870 4224 1916 4278 si
1973 4239 2073 4277 no-

491 4334 604 4375 stra
638 4333 747 4373 non
784 4318 1388 4391 cognoscimus,aliena
1406 4316 1679 4383 quomodo
1712 4324 1858 4369 recte
1883 4330 2071 4370 nosce-

489 4411 710 4466 remus?
744 4410 849 4465 Sed
879 4419 1064 4462 tamen
1095 4409 1200 4461 hoc
1228 4417 1379 4461 certo
1417 4407 1643 4469 scimus,
1684 4406 1931 4459 divinum
1962 4407 2070 4460 Nu-

488 4518 613 4555 men
662 4501 731 4554 ob
752 4500 924 4555 solam
960 4497 1257 4550 bonitatem
1307 4512 1464 4552 suam
1507 4497 1729 4566 angelos
1774 4497 2067 4562 creavisse,

487 4605 818 4658 omnemque
850 4588 1016 4641 alium
1046 4588 1321 4652 ordinem,
1356 4586 1449 4656 qui
1474 4596 1668 4641 natura
1699 4586 1967 4643 sentiente
1993 4598 2072 4642 te-

2178 3410 2273 3463 xat‘t
2298 3407 2358 3462 τὸ
2383 3409 2481 3481 τὴν
2510 3408 2684 3479 ἀρχὴν
2714 3408 3017 3473 ὑποστῆναι
3040 3447 3056 3473 ,
3082 3405 3178 3459 καὶ
3205 3398 3587 3470 συντηρεῖσθαι
3604 3438 3621 3463 ,
3651 3399 3751 3452 καὶ

2177 3500 2563 3571 διασώζεσθαι)
2599 3500 2749 3572 παρά
2778 3501 2874 3569 τῆς
2903 3498 3182 3569 ἡμετέρας
3211 3494 3393 3566 χειρός
3419 3509 3480 3545 τε
3508 3492 3606 3545 καὶ
3633 3490 3750 3545 δια-

2181 3592 2329 3654 νοίας
2365 3592 2635 3660 ἀπείληφε
2658 3607 2673 3622 ·
2706 3590 2839 3651 Θεὸς
2876 3588 2934 3641 δὲ
2970 3587 3151 3641 πάντα
3184 3579 3524 3652 παραγαγὼν
3556 3579 3615 3644 ἐξ
3646 3578 3743 3631 οὐκ

2179 3682 2370 3745 όντων,
2403 3681 2498 3734 καὶ
2538 3679 2819 3750 συντηρῶν
2853 3681 2913 3731 έν
2946 3676 3026 3747 τῷ
3061 3670 3223 3739 εἶναι,
3262 3673 3360 3741 οὐχ
3390 3662 3553 3742 ἧττόν
3586 3684 3650 3738 γε
3684 3669 3745 3721 ἐκ

2179 3772 2373 3825 τούτου
2417 3771 2795 3839 θαυμάζεται,
2830 3769 2862 3838 ἢ
2910 3767 3019 3821 ἀπὸ
3050 3764 3145 3819 τοῦ
3179 3763 3277 3835 τὴν
3312 3761 3549 3815 ἀνείδεον
3580 3758 3741 3827 ὕλην,

2178 3862 2248 3933 ἢν
2272 3863 2635 3932 ὑπεστήσατο,
2664 3860 3003 3929 είδοποιῆσαι
3032 3855 3515 3928 μεταγενέστερον.
3543 3850 3670 3917 Καὶ,
3697 3850 3745 3901 εί

2179 3953 2248 4007 τά
2287 3953 2582 4021 καθ’ἠμᾶς
2622 3951 2682 4002 ού
2723 3948 3088 4018 γινώσκομεν,
3132 3946 3251 4009 πῶς
3288 3944 3354 3999 ἂν
3394 3942 3577 4006 καλῶς
3620 3939 3745 4009 περὶ

2179 4045 2289 4097 τῶν
2319 4044 2493 4098 ἄλλων
2520 4043 2684 4112 εἰδείη
2696 4059 2830 4111 μεν;
2866 4041 3013 4109 Πλήν
3041 4056 3101 4108 γε
3128 4035 3287 4092 τοῦτο
3316 4036 3518 4098 παντὸς
3550 4033 3743 4105 μᾶλλον

2180 4140 2360 4207 ῐσμεν,
2414 4138 2489 4199 ὡς
2538 4135 2608 4188 δι’
2632 4134 2944 4203 ἀγαθότητα
2995 4133 3162 4202 μόνην
3203 4129 3332 4192 τούς
3374 4145 3435 4183 τε
3484 4126 3743 4196 ἀγγέλους

2179 4227 2669 4296 προῦπεστήσατο,
2701 4228 2796 4276 καὶ
2827 4224 3009 4277 πᾶσαν
3040 4222 3206 4291 ἄλλην
3233 4219 3598 4286 διακόσμησιν
3626 4230 3743 4282 νοη·

2176 4323 2317 4389 τήν·
2358 4314 2481 4371 εἶτα
2526 4317 2622 4370 καὶ
2659 4316 2816 4387 τήνδε
2859 4317 2957 4386 τὴν
2999 4313 3289 4385 ὁρωμένην
3331 4309 3626 4381 παρήγαγέ
3664 4321 3736 4370 τε,

2179 4410 2276 4463 καὶ
2309 4410 2644 4476 εἰδοποίησε,
2676 4410 2770 4460 καὶ
2801 4409 3049 4478 προνοεῖ,
3082 4407 3177 4459 καὶ
3210 4404 3427 4473 συνέχει
3457 4402 3637 4455 πάντα
3662 4398 3740 4451 δε-

2180 4502 2335 4571 σμοῖς
2375 4500 2556 4569 φιλίας
2594 4496 2857 4569 ἁρρήτοις
2900 4498 2999 4569 (2i,
3042 4498 3138 4550 καὶ
3176 4494 3446 4566 συμφυῒᾳ,
3483 4493 3641 4559 λόγον
3674 4505 3741 4543 νι-

2180 4593 2330 4660 κώσῃ
2356 4594 2448 4643 καὶ
2474 4588 2599 4642 νοῦν
2622 4589 2982 4659 ἀνθρώπειον.
3009 4589 3272 4642 Λείπεται
3295 4585 3472 4637 τοίνυν
3496 4582 3739 4652 φράζειν,

490 4693 685 4737 ncatur
718 4699 732 4736 :
765 4679 963 4734 deinde
985 4681 1153 4746 hunc,
1177 4694 1337 4747 quem
1364 4681 1628 4743 videmus,
1652 4680 1912 4735 mundum
1941 4695 2068 4751 pro-

2176 4674 2317 4752 ᾗτινι
2368 4681 2539 4733 ταῦτα
2565 4678 2717 4741 τάξει
2744 4679 3227 4747 δεδημιούργηται.
3256 4675 3323 4728 Ἦ
3385 4673 3500 4738 πῶς
3531 4672 3738 4738 λέγετε;

489 4775 735 4838 duxisse,
768 4784 1030 4844 certaque
1054 4774 1238 4845 Specie
1265 4789 1329 4830 ac
1352 4773 1524 4829 forma
1548 4774 1858 4839 decorasse,
1887 4775 2072 4844 provi-

488 4867 782 4935 deutiaqtte
804 4882 902 4922 sua
923 4867 1100 4923 adhuc
1122 4881 1451 4923 conservare
1472 4870 1803 4937 aeternisque
1832 4880 2071 4921 concor—

2191 4771 2353 4830 Ἀλλά
2384 4769 2561 4833 τοῦτο,
2595 4769 2801 4837 ἔφασαν
2829 4769 2963 4835 οἵδε,
2995 4769 3133 4831 τέως
3162 4767 3489 4833 ἀκούσωμεν
3514 4777 3530 4793 ο
3563 4760 3659 4830 τὴν
3690 4758 3738 4810 δὲ

2182 4864 2293 4918 τῶν
2325 4864 2464 4932 ὑπὲρ
2494 4863 2641 4930 ἡμᾶς
2666 4860 2867 4928 γνῶσιν
2893 4862 3009 4929 Θεῷ
3035 4860 3442 4928 καταλίπωμεν.

488 4960 592 5014 dim
622 4960 877 5027 vinculis,
919 4963 1267 5033 naturalique
1286 4962 1693 5032 conjunctione,
1718 4954 1837 5032 quae
1856 4977 2016 5032 supra
2035 4976 2251 5015 omnem
2279 4959 2559 5014 hominum
2581 4956 2848 5009 rationem
2875 4964 3206 5024 captumque
3230 4953 3467 5023 putanda
3490 4959 3594 5013 est,
3616 4963 3742 5002 cun-

488 5066 574 5109 cta
597 5056 895 5109 continere.
914 5053 1203 5124 Reliquum
1226 5066 1309 5111 est
1326 5056 1513 5125 igitur,
1537 5065 1598 5109 ut
1623 5071 1731 5124 qun
1755 5055 1867 5107 hace
1891 5055 2082 5108 ordine
2106 5053 2366 5107 fabricata
2393 5047 2617 5111 iuerint,
2661 5048 3007 5117 eloquamur.
3031 5051 3111 5101 An
3153 5063 3258 5101 non
3289 5046 3441 5101 vobis
3484 5046 3557 5099 ita
3603 5040 3741 5101 vide.

490 5148 620 5205 tur?
645 5144 817 5203 Nobis
845 5144 1062 5217 quidem
1091 5149 1326 5213 videtur,
1350 5146 1869 5218 inquiebant.idque
1910 5146 2126 5200 interim
2154 5145 2442 5198 audiamus
2473 5159 2486 5193 :
2523 5155 2645 5209 qua:
2678 5154 2807 5193 vero
2838 5154 3000 5208 supra
3032 5154 3130 5193 nos
3161 5147 3308 5201 Sunt,
3335 5151 3520 5192 eorum
3564 5133 3740 5204 cogni-

491 5251 692 5303 tionem
729 5245 836 5300 Deo
864 5244 1259 5312 relinquamus.

562 5343 616 5396 3.
651 5340 853 5395 Verum
895 5340 962 5393 dc
995 5338 1126 5404 illis,
1164 5340 1411 5406 inquam,
1474 5337 1613 5393 nihil
1662 5346 1912 5392 neStrum
1959 5349 2065 5388 au-

490 5436 627 5489 dies.
676 5430 811 5485 Nam
835 5445 956 5500 quae
1008 5427 1150 5485 Deus
1184 5427 1354 5499 Moysi
1419 5430 1705 5483 scribenda
1762 5426 2061 5490 mandavit,

494 5524 610 5578 haec
633 5536 734 5590 ego
760 5521 856 5576 tibi
897 5520 1156 5574 narrabo.
1182 5520 1427 5584 Quorum
1465 5518 1510 5573 si
1568 5518 1696 5586 quid
1747 5515 1901 5570 aliter
1948 5527 2085 5603 ene:

491 5614 657 5680 datis,
679 5615 852 5669 dicas.
876 5611 1062 5683 Neque
1087 5622 1269 5667 tamen
1304 5610 1436 5666 illud
1460 5611 1558 5669 abs
1579 5620 1631 5665 te
1658 5607 1897 5681 ignorari
1921 5607 2064 5671 volo,

566 5815 643 5885 (ί)
675 5813 745 5864 Τε
770 5813 923 5870 deest
954 5813 1005 5866 in
1042 5812 1176 5881 Reg.

2244 5330 2315 5398 γ’.
2356 5329 2497 5382 “Δ).λ’
2523 5327 2675 5381 οὐδὲν
2692 5325 2903 5397 ἀκούσῃ
2931 5325 3059 5395 περὶ
3085 5327 3310 5391 τούτων,
3352 5321 3509 5392 ἔφην.
3547 5319 3737 5390 ἡμέτε-

2177 5441 2267 5492 ρον
2288 5439 2302 5452 ο
2341 5420 2376 5475 ἀ
2410 5422 2516 5488 γὰρ
2552 5420 2760 5487 Μωῡσῇ
2791 5418 2926 5478 Θεὸς
2964 5413 3266 5485 προσέταξε
3308 5412 3541 5481 γράψαι,
3572 5407 3737 5462 ταῦτα

2173 5531 2257 5569 σοι
2294 5513 2650 5583 διηγήσομαι.
2683 5508 2748 5561 Ei
2776 5526 2829 5561 τι
2860 5507 2992 5578 γοῦν
3033 5507 3241 5560 τούτων
3281 5506 3410 5574 ὑμῖν
3445 5502 3620 5563 ἄλλως
3655 5517 3737 5551 πι-

2178 5605 2448 5668 στεύεται,
2487 5600 2714 5669 φράσον.
2754 5599 2901 5668 Πλήν
2947 5614 3005 5650 σε
3038 5596 3329 5667 γινώσκειν
3370 5593 3561 5659 ἐθέλω,
3591 5590 3665 5653 ὡς
3694 5589 3737 5642 οι

2670 5702 2699 5721 λ

2247 5801 2435 5873 (2)510
2467 5799 2625 5854 ambo
2648 5813 2669 5864 ,ο
2701 5796 2839 5853 forte
2874 5794 3191 5864 ἀρῥήκτυιςο
