4144 6282
390 378 496 450 153

1372 385 1599 447 DIALO
1622 386 1777 450 GUS
1814 388 1872 450 ΙΙ
1909 388 2066 450 CUM
2100 388 2659 452 ΜΟΙΙΑΜΕΤᾹΝΟ.

3538 384 3640 451 ιδι

385 500 457 557 τὰ
501 496 835 569 πρωτότυπα
875 495 1223 568 κεκτημένοι,
1261 498 1387 562 τοὺς
1446 498 1734 565 Ἰουδαίους
1787 502 1953 571 λέγω,

2069 518 2159 557 ros
2182 502 2275 571 qui
2307 516 2479 557 sacra:
2543 500 2841 571 Scriptura:
2881 499 3091 569 primos
3152 506 3329 553 textus
3383 500 3645 568 possede-

383 589 587 657 καίπερ
618 586 804 659 ἐχθροὶ
825 588 928 657 τῆς
965 588 1203 653 πίστεως
1227 589 1399 659 ὄντες,
1432 594 1563 662 περὶ
1588 593 1699 645 τῶν
1725 592 1822 661 τῆς
1843 593 1961 645 κτί-

387 698 526 745 σεως
555 682 731 749 λόγων
760 678 916 735 οὐδὲν
937 683 1073 753 πρὸς
1094 685 1245 753 ἡμᾶς
1272 685 1639 755 διαφέρονται.
1682 685 1841 739 Ἀλλά
1867 686 1963 738 καὶ

385 775 521 842 ἡμίν
550 773 919 842 διαφερόντως
946 775 1145 827 ἐκεῖνοι
1178 775 1369 846 ὶχθροὶ
1394 778 1754 845 τυγχάνουσιν
1786 776 1958 839 ὄντες,

384 862 547 930 ἔφην,
579 860 718 932 πρὸς
742 864 926 932 μέντοι
951 864 1109 919 τοῦτο
1138 864 1544 935 ξυμϐαίνουσιν.
1569 867 1799 931 Οὐκοῦν,
1822 867 1962 935 ἔφην

386 954 524 1021 ὲγὼ,
555 956 604 1008 εἰ
639 956 734 1008 καὶ
761 955 1093 1026 ἀμφοτέροις
1120 960 1252 1029 ἡμῖν
1303 960 1408 1013 οἵδε
1450 960 1593 1011 κατά
1625 958 1783 1013 τοῦτο
1818 975 1960 1027 συμ-

388 1047 656 1115 ϐαίνουσι,
697 1048 789 1101 καὶ
824 1049 1079 1120 ἀλλήλοις
1129 1051 1288 1119 ἡμεῖς
1334 1051 1744 1120 ξυμόησόμεθα.
1790 1050 1960 1119 Δῆλον

386 1139 472 1207 δὴ,
502 1137 604 1208 εφη
664 1140 693 1191 ό
730 1141 936 1210 γέρων.
970 1143 1125 1211 Ἀμα
1154 1143 1213 1195 δὲ
1241 1146 1333 1197 καὶ
1364 1146 1414 1197 οί
1449 1144 1638 1207 παῖδες
1666 1145 1757 1197 τόν
1785 1161 1842 1197 τε
1874 1143 1963 1196 λό·

392 1246 491 1298 γον
523 1230 782 1302 ἐπῄνουν,
821 1234 917 1287 καὶ
946 1233 1044 1304 τὴν
1077 1236 1322 1306 ἱστορίαν
1356 1236 1619 1306 ἀπῄτουν,
1648 1236 1716 1305 ἢν
1744 1234 1807 1305 δὴ
1837 1235 1960 1289 κατ’

387 1323 703 1393 ἀκρίϐειαν,
733 1324 807 1387 ὡς
842 1319 953 1378 οἶόν
979 1326 1025 1378 τ’
1053 1323 1145 1399 ἦν,
1176 1329 1519 1383 ἀποδέδωκα.
1542 1330 1811 1399 Εὖρισκον
1838 1328 1963 1396 μέν-

384 1431 468 1466 τοι
505 1414 731 1479 τούτους
763 1416 829 1468 τά
861 1416 1032 1470 πλείω
1058 1434 1122 1484 γε
1158 1419 1581 1488 συγκεχυμένως
1615 1419 1845 1479 είδὸτας,
1867 1417 1963 1468 καὶ

385 1510 462 1568 ὡς
491 1502 560 1578 ἦν
598 1511 747 1572 είκὺς
776 1512 1022 1566 δ;ἀνοιαν
1051 1513 1232 1579 ἄθεον,
1269 1514 1365 1565 καὶ
1414 1514 1513 1582 οὐχ
1563 1513 1681 1565 οἷαν
1715 1511 1963 1581 θειότερά

384 1616 508 1654 τινα
528 1600 783 1667 δέξασθαι
815 1604 1144 1672 πράγματα,
1166 1604 1259 1656 καὶ
1293 1608 1565 1674 σαρκικῆς
1596 1603 1874 1669 δυνάμεώς
1899 1619 1959 1656 τε

386 1689 483 1741 καὶ
510 1690 765 1757 γνώσεως
788 1692 1118 1763 ὑψηλότερα,
1147 1694 1179 1765 ἢ
1210 1695 1483 1764 ἀλλότρια.
1515 1692 1609 1759 Οἷς
1637 1690 1745 1766 γὰρ
1769 1693 1833 1767 δὴ
1850 1692 1960 1747 τῶν

387 1778 700 1849 λεγομενων
726 1781 795 1835 τὰ
821 1785 972 1851 σφῶν
1006 1784 1188 1853 βιϐλία
1215 1783 1515 1850 ξυνέϐαινε,
1546 1786 1759 1849 τούτοις
1797 1786 1959 1849 εὐθὺς

386 1868 731 1940 ὡμολόγουν,
759 1851 1092 1941 φιλονεικίας
1126 1879 1311 1948 πάσης
1340 1879 1758 1948 ἀπηλλαγμένοι
1779 1893 1794 1909 ⁸
1845 1881 1960 1940 τοῖς
1993 1851 2035 1904 Β

389 1960 457 2021 ἃ,
476 1961 685 2027 λοιποῖς
718 1964 814 2034 ὀψὲ
852 1969 942 2021 καὶ
975 1969 1148 2038 μόλις.
1188 1971 1371 2025 Πάντα
1403 1971 1471 2036 δ’,
1504 1972 1588 2025 ἵνα
1626 1971 1822 2037 θᾶττον
1868 1970 1961 2024 sui

385 2069 441 2108 τι
474 2056 836 2129 καιριώτερον
880 2059 1112 2130 ἔλθοιμι,
1153 2062 1511 2128 τελευτῶντες
1543 2064 1783 2127 ἅπαντες
1830 2064 1964 2117 ἀπε-

380 2145 623 2216 δέχοντο.
662 2150 736 2202 Οὐ
769 2150 877 2220 μὴν
920 2152 1057 2205 ἀλλὰ
1091 2154 1305 2208 καὶτὸν
1328 2155 1457 2223 περὶ
1490 2156 1590 2224 τῆς
1619 2155 1840 2224 ἐντολῆς
1867 2154 1963 2209 καὶ

380 2241 474 2293 τὸν
492 2240 591 2306 τῆς
617 2244 986 2311 παραϐάσεινις
1015 2244 1193 2313 λόγον,
1224 2247 1321 2314 τῆς
1347 2247 1761 2317 προπατορικῆς
1790 2247 1957 2313 λέγω,

384 2335 481 2384 καὶ
520 2335 621 2402 τῆς
650 2334 738 2387 διὰ
770 2336 972 2402 ταύτην
1023 2338 1164 2407 ἀρᾶς
1212 2339 1307 2391 καὶ
1341 2338 1580 2408 ἔξορίας,
1611 2340 1706 2391 καὶ
1735 2340 1835 2409 τῆς
1861 2339 1959 2392 τοῦ

388 2421 558 2475 Ἀϐελ
596 2424 882 2494 τελευτῆς,
940 2432 1037 2482 καὶ
1073 2430 1138 2498 δὴ
1169 2429 1265 2483 καὶ⁵
1294 2429 1390 2483 τοῦ
1420 2431 1833 2501 κατακλυσμοῦ,
1864 2432 1962 2485 καὶ

384 2513 485 2582 τῆς
520 2514 614 2566 τοῦ
649 2515 773 2567 Νῶε
808 2516 1043 2569 κιϐωτοῦ
1069 2556 1085 2581 ,
1121 2520 1215 2570 καὶ
1246 2520 1346 2587 τῆς
1381 2522 1437 2571 ὲν
1473 2520 1963 2590 Αίγύπτῳ.παροι-

389 2602 512 2665 κίας
548 2604 644 2657 τοῦ
690 2605 931 2675 Ἰσραὴλ,
966 2609 1059 2660 καὶ
1110 2609 1207 2679 τῆς
1256 2610 1465 2663 ἐκεῖθεν
1493 2610 1696 2675 ἐξόδου,
1738 2612 1834 2665 καὶ
1864 2614 1962 2682 τῆς

386 2693 690 2758 διαϐάσεως
715 2696 817 2765 τῆς
849 2698 905 2749 ἑν
942 2697 1199 2768 Ἐρυθρᾷ,
1226 2701 1437 2771 καὶτῆς
1462 2703 1520 2755 ὲν
1548 2704 1739 2773 ἐρήμῳ
1765 2702 1959 2769 διόδου,

385 2789 481 2840 καὶ
501 2787 611 2839 τῶν
640 2789 697 2840 ἐν
715 2790 851 2842 πᾶσι
880 2790 1089 2853 τούτοις
1124 2792 1303 2861 ἔργων
1324 2794 1458 2846 Θεοῦ
1486 2808 1504 2826 ο
1536 2797 1754 2848 πάντων
1780 2797 1963 2849 τοῖνυν

386 2875 597 2930 τούτων
616 2879 714 2947 τὴν
741 2879 1007 2949 ίστορίαν,
1031 2884 1123 2935 καί
1146 2900 1297 2946 τινας
1322 2885 1491 2948 ἄλλας
1513 2887 1622 2938 τῶν
1657 2888 1717 2939 εν
1746 2890 1812 2958 τῇ
1842 2886 1962 2958 θείᾳ

387 2966 577 3037 Γραφῇ
628 2967 778 3021 ἴσασι
834 2970 1381 3041 μὲν,νενοθευμένως
1427 2972 1473 3027 δ’
1519 2970 1612 3027 οὖν
1644 2976 1828 3045 ὅμως·
1866 2975 1962 3031 νῦν

384 3060 494 3127 γὰρ
524 3060 583 3110 ιν
607 3056 689 3122 οἷς
720 3058 1012 3129 ὲχώλευον,
1044 3061 1254 3117 ἕκαστα
1289 3063 1468 3130 λέγειν
1493 3065 1811 3136 περίεργον.
1848 3068 1962 3122 Καὶ

2068 602 2223 656 runt,
2248 592 2466 649 Iudaeos
2503 593 2648 658 dico,
2701 592 3057 662 quantumvis
3120 602 3322 646 nostra:
3363 590 3643 660 religionis

2066 683 2275 745 hostes.
2306 683 2398 737 ubi
2422 682 2490 737 de
2521 683 2770 737 doctrina
2827 681 3122 737 creatiouis
3179 681 3377 750 agitur,
3438 695 3644 749 nequa-
3758 723 3763 730 .

2063 789 2227 842 quam
2258 789 2288 828 a
2331 773 2817 829 nobisdissentire.
2856 775 2924 828 At
2982 774 3150 836 enim,
3200 773 3401 840 inquit,
3449 787 3645 840 quam-

2064 873 2146 925 vis
2177 871 2447 925 maximas
2502 871 2667 925 etiam
2720 869 3005 923 nobiscum
3055 867 3372 920 inimicitias
3429 873 3643 935 gerant,

2064 962 2164 1018 hac
2195 971 2375 1017 tamen
2408 964 2474 1017 de
2506 978 2564 1016 re
2599 962 2755 1016 nobis
2780 959 3153 1014 consentiunt.
3180 957 3316 1011 Tum
3346 973 3447 1027 ego
3475 974 3490 1012 :
3535 956 3645 1010 lta-

2062 1070 2169 1124 que
2196 1056 2240 1109 si
2279 1056 2440 1109 nobis
2470 1054 2737 1107 ambobus
2762 1052 2863 1105 hac
2886 1052 2952 1104 de
3005 1068 3060 1104 re
3103 1050 3483 1113 consentiunt,
3541 1064 3645 1102 nos

2063 1146 2226 1199 etiam
2276 1145 2508 1199 invicem
2533 1144 2970 1198 consentiemus.
3008 1141 3085 1195 Ita
3108 1151 3211 1203 est,
3242 1139 3421 1208 inquit
3448 1154 3642 1193 senex.

2064 1238 2233 1303 Quem
2279 1252 2587 1291 sermonem
2656 1235 2818 1288 simul
2874 1235 3036 1288 etiam
3103 1233 3197 1287 lilii
3240 1233 3646 1297 collaudabant,

2064 1329 2557 1397 narrationemque
2586 1328 2653 1379 de
2703 1330 2985 1379 creatione
3038 1325 3428 1392 exposcebant,
3479 1337 3646 1391 quam

2066 1435 2167 1489 ego
2278 1434 2442 1487 quam
2543 1417 2963 1473 accuratissime
3051 1426 3299 1486 poteram
3393 1414 3644 1483 exposui.

2070 1511 2178 1566 Eos
2243 1523 2422 1566 tamen
2484 1508 3197 1581 plerumque'deprehendi
3238 1506 3467 1563 confuse
3528 1519 3643 1559 rem

2068 1612 2274 1664 tenere.
2321 1613 2377 1658 et
2422 1613 2484 1658 ut
2544 1617 2769 1657 necesse
2795 1609 2914 1673 erat
2948 1616 2977 1654 a
3032 1600 3144 1654 Deo
3195 1615 3303 1653 non
3360 1599 3650 1653 illustrat-ae

2066 1694 2238 1751 menti
2272 1696 2614 1765 contingere,
2654 1710 2775 1763 qum
2804 1693 3078 1747 diviniora
3124 1690 3409 1753 vaticinia,
3453 1704 3649 1744 carna—

2066 1788 2212 1858 lique
2238 1787 2498 1842 facultate
2560 1800 2625 1840 ac
2668 1783 2867 1839 notitia
2908 1783 2990 1837 vel
3052 1783 3270 1843 altiora,
3310 1782 3395 1835 vel
3446 1779 3649 1844 aliena,

2065 1894 2262 1950 capere
2285 1888 2542 1948 nequeat.
2571 1876 2705 1931 Nam
2736 1892 2858 1947 qua:
2887 1876 3032 1930 dit-ta
3059 1875 3175 1930 suis
3194 1874 3349 1929 libris
3377 1886 3647 1943 congrue—

2068 1974 2219 2032 bant.
2251 1971 2319 2026 iis
2353 1970 2429 2023 illi
2454 1968 2642 2024 statim
2660 1968 2869 2037 absque
2902 1967 3009 2021 ulla
3061 1966 3410 2021 contentione
3456 1980 3649 2021 asseu-

2068 2064 2385 2129 tiebautur;
2416 2060 2644 2129 reliquis
2673 2061 2829 2114 tarde
2857 2067 2910 2114 et
2938 2059 3247 2113 diﬂieulter.
3295 2058 3421 2121 Sed,
3483 2066 3542 2109 ut
3578 2054 3646 2109 ad

2048 2154 2271 2225 aliquid
2295 2153 2523 2239 majoris
2548 2150 2811 2208 momenti
2853 2150 3146 2204 confestim
3176 2149 3412 2213 veniam,
3452 2161 3647 2201 omnes

2063 2248 2246 2303 omnia
2269 2262 2371 2302 suo
2412 2261 2642 2302 assensu
2701 2242 2921 2299 tandem
2968 2243 3267 2313 aliquando
3321 2239 3650 2309 comproba-

2064 2340 2212 2393 bant.
2248 2328 2501 2392 Attamen
2540 2337 2830 2392 historiam
2857 2336 2923 2389 de
2944 2334 3039 2389 Dei
3072 2333 3329 2388 mandato
3358 2340 3411 2385 et
3438 2330 3506 2385 de
3524 2346 3650 2400 pec—

2063 2441 2209 2497 cato,
2241 2432 2402 2499 primi
2440 2431 2684 2500 parentis
2710 2429 2856 2492 dico,
2886 2429 2956 2484 de
2981 2427 3369 2483 maledictione
3400 2430 3470 2480 ob
3510 2426 3653 2480 hanc

2065 2523 2295 2592 prolata,
2333 2531 2388 2574 et
2408 2522 2477 2577 de
2509 2504 2735 2586 exsilio,
2760 2523 2826 2575 de
2866 2521 3052 2574 Abelis
3116 2528 3312 2582 morte,
3365 2531 3531 2587 porro
3586 2518 3654 2571 de

2066 2615 2292 2680 diluvio,
2325 2614 2392 2668 de
2415 2629 2545 2668 arca
2587 2613 2721 2679 Noe,
2756 2614 2824 2667 de
2858 2612 3078 2667 lsraelis
3105 2612 3158 2665 in
3208 2611 3502 2681 Egyptum
3546 2609 3654 2661 mi-

2066 2704 2337 2773 gratione,
2374 2704 2443 2758 de
2498 2703 2651 2757 exitu
2679 2703 2834 2764 inde,
2867 2704 2931 2756 de
2968 2702 3142 2755 maris
3196 2700 3366 2754 Rubri
3398 2698 3653 2763 transitu,

2068 2795 2373 2864 itinereque
2405 2810 2501 2863 per
2530 2793 2886 2857 solitudines,
2916 2791 2985 2847 de
3015 2792 3409 2860 operibusque.
3451 2803 3573 2858 qua:
3595 2788 3654 2842 in

2065 2887 2152 2941 bis
2177 2886 2435 2941 omnibus
2473 2883 2689 2939 Numen
2714 2882 3254 2954 patravitdivinum:
3316 2882 3509 2935 horum
3553 2879 3657 2949 igi-

2067 2986 2155 3032 tur
2183 2977 2427 3033 omnium
2464 2976 2751 3033 historiam
2786 2975 3187 3044 nonnullasque
3220 2973 3359 3029 alias
3383 2972 3437 3026 in
3495 2985 3653 3026 sacra

2067 3066 2354 3136 Scriptura
2385 3074 2722 3120 memoratas
2771 3076 2981 3119 norunt
3022 3064 3270 3134 quidem,
3312 3063 3658 3117 adulteratas

389 3145 746 3240 pqvaal'tqv
788 3147 960 3219 Ἑνὼχ
1008 3152 1303 3220 μετάθεσιν
1351 3156 1518 3221 ίσασι,
1554 3159 1650 3211 καὶ
1685 3156 1841 3227 ἅρμα
1865 3159 1961 3213 τοῦ

2069 3167 2253 3213 tamen
2282 3159 2418 3214 :sed
2459 3174 2606 3214 nunc
2632 3159 2845 3225 singula
2878 3158 2931 3212 in
2988 3157 3195 3227 quibus
3242 3155 3654 3219 claudicabant,

400 3238 585 3292 Ἠλίου
611 3239 715 3309 (1),
744 3241 839 3295 καὶ
868 3243 968 3311 ζῇν
990 3244 1192 3308 αὐτοὺς
1222 3247 1302 3298 ἔτι
1334 3245 1549 3314 λέγουσι
1575 3263 1590 3278 ⁶
1614 3249 1709 3302 καὶ
1731 3249 1870 3323 πρός
1896 3265 1960 3319 γε

2069 3240 2394 3313 enumerare
2435 3264 2931 3318 supervacaneum.
3007 3248 3152 3313 Quin
3226 3247 3433 3302 Enochi
3487 3246 3653 3300 etiam

383 3328 466 3385 ἔτι
514 3331 768 3403 ’Δσραὰμ
794 3334 896 3387 οὐκ
925 3335 1232 3402 ἀγνοοῦσιν,
1267 3338 1387 3392 οὐδὲ
1430 3339 1618 3404 Δαὸὶδ,
1644 3340 1765 3394 οὐδὲ
1795 3340 1856 3394 τὸ
1887 3336 1964 3395 εἰ·

380 3430 475 3476 ’ναι
503 3424 711 3480 τούτων
741 3427 909 3480 παῖδα
955 3428 1050 3483 τὸν
1100 3429 1333 3499 Ἰησοῦν.
1369 3432 1551 3485 Καλὸν
1580 3431 1638 3485 δὲ
1670 3430 1825 3503 οἶμαι
1872 3434 1961 3486 λέ·

388 3532 506 3585 γειν
530 3519 624 3571 καὶ
653 3517 754 3589 τὴν
775 3519 964 3590 τιμὴν,
991 3520 1057 3590 ἣν
1082 3521 1255 3591 Ἑνώχ
1271 3539 1329 3576 τε
1353 3525 1446 3578 καὶ
1489 3524 1677 3579 Ἦλίαν
1705 3525 1963 3595 εὑρέσθαι

390 3608 546 3676 φασὶ,
578 3610 677 3663 καὶ
696 3610 777 3664 διὸ
806 3612 914 3665 τῶν
942 3612 1165 3668 πάντων
1195 3614 1499 3684 ἀνθρώπων
1530 3616 1674 3679 ὅρων
1708 3617 1854 3687 ζωῆς
1871 3634 1964 3685 γε·

394 3700 587 3767 γόνασι
622 3701 941 3769 κρείττους,
980 3705 1075 3758 καὶ
1112 3708 1281 3775 νόμου
1304 3706 1576 3777 σώματος
1610 3710 1709 3764 καὶ
1740 3710 1962 3777 σαρκός.

395 3794 505 3862 Ζῇν
541 3792 651 3863 γὰρ
684 3794 905 3857 αὐτοὺς,
951 3797 1139 3864 φασιν,
1170 3798 1436 3869 statim»
1464 3802 1496 3853 ό
1538 3800 1691 3863 Θεὸς,
1724 3802 1870 3855 ὥστε
1898 3802 1967 3854 τὰ

395 3885 592 3969 ίμῗάτια
624 3884 853 3956 ῥάπτειν
874 3886 986 3941 τῶν
1017 3890 1132 3942 ὅσοι
1157 3892 1329 3959 δήπου
1367 3892 1625 3961 μέλλουσι
1658 3892 1753 3945 τοῦ
1789 3908 1968 3962 παραυ

388 3976 571 4033 δείσου
591 3977 878 4043 τεύξεσθαι
899 3996 913 4009 ·
940 3977 1086 4035 οὗτοι
1108 3982 1167 4035 δὲ
1186 3983 1276 4053 ἄρ’
1295 3983 1436 4036 είσὶν
1463 3983 1515 4035 οἳ
1542 3986 1655 4046 τοίς
1682 3985 1776 4037 τοῦ
1802 3985 1971 4038 Mutti-

395 4070 497 4141 μεθ
528 4070 755 4125 επονται
788 4072 997 4141 νόμοις,
1026 4072 1105 4136 ὥς
1143 4087 1209 4140 γε
1256 4074 1417 4145 ἡμεῖς
1449 4074 1705 4143 λέγομεν.
1744 4076 1877 4138 Θεὸς
1912 4075 1971 4129 δὲ

393 4161 558 4232 μόνος
586 4161 877 4217 ιπίσταται
905 4163 1162 4236 τάληθές.

461 4431 525 4490 δ’.
591 4434 846 4489 ’Δκεσταὶ
885 4435 1066 4503 τοίνυν
1098 4436 1208 4491 οἵδε
1238 4432 1398 4509 ἦσαν,
1426 4438 1586 4509 ἔφην,
1624 4434 1672 4494 ὧ
1698 4441 1964 4510 βέλτιστε,

2069 3343 2485 3399 translationem
2509 3342 2713 3405 sciunt,
2734 3341 2973 3411 Elimque
2989 3354 3235 3402 currum,
3254 3353 3459 3408 eosque
3477 3336 3656 3392 adhuc

2066 3434 2249 3489 vivere
2283 3433 2613 3503 perhibent:
2646 3433 2713 3486 ad
2742 3434 2857 3487 haec
2884 3445 3058 3500 neque
3097 3430 3466 3485 Abrahamum
3501 3429 3661 3497 ignea

2070 3537 2212 3585 rant.
2249 3540 2422 3594 neque
2458 3525 2651 3589 David,
2700 3537 2879 3593 neque
2918 3538 2985 3576 ex
3022 3522 3106 3577 his
3163 3530 3345 3574 ortum
3389 3533 3512 3573 esse
3560 3517 3657 3572 Je-

2069 3631 2212 3671 sum.
2247 3614 2357 3670 Nec
2380 3616 2621 3671 alienum
2652 3616 2849 3684 opinor
2870 3614 2971 3667 abs
3011 3629 3090 3675 re,
3120 3627 3244 3665 eum
3283 3611 3510 3665 honoris
3529 3623 3658 3678 gra-

2069 3707 2198 3761 dum
2217 3709 2448 3771 referre,
2483 3721 2647 3777 quem
2714 3706 2998 3760 Enochum
3053 3704 3342 3772 ﬁliamque
3382 3716 3652 3755 consecu-

2072 3806 2155 3852 tos
2179 3811 2302 3852 esse
2328 3799 2542 3859 dicunt,
2579 3812 2944 3867 causamque,
2978 3812 3077 3852 cur
3099 3808 3423 3851 communes
3477 3791 3656 3846 homi-

2076 3901 2207 3942 num
2242 3888 2366 3942 vita:
2419 3889 2707 3953 terminos,
2752 3889 3117 3957 corporisque
3144 3895 3201 3939 et
3257 3885 3438 3939 carnis
3481 3883 3657 3954 legem

2072 3980 2405 4049 superarint.
2436 3979 2545 4035 Eos
2572 3980 2746 4042 enim,
2780 3979 3058 4049 inquiunt,
3084 3977 3267 4033 vivere
3295 3977 3653 4043 voluitDeus,

2075 4079 2136 4124 ut
2164 4078 2345 4125 vestes
2386 4080 2612 4125 soerent
2631 4083 2856 4136 eorum,
2882 4071 2977 4139 qui
3015 4069 3334 4139 paradisum
3386 4084 3659 4125 consecu—

2073 4162 2180 4219 tttri
2208 4170 2430 4217 essent:
2478 4162 2533 4216 hi
2565 4174 2746 4218 autem
2785 4172 2911 4219 sunt
2936 4164 2992 4227 ii,
3043 4164 3136 4234 qui
3195 4162 3525 4219 Moamethis
3584 4162 3662 4215 le-

2073 4267 2192 4322 gem
2238 4265 2571 4322 sequuntur,
2609 4261 2669 4308 ut
2694 4269 2798 4311 nos
2822 4254 3045 4325 quidem
3081 4254 3339 4310 dicimus.
3375 4254 3482 4309 Sed
3516 4252 3664 4309 Deus

2072 4344 2224 4399 solus
2261 4347 2548 4400 veritatem
2612 4346 2788 4401 novit.

2142 4437 2195 4491 ι.
2234 4435 2331 4491 Hic
2348 4452 2500 4507 ego:
2534 4435 2787 4495 Sartores
2814 4440 2985 4511 igitur
3008 4479 3028 4506 ,
3050 4438 3260 4509 optime
3309 4439 3416 4509 vir,
3478 4448 3665 4506 erant,

396 4527 490 4580 καὶ
519 4527 809 4596 ἀκούμενοι
835 4528 1024 4598 μισθοῦ
1053 4531 1266 4596 διέζων,
1294 4531 1471 4587 ἐνθάδ’
1502 4509 1816 4603 ἀνθρώποις
1844 4552 1966 4588 συν-

2077 4538 2370 4596 vestesque
2436 4538 2596 4596 pacta
2679 4509 2933 4585 mercede
3006 4529 3358 4596 sarciebant,
3420 4531 3666 4601 quaudiu

392 4619 742 4687 διαιτώμενοι
769 4636 785 4687 ;
819 4618 918 4685 Οὓ,
950 4623 1121 4691 φησὶν
1148 4624 1178 4675 ό
1210 4623 1450 4695 Πέρσης,
1481 4626 1773 4695 οὐδαμῶςο
1807 4628 1925 4682 ἀλλ’
1946 4631 1975 4682 ὁ

2074 4634 2199 4675 cum
2224 4615 2539 4673 hominibus
2578 4620 2669 4675 ltic
2714 4623 3016 4677 vixerunt?
3059 4624 3141 4679 Dii
3176 4624 3421 4688 meliora,
3487 4622 3667 4691 inquit

395 4713 530 4775 Θεὸς
562 4711 747 4774 αὐτοῖς
785 4714 927 4782 μετὰ
957 4713 1058 4782 τὴν
1094 4714 1308 4769 ἐνθένδε
1346 4716 1683 4786 μετάστασιν
1716 4714 1863 4772 τοῦτ³
1878 4722 1966 4774 ἑπ-

2079 4709 2290 4779 Persa:
2312 4710 2408 4763 sed
2444 4716 2731 4779 postquam
2762 4728 2828 4766 ex
2862 4714 2964 4768 hoc
2994 4715 3199 4769 mundo
3225 4713 3473 4768 translati
3501 4723 3665 4776 sunt.

343 4887 352 4894 ν
394 4804 633 4875 εχείρισε
670 4799 919 4876 τοῦργον.
954 4804 1123 4861 Εἶπον
1150 4810 1196 4861 δ’
1231 4808 1325 4862 ἰπὶ
1359 4810 1572 4869 τούτοις
1602 4810 1736 4878 ἐγὼ,
1770 4814 1828 4865 ὅν
1860 4814 1983 4868 ποτ’

394 4897 501 4967 ἔφη
556 4896 786 4965 λόγονδὸ
816 4897 1127 4967 θαυμάσιος
1181 4901 1316 4970 ἡμῖν
1369 4900 1637 4971 δεσπότης
1682 4906 1778 4957 καὶ
1829 4906 1986 4975 βασι-

398 4988 523 5047 λεὺς
546 4988 625 5059 (2)
656 4988 770 5059 (τὸν
794 4987 1041 5058 φύσαντα
1062 4989 1250 5057 λέγω),
1281 4990 1340 5043 ὃν
1374 4990 1588 5054 πολλοῖς
1622 4991 1723 5061 μὲν
1746 4993 1980 5060 ἀγαθοῖς

397 5079 705 5150 ἐκόσμησεν
727 5083 752 5133 ὁ
768 5081 921 5145 θεὸς,
938 5082 1250 5151 καὶμᾶλλον
1272 5082 1625 5152 βασιλεύοντα
1644 5085 1758 5146 τοῖς
1787 5085 1980 5137 πλεον-

395 5171 706 5240 εκτήμασιν
752 5165 828 5225 ὧν
862 5167 1032 5241 ἦρξεν
1060 5172 1232 5227 ὄντων
1267 5172 1537 5240 γενναίων
1580 5173 1802 5237 ἔδειξεν,
1833 5176 1865 5245 ἢ
1896 5175 1976 5244 τῷ

396 5260 679 5327 σχήματι·
715 5259 896 5330 πολλῷ
926 5260 974 5313 δ’
1002 5261 1290 5331 ἀμείνονός
1328 5279 1387 5315 τε
1428 5264 1523 5315 καὶ
1551 5265 1869 5333 κρείττονος
1890 5265 1971 5335 (εὖ

390 5347 509 5405 οἶδα
532 5351 627 5403 καὶ
648 5352 789 5405 πάνυ
812 5351 1140 5422 πέπεισμαι)
1164 5353 1473 5423 μετέδωκεν
1488 5355 1639 5425 αύτῷ
1665 5354 1967 5424 βασιλείας,

393 5443 534 5496 κατὰ
566 5445 755 5513 καιρὸν
782 5442 893 5497 τῶν
919 5445 1044 5514 τῇδε
1076 5446 1214 5514 πρὸς
1240 5446 1403 5498 αὐτὸν
1430 5446 1737 5514 κεκληκώς.
1776 5449 1969 5501 Hemo-

397 5552 495 5604 μαι
518 5536 744 5606 γὰρ,ὡς
769 5535 870 5606 τὴν
884 5533 984 5600 γῦν
1015 5536 1299 5607 παροῦσαν
1328 5538 1482 5606 ἡμῖν,
1506 5534 1608 5588 εἶτ’
1638 5539 1830 5608 ὀργὴν,
1857 5541 1968 5592 εἴτε

391 5628 671 5692 παιδείαν,
723 5629 1026 5696 ἐπαγαγεῖν
1073 5628 1421 5699 βουλόμενος,
1451 5630 1665 5698 φθάσας
1709 5628 1768 5683 ὃν
1794 5630 1969 5700 ἐφίλει

573 5745 709 5828 ςέοὰ.
742 5747 952 5828 reg.__to
994 5746 1177 5828 ’ῌλιού
1205 5746 1357 5828 (sic).

2086 4806 2189 4859 hoc
2219 4804 2355 4873 ipsis
2384 4801 2527 4857 Deus
2554 4818 2692 4873 Opus
2720 4803 3031 4861 faciendum
3070 4806 3312 4861 tradidit.
3372 4804 3502 4870 Quae
3527 4820 3656 4861 cum

2087 4897 2338 4961 dixisset,
2370 4911 2682 4952 sermonem
2718 4899 2881 4953 retuli
2912 4915 3011 4969 ego
3039 4901 3169 4953 olim
3206 4899 3450 4954 habitum
3496 4914 3527 4952 a
3559 4898 3665 4952 tui-

2082 4992 2240 5047 rabili
2275 4998 2466 5045 nostro
2497 4989 2724 5045 domino
2754 4992 3191 5061 imperatoreque
3216 4997 3450 5061 (patrem
3484 4991 3664 5061 dico),

2083 5093 2247 5148 quem
2288 5078 2476 5133 multis
2509 5078 2730 5148 quidem
2756 5080 2911 5135 bonis
2943 5093 3236 5136 ornaverat
3298 5082 3388 5136 Dei
3437 5097 3661 5146 numen,

2080 5171 2473 5242 praeclarisque
2500 5170 2681 5241 potius
2748 5174 3012 5227 virtutum
3074 5176 3298 5231 dotibus
3348 5172 3661 5244 generosis,

2077 5264 2279 5334 quibus
2306 5274 2554 5333 praeerat,
2584 5266 2798 5322 civibus
2823 5266 3180 5335 imperantem
3208 5267 3467 5327 ostendit,
3496 5277 3660 5330 quam

2079 5355 2447 5423 imperatoria:
2478 5355 2761 5425 dignitatis
2822 5358 3151 5425 majestate:
3206 5358 3490 5422 multoque
3541 5364 3662 5403 me-

2081 5447 2234 5501 lioris
2276 5449 2780 5519 praestantiorisque
2815 5451 2962 5517 regni
2985 5449 3159 5519 (certo
3194 5447 3308 5502 seio
3330 5452 3384 5498 et
3432 5453 3662 5503 08⁵³81³³·

2079 5554 2199 5593 sum
2230 5538 2425 5603 habeo,
2469 5541 2659 5610 frater)
2688 5541 3010 5609 participem
3053 5537 3253 5597 eﬂ'ccit,
3286 5527 3505 5598 quando
3532 5540 3663 5580 eum

2082 5645 2151 5685 ex
2184 5632 2287 5685 hoc
2320 5632 2525 5687 mundo
2551 5633 2618 5687 ad
2636 5647 2695 5688 se
2727 5633 2963 5687 vocavit.
2989 5630 3056 5684 Et
3082 5632 3386 5696 opportune
3413 5613 3662 5685 quidem,

468 5816 542 5881 (2)
572 5815 824 5873 Joannes
846 5815 1369 5889 Palaeologus,‘intp.
1403 5818 1550 5876 solus
1586 5819 1653 5874 ab
1678 5834 1756 5877 .a.
1799 5818 1960 5883 1557,
2004 5827 2253 5875 mortuus
2286 5835 2333 5872 a.
2370 5821 2466 5875 59l
