4144 6282
498 299 609 367 155

1688 309 2089 369 MANUELIS
2129 308 2583 371 PAL/EOLC‘GI

3643 309 3747 375 156

480 420 554 471 mi
588 418 776 473 frater.
810 419 993 475 Facile
1028 421 1171 476 enim
1208 422 1311 477 hoc
1351 422 1484 478 mihi
1511 425 1840 493 persuadeo,
1893 425 2055 492 Deus,
2089 479 2090 486 η

2194 428 2569 497 εροαφὴρπασε
2618 427 2726 481 τῶν
2772 426 2964 482 δεινῶν
2991 441 3004 459 '
3044 427 3093 480 εἰ
3136 426 3195 482 δέ
3232 443 3311 497 τῳ
3357 425 3533 494 φίλον,
3563 428 3748 495 λέγειν

485 525 610 563 cum
647 522 967 579 praesentem
1000 512 1165 579 hanc,
1199 513 1314 567 sive
1364 515 1526 578 iram,
1579 516 1695 575 sive
1750 518 2067 586 castigatio-

483 617 631 666 nem,
663 603 817 656 nobis
851 603 1009 657 vellet
1054 604 1374 669 immittere,
1410 606 1663 660 dilectum
1722 607 1823 661 sibi
1866 609 2073 677 princi-

487 709 607 761 pem
635 705 740 747 tam
772 697 1031 764 gravibus
1069 713 1096 750 e
1124 697 1285 751 malis
1352 699 1502 766 prius
1560 700 1801 769 eripuit:
1855 699 1962 754 nisi
2022 700 2068 755 si

486 786 611 854 quis
641 774 773 839 illud
813 788 1000 841 dicere
1037 789 1188 841 malit
1224 788 1391 855 (dicet
1418 799 1597 843 autem
1632 791 1887 858 quisquis
1942 806 2066 845 eum

489 891 631 933 recte
660 881 826 948 norit)
866 898 879 933 :
921 879 977 934 Si
1009 892 1288 949 superstes
1326 881 1515 936 fuisset
1550 899 1779 952 magnus
1836 885 2072 953 impera-

488 982 592 1033 tor,
632 988 659 1025 a
692 975 963 1040 principio
985 975 1220 1028 fortasse
1258 990 1365 1027 non
1398 974 1617 1043 longius
1648 977 1939 1044 serpsisset
1980 992 2073 1031 ca-

490 1063 753 1117 lamitas:
796 1065 873 1116 vel
908 1066 1124 1119 etiamsi
1186 1067 1669 1121 vehementissimo
1729 1083 1827 1121 nos
1870 1068 2075 1137 impetu

491 1158 806 1219 invasisset,
843 1160 990 1226 quis,
1027 1160 1100 1212 dii
1140 1160 1291 1218 boui,
1325 1159 1421 1212 illo
1445 1160 1660 1227 imperii
1728 1161 1943 1215 clavum
1998 1170 2077 1215 te-

491 1258 674 1310 nente,
710 1258 1082 1317 lulllpl'SlalClll
1158 1250 1399 1317 aliquam
1448 1250 1821 1319 ﬂuctuumque
1864 1262 1915 1306 ct
1951 1267 2082 1306 ven-

493 1350 673 1394 torum
704 1343 843 1414 alios
869 1359 1034 1408 super
1067 1343 1204 1397 alios
1233 1344 1470 1412 impetus
1501 1345 1822 1397 timuisset?
1870 1343 2071 1399 Verum

495 1434 644 1487 illius
677 1435 989 1503 quicunque
1022 1436 1355 1489 mentionem
1378 1436 1589 1501 fecerit,
1621 1436 1666 1491 is
1697 1445 1759 1489 ut
1814 1436 1970 1505 quasi
2022 1436 2078 1489 in

500 1540 650 1579 mare
682 1527 1007 1580 immensum
1038 1527 1259 1579 laudum
1298 1527 1505 1580 incidat
1533 1543 1756 1582 necesse
1786 1537 1868 1581 est
1893 1545 1904 1579 :
1926 1542 2083 1582 cum-

496 1631 604 1683 que
636 1618 781 1669 nulla
814 1618 999 1685 lingua
1059 1618 1221 1683 digna
1278 1618 1515 1671 inveniri
1566 1619 1741 1687 possit
1790 1618 2085 1671 virtutibus

2174 521 2349 571 ἐκεῖνο
2379 519 2454 587 (1)
2486 519 2622 588 (ἐρεῖ
2647 518 2701 570 δὲ
2741 519 2848 587 ἀρα
2870 519 2977 581 πᾶς
3010 535 3114 584 τις,
3142 519 3200 581 ὃς
3229 534 3293 586 γε
3325 516 3506 579 καλῶς
3534 516 3747 569 ἐκείνου

2175 610 2529 680 πεπείραται)
2556 626 2570 640 ·
2598 612 2646 663 εἰ
2680 610 2878 679 περιῆν
2908 611 2936 662 6
2959 609 3133 679 μέγας
3162 608 3437 679 βασιλεὺς,
3471 608 3602 671 ἴσως
3626 608 3748 661 οὐδὲ

2174 702 2273 772 τὴν
2320 701 2495 772 ἀρχὴν
2530 701 2597 755 ἂν
2631 700 2930 771 παρεισέδυ
2980 700 3051 754 τά
3096 700 3249 755 δεινά
3274 714 3287 727 ⁸
3317 700 3364 753 εί
3406 700 3462 752 δὲ
3492 699 3587 752 καὶ
3612 698 3749 769 μετὰ

2162 792 2378 861 πολλῆς
2411 793 2635 846 ἐπέθετο
2674 793 2773 862 τῆς
2806 791 3188 862 σφοδρότητος,
3222 790 3307 853 τίς
3335 790 3401 843 ἂν
3429 791 3599 844 ἔδεισέ
3625 808 3749 843 τινα

2180 884 2349 953 ζάλην
2374 886 2467 937 καὶ
2486 886 2750 953 κυμάτων
2771 884 2867 937 καὶ
2894 884 3218 953 πνευμάτων
3241 882 3328 936 ἐπ’
3353 882 3615 952 ἀλλήλους
3633 884 3753 934 ἑπι-

2181 976 2376 1046 φορὰς,
2403 977 2615 1029 ἐκείνου
2662 994 2727 1043 γε
2772 977 2897 1038 τοὺς
2928 976 3121 1038 οἴακας
3174 976 3390 1045 ἔχοντος
3428 976 3487 1027 ἐν
3532 976 3747 1044 χεροῖν;

2183 1062 2328 1117 Ἀλλ’
2353 1065 2565 1118 ἐκείνου
2603 1066 2702 1133 μέν
2736 1083 2821 1128 τις
2853 1065 3131 1136 μνησθεὶς,
3164 1065 3327 1128 εὐθὺς
3357 1066 3436 1126 είς
3465 1063 3751 1132 ἐγκωμίων

2184 1156 2479 1226 ἐμπίπτειν
2505 1158 2876 1225 ἀναγκάζεται
2922 1158 3158 1226 πέλαγος
3184 1175 3197 1187 ·
3239 1159 3375 1227 μήτε
3423 1158 3480 1209 δὲ
3507 1155 3753 1224 γλώττης

2186 1246 2351 1315 οὔσης
2378 1248 2486 1301 τῶν
2514 1250 2724 1302 ἐκείνου
2748 1250 2929 1302 καλῶν
2948 1249 3126 1315 ἀξίας,
3152 1249 3246 1302 καὶ
3268 1248 3360 1301 τοῦ
3392 1248 3751 1318 προκειμένου

2186 1340 2387 1394 σκοποῦ
2422 1340 2557 1409 πρὸς
2588 1341 2723 1394 ἄλλα
2754 1341 3135 1411 μεθέλκοντος,
3171 1340 3265 1393 τοῦ
3300 1340 3569 1410 προτέρου
3595 1324 3755 1393 πάλιν

2187 1432 2453 1502 ἁψώμεθα
2480 1435 2666 1503 λόγου,
2696 1434 2756 1498 ὃς
2784 1435 2915 1505 ἡδύς
2945 1452 3003 1488 τε
3026 1435 3119 1487 καὶ
3140 1434 3355 1495 ἀστεῖος
3390 1434 3558 1486 πᾶσιν
3580 1431 3757 1497 ἔδοξεν

2188 1524 2349 1589 εἶναι,
2406 1528 2503 1580 καὶ
2560 1528 2809 1598 λαμπρὸν
2858 1528 2967 1581 τῶν
3020 1524 3232 1581 ἀσεΰῶν
3291 1524 3478 1595 ῥηθεὶς
3532 1523 3758 1593 κατέχεε

2191 1618 2427 1685 γέλωτα.

497 1708 637 1776 ejus,
666 1710 952 1775 Oper-isque
1012 1710 1277 1778 propositi
1325 1701 1533 1778 'scopus
1594 1710 1700 1764 alio
1747 1725 1847 1765 nos
1904 1710 2106 1771 trahat,
2161 1710 2230 1765 ad
2292 1710 2482 1777 istum,
2537 1714 2725 1780 frater,
2786 1719 3128 1768 revertamur
3165 1722 3492 1776 sermonem,
3552 1709 3645 1779 qui
3706 1714 3764 1762 et

494 1800 772 1867 iucundus
799 1803 1149 1870 urbanusque
1176 1801 1431 1857 omnibus
1462 1802 1613 1877 visus
1635 1811 1737 1869 est,
1766 1805 1820 1856 e't
1850 1816 2076 1870 magnos
2106 1808 2222 1855 tum
2256 1804 2402 1858 risus
2432 1806 2725 1861 concitavit
2756 1806 2825 1861 de
2852 1805 3128 1861 Barbaris.

572 1916 625 1971 5.
670 1916 986 1982 Meministi,
1027 1920 1243 1987 opinor,
1278 1919 1352 1972 mi
1401 1920 1606 1988 Optime
1643 1919 1834 1982 frater,
1870 1907 2072 1975 fontem

2251 1919 2312 1973 ε’.
2349 1916 2516 1990 Οἶμαί
2566 1940 2625 1975 σε
2673 1921 2987 1993 μεμνῆσθαι
3040 1920 3139 1989 τῆς
3181 1920 3393 1991 κρήνης
3425 1919 3502 1989 (2)
3538 1920 3761 1989 καὶτῆς

503 2011 654 2064 illum
688 2020 740 2064 et
768 2027 1055 2080 quercum,
1083 2012 1185 2065 sub
1235 2027 1339 2080 qua
1392 2012 1716 2067 consederat
1750 2012 1955 2066 uastatis
1987 2026 2078 2066 ar-

503 2105 635 2161 dore
655 2105 872 2160 divinus
898 2104 1362 2174 princeps,cibum
1392 2114 1652 2174 capturus
1675 2118 1741 2159 ex
1771 2104 2077 2169 venatione,

504 2197 570 2248 a.l
608 2211 773 2264 quam
808 2197 984 2263 ipsum
1012 2205 1301 2249 vocaverat
1328 2205 1574 2263 satrapes
1623 2195 1733 2257 ille,
1767 2195 1861 2264 qui
1900 2199 2084 2264 genuit

508 2284 654 2337 istud
690 2284 743 2335 iu
805 2285 1150 2338 Christianos
1197 2298 1345 2336 nunc
1406 2284 1667 2337 emissum
1730 2284 1958 2350 fulmen,
2021 2300 2085 2338 ex

507 2377 776 2429 malorum
826 2377 1127 2431 acerbitate
1175 2376 1255 2429 sic
1326 2376 1690 2430 nominatum.
1730 2376 1882 2431 Tunc
1922 2377 2086 2445 igitur

514 2468 627 2531 ille,
661 2468 866 2527 utscis,
899 2470 1112 2536 longum
1135 2481 1440 2521 sermonem
1500 2467 1708 2532 habuit,
1745 2469 1892 2537 quod
1945 2467 2088 2522 Euo-

509 2561 676 2613 chum
713 2571 765 2613 et
794 2560 965 2613 Eliam
998 2548 1379 2613 demonstrare
1412 2560 1572 2613 vellet
1600 2558 1652 2612 in
1710 2560 1911 2615 caelum
1966 2575 2089 2616 esse

509 2664 714 2722 raptos,
746 2653 1110 2721 omnibusque
1141 2652 1214 2705 ibi
1278 2652 1601 2707 vestimenta
1629 2666 1788 2705 suere
1817 2669 1831 2705 :
1880 2666 1988 2720 qua
2019 2651 2088 2707 de

508 2760 675 2799 eausa
757 2744 1040 2813 splendide
1082 2758 1177 2799 eos
1227 2744 1543 2804 extollebat,
1568 2742 1919 2810 delatumque
1956 2743 2090 2811 ipsis

512 2836 773 2887 honorem
841 2835 1237 2889 admirabatur.
1299 2834 1399 2889 Cui
1454 2837 1758 2900 imperator
1801 2831 2093 2887 subridens

512 2924 689 2977 dixit:
731 2922 877 2977 Itane
904 2938 1033 2977 vero
1065 2934 1118 2978 tu
1167 2923 1222 2977 id
1255 2924 1478 2977 honoris
1536 2922 1815 2990 divinique
1846 2919 2093 2974 muneris

512 3015 634 3068 loco
661 3016 835 3076 ducis,
869 3013 1239 3083 sudorumque
1262 3022 1315 3067 et
1338 3013 1588 3067 laborum
1640 3026 1738 3082 pro
1776 3012 1974 3065 virtute.
2002 3026 2098 3065 su-

513 3117 826 3176 aceptorum
869 3107 1149 3175 prmmium
1173 3106 1440 3161 arbitrare
1461 3109 1482 3158 ἲ
1500 3105 1643 3159 unde
1689 3105 1812 3172 hoc,
1831 3104 2097 3159 obsecro?

514 3204 714 3270 quippe
755 3201 806 3255 id
863 3200 1174 3253 hominibus
1233 3201 1288 3252 in
1324 3199 1415 3253 Dei
1451 3198 1801 3254 oﬂ'eusionem
1849 3198 2090 3268 graviter

517 3294 684 3361 lapsis
739 3307 837 3361 pro
860 3291 965 3346 alia
996 3291 1254 3360 quapiam
1289 3290 1494 3345 ultione
1523 3304 1586 3345 ac
1616 3303 1778 3358 poena
1811 3289 1949 3343 satis
1972 3304 2093 3347 esse

516 3385 716 3454 possit.
751 3383 902 3438 Pone
931 3383 1027 3437 tibi
1052 3391 1180 3437 ante
1215 3383 1405 3439 oculos
1436 3398 1878 3453 unumquemque
1903 3394 2085 3438 sarto-

518 3493 638 3531 rum
673 3494 686 3530 :
723 3476 905 3531 nullus
953 3474 1199 3547 profecto
1229 3483 1333 3543 est,
1384 3476 1601 3545 opinor,
1622 3474 1716 3544 qui
1746 3490 1776 3529 a
1807 3473 1917 3529 Deo
1964 3475 2093 3530 data

518 3570 621 3624 sibi
652 3571 894 3638 optione,
925 3578 1104 3623 utrum
1150 3582 1218 3623 ex
1254 3567 1357 3622 hoc
1389 3567 1594 3621 mundo
1620 3566 1733 3637 rapi
1787 3566 1968 3631 vellet,
1993 3568 2095 3621 ali-

519 3660 754 3728 cubique
790 3660 989 3723 vivere,
1014 3668 1235 3726 tamque
1258 3658 1416 3712 vilem
1450 3665 1622 3712 artem
1652 3656 1913 3711 continuo
1932 3656 2087 3711 labo-

519 3765 580 3806 re
636 3758 891 3815 tractare,
948 3757 1040 3804 aut
1090 3747 1259 3803 semel
1318 3746 1479 3817 mori,
1537 3746 1736 3802 deinde
1786 3760 2095 3816 resurgere,

518 3840 1158 3911 vestimentisqueindui,
1192 3853 1314 3908 qua!
1330 3837 1567 3909 paradisi
1590 3839 2009 3910 futurarumque
2041 3838 2097 3893 in

519 3951 587 3991 eo
606 3935 921 3991 deliciarum
955 3933 1157 4004 pignus
1177 3932 1360 3989 forent
1385 3948 1403 3991 :
1434 3932 1563 4002 quin
1586 3931 1816 3989 alterum
1844 3932 1949 3987 hoc
1982 3946 2103 3986 ma-

522 4022 727 4078 nifesto
756 4021 919 4091 eligat
947 4037 963 4075 :
1004 4021 1140 4091 quin
1170 4034 1333 4076 acum
1363 4020 1513 4076 illico
1538 4019 1779 4091 abjiciat,
1809 4013 2124 4089 artemque'

523 4127 637 4167 non
687 4113 827 4167 bene
856 4113 1000 4168 scire
1056 4126 1117 4168 se
1150 4111 1319 4180 iuret,
1368 4112 1624 4181 illamque
1682 4110 2098 4168 translationem

523 4219 781 4275 tanquam
814 4205 1091 4276 opprobrii
1120 4214 1176 4260 et
1239 4204 1515 4269 laborum,
1546 4218 1657 4257 non
1684 4212 1866 4257 autem
1901 4202 2102 4271 quietis

524 4312 705 4366 neque
756 4297 986 4351 honoris
1016 4295 1362 4350 occasionem
1387 4292 1733 4347 vehementer
1760 4301 2100 4361 aspernetur.

591 4412 648 4466 6.
675 4411 806 4476 Quae
833 4426 958 4466 cum
1012 4410 1262 4465 audisset
1310 4407 1497 4462 arrisit
1555 4420 1744 4471 senex,
1768 4414 1821 4460 et
1876 4406 1943 4461 ad
1976 4421 2104 4461 suos

428 4512 443 4519 “
523 4504 849 4573 respiciens,
882 4502 985 4556 Per
1007 4502 1174 4556 Deum
1217 4499 1605 4563 immortalem,
1670 4497 1881 4567 inquit,
1908 4499 1981 4551 ita
2023 4506 2103 4551 ta—

2180 2012 2360 2081 δρυὸς,
2394 2014 2483 2080 ὑφ’
2521 2014 2588 2084 ἦν
2621 2015 2737 2067 ποτ’
2768 2014 3022 2067 ἐκάθισεν
3051 2013 3079 2064 6
3108 2012 3473 2080 παντάριστος
3508 2012 3762 2080 βασιλεὺς

2185 2104 2377 2173 θέρους
2408 2102 2549 2175 ὥρᾳ,
2584 2104 2795 2174 τροφῆς
2833 2102 3284 2172 μεταληψόμενος
3312 2102 3419 2156 ἀπὸ
3454 2102 3647 2171 Θήρας,
3684 2104 3761 2164 είς

2184 2196 2251 2266 ἢν
2297 2197 2459 2249 αὑτὸν
2490 2194 2787 2269 κεκληκὼς,
2817 2192 2885 2264 ἦν
2925 2197 2952 2247 6
2989 2194 3278 2265 σατράπης
3317 2194 3525 2255 ἐκεῖνος
3570 2194 3670 2262 (3),
3705 2193 3765 2256 ὃς

2185 2287 2278 2339 τὸν
2328 2287 2421 2340 νῦν
2451 2288 2800 2355 Χριστιανοῐς
2848 2287 3197 2356 ἐπικείμενον
3226 2284 3393 2354 ἔφυσε
3431 2284 3506 2355 (4)
3538 2284 3631 2336 τὸν
3664 2301 3761 2336 κε-

2192 2379 2389 2447 ραυνὸν
2420 2378 2757 2449 καλούμενον
2795 2376 2874 2447 (5)
2901 2379 2964 2431 ἐκ
2986 2378 3089 2446 τῆς
3113 2376 3375 2444 ὀξύτητος
3407 2376 3519 2428 τῶν
3556 2375 3759 2429 κακῶν.

2188 2471 2323 2524 Τότε
2354 2470 2532 2525 τοίνυν
2576 2473 2806 2536 ἐκεῖνος,
2838 2471 2910 2534 ὡς
2934 2465 3113 2534 οἶσθα,
3142 2467 3302 2537 λόγον
3327 2468 3622 2537 ἐποιήσατο
3661 2484 3761 2536 μα-

2191 2562 2347 2632 κρὸν,
2399 2562 2489 2616 τὸν
2528 2562 2702 2633 Ἑνὼχ
2747 2562 2962 2623 καὶτὸν
2999 2559 3184 2614 Ἠλίαν
3219 2560 3615 2631 μετατεθέντας
3654 2559 3759 2611 δειο

2191 2653 2380 2707 κνύναι
2402 2654 2726 2723 βουλόμενος
2750 2654 2830 2715 είς
2854 2652 2948 2705 τὸν
2967 2651 3217 2722 οὐρανὸν,
3253 2652 3389 2706 πᾶσι
3407 2650 3463 2703 δὲ
3484 2651 3553 2703 τά
3576 2650 3762 2720 ἱμάτια

2195 2745 2521 2815 βάπτοντας,
2552 2744 2648 2797 καὶ
2673 2743 2903 2814 ἐξαίρων
2941 2743 3027 2795 διὰ
3057 2741 3265 2796 τούτων
3298 2742 3445 2811 μάλα
3472 2739 3759 2809 λαμπρῶς,

2195 2836 2288 2889 καὶ
2335 2835 2632 2904 θαυμάζων
2660 2853 2724 2903 γε
2768 2836 2966 2898 αὐτοὺς
2999 2836 3096 2902 τῆς
3146 2835 3334 2904 τιμῆς.
3360 2829 3433 2904 Ἴ)
3482 2832 3763 2903 μειδιάσας

2194 2926 2295 2994 ἔφη
2328 2929 2355 2979 6
2392 2926 2645 2994 βασιλεύς
2670 2940 2683 2955 '
2714 2920 2851 2979 Εἶτα
2887 2928 2951 2979 σὺ
2972 2925 3132 2979 τοῦτο
3160 2925 3326 2995 τιμὴν
3360 2924 3628 2994 νομίζεις,
3668 2923 3765 2974 καὶ

2194 3018 2371 3087 δῶρον
2401 3019 2567 3084 θεῖον,
2608 3019 2705 3071 καὶ
2740 3018 2977 3089 ἁμοιῦὴν
2998 3018 3254 3089 ,ἱδρώτων
3289 3017 3527 3086 ἀρετῆς;
3560 3014 3763 3076 πόθεν;

2197 3112 2224 3165 ὃ
2248 3111 2344 3164 καὶ
2374 3113 2487 3174 τοῖς
2520 3112 3032 3182 προσκεκρουκόσιν
3083 3109 3346 3171 ἐπιεικῶς
3377 3108 3455 3179 τῷ
3482 3106 3602 3175 Θεῷ
3650 3106 3767 3157 ἀντ’

2198 3200 2363 3270 ἀλλης
2379 3199 2444 3267 γέ
2460 3217 2606 3262 τινος
2636 3200 2977 3270 εἰσπράξεως
3008 3199 3099 3253 καὶ
3124 3198 3283 3268 δίκης
3305 3199 3539 3269 ἤρκεσεν
3562 3196 3648 3249 ἄν.
3676 3191 3770 3248 Οἶ-

2198 3309 2297 3363 μαι
2327 3290 2460 3361 γάρ,
2492 3291 2569 3353 ὡς
2594 3291 2702 3354 πᾶς
2726 3292 2983 3358 ἀκεστὴς,
3014 3290 3281 3360 αἱρέσεως
3307 3287 3454 3356 αὑτῷ
3490 3287 3772 3358 προτεθεί-

2198 3394 2299 3447 σης
2329 3376 2480 3446 παρὰ
2508 3376 2668 3441 Θεοῦ,
2718 3377 3085 3448 μετατεθῆναι
3118 3376 3220 3446 μὲν
3249 3376 3357 3428 τῶν
3397 3376 3547 3443 τῇδε,
3575 3377 3675 3445 ζῇν
3714 3377 3801 3429 δέ.

2198 3484 2325 3532 που,
2365 3466 2463 3520 καλ⁸
2507 3467 2728 3537 μοχθεῖν
2758 3467 3045 3537 ἀνέχεσθαι
3081 3464 3365 3535 διηνεκῶς,
3403 3464 3496 3515 καὶ
3537 3464 3803 3532 χυδαίαν,

2196 3558 2340 3612 οὕτω
2380 3557 2578 3628 τέχνην
2615 3559 3017 3627 μεταχειρίζειν
3038 3571 3055 3587 ο
3086 3555 3118 3624 ἢ
3151 3553 3300 3617 ἅπαξ
3325 3552 3642 3620 ἀποθανεῖν,
3668 3552 3773 3608 εἴτ’

2198 3644 2523 3719 ἀναστῆναι,
2557 3648 2652 3700 καὶ
2685 3648 2873 3716 ἱμάτια
2899 3645 3305 3715 ἀμφιάσασθαι,
3336 3646 3635 3717 ἀῤῥασῶνα
3666 3664 3771 3700 πα-

2202 3742 2452 3813 ραδείσου
2509 3739 2602 3795 καὶ
2655 3739 2755 3808 τῆς
2784 3740 2841 3790 ἐν
2864 3738 3060 3806 ἐκείνῳ
3096 3740 3311 3808 τρυφῆς
3332 3753 3349 3770 ο
3384 3738 3571 3806 σαφῶς
3621 3738 3687 3792 ἂν
3713 3739 3773 3790 τὸ

2200 3831 2451 3904 δεύτερον
2478 3830 2655 3883 ἐλοιτο
2679 3844 2693 3857 ⁸
2720 3825 2877 3898 ῥίψαι
2902 3827 3012 3895 γὰρ
3042 3828 3109 3880 ἂν
3132 3827 3298 3889 εὐθὺς
3322 3826 3487 3882 αὑτὸν
3514 3828 3616 3897 τὴν
3645 3827 3777 3881 ἀκέ-

2204 3939 2395 3995 στραν,
2417 3922 2513 3976 καὶ
2534 3916 2766 3988 ὀμνύναι
2786 3917 2864 3988 μὴ
2886 3915 3066 3980 καλῶς
3088 3915 3286 3970 ειδέναι
3306 3915 3406 3986 τῆν
3434 3918 3653 3985 τέχνην,
3679 3914 3774 3967 καὶ

2202 4014 2526 4069 ἀπώσασθαι
2576 4010 2785 4081 σπουδῇ
2841 4008 2941 4080 τὴν
3001 4008 3329 4079 μετάθεσιν,
3389 4006 3465 4068 ὼς
3521 4005 3775 4075 ἀφορμὴν

2204 4106 2469 4177 αἰσχύνης
2510 4104 2604 4158 καὶ
2653 4104 2854 4169 πόνων,
2906 4100 3008 4154 οὐκ
3054 4098 3375 4169 ἀναπαύλης
3419 4096 3602 4163 οὖσαν,
3657 4094 3777 4148 οὐδὲ

2204 4200 2388 4267 τιμῆς.

2281 4401 2356 4467 ς”
2389 4398 2610 4453 Τούτων
2639 4396 2820 4450 τοίνυν
2854 4394 3097 4457 ἀκούσας
3128 4393 3237 4446 τῶν
3266 4393 3440 4459 λόγων
3464 4390 3690 4458 ἐγέλασέ
3721 4406 3780 4440 τε

2210 4497 2238 4548 6
2283 4493 2484 4561 γέρων,
2516 4487 2636 4554 καὶ,
2682 4484 2772 4555 Νὴ
2828 4486 2918 4538 τὸν
2950 4485 3103 4546 Θεὸν,
3131 4484 3258 4552 ἔφη,
3296 4483 3494 4551 βλέψας
3532 4483 3610 4543 είς
3657 4481 3782 4542 τοὺς

525 4614 650 4652 men
675 4596 875 4650 alicubi
908 4596 1109 4664 scripta
1144 4601 1229 4647 est
1277 4593 1392 4646 haec
1419 4606 1525 4656 res,
1568 4589 1835 4659 nobisque
1858 4589 2090 4658 antiqui.

2210 4585 2373 4639 αὑτοῦ
2393 4625 2407 4648 ,
2435 4580 2577 4634 οὕτω
2607 4579 2705 4647 μὲν
2736 4580 2762 4631 6
2801 4577 2959 4644 λόγος
2985 4569 3139 4637 οὗτος
3185 4576 3280 4627 καὶ
3310 4572 3626 4641 γέγραπταί
3656 4585 3779 4633 που,

529 4704 617 4747 tua
674 4690 923 4744 tradita:
989 4702 1136 4741 nunc
1197 4694 1381 4739 autem
1438 4684 1570 4737 mihi
1629 4682 1800 4736 nimio
1825 4689 2098 4750 quantum

529 4785 766 4839 absurda
796 4784 1028 4837 videtur.
1062 4779 1199 4834 Tum
1231 4775 1328 4831 lilii
1352 4793 1372 4855 ι
1411 4775 1517 4829 Sed
1566 4772 1774 4827 crediu’
1815 4787 1941 4826 vere
1968 4771 2105 4825 fuis-

531 4896 590 4936 se
621 4875 828 4935 dictam
853 4891 884 4929 a
920 4872 1215 4943 majoribus
1240 4868 1442 4924 nostris
1469 4867 1490 4919 ?
1522 4880 1647 4919 nam
1683 4862 1773 4932 qui
1799 4862 2105 4916 sartoribus

532 4974 800 5043 indigeret
829 4971 970 5022 Deus
1003 4973 1199 5021 cuncta
1240 4971 1375 5017 nutu
1403 4974 1505 5015 suo
1537 4954 1804 5011 trahens?
1830 4954 1930 5008 nisi
1968 4953 2109 5007 forte

534 5066 645 5120 lino
671 5063 833 5118 etiam
859 5069 915 5114 et
951 5058 1252 5113 textoribus
1278 5052 1512 5107 amicula
1558 5048 1717 5102 nobis
1741 5044 2102 5098 contexturis:

536 5172 635 5213 nec
662 5156 806 5209 enim
851 5152 969 5206 auri
1012 5146 1277 5204 ramentis
1342 5142 1625 5212 indigebit,
1666 5136 2102 5208 negotiandoque

535 5247 734 5303 lucrari
783 5245 985 5314 aliquid
1037 5249 1278 5309 cogetur,
1342 5246 1453 5287 uta
1497 5231 1894 5286 mercatoribus
1938 5234 2106 5288 emat,

534 5355 657 5412 qum
688 5337 1042 5395 conﬁciendis
1106 5329 1344 5385 vestibus
1415 5323 1737 5380 inserviunt.
1773 5318 1878 5373 Sed
1933 5316 2114 5371 nullus

611 5541 691 5609 (l)
713 5539 846 5593 Cod.
881 5534 1047 5609 Coisl.
1079 5532 1289 5609 ἐκεῖνον
1314 5543 1327 5560 ο
1361 5526 1538 5596 suppl.
1569 5524 1750 5591 ἔξεστι
1785 5539 1831 5577 s.
1860 5521 1982 5573 ἔνι..

634 5601 689 5673 2i
716 5611 851 5664 Cod.
898 5608 1029 5667 Reg.
1061 5601 1277 5673 κρίνης.

642 5661 696 5748 3')
728 5661 919 5733 Sultau
950 5661 1330 5748 Mura't-Cl'ian,
1355 5683 1449 5723 seu
1479 5665 1806 5719 Amurathcs
1830 5661 1873 5727 Ι,
1937 5673 2113 5713 rerum

545 5742 750 5809 Dotitus
786 5764 813 5801 a
846 5747 977 5800 1560
1011 5742 1164 5799 1589.

2207 4676 2300 4729 καὶ
2344 4674 2593 4728 κάτεισιν
2624 4669 2829 4723 ἀνωθεν
2858 4669 2939 4728 είς
2968 4665 3116 4734 ἡμᾶς
3143 4683 3156 4694 ·
3190 4664 3338 4715 δοκεῖ
3368 4662 3425 4713 δέ
3477 4661 3571 4713 νῦν
3598 4661 3782 4726 ἀτόπῳ

2207 4769 2327 4820 λίαν
2378 4764 2591 4825 ἐοικώς.
2630 4763 2739 4815 Καὶ
2789 4760 2837 4812 οἱ
2871 4758 3059 4818 παῖδες
3083 4772 3096 4786 ⁸
3126 4750 3203 4806 Ἦ
3238 4755 3389 4806 δοκεῖ
3432 4770 3533 4804 που
3566 4751 3782 4821 ἀληθῶς

2208 4860 2383 4920 ἄλλως
2410 4856 2664 4927 εἰρῆσθαι
2694 4854 2806 4915 τοῖς
2833 4848 3082 4919 ἀρχαίοις
3103 4838 3256 4908 οὗτος
3278 4846 3305 4897 6
3322 4844 3509 4911 λόγος;
3540 4844 3656 4905 πῶς
3676 4841 3784 4909 γάρ

2212 4951 2279 5005 ἂν
2306 4950 2400 5003 καὶ
2436 4947 2682 5000 ἁκεστῶν
2711 4943 2926 5012 δεήσειε
2968 4940 3044 5007 τῷ
3075 4938 3214 5007 Θεῷ,
3249 4937 3306 4998 ὃς
3334 4932 3459 5001 ἄγει
3496 4934 3672 4986 πάντα
3704 4931 3785 4999 τῷ

2213 5038 2477 5107 νεύματιίς
2505 5036 2552 5086 εί
2588 5033 2661 5103 μὴ
2695 5033 2791 5084 καὶ
2818 5030 2965 5082 λίνου
2996 5026 3250 5094 ὑφαντῶν
3278 5026 3555 5092 δεήσεται,
3588 5023 3786 5081 οἵτινες

2214 5131 2312 5189 τὰς
2364 5126 2681 5195 ἀμπεχόνας
2731 5120 3025 5189 ύφανοῦσιν
3063 5120 3228 5186 ἡμῖν’
3278 5116 3339 5166 οὐ
3387 5115 3495 5183 γὰρ
3533 5113 3785 5181 δεήσεταί

2220 5238 2322 5273 που
2356 5218 2449 5272 καὶ
2473 5215 2674 5286 χρυσοῦ
2708 5213 3030 5282 ψηγμάτων,
3060 5209 3249 5268 nisi;
3277 5206 3521 5273 ἀνάγκην
3544 5204 3663 5272 ἥξει
3692 5201 3786 5253 τοῦ

2220 5308 2675 5383 χρηματίζεσθαι,
2712 5303 2773 5356 (ν’
2814 5302 2920 5354 ἀπὸ
2960 5301 3071 5353 τῶν
3100 5296 3519 5367 πιπρασκόντων
3554 5294 3622 5347 τὰ
3651 5292 3789 5362 πρὸς

2300 5513 2373 5577 (4)
2425 5508 2586 5580 Cud._
2615 5505 2840 5580 Csislin.
2886 5505 3053 5573 ἔφησε
3083 5498 3318 5580 “(forte
3370 5494 3587 5565 ἐφῆκε).
3650 5490 3782 5560 Reg.

2226 5578 2588 5649 ἐφυσεοίιυοά
2628 5578 3156 5649 mnumer-
3391 5635 3426 5649 ..
3500 5636 3513 5645 .

2296 5631 2610 5718 minus;
2633 5631 3514 5718 adponitur‘_lidifEu-Chau-Gasi
3566 5631 3790 5701 Bajaze-

2230 5717 2317 5787 tis,
2358 5705 2538 5774 rerum
2568 5716 2716 5786 potiti
2750 5732 2798 5769 a.
2837 5705 3150 5767 MBD-MOE.
