  <div class='ocr_page' id='page_1' title='image "/cluster/home/n/w/nwhite01/storage/ocr_20150623/156/mdp.39015078384719/086.png"; bbox 0 0 4144 6282; ppageno 0'>
   <div class='ocr_carea' id='block_1_1' title="bbox 439 392 537 455">
    <p class='ocr_par' dir='ltr' id='par_1_1' title="bbox 439 392 537 455">
     <span class='ocr_line' id='line_1_1' title="bbox 439 392 537 455; baseline 0 -2"><span class='ocrx_word' id='word_1_1' title='bbox 439 392 537 455; x_wconf 65' lang='grc'><strong>157</strong></span> 
     </span>
    </p>
   </div>
   <div class='ocr_carea' id='block_1_2' title="bbox 1428 385 2699 450">
    <p class='ocr_par' dir='ltr' id='par_1_2' title="bbox 1428 385 2699 450">
     <span class='ocr_line' id='line_1_2' title="bbox 1428 385 2699 450; baseline -0.004 0"><span class='ocrx_word' id='word_1_2' title='bbox 1428 388 1816 450; x_wconf 78' lang='lat' dir='ltr'><strong>DIALOGUS</strong></span> <span class='ocrx_word' id='word_1_3' title='bbox 1853 386 1915 449; x_wconf 89' lang='lat' dir='ltr'><strong>II</strong></span> <span class='ocrx_word' id='word_1_4' title='bbox 1962 388 2121 449; x_wconf 82' lang='lat' dir='ltr'><strong>CUM</strong></span> <span class='ocrx_word' id='word_1_5' title='bbox 2148 385 2699 449; x_wconf 72' lang='lat' dir='ltr'><strong>MOHAMETANO-</strong></span> 
     </span>
    </p>
   </div>
   <div class='ocr_carea' id='block_1_3' title="bbox 3574 381 3675 443">
    <p class='ocr_par' dir='ltr' id='par_1_3' title="bbox 3574 381 3675 443">
     <span class='ocr_line' id='line_1_3' title="bbox 3574 381 3675 443; baseline 0.059 -8"><span class='ocrx_word' id='word_1_6' title='bbox 3574 381 3675 443; x_wconf 74' lang='grc' dir='ltr'><strong>Ῑῗ8</strong></span> 
     </span>
    </p>
   </div>
   <div class='ocr_carea' id='block_1_4' title="bbox 431 483 2019 577">
    <p class='ocr_par' dir='ltr' id='par_1_4' title="bbox 431 499 2001 577">
     <span class='ocr_line' id='line_1_4' title="bbox 431 499 2001 577; baseline -0.005 -19"><span class='ocrx_word' id='word_1_7' title='bbox 431 507 534 574; x_wconf 74' lang='grc' dir='ltr'><strong>τὴν</strong></span> <span class='ocrx_word' id='word_1_8' title='bbox 567 502 913 577; x_wconf 76' lang='grc' dir='ltr'>κατασκευήν</span> <span class='ocrx_word' id='word_1_9' title='bbox 943 504 1050 556; x_wconf 84' lang='grc' dir='ltr'><strong>τῶν</strong></span> <span class='ocrx_word' id='word_1_10' title='bbox 1093 501 1322 571; x_wconf 79' lang='grc' dir='ltr'><strong>ἱματίων</strong></span> <span class='ocrx_word' id='word_1_11' title='bbox 1376 501 1675 571; x_wconf 82' lang='grc' dir='ltr'>ὠνήσηται.</span> <span class='ocrx_word' id='word_1_12' title='bbox 1725 500 1862 552; x_wconf 81' lang='grc' dir='ltr'>’Λλλ“</span> <span class='ocrx_word' id='word_1_13' title='bbox 1893 499 2001 551; x_wconf 77' lang='grc' dir='ltr'>οὐδ’</span> 
     </span>
    </p>
   </div>
   <div class='ocr_carea' id='block_1_5' title="bbox 2119 483 3673 577">
    <p class='ocr_par' dir='ltr' id='par_1_5' title="bbox 2119 483 3673 567">
     <span class='ocr_line' id='line_1_5' title="bbox 2119 483 3673 567; baseline -0.003 -17"><span class='ocrx_word' id='word_1_14' title='bbox 2119 499 2272 553; x_wconf 81' lang='lat' dir='ltr'><strong>homo</strong></span> <span class='ocrx_word' id='word_1_15' title='bbox 2305 499 2411 554; x_wconf 83' lang='lat' dir='ltr'><strong>tale</strong></span> <span class='ocrx_word' id='word_1_16' title='bbox 2450 498 2724 567; x_wconf 75' lang='lat' dir='ltr'><strong>quidpiam</strong></span> <span class='ocrx_word' id='word_1_17' title='bbox 2752 483 2946 549; x_wconf 87' lang='lat' dir='ltr'><strong>dixerit</strong></span> <span class='ocrx_word' id='word_1_18' title='bbox 2988 511 3002 546; x_wconf 91' lang='lat'><strong>:</strong></span> <span class='ocrx_word' id='word_1_19' title='bbox 3054 502 3197 549; x_wconf 88' lang='lat' dir='ltr'><strong>esset</strong></span> <span class='ocrx_word' id='word_1_20' title='bbox 3222 492 3367 549; x_wconf 88' lang='lat' dir='ltr'><strong>enim</strong></span> <span class='ocrx_word' id='word_1_21' title='bbox 3399 507 3427 546; x_wconf 80' lang='grc' dir='ltr'><strong>ιι</strong></span> <span class='ocrx_word' id='word_1_22' title='bbox 3463 493 3673 545; x_wconf 84' lang='lat' dir='ltr'><strong>ratione</strong></span> 
     </span>
    </p>
   </div>
   <div class='ocr_carea' id='block_1_6' title="bbox 435 589 1999 663">
    <p class='ocr_par' dir='ltr' id='par_1_6' title="bbox 435 589 1999 663">
     <span class='ocr_line' id='line_1_6' title="bbox 435 589 1999 663; baseline -0.006 -14"><span class='ocrx_word' id='word_1_23' title='bbox 435 595 501 649; x_wconf 76' lang='grc' dir='ltr'><strong>ἂν</strong></span> <span class='ocrx_word' id='word_1_24' title='bbox 536 590 618 658; x_wconf 80' lang='grc' dir='ltr'>εἷς</span> <span class='ocrx_word' id='word_1_25' title='bbox 654 594 958 663; x_wconf 84' lang='grc' dir='ltr'>ἀνθρώπων</span> <span class='ocrx_word' id='word_1_26' title='bbox 991 592 1285 661; x_wconf 83' lang='grc' dir='ltr'>φθέγξαιτό</span> <span class='ocrx_word' id='word_1_27' title='bbox 1312 609 1365 643; x_wconf 90' lang='grc' dir='ltr'><strong>τι</strong></span> <span class='ocrx_word' id='word_1_28' title='bbox 1408 590 1648 643; x_wconf 81' lang='grc' dir='ltr'>τοιοῦτον</span> <span class='ocrx_word' id='word_1_29' title='bbox 1673 606 1687 619; x_wconf 75' lang='grc' dir='ltr'><strong>ο</strong></span> <span class='ocrx_word' id='word_1_30' title='bbox 1728 589 1848 642; x_wconf 82' lang='grc' dir='ltr'>οὐδὲ</span> <span class='ocrx_word' id='word_1_31' title='bbox 1889 589 1999 658; x_wconf 73' lang='grc' dir='ltr'>γὰρ</span> 
     </span>
    </p>
   </div>
   <div class='ocr_carea' id='block_1_7' title="bbox 435 679 2002 756">
    <p class='ocr_par' dir='ltr' id='par_1_7' title="bbox 435 679 2002 756">
     <span class='ocr_line' id='line_1_7' title="bbox 435 679 2002 756; baseline -0.006 -16"><span class='ocrx_word' id='word_1_32' title='bbox 435 687 882 756; x_wconf 78' lang='grc' dir='ltr'><strong>σωφρονούντων.</strong></span> <span class='ocrx_word' id='word_1_33' title='bbox 911 686 971 737; x_wconf 86' lang='grc' dir='ltr'><strong>Εἰ</strong></span> <span class='ocrx_word' id='word_1_34' title='bbox 1003 684 1049 736; x_wconf 78' lang='grc' dir='ltr'>δ’</span> <span class='ocrx_word' id='word_1_35' title='bbox 1074 684 1214 752; x_wconf 83' lang='grc' dir='ltr'>ὑπὲρ</span> <span class='ocrx_word' id='word_1_36' title='bbox 1233 682 1391 750; x_wconf 88' lang='grc' dir='ltr'>λόγον</span> <span class='ocrx_word' id='word_1_37' title='bbox 1422 681 1454 750; x_wconf 83' lang='grc' dir='ltr'>ἡ</span> <span class='ocrx_word' id='word_1_38' title='bbox 1486 680 1679 748; x_wconf 86' lang='grc' dir='ltr'>κτῆσις</span> <span class='ocrx_word' id='word_1_39' title='bbox 1713 680 1821 732; x_wconf 82' lang='grc' dir='ltr'>τῶν</span> <span class='ocrx_word' id='word_1_40' title='bbox 1851 679 2002 731; x_wconf 76' lang='grc' dir='ltr'>ἐνδυ-</span> 
     </span>
    </p>
   </div>
   <div class='ocr_carea' id='block_1_8' title="bbox 438 769 2003 850">
    <p class='ocr_par' dir='ltr' id='par_1_8' title="bbox 438 769 2003 850">
     <span class='ocr_line' id='line_1_8' title="bbox 438 769 2003 850; baseline -0.006 -18"><span class='ocrx_word' id='word_1_41' title='bbox 438 781 626 850; x_wconf 81' lang='grc' dir='ltr'>μάτων</span> <span class='ocrx_word' id='word_1_42' title='bbox 653 780 747 831; x_wconf 73' lang='grc' dir='ltr'><strong>καὶ</strong></span> <span class='ocrx_word' id='word_1_43' title='bbox 780 780 813 848; x_wconf 78' lang='grc' dir='ltr'><strong>ὴ</strong></span> <span class='ocrx_word' id='word_1_44' title='bbox 836 776 1065 846; x_wconf 78' lang='grc' dir='ltr'>διαμονὴ</span> <span class='ocrx_word' id='word_1_45' title='bbox 1094 774 1434 844; x_wconf 86' lang='grc' dir='ltr'>(διαμένουσι</span> <span class='ocrx_word' id='word_1_46' title='bbox 1463 771 1592 841; x_wconf 81' lang='grc' dir='ltr'>γὰρ,</span> <span class='ocrx_word' id='word_1_47' title='bbox 1622 770 1684 823; x_wconf 81' lang='grc' dir='ltr'>τὸ</span> <span class='ocrx_word' id='word_1_48' title='bbox 1708 769 2003 838; x_wconf 79' lang='grc' dir='ltr'>παραδοξό-</span> 
     </span>
    </p>
   </div>
   <div class='ocr_carea' id='block_1_9' title="bbox 435 859 2005 940">
    <p class='ocr_par' dir='ltr' id='par_1_9' title="bbox 435 859 2005 940">
     <span class='ocr_line' id='line_1_9' title="bbox 435 859 2005 940; baseline -0.008 -17"><span class='ocrx_word' id='word_1_49' title='bbox 435 888 620 933; x_wconf 80' lang='grc' dir='ltr'>τατον,</span> <span class='ocrx_word' id='word_1_50' title='bbox 657 870 929 937; x_wconf 79' lang='grc' dir='ltr'><strong>ἄφθαρτα,</strong></span> <span class='ocrx_word' id='word_1_51' title='bbox 964 884 998 940; x_wconf 84' lang='grc' dir='ltr'>ῃ</span> <span class='ocrx_word' id='word_1_52' title='bbox 1027 865 1107 937; x_wconf 71' lang='lat' dir='ltr'><strong>[il</strong></span> <span class='ocrx_word' id='word_1_53' title='bbox 1139 862 1513 931; x_wconf 80' lang='grc' dir='ltr'><strong>πιστεύομεν),</strong></span> <span class='ocrx_word' id='word_1_54' title='bbox 1539 861 1655 923; x_wconf 82' lang='grc' dir='ltr'><strong>πῶς</strong></span> <span class='ocrx_word' id='word_1_55' title='bbox 1671 861 1768 913; x_wconf 73' lang='grc' dir='ltr'><strong>οὐκ</strong></span> <span class='ocrx_word' id='word_1_56' title='bbox 1792 859 2005 912; x_wconf 85' lang='grc' dir='ltr'>ἀτοπώ-</span> 
     </span>
    </p>
   </div>
   <div class='ocr_carea' id='block_1_10' title="bbox 436 955 2003 1029">
    <p class='ocr_par' dir='ltr' id='par_1_10' title="bbox 436 955 2003 1029">
     <span class='ocr_line' id='line_1_10' title="bbox 436 955 2003 1029; baseline -0.008 -13"><span class='ocrx_word' id='word_1_57' title='bbox 436 979 599 1016; x_wconf 88' lang='grc' dir='ltr'>τατον</span> <span class='ocrx_word' id='word_1_58' title='bbox 647 962 861 1014; x_wconf 88' lang='grc' dir='ltr'>πάντων</span> <span class='ocrx_word' id='word_1_59' title='bbox 916 960 1085 1029; x_wconf 81' lang='grc' dir='ltr'>μὴτὸ</span> <span class='ocrx_word' id='word_1_60' title='bbox 1121 959 1227 1011; x_wconf 80' lang='grc' dir='ltr'><strong>πᾶν</strong></span> <span class='ocrx_word' id='word_1_61' title='bbox 1284 957 1491 1025; x_wconf 75' lang='grc' dir='ltr'>ἰσχύειν</span> <span class='ocrx_word' id='word_1_62' title='bbox 1534 955 1713 1020; x_wconf 80' lang='grc' dir='ltr'>λέγειν</span> <span class='ocrx_word' id='word_1_63' title='bbox 1766 955 2003 1023; x_wconf 79' lang='grc' dir='ltr'>περᾶναι</span> 
     </span>
    </p>
   </div>
   <div class='ocr_carea' id='block_1_11' title="bbox 437 1044 2002 1121">
    <p class='ocr_par' dir='ltr' id='par_1_11' title="bbox 437 1044 2002 1121">
     <span class='ocr_line' id='line_1_11' title="bbox 437 1044 2002 1121; baseline -0.006 -16"><span class='ocrx_word' id='word_1_64' title='bbox 437 1054 529 1105; x_wconf 81' lang='grc' dir='ltr'><strong>τὸν</strong></span> <span class='ocrx_word' id='word_1_65' title='bbox 558 1051 945 1121; x_wconf 80' lang='grc' dir='ltr'>ἀριστοτέχνην</span> <span class='ocrx_word' id='word_1_66' title='bbox 970 1050 1123 1113; x_wconf 75' lang='grc' dir='ltr'>Θεὸν,</span> <span class='ocrx_word' id='word_1_67' title='bbox 1156 1047 1291 1101; x_wconf 87' lang='grc' dir='ltr'><strong>ἀλλά</strong></span> <span class='ocrx_word' id='word_1_68' title='bbox 1318 1048 1408 1099; x_wconf 69' lang='grc' dir='ltr'><strong>καὶ</strong></span> <span class='ocrx_word' id='word_1_69' title='bbox 1434 1047 1676 1115; x_wconf 73' lang='grc' dir='ltr'>ἀκεστὴν</span> <span class='ocrx_word' id='word_1_70' title='bbox 1701 1044 2002 1112; x_wconf 79' lang='grc' dir='ltr'>ἐπιζητεῖν,</span> 
     </span>
    </p>
   </div>
   <div class='ocr_carea' id='block_1_12' title="bbox 438 1137 2007 1213">
    <p class='ocr_par' dir='ltr' id='par_1_12' title="bbox 438 1137 2007 1213">
     <span class='ocr_line' id='line_1_12' title="bbox 438 1137 2007 1213; baseline -0.006 -16"><span class='ocrx_word' id='word_1_71' title='bbox 438 1146 496 1204; x_wconf 76' lang='grc' dir='ltr'>ὃς</span> <span class='ocrx_word' id='word_1_72' title='bbox 542 1145 867 1213; x_wconf 77' lang='grc' dir='ltr'>είδοποιήσει</span> <span class='ocrx_word' id='word_1_73' title='bbox 922 1142 999 1211; x_wconf 71' lang='lat'><strong>(9.)</strong></span> <span class='ocrx_word' id='word_1_74' title='bbox 1042 1143 1144 1210; x_wconf 81' lang='grc' dir='ltr'>τὴν</span> <span class='ocrx_word' id='word_1_75' title='bbox 1195 1140 1364 1210; x_wconf 77' lang='grc' dir='ltr'>ὖ).ην;</span> <span class='ocrx_word' id='word_1_76' title='bbox 1397 1139 1584 1204; x_wconf 81' lang='grc' dir='ltr'>ὥσπερ</span> <span class='ocrx_word' id='word_1_77' title='bbox 1635 1139 1733 1190; x_wconf 80' lang='grc' dir='ltr'><strong>οὐκ</strong></span> <span class='ocrx_word' id='word_1_78' title='bbox 1762 1138 1880 1189; x_wconf 81' lang='grc' dir='ltr'>ὲνδν</span> <span class='ocrx_word' id='word_1_79' title='bbox 1912 1137 2007 1189; x_wconf 71' lang='grc' dir='ltr'><strong>καὶ</strong></span> 
     </span>
    </p>
   </div>
   <div class='ocr_carea' id='block_1_13' title="bbox 442 1229 1840 1307">
    <p class='ocr_par' dir='ltr' id='par_1_13' title="bbox 442 1229 1840 1307">
     <span class='ocr_line' id='line_1_13' title="bbox 442 1229 1840 1307; baseline -0.007 -18"><span class='ocrx_word' id='word_1_80' title='bbox 442 1236 555 1290; x_wconf 89' lang='grc' dir='ltr'>τόδε</span> <span class='ocrx_word' id='word_1_81' title='bbox 592 1238 725 1307; x_wconf 79' lang='grc' dir='ltr'>πρὸς</span> <span class='ocrx_word' id='word_1_82' title='bbox 754 1238 866 1299; x_wconf 84' lang='grc' dir='ltr'>τοῖς</span> <span class='ocrx_word' id='word_1_83' title='bbox 895 1233 1079 1297; x_wconf 76' lang='grc' dir='ltr'>ἄλλοις</span> <span class='ocrx_word' id='word_1_84' title='bbox 1102 1232 1321 1285; x_wconf 80' lang='grc' dir='ltr'>τελέσαι</span> <span class='ocrx_word' id='word_1_85' title='bbox 1348 1232 1493 1302; x_wconf 84' lang='grc' dir='ltr'>μόνῳ</span> <span class='ocrx_word' id='word_1_86' title='bbox 1511 1229 1840 1299; x_wconf 83' lang='grc' dir='ltr'>βουλήματι.</span> 
     </span>
    </p>
   </div>
   <div class='ocr_carea' id='block_1_14' title="bbox 512 1491 2012 1569">
    <p class='ocr_par' dir='ltr' id='par_1_14' title="bbox 512 1491 2012 1569">
     <span class='ocr_line' id='line_1_14' title="bbox 512 1491 2012 1569; baseline -0.01 -12"><span class='ocrx_word' id='word_1_87' title='bbox 512 1500 580 1563; x_wconf 79' lang='grc' dir='ltr'><strong>ζ’.</strong></span> <span class='ocrx_word' id='word_1_88' title='bbox 628 1501 737 1555; x_wconf 69' lang='grc' dir='ltr'><strong>Καὶ</strong></span> <span class='ocrx_word' id='word_1_89' title='bbox 763 1503 790 1555; x_wconf 88' lang='grc' dir='ltr'><strong>ό</strong></span> <span class='ocrx_word' id='word_1_90' title='bbox 837 1498 1051 1569; x_wconf 83' lang='grc' dir='ltr'>Πέρσης</span> <span class='ocrx_word' id='word_1_91' title='bbox 1078 1497 1219 1567; x_wconf 79' lang='grc' dir='ltr'>ἥσθη</span> <span class='ocrx_word' id='word_1_92' title='bbox 1251 1514 1312 1549; x_wconf 81' lang='grc' dir='ltr'><strong>τε</strong></span> <span class='ocrx_word' id='word_1_93' title='bbox 1362 1492 1728 1561; x_wconf 72' lang='grc' dir='ltr'>διαφερόντως</span> <span class='ocrx_word' id='word_1_94' title='bbox 1762 1493 1874 1554; x_wconf 80' lang='grc' dir='ltr'>τοῖς</span> <span class='ocrx_word' id='word_1_95' title='bbox 1904 1491 2012 1543; x_wconf 85' lang='grc' dir='ltr'><strong>τῶν</strong></span> 
     </span>
    </p>
   </div>
   <div class='ocr_carea' id='block_1_15' title="bbox 446 1578 2012 1661">
    <p class='ocr_par' dir='ltr' id='par_1_15' title="bbox 446 1578 2012 1661">
     <span class='ocr_line' id='line_1_15' title="bbox 446 1578 2012 1661; baseline -0.01 -14"><span class='ocrx_word' id='word_1_96' title='bbox 446 1596 599 1647; x_wconf 78' lang='grc' dir='ltr'>υἱέων</span> <span class='ocrx_word' id='word_1_97' title='bbox 645 1594 848 1661; x_wconf 86' lang='grc' dir='ltr'>λόγοις,</span> <span class='ocrx_word' id='word_1_98' title='bbox 901 1592 1016 1656; x_wconf 78' lang='grc' dir='ltr'>καὶ,</span> <span class='ocrx_word' id='word_1_99' title='bbox 1066 1588 1265 1649; x_wconf 83' lang='grc' dir='ltr'>Καλῶς</span> <span class='ocrx_word' id='word_1_100' title='bbox 1317 1604 1407 1655; x_wconf 90' lang='grc' dir='ltr'><strong>μοι</strong></span> <span class='ocrx_word' id='word_1_101' title='bbox 1442 1585 1711 1645; x_wconf 82' lang='grc' dir='ltr'>δοκοῦσιν,</span> <span class='ocrx_word' id='word_1_102' title='bbox 1743 1578 1918 1643; x_wconf 76' lang='grc' dir='ltr'>εἶπεν,</span> <span class='ocrx_word' id='word_1_103' title='bbox 1962 1581 2012 1633; x_wconf 75' lang='grc' dir='ltr'><strong>οἱ</strong></span> 
     </span>
    </p>
   </div>
   <div class='ocr_carea' id='block_1_16' title="bbox 443 1664 2013 1755">
    <p class='ocr_par' dir='ltr' id='par_1_16' title="bbox 443 1664 2013 1755">
     <span class='ocr_line' id='line_1_16' title="bbox 443 1664 2013 1755; baseline -0.011 -15"><span class='ocrx_word' id='word_1_104' title='bbox 443 1689 555 1740; x_wconf 81' lang='grc' dir='ltr'>νέοι</span> <span class='ocrx_word' id='word_1_105' title='bbox 588 1685 977 1755; x_wconf 77' lang='grc' dir='ltr'>βεϐοηθηκέναι</span> <span class='ocrx_word' id='word_1_106' title='bbox 1011 1684 1121 1743; x_wconf 77' lang='grc' dir='ltr'>τοῖς</span> <span class='ocrx_word' id='word_1_107' title='bbox 1174 1664 1277 1732; x_wconf 80' lang='grc' dir='ltr'>ὑπὸ</span> <span class='ocrx_word' id='word_1_108' title='bbox 1318 1678 1410 1731; x_wconf 77' lang='grc' dir='ltr'><strong>σού</strong></span> <span class='ocrx_word' id='word_1_109' title='bbox 1443 1675 1774 1745; x_wconf 81' lang='grc' dir='ltr'>λεγομένοις,</span> <span class='ocrx_word' id='word_1_110' title='bbox 1806 1672 1862 1725; x_wconf 77' lang='grc' dir='ltr'><strong>εὖ</strong></span> <span class='ocrx_word' id='word_1_111' title='bbox 1916 1672 2013 1724; x_wconf 74' lang='grc' dir='ltr'>καὶ</span> 
     </span>
    </p>
   </div>
   <div class='ocr_carea' id='block_1_17' title="bbox 442 1767 2009 1846">
    <p class='ocr_par' dir='ltr' id='par_1_17' title="bbox 442 1767 2009 1846">
     <span class='ocr_line' id='line_1_17' title="bbox 442 1767 2009 1846; baseline -0.01 -15"><span class='ocrx_word' id='word_1_112' title='bbox 442 1780 627 1832; x_wconf 90' lang='grc' dir='ltr'>δίκαια</span> <span class='ocrx_word' id='word_1_113' title='bbox 656 1776 980 1846; x_wconf 80' lang='grc' dir='ltr'>πράξαντες,</span> <span class='ocrx_word' id='word_1_114' title='bbox 1007 1775 1103 1842; x_wconf 85' lang='grc' dir='ltr'>τῆς</span> <span class='ocrx_word' id='word_1_115' title='bbox 1132 1774 1265 1841; x_wconf 79' lang='grc' dir='ltr'>πρὸς</span> <span class='ocrx_word' id='word_1_116' title='bbox 1293 1770 1486 1831; x_wconf 81' lang='grc' dir='ltr'>αὐτούς</span> <span class='ocrx_word' id='word_1_117' title='bbox 1512 1786 1600 1836; x_wconf 90' lang='grc' dir='ltr'><strong>μοι</strong></span> <span class='ocrx_word' id='word_1_118' title='bbox 1635 1767 2009 1837; x_wconf 81' lang='grc' dir='ltr'>παραινέσεως</span> 
     </span>
    </p>
   </div>
   <div class='ocr_carea' id='block_1_18' title="bbox 2104 586 3674 657">
    <p class='ocr_par' dir='ltr' id='par_1_18' title="bbox 2104 586 3674 657">
     <span class='ocr_line' id='line_1_18' title="bbox 2104 586 3674 657; baseline -0.006 -12"><span class='ocrx_word' id='word_1_119' title='bbox 2104 602 2156 646; x_wconf 90' lang='lat' dir='ltr'><strong>et</strong></span> <span class='ocrx_word' id='word_1_120' title='bbox 2181 592 2445 657; x_wconf 89' lang='lat' dir='ltr'><strong>sapientia</strong></span> <span class='ocrx_word' id='word_1_121' title='bbox 2472 588 2925 644; x_wconf 89' lang='lat' dir='ltr'><strong>remotissimum.</strong></span> <span class='ocrx_word' id='word_1_122' title='bbox 2961 586 3114 652; x_wconf 83' lang='lat' dir='ltr'><strong>Quod</strong></span> <span class='ocrx_word' id='word_1_123' title='bbox 3141 587 3186 640; x_wconf 97' lang='lat' dir='ltr'><strong>si</strong></span> <span class='ocrx_word' id='word_1_124' title='bbox 3224 586 3522 639; x_wconf 87' lang='lat' dir='ltr'><strong>humanum</strong></span> <span class='ocrx_word' id='word_1_125' title='bbox 3578 598 3674 637; x_wconf 88' lang='lat' dir='ltr'><strong>ca-</strong></span> 
     </span>
    </p>
   </div>
   <div class='ocr_carea' id='block_1_19' title="bbox 2101 676 3675 751">
    <p class='ocr_par' dir='ltr' id='par_1_19' title="bbox 2101 676 3675 751">
     <span class='ocr_line' id='line_1_19' title="bbox 2101 676 3675 751; baseline -0.006 -16"><span class='ocrx_word' id='word_1_126' title='bbox 2101 694 2254 751; x_wconf 83' lang='lat' dir='ltr'><strong>ptam</strong></span> <span class='ocrx_word' id='word_1_127' title='bbox 2284 691 2505 751; x_wconf 88' lang='lat' dir='ltr'><strong>superat</strong></span> <span class='ocrx_word' id='word_1_128' title='bbox 2551 680 2999 736; x_wconf 83' lang='lat' dir='ltr'><strong>vestimentorum</strong></span> <span class='ocrx_word' id='word_1_129' title='bbox 3026 677 3137 731; x_wconf 67' lang='lat' dir='ltr'><strong>haec</strong></span> <span class='ocrx_word' id='word_1_130' title='bbox 3172 676 3345 745; x_wconf 82' lang='lat' dir='ltr'><strong>gestio</strong></span> <span class='ocrx_word' id='word_1_131' title='bbox 3372 686 3426 729; x_wconf 89' lang='lat' dir='ltr'><strong>et</strong></span> <span class='ocrx_word' id='word_1_132' title='bbox 3455 689 3675 730; x_wconf 81' lang='lat' dir='ltr'><strong>conser-</strong></span> 
     </span>
    </p>
   </div>
   <div class='ocr_carea' id='block_1_20' title="bbox 2102 767 3675 845">
    <p class='ocr_par' dir='ltr' id='par_1_20' title="bbox 2102 767 3675 845">
     <span class='ocr_line' id='line_1_20' title="bbox 2102 767 3675 845; baseline -0.006 -17"><span class='ocrx_word' id='word_1_133' title='bbox 2102 774 2248 828; x_wconf 83' lang='lat' dir='ltr'><strong>vatio</strong></span> <span class='ocrx_word' id='word_1_134' title='bbox 2278 774 2617 845; x_wconf 79' lang='lat' dir='ltr'><strong>(permanent</strong></span> <span class='ocrx_word' id='word_1_135' title='bbox 2646 773 2813 833; x_wconf 85' lang='lat' dir='ltr'><strong>enim,</strong></span> <span class='ocrx_word' id='word_1_136' title='bbox 2849 770 2993 840; x_wconf 92' lang='lat' dir='ltr'><strong>quod</strong></span> <span class='ocrx_word' id='word_1_137' title='bbox 3027 770 3107 824; x_wconf 87' lang='lat' dir='ltr'><strong>vel</strong></span> <span class='ocrx_word' id='word_1_138' title='bbox 3162 769 3406 822; x_wconf 88' lang='lat' dir='ltr'><strong>nnmium</strong></span> <span class='ocrx_word' id='word_1_139' title='bbox 3440 767 3675 829; x_wconf 76' lang='lat' dir='ltr'><strong>maxime</strong></span> 
     </span>
    </p>
   </div>
   <div class='ocr_carea' id='block_1_21' title="bbox 2105 860 3673 931">
    <p class='ocr_par' dir='ltr' id='par_1_21' title="bbox 2105 860 3673 931">
     <span class='ocr_line' id='line_1_21' title="bbox 2105 860 3673 931; baseline -0.004 -12"><span class='ocrx_word' id='word_1_140' title='bbox 2105 866 2437 930; x_wconf 90' lang='lat' dir='ltr'><strong>mirandum,</strong></span> <span class='ocrx_word' id='word_1_141' title='bbox 2466 866 2800 931; x_wconf 88' lang='lat' dir='ltr'><strong>incorrupta,</strong></span> <span class='ocrx_word' id='word_1_142' title='bbox 2837 872 2895 917; x_wconf 92' lang='lat' dir='ltr'><strong>ut</strong></span> <span class='ocrx_word' id='word_1_143' title='bbox 2926 879 3025 916; x_wconf 90' lang='lat' dir='ltr'><strong>nos</strong></span> <span class='ocrx_word' id='word_1_144' title='bbox 3072 863 3293 930; x_wconf 88' lang='lat' dir='ltr'><strong>quidem</strong></span> <span class='ocrx_word' id='word_1_145' title='bbox 3327 861 3603 914; x_wconf 83' lang='lat' dir='ltr'><strong>credimus</strong></span> <span class='ocrx_word' id='word_1_146' title='bbox 3630 860 3673 925; x_wconf 88' lang='lat'><strong>).</strong></span> 
     </span>
    </p>
   </div>
   <div class='ocr_carea' id='block_1_22' title="bbox 2104 950 3674 1027">
    <p class='ocr_par' dir='ltr' id='par_1_22' title="bbox 2104 950 3674 1027">
     <span class='ocr_line' id='line_1_22' title="bbox 2104 950 3674 1027; baseline -0.006 -16"><span class='ocrx_word' id='word_1_147' title='bbox 2104 959 2409 1027; x_wconf 84' lang='lat' dir='ltr'><strong>quomodo,</strong></span> <span class='ocrx_word' id='word_1_148' title='bbox 2436 974 2644 1026; x_wconf 60' lang='lat' dir='ltr'><strong>quaeso,</strong></span> <span class='ocrx_word' id='word_1_149' title='bbox 2686 974 2790 1010; x_wconf 91' lang='lat' dir='ltr'><strong>non</strong></span> <span class='ocrx_word' id='word_1_150' title='bbox 2830 957 2981 1009; x_wconf 85' lang='lat' dir='ltr'><strong>valde</strong></span> <span class='ocrx_word' id='word_1_151' title='bbox 3006 955 3280 1008; x_wconf 82' lang='lat' dir='ltr'><strong>absurdus</strong></span> <span class='ocrx_word' id='word_1_152' title='bbox 3310 963 3453 1005; x_wconf 88' lang='lat' dir='ltr'><strong>esset</strong></span> <span class='ocrx_word' id='word_1_153' title='bbox 3487 951 3554 1013; x_wconf 87' lang='lat' dir='ltr'><strong>is,</strong></span> <span class='ocrx_word' id='word_1_154' title='bbox 3583 950 3674 1015; x_wconf 89' lang='lat' dir='ltr'><strong>qui</strong></span> 
     </span>
    </p>
   </div>
   <div class='ocr_carea' id='block_1_23' title="bbox 2104 1041 3670 1116">
    <p class='ocr_par' dir='ltr' id='par_1_23' title="bbox 2104 1041 3670 1116">
     <span class='ocr_line' id='line_1_23' title="bbox 2104 1041 3670 1116; baseline -0.004 -19"><span class='ocrx_word' id='word_1_155' title='bbox 2104 1058 2487 1116; x_wconf 66' lang='lat' dir='ltr'><strong>praepotentem</strong></span> <span class='ocrx_word' id='word_1_156' title='bbox 2548 1050 2924 1115; x_wconf 84' lang='lat' dir='ltr'><strong>optimumque</strong></span> <span class='ocrx_word' id='word_1_157' title='bbox 2977 1046 3224 1113; x_wconf 88' lang='lat' dir='ltr'><strong>opilicem</strong></span> <span class='ocrx_word' id='word_1_158' title='bbox 3257 1041 3670 1096; x_wconf 67' lang='lat' dir='ltr'><strong>aedificatorem-</strong></span> 
     </span>
    </p>
   </div>
   <div class='ocr_carea' id='block_1_24' title="bbox 2106 1131 3669 1205">
    <p class='ocr_par' dir='ltr' id='par_1_24' title="bbox 2106 1131 3669 1205">
     <span class='ocr_line' id='line_1_24' title="bbox 2106 1131 3669 1205; baseline -0.006 -15"><span class='ocrx_word' id='word_1_159' title='bbox 2106 1152 2211 1205; x_wconf 91' lang='lat' dir='ltr'><strong>que</strong></span> <span class='ocrx_word' id='word_1_160' title='bbox 2259 1138 2443 1191; x_wconf 88' lang='lat' dir='ltr'><strong>mundi</strong></span> <span class='ocrx_word' id='word_1_161' title='bbox 2481 1139 2646 1191; x_wconf 90' lang='lat' dir='ltr'><strong>Deum</strong></span> <span class='ocrx_word' id='word_1_162' title='bbox 2690 1154 2796 1191; x_wconf 90' lang='lat' dir='ltr'><strong>non</strong></span> <span class='ocrx_word' id='word_1_163' title='bbox 2845 1136 3028 1189; x_wconf 81' lang='lat' dir='ltr'><strong>omnia</strong></span> <span class='ocrx_word' id='word_1_164' title='bbox 3088 1133 3346 1204; x_wconf 81' lang='lat' dir='ltr'><strong>perﬁcere</strong></span> <span class='ocrx_word' id='word_1_165' title='bbox 3377 1147 3535 1200; x_wconf 84' lang='lat' dir='ltr'><strong>posse</strong></span> <span class='ocrx_word' id='word_1_166' title='bbox 3587 1131 3669 1183; x_wconf 85' lang='lat' dir='ltr'><strong>di-</strong></span> 
     </span>
    </p>
   </div>
   <div class='ocr_carea' id='block_1_25' title="bbox 2111 1223 3667 1296">
    <p class='ocr_par' dir='ltr' id='par_1_25' title="bbox 2111 1223 3667 1296">
     <span class='ocr_line' id='line_1_25' title="bbox 2111 1223 3667 1296; baseline -0.004 -17"><span class='ocrx_word' id='word_1_167' title='bbox 2111 1238 2280 1292; x_wconf 80' lang='lat' dir='ltr'><strong>ceret,</strong></span> <span class='ocrx_word' id='word_1_168' title='bbox 2316 1230 2408 1282; x_wconf 84' lang='lat' dir='ltr'><strong>sed</strong></span> <span class='ocrx_word' id='word_1_169' title='bbox 2444 1239 2711 1282; x_wconf 89' lang='lat' dir='ltr'><strong>sartorem</strong></span> <span class='ocrx_word' id='word_1_170' title='bbox 2744 1230 2905 1282; x_wconf 90' lang='lat' dir='ltr'><strong>etiam</strong></span> <span class='ocrx_word' id='word_1_171' title='bbox 2937 1227 3235 1296; x_wconf 87' lang='lat' dir='ltr'><strong>requirere,</strong></span> <span class='ocrx_word' id='word_1_172' title='bbox 3266 1224 3357 1293; x_wconf 87' lang='lat' dir='ltr'><strong>qui</strong></span> <span class='ocrx_word' id='word_1_173' title='bbox 3384 1223 3667 1289; x_wconf 78' lang='lat' dir='ltr'><strong>materiam</strong></span> 
     </span>
    </p>
   </div>
   <div class='ocr_carea' id='block_1_26' title="bbox 2110 1316 3678 1388">
    <p class='ocr_par' dir='ltr' id='par_1_26' title="bbox 2110 1316 3678 1388">
     <span class='ocr_line' id='line_1_26' title="bbox 2110 1316 3678 1388; baseline -0.002 -16"><span class='ocrx_word' id='word_1_174' title='bbox 2110 1319 2285 1372; x_wconf 88' lang='lat' dir='ltr'><strong>forma</strong></span> <span class='ocrx_word' id='word_1_175' title='bbox 2315 1320 2614 1386; x_wconf 83' lang='lat' dir='ltr'><strong>insigniat?</strong></span> <span class='ocrx_word' id='word_1_176' title='bbox 2666 1322 2821 1388; x_wconf 91' lang='lat' dir='ltr'><strong>quasi</strong></span> <span class='ocrx_word' id='word_1_177' title='bbox 2866 1334 2974 1371; x_wconf 89' lang='lat' dir='ltr'><strong>non</strong></span> <span class='ocrx_word' id='word_1_178' title='bbox 3017 1326 3218 1387; x_wconf 84' lang='lat' dir='ltr'><strong>posset,</strong></span> <span class='ocrx_word' id='word_1_179' title='bbox 3258 1326 3315 1369; x_wconf 93' lang='lat' dir='ltr'><strong>ut</strong></span> <span class='ocrx_word' id='word_1_180' title='bbox 3346 1328 3563 1380; x_wconf 74' lang='lat' dir='ltr'><strong>czetcra,</strong></span> <span class='ocrx_word' id='word_1_181' title='bbox 3599 1316 3678 1369; x_wconf 87' lang='lat' dir='ltr'><strong>sic</strong></span> 
     </span>
    </p>
   </div>
   <div class='ocr_carea' id='block_1_27' title="bbox 2112 1410 3324 1478">
    <p class='ocr_par' dir='ltr' id='par_1_27' title="bbox 2112 1410 3324 1478">
     <span class='ocr_line' id='line_1_27' title="bbox 2112 1410 3324 1478; baseline 0 -15"><span class='ocrx_word' id='word_1_182' title='bbox 2112 1411 2214 1464; x_wconf 92' lang='lat' dir='ltr'><strong>hoc</strong></span> <span class='ocrx_word' id='word_1_183' title='bbox 2242 1426 2459 1478; x_wconf 86' lang='lat' dir='ltr'><strong>quoth</strong></span> <span class='ocrx_word' id='word_1_184' title='bbox 2499 1412 2773 1463; x_wconf 85' lang='lat' dir='ltr'><strong>voluntate</strong></span> <span class='ocrx_word' id='word_1_185' title='bbox 2803 1410 2917 1463; x_wconf 87' lang='lat' dir='ltr'><strong>sola</strong></span> <span class='ocrx_word' id='word_1_186' title='bbox 2964 1425 3061 1463; x_wconf 85' lang='lat' dir='ltr'><strong>sua</strong></span> <span class='ocrx_word' id='word_1_187' title='bbox 3091 1410 3324 1464; x_wconf 69' lang='lat' dir='ltr'><strong>edicere.</strong></span> 
     </span>
    </p>
   </div>
   <div class='ocr_carea' id='block_1_28' title="bbox 2182 1498 3676 1563">
    <p class='ocr_par' dir='ltr' id='par_1_28' title="bbox 2182 1498 3676 1563">
     <span class='ocr_line' id='line_1_28' title="bbox 2182 1498 3676 1563; baseline -0.002 -11"><span class='ocrx_word' id='word_1_188' title='bbox 2182 1501 2233 1552; x_wconf 87' lang='lat'><strong>7.</strong></span> <span class='ocrx_word' id='word_1_189' title='bbox 2268 1498 2398 1563; x_wconf 66' lang='lat' dir='ltr'><strong>Quae</strong></span> <span class='ocrx_word' id='word_1_190' title='bbox 2424 1514 2548 1552; x_wconf 91' lang='lat' dir='ltr'><strong>cum</strong></span> <span class='ocrx_word' id='word_1_191' title='bbox 2584 1500 2877 1563; x_wconf 79' lang='lat' dir='ltr'><strong>dixissent,</strong></span> <span class='ocrx_word' id='word_1_192' title='bbox 2911 1517 3179 1554; x_wconf 88' lang='lat' dir='ltr'><strong>summam</strong></span> <span class='ocrx_word' id='word_1_193' title='bbox 3221 1501 3351 1555; x_wconf 84' lang='lat' dir='ltr'><strong>mihi</strong></span> <span class='ocrx_word' id='word_1_194' title='bbox 3381 1516 3409 1553; x_wconf 89' lang='lat' dir='ltr'><strong>e</strong></span> <span class='ocrx_word' id='word_1_195' title='bbox 3443 1500 3676 1553; x_wconf 87' lang='lat' dir='ltr'><strong>filiorum</strong></span> 
     </span>
    </p>
   </div>
   <div class='ocr_carea' id='block_1_29' title="bbox 2112 1590 3678 1660">
    <p class='ocr_par' dir='ltr' id='par_1_29' title="bbox 2112 1590 3678 1660">
     <span class='ocr_line' id='line_1_29' title="bbox 2112 1590 3678 1660; baseline -0.001 -17"><span class='ocrx_word' id='word_1_196' title='bbox 2112 1590 2455 1643; x_wconf 84' lang='lat' dir='ltr'><strong>sermonibus</strong></span> <span class='ocrx_word' id='word_1_197' title='bbox 2506 1590 2832 1660; x_wconf 83' lang='lat' dir='ltr'><strong>voluptatem</strong></span> <span class='ocrx_word' id='word_1_198' title='bbox 2868 1606 3060 1658; x_wconf 86' lang='lat' dir='ltr'><strong>capere</strong></span> <span class='ocrx_word' id='word_1_199' title='bbox 3094 1593 3246 1645; x_wconf 88' lang='lat' dir='ltr'><strong>visus</strong></span> <span class='ocrx_word' id='word_1_200' title='bbox 3267 1602 3349 1646; x_wconf 88' lang='lat' dir='ltr'><strong>est</strong></span> <span class='ocrx_word' id='word_1_201' title='bbox 3378 1591 3563 1651; x_wconf 81' lang='lat' dir='ltr'><strong>Persa,</strong></span> <span class='ocrx_word' id='word_1_202' title='bbox 3602 1598 3678 1649; x_wconf 86' lang='lat' dir='ltr'><strong>et.</strong></span> 
     </span>
    </p>
   </div>
   <div class='ocr_carea' id='block_1_30' title="bbox 2114 1679 3682 1751">
    <p class='ocr_par' dir='ltr' id='par_1_30' title="bbox 2114 1679 3682 1751">
     <span class='ocr_line' id='line_1_30' title="bbox 2114 1679 3682 1751; baseline 0 -19"><span class='ocrx_word' id='word_1_203' title='bbox 2114 1679 2204 1734; x_wconf 70' lang='lat' dir='ltr'><strong>Nae</strong></span> <span class='ocrx_word' id='word_1_204' title='bbox 2234 1681 2445 1734; x_wconf 85' lang='lat' dir='ltr'><strong>medius</strong></span> <span class='ocrx_word' id='word_1_205' title='bbox 2481 1681 2657 1744; x_wconf 81' lang='lat' dir='ltr'><strong>ﬁdius,</strong></span> <span class='ocrx_word' id='word_1_206' title='bbox 2691 1681 2886 1750; x_wconf 87' lang='lat' dir='ltr'><strong>inquit,</strong></span> <span class='ocrx_word' id='word_1_207' title='bbox 2947 1683 3171 1751; x_wconf 88' lang='lat' dir='ltr'><strong>pulchre</strong></span> <span class='ocrx_word' id='word_1_208' title='bbox 3196 1684 3303 1736; x_wconf 90' lang='lat' dir='ltr'><strong>tuis</strong></span> <span class='ocrx_word' id='word_1_209' title='bbox 3349 1683 3513 1735; x_wconf 90' lang='lat' dir='ltr'><strong>dictis</strong></span> <span class='ocrx_word' id='word_1_210' title='bbox 3550 1681 3682 1733; x_wconf 77' lang='lat' dir='ltr'><strong>adu—</strong></span> 
     </span>
    </p>
   </div>
   <div class='ocr_carea' id='block_1_31' title="bbox 2115 1768 3685 1842">
    <p class='ocr_par' dir='ltr' id='par_1_31' title="bbox 2115 1768 3685 1842">
     <span class='ocr_line' id='line_1_31' title="bbox 2115 1768 3685 1842; baseline 0 -20"><span class='ocrx_word' id='word_1_211' title='bbox 2115 1768 2381 1824; x_wconf 87' lang='lat' dir='ltr'><strong>lescentes</strong></span> <span class='ocrx_word' id='word_1_212' title='bbox 2407 1769 2493 1824; x_wconf 90' lang='lat' dir='ltr'><strong>isti</strong></span> <span class='ocrx_word' id='word_1_213' title='bbox 2534 1781 2663 1823; x_wconf 89' lang='lat' dir='ltr'><strong>sunt</strong></span> <span class='ocrx_word' id='word_1_214' title='bbox 2716 1772 3061 1837; x_wconf 86' lang='lat' dir='ltr'><strong>patrocinati.</strong></span> <span class='ocrx_word' id='word_1_215' title='bbox 3107 1772 3269 1842; x_wconf 88' lang='lat' dir='ltr'><strong>idque</strong></span> <span class='ocrx_word' id='word_1_216' title='bbox 3301 1785 3446 1827; x_wconf 90' lang='lat' dir='ltr'><strong>recte</strong></span> <span class='ocrx_word' id='word_1_217' title='bbox 3468 1788 3531 1827; x_wconf 89' lang='lat' dir='ltr'><strong>ac</strong></span> <span class='ocrx_word' id='word_1_218' title='bbox 3560 1772 3685 1840; x_wconf 78' lang='lat' dir='ltr'><strong>jure</strong></span> 
     </span>
    </p>
   </div>
   <div class='ocr_carea' id='block_1_32' title="bbox 450 1856 2019 1940">
    <p class='ocr_par' dir='ltr' id='par_1_32' title="bbox 450 1856 2005 1940">
     <span class='ocr_line' id='line_1_32' title="bbox 450 1856 2005 1940; baseline -0.01 -17"><span class='ocrx_word' id='word_1_219' title='bbox 450 1869 900 1940; x_wconf 77' lang='grc' dir='ltr'>μνημονεύοντες.</span> <span class='ocrx_word' id='word_1_220' title='bbox 935 1866 1175 1933; x_wconf 82' lang='grc' dir='ltr'>Ἥδομαι</span> <span class='ocrx_word' id='word_1_221' title='bbox 1206 1862 1337 1932; x_wconf 81' lang='grc' dir='ltr'>γάρ,</span> <span class='ocrx_word' id='word_1_222' title='bbox 1372 1861 1486 1923; x_wconf 84' lang='grc' dir='ltr'>πῶς</span> <span class='ocrx_word' id='word_1_223' title='bbox 1520 1861 1642 1922; x_wconf 77' lang='grc' dir='ltr'>οἴει,</span> <span class='ocrx_word' id='word_1_224' title='bbox 1676 1861 1757 1912; x_wconf 86' lang='grc' dir='ltr'>ὅτι</span> <span class='ocrx_word' id='word_1_225' title='bbox 1788 1857 1881 1909; x_wconf 82' lang='grc' dir='ltr'>καὶ</span> <span class='ocrx_word' id='word_1_226' title='bbox 1910 1856 2005 1908; x_wconf 81' lang='grc' dir='ltr'><strong>τοῦ</strong></span> 
     </span>
    </p>
   </div>
   <div class='ocr_carea' id='block_1_33' title="bbox 2119 1856 3683 1940">
    <p class='ocr_par' dir='ltr' id='par_1_33' title="bbox 2119 1863 3683 1932">
     <span class='ocr_line' id='line_1_33' title="bbox 2119 1863 3683 1932; baseline 0 -16"><span class='ocrx_word' id='word_1_227' title='bbox 2119 1863 2329 1927; x_wconf 88' lang='lat' dir='ltr'><strong>merito,</strong></span> <span class='ocrx_word' id='word_1_228' title='bbox 2354 1863 2494 1930; x_wconf 86' lang='lat' dir='ltr'><strong>quod</strong></span> <span class='ocrx_word' id='word_1_229' title='bbox 2540 1877 2714 1915; x_wconf 84' lang='lat' dir='ltr'><strong>meam</strong></span> <span class='ocrx_word' id='word_1_230' title='bbox 2754 1863 2817 1914; x_wconf 87' lang='lat' dir='ltr'><strong>ad</strong></span> <span class='ocrx_word' id='word_1_231' title='bbox 2854 1864 3002 1932; x_wconf 90' lang='lat' dir='ltr'><strong>ipsos</strong></span> <span class='ocrx_word' id='word_1_232' title='bbox 3025 1864 3458 1919; x_wconf 86' lang='lat' dir='ltr'><strong>adhortationem</strong></span> <span class='ocrx_word' id='word_1_233' title='bbox 3492 1864 3683 1916; x_wconf 85' lang='lat' dir='ltr'><strong>memi-</strong></span> 
     </span>
    </p>
   </div>
   <div class='ocr_carea' id='block_1_34' title="bbox 447 1949 2002 2030">
    <p class='ocr_par' dir='ltr' id='par_1_34' title="bbox 447 1949 2002 2030">
     <span class='ocr_line' id='line_1_34' title="bbox 447 1949 2002 2030; baseline -0.01 -17"><span class='ocrx_word' id='word_1_234' title='bbox 447 1960 717 2030; x_wconf 78' lang='grc' dir='ltr'>φύσαντος</span> <span class='ocrx_word' id='word_1_235' title='bbox 741 1959 872 2025; x_wconf 77' lang='grc' dir='ltr'>ἐμοῦ</span> <span class='ocrx_word' id='word_1_236' title='bbox 890 1957 1120 2026; x_wconf 81' lang='grc' dir='ltr'>τάληθὲς</span> <span class='ocrx_word' id='word_1_237' title='bbox 1144 1952 1477 2023; x_wconf 85' lang='grc' dir='ltr'>προτιμῶσι.</span> <span class='ocrx_word' id='word_1_238' title='bbox 1493 1952 1601 2003; x_wconf 69' lang='grc' dir='ltr'>Ναὶ</span> <span class='ocrx_word' id='word_1_239' title='bbox 1626 1952 1817 2014; x_wconf 78' lang='grc' dir='ltr'>ὅντως,</span> <span class='ocrx_word' id='word_1_240' title='bbox 1845 1949 2002 2017; x_wconf 76' lang='grc' dir='ltr'>ἔφην,</span> 
     </span>
    </p>
   </div>
   <div class='ocr_carea' id='block_1_35' title="bbox 445 2040 2008 2122">
    <p class='ocr_par' dir='ltr' id='par_1_35' title="bbox 445 2040 2008 2122">
     <span class='ocr_line' id='line_1_35' title="bbox 445 2040 2008 2122; baseline -0.012 -13"><span class='ocrx_word' id='word_1_241' title='bbox 445 2050 490 2109; x_wconf 81' lang='grc' dir='ltr'>ὦ</span> <span class='ocrx_word' id='word_1_242' title='bbox 540 2052 810 2122; x_wconf 84' lang='grc' dir='ltr'>βέλτιστε’</span> <span class='ocrx_word' id='word_1_243' title='bbox 859 2045 1002 2103; x_wconf 79' lang='grc' dir='ltr'>οὗτοί</span> <span class='ocrx_word' id='word_1_244' title='bbox 1040 2064 1097 2100; x_wconf 89' lang='grc' dir='ltr'><strong>τε</strong></span> <span class='ocrx_word' id='word_1_245' title='bbox 1143 2047 1250 2115; x_wconf 87' lang='grc' dir='ltr'><strong>γάρ</strong></span> <span class='ocrx_word' id='word_1_246' title='bbox 1306 2063 1406 2114; x_wconf 90' lang='grc' dir='ltr'><strong>μου</strong></span> <span class='ocrx_word' id='word_1_247' title='bbox 1444 2044 1523 2112; x_wconf 80' lang='grc' dir='ltr'>τῷ</span> <span class='ocrx_word' id='word_1_248' title='bbox 1557 2042 1700 2113; x_wconf 83' lang='grc' dir='ltr'>λόγῳ</span> <span class='ocrx_word' id='word_1_249' title='bbox 1734 2040 2008 2110; x_wconf 82' lang='grc' dir='ltr'>λαμπρῶς</span> 
     </span>
    </p>
   </div>
   <div class='ocr_carea' id='block_1_36' title="bbox 445 2131 2007 2207">
    <p class='ocr_par' dir='ltr' id='par_1_36' title="bbox 445 2131 2007 2207">
     <span class='ocr_line' id='line_1_36' title="bbox 445 2131 2007 2207; baseline -0.006 -13"><span class='ocrx_word' id='word_1_250' title='bbox 445 2146 694 2197; x_wconf 84' lang='grc' dir='ltr'>συνεῖπον</span> <span class='ocrx_word' id='word_1_251' title='bbox 720 2158 733 2171; x_wconf 79' lang='grc'><strong>⁸</strong></span> <span class='ocrx_word' id='word_1_252' title='bbox 773 2140 837 2193; x_wconf 88' lang='grc' dir='ltr'><strong>σύ</strong></span> <span class='ocrx_word' id='word_1_253' title='bbox 869 2159 929 2192; x_wconf 89' lang='grc' dir='ltr'><strong>τε</strong></span> <span class='ocrx_word' id='word_1_254' title='bbox 976 2141 1184 2198; x_wconf 85' lang='grc' dir='ltr'>δίκαιος</span> <span class='ocrx_word' id='word_1_255' title='bbox 1214 2137 1458 2207; x_wconf 77' lang='grc' dir='ltr'>ἥδεσθαι,</span> <span class='ocrx_word' id='word_1_256' title='bbox 1499 2131 1578 2197; x_wconf 79' lang='grc' dir='ltr'>οἷς</span> <span class='ocrx_word' id='word_1_257' title='bbox 1622 2136 1671 2186; x_wconf 83' lang='grc' dir='ltr'><strong>οί</strong></span> <span class='ocrx_word' id='word_1_258' title='bbox 1702 2135 1888 2195; x_wconf 82' lang='grc' dir='ltr'>παῖδές</span> <span class='ocrx_word' id='word_1_259' title='bbox 1926 2148 2007 2184; x_wconf 87' lang='grc' dir='ltr'><strong>σοι</strong></span> 
     </span>
    </p>
   </div>
   <div class='ocr_carea' id='block_1_37' title="bbox 442 2225 2006 2303">
    <p class='ocr_par' dir='ltr' id='par_1_37' title="bbox 442 2225 2006 2303">
     <span class='ocr_line' id='line_1_37' title="bbox 442 2225 2006 2303; baseline -0.01 -15"><span class='ocrx_word' id='word_1_260' title='bbox 442 2236 543 2303; x_wconf 81' lang='grc' dir='ltr'>τῆς</span> <span class='ocrx_word' id='word_1_261' title='bbox 593 2232 849 2303; x_wconf 74' lang='grc' dir='ltr'>ἀληθείας</span> <span class='ocrx_word' id='word_1_262' title='bbox 878 2232 1100 2299; x_wconf 78' lang='grc' dir='ltr'>ἄγουσιν</span> <span class='ocrx_word' id='word_1_263' title='bbox 1147 2231 1297 2283; x_wconf 81' lang='grc' dir='ltr'>οὐδὲν</span> <span class='ocrx_word' id='word_1_264' title='bbox 1349 2228 1695 2297; x_wconf 86' lang='grc' dir='ltr'>τιμιώτερον.</span> <span class='ocrx_word' id='word_1_265' title='bbox 1736 2225 1881 2292; x_wconf 85' lang='grc' dir='ltr'>Πλήν</span> <span class='ocrx_word' id='word_1_266' title='bbox 1918 2240 2006 2291; x_wconf 85' lang='grc' dir='ltr'><strong>μοι</strong></span> 
     </span>
    </p>
   </div>
   <div class='ocr_carea' id='block_1_38' title="bbox 445 2314 2010 2394">
    <p class='ocr_par' dir='ltr' id='par_1_38' title="bbox 445 2314 2010 2394">
     <span class='ocr_line' id='line_1_38' title="bbox 445 2314 2010 2394; baseline -0.01 -15"><span class='ocrx_word' id='word_1_267' title='bbox 445 2328 537 2379; x_wconf 77' lang='grc' dir='ltr'><strong>τὸν</strong></span> <span class='ocrx_word' id='word_1_268' title='bbox 565 2325 891 2394; x_wconf 81' lang='grc' dir='ltr'>παράδεισον</span> <span class='ocrx_word' id='word_1_269' title='bbox 929 2324 1127 2391; x_wconf 74' lang='grc' dir='ltr'>φράζε,</span> <span class='ocrx_word' id='word_1_270' title='bbox 1154 2322 1249 2374; x_wconf 79' lang='grc' dir='ltr'><strong>καὶ</strong></span> <span class='ocrx_word' id='word_1_271' title='bbox 1277 2322 1373 2389; x_wconf 78' lang='grc' dir='ltr'><strong>τὴν</strong></span> <span class='ocrx_word' id='word_1_272' title='bbox 1396 2318 1557 2373; x_wconf 74' lang='grc' dir='ltr'>αὐτοῦ</span> <span class='ocrx_word' id='word_1_273' title='bbox 1587 2316 1888 2385; x_wconf 78' lang='grc' dir='ltr'>διατριϐὴν,</span> <span class='ocrx_word' id='word_1_274' title='bbox 1916 2314 2010 2366; x_wconf 68' lang='grc' dir='ltr'><strong>καὶ</strong></span> 
     </span>
    </p>
   </div>
   <div class='ocr_carea' id='block_1_39' title="bbox 446 2398 2010 2485">
    <p class='ocr_par' dir='ltr' id='par_1_39' title="bbox 446 2398 2010 2485">
     <span class='ocr_line' id='line_1_39' title="bbox 446 2398 2010 2485; baseline -0.008 -17"><span class='ocrx_word' id='word_1_275' title='bbox 446 2416 543 2485; x_wconf 80' lang='grc' dir='ltr'><strong>τὴν</strong></span> <span class='ocrx_word' id='word_1_276' title='bbox 573 2415 872 2467; x_wconf 83' lang='grc' dir='ltr'>ἀπόλαυσιν</span> <span class='ocrx_word' id='word_1_277' title='bbox 900 2415 1098 2475; x_wconf 74' lang='grc' dir='ltr'>πᾶσαν,</span> <span class='ocrx_word' id='word_1_278' title='bbox 1128 2412 1221 2464; x_wconf 74' lang='grc' dir='ltr'><strong>καὶ</strong></span> <span class='ocrx_word' id='word_1_279' title='bbox 1254 2410 1389 2479; x_wconf 82' lang='grc' dir='ltr'>πρός</span> <span class='ocrx_word' id='word_1_280' title='bbox 1405 2426 1466 2474; x_wconf 91' lang='grc' dir='ltr'><strong>γε</strong></span> <span class='ocrx_word' id='word_1_281' title='bbox 1504 2408 1584 2459; x_wconf 75' lang='grc' dir='ltr'>ἔτι</span> <span class='ocrx_word' id='word_1_282' title='bbox 1607 2407 1703 2473; x_wconf 79' lang='grc' dir='ltr'>τὴν</span> <span class='ocrx_word' id='word_1_283' title='bbox 1733 2406 1910 2469; x_wconf 80' lang='grc' dir='ltr'>δόξαν,</span> <span class='ocrx_word' id='word_1_284' title='bbox 1943 2398 2010 2474; x_wconf 78' lang='grc' dir='ltr'>ἧς</span> 
     </span>
    </p>
   </div>
   <div class='ocr_carea' id='block_1_40' title="bbox 454 2498 2008 2572">
    <p class='ocr_par' dir='ltr' id='par_1_40' title="bbox 454 2498 2008 2572">
     <span class='ocr_line' id='line_1_40' title="bbox 454 2498 2008 2572; baseline -0.008 -15"><span class='ocrx_word' id='word_1_285' title='bbox 454 2504 768 2572; x_wconf 79' lang='grc' dir='ltr'>μεθέξουσιν</span> <span class='ocrx_word' id='word_1_286' title='bbox 790 2505 1046 2567; x_wconf 68' lang='grc' dir='ltr'>ἅπαντες,</span> <span class='ocrx_word' id='word_1_287' title='bbox 1076 2503 1190 2554; x_wconf 82' lang='grc' dir='ltr'>ὅσοι</span> <span class='ocrx_word' id='word_1_288' title='bbox 1220 2500 1283 2569; x_wconf 76' lang='grc' dir='ltr'>δὴ</span> <span class='ocrx_word' id='word_1_289' title='bbox 1304 2500 1370 2551; x_wconf 86' lang='grc' dir='ltr'>τὰ</span> <span class='ocrx_word' id='word_1_290' title='bbox 1399 2500 1588 2566; x_wconf 75' lang='grc' dir='ltr'>ἱμάτια</span> <span class='ocrx_word' id='word_1_291' title='bbox 1622 2498 1975 2565; x_wconf 74' lang='grc' dir='ltr'>ἀμφιέσονται</span> <span class='ocrx_word' id='word_1_292' title='bbox 1994 2510 2008 2526; x_wconf 80' lang='grc' dir='ltr'><strong>ο</strong></span> 
     </span>
    </p>
   </div>
   <div class='ocr_carea' id='block_1_41' title="bbox 452 2584 2015 2661">
    <p class='ocr_par' dir='ltr' id='par_1_41' title="bbox 452 2584 2015 2661">
     <span class='ocr_line' id='line_1_41' title="bbox 452 2584 2015 2661; baseline -0.007 -14"><span class='ocrx_word' id='word_1_293' title='bbox 452 2590 531 2656; x_wconf 78' lang='grc' dir='ltr'>οἷς</span> <span class='ocrx_word' id='word_1_294' title='bbox 575 2595 668 2647; x_wconf 70' lang='grc' dir='ltr'><strong>καὶ</strong></span> <span class='ocrx_word' id='word_1_295' title='bbox 712 2592 897 2661; x_wconf 73' lang='grc' dir='ltr'>θαῦμα</span> <span class='ocrx_word' id='word_1_296' title='bbox 949 2593 1231 2661; x_wconf 76' lang='grc' dir='ltr'>μέμικται,</span> <span class='ocrx_word' id='word_1_297' title='bbox 1286 2590 1443 2658; x_wconf 85' lang='grc' dir='ltr'>είπερ</span> <span class='ocrx_word' id='word_1_298' title='bbox 1489 2584 1685 2656; x_wconf 78' lang='grc' dir='ltr'>ἀληθές</span> <span class='ocrx_word' id='word_1_299' title='bbox 1733 2589 1899 2649; x_wconf 75' lang='grc' dir='ltr'>ἐστιν,</span> <span class='ocrx_word' id='word_1_300' title='bbox 1938 2586 2015 2648; x_wconf 83' lang='grc' dir='ltr'>ὡς</span> 
     </span>
    </p>
   </div>
   <div class='ocr_carea' id='block_1_42' title="bbox 455 2676 2015 2753">
    <p class='ocr_par' dir='ltr' id='par_1_42' title="bbox 455 2676 2015 2753">
     <span class='ocr_line' id='line_1_42' title="bbox 455 2676 2015 2753; baseline -0.006 -16"><span class='ocrx_word' id='word_1_301' title='bbox 455 2684 561 2752; x_wconf 81' lang='grc' dir='ltr'><strong>ἀρα</strong></span> <span class='ocrx_word' id='word_1_302' title='bbox 596 2685 828 2753; x_wconf 82' lang='grc' dir='ltr'>κρείττω</span> <span class='ocrx_word' id='word_1_303' title='bbox 852 2682 1023 2736; x_wconf 83' lang='grc' dir='ltr'><strong>ταῦτά</strong></span> <span class='ocrx_word' id='word_1_304' title='bbox 1053 2700 1115 2751; x_wconf 91' lang='grc' dir='ltr'><strong>γε</strong></span> <span class='ocrx_word' id='word_1_305' title='bbox 1147 2682 1460 2750; x_wconf 78' lang='grc' dir='ltr'>διαμενοῦσι</span> <span class='ocrx_word' id='word_1_306' title='bbox 1494 2679 1695 2747; x_wconf 77' lang='grc' dir='ltr'>φθορᾶς</span> <span class='ocrx_word' id='word_1_307' title='bbox 1721 2693 1735 2706; x_wconf 72' lang='grc' dir='ltr'><strong>ο</strong></span> <span class='ocrx_word' id='word_1_308' title='bbox 1763 2676 1895 2728; x_wconf 82' lang='grc' dir='ltr'>πολύ</span> <span class='ocrx_word' id='word_1_309' title='bbox 1926 2694 2015 2745; x_wconf 86' lang='grc' dir='ltr'><strong>μοι</strong></span> 
     </span>
    </p>
   </div>
   <div class='ocr_carea' id='block_1_43' title="bbox 454 2767 2015 2845">
    <p class='ocr_par' dir='ltr' id='par_1_43' title="bbox 454 2767 2015 2845">
     <span class='ocr_line' id='line_1_43' title="bbox 454 2767 2015 2845; baseline -0.003 -21"><span class='ocrx_word' id='word_1_310' title='bbox 454 2777 584 2845; x_wconf 64' lang='grc' dir='ltr'>γὰρ,</span> <span class='ocrx_word' id='word_1_311' title='bbox 621 2769 679 2828; x_wconf 81' lang='grc' dir='ltr'>εὖ</span> <span class='ocrx_word' id='word_1_312' title='bbox 718 2774 848 2834; x_wconf 86' lang='grc' dir='ltr'>ῐσθι.</span> <span class='ocrx_word' id='word_1_313' title='bbox 887 2772 1059 2826; x_wconf 77' lang='grc' dir='ltr'>ταῦτα</span> <span class='ocrx_word' id='word_1_314' title='bbox 1089 2773 1323 2842; x_wconf 82' lang='grc' dir='ltr'>παρέχει</span> <span class='ocrx_word' id='word_1_315' title='bbox 1355 2772 1678 2823; x_wconf 79' lang='grc' dir='ltr'>διαπιστεῖν.</span> <span class='ocrx_word' id='word_1_316' title='bbox 1712 2768 1930 2830; x_wconf 83' lang='grc' dir='ltr'>Δίδαξον</span> <span class='ocrx_word' id='word_1_317' title='bbox 1960 2767 2015 2819; x_wconf 77' lang='grc' dir='ltr'><strong>δέ</strong></span> 
     </span>
    </p>
   </div>
   <div class='ocr_carea' id='block_1_44' title="bbox 459 2860 2017 2937">
    <p class='ocr_par' dir='ltr' id='par_1_44' title="bbox 459 2860 2017 2937">
     <span class='ocr_line' id='line_1_44' title="bbox 459 2860 2017 2937; baseline -0.004 -18"><span class='ocrx_word' id='word_1_318' title='bbox 459 2884 526 2936; x_wconf 87' lang='grc' dir='ltr'><strong>με</strong></span> <span class='ocrx_word' id='word_1_319' title='bbox 566 2867 701 2937; x_wconf 76' lang='grc' dir='ltr'>πρὸς</span> <span class='ocrx_word' id='word_1_320' title='bbox 751 2869 862 2928; x_wconf 82' lang='grc' dir='ltr'>τοῖς</span> <span class='ocrx_word' id='word_1_321' title='bbox 893 2866 1069 2928; x_wconf 78' lang='grc' dir='ltr'>ἄλλοις</span> <span class='ocrx_word' id='word_1_322' title='bbox 1101 2865 1194 2918; x_wconf 76' lang='grc' dir='ltr'>καὶ</span> <span class='ocrx_word' id='word_1_323' title='bbox 1228 2865 1342 2916; x_wconf 84' lang='grc' dir='ltr'>τόδε</span> <span class='ocrx_word' id='word_1_324' title='bbox 1364 2879 1377 2893; x_wconf 72' lang='grc' dir='ltr'><strong><em>ο</em></strong></span> <span class='ocrx_word' id='word_1_325' title='bbox 1407 2863 1607 2923; x_wconf 79' lang='grc' dir='ltr'>πάντες</span> <span class='ocrx_word' id='word_1_326' title='bbox 1658 2860 2017 2928; x_wconf 78' lang='grc' dir='ltr'>ἀμφιέσονται</span> 
     </span>
    </p>
   </div>
   <div class='ocr_carea' id='block_1_45' title="bbox 454 2950 2017 3027">
    <p class='ocr_par' dir='ltr' id='par_1_45' title="bbox 454 2950 2017 3027">
     <span class='ocr_line' id='line_1_45' title="bbox 454 2950 2017 3027; baseline -0.007 -15"><span class='ocrx_word' id='word_1_327' title='bbox 454 2959 647 3024; x_wconf 83' lang='grc' dir='ltr'>ταῦτα,</span> <span class='ocrx_word' id='word_1_328' title='bbox 676 2958 789 3011; x_wconf 82' lang='grc' dir='ltr'>ὅσοι</span> <span class='ocrx_word' id='word_1_329' title='bbox 818 2957 882 3027; x_wconf 77' lang='grc' dir='ltr'><strong>δὴ</strong></span> <span class='ocrx_word' id='word_1_330' title='bbox 915 2957 1011 3025; x_wconf 84' lang='grc' dir='ltr'>τῆς</span> <span class='ocrx_word' id='word_1_331' title='bbox 1036 2956 1307 3025; x_wconf 79' lang='grc' dir='ltr'>ὑμετέρας</span> <span class='ocrx_word' id='word_1_332' title='bbox 1336 2953 1634 3024; x_wconf 84' lang='grc' dir='ltr'>θρησκείας</span> <span class='ocrx_word' id='word_1_333' title='bbox 1659 2970 1673 3017; x_wconf 89' lang='lat'><strong>;</strong></span> <span class='ocrx_word' id='word_1_334' title='bbox 1708 2953 1738 3022; x_wconf 81' lang='grc' dir='ltr'>ἢ</span> <span class='ocrx_word' id='word_1_335' title='bbox 1768 2951 1897 3003; x_wconf 80' lang='grc' dir='ltr'>ἔνιοι</span> <span class='ocrx_word' id='word_1_336' title='bbox 1921 2950 2017 3017; x_wconf 80' lang='grc' dir='ltr'>μὲν</span> 
     </span>
    </p>
   </div>
   <div class='ocr_carea' id='block_1_46' title="bbox 452 3040 2017 3114">
    <p class='ocr_par' dir='ltr' id='par_1_46' title="bbox 452 3040 2017 3114">
     <span class='ocr_line' id='line_1_46' title="bbox 452 3040 2017 3114; baseline -0.008 -11"><span class='ocrx_word' id='word_1_337' title='bbox 452 3050 656 3114; x_wconf 80' lang='grc' dir='ltr'>αὐτῶν,</span> <span class='ocrx_word' id='word_1_338' title='bbox 684 3050 812 3102; x_wconf 74' lang='grc' dir='ltr'>ἔνιοι</span> <span class='ocrx_word' id='word_1_339' title='bbox 842 3048 898 3101; x_wconf 81' lang='grc' dir='ltr'>δὲ</span> <span class='ocrx_word' id='word_1_340' title='bbox 920 3047 979 3100; x_wconf 75' lang='grc' dir='ltr'><strong>οὗ</strong></span> <span class='ocrx_word' id='word_1_341' title='bbox 1006 3066 1019 3114; x_wconf 89' lang='grc'>;</span> <span class='ocrx_word' id='word_1_342' title='bbox 1056 3050 1146 3100; x_wconf 73' lang='grc' dir='ltr'><strong>καὶ</strong></span> <span class='ocrx_word' id='word_1_343' title='bbox 1177 3048 1225 3099; x_wconf 87' lang='grc' dir='ltr'><strong>εί</strong></span> <span class='ocrx_word' id='word_1_344' title='bbox 1256 3046 1398 3098; x_wconf 75' lang='grc' dir='ltr'>ἔστιν</span> <span class='ocrx_word' id='word_1_345' title='bbox 1426 3043 1727 3097; x_wconf 78' lang='grc' dir='ltr'>ἀπολαῦσαι</span> <span class='ocrx_word' id='word_1_346' title='bbox 1758 3040 2017 3107; x_wconf 77' lang='grc' dir='ltr'>μειζόνων</span> 
     </span>
    </p>
   </div>
   <div class='ocr_carea' id='block_1_47' title="bbox 454 3133 2015 3206">
    <p class='ocr_par' dir='ltr' id='par_1_47' title="bbox 454 3133 2015 3206">
     <span class='ocr_line' id='line_1_47' title="bbox 454 3133 2015 3206; baseline -0.006 -15"><span class='ocrx_word' id='word_1_347' title='bbox 454 3138 673 3206; x_wconf 86' lang='grc' dir='ltr'>ἀγαθῶν</span> <span class='ocrx_word' id='word_1_348' title='bbox 730 3138 992 3206; x_wconf 81' lang='grc' dir='ltr'>φανέντας</span> <span class='ocrx_word' id='word_1_349' title='bbox 1025 3137 1219 3205; x_wconf 81' lang='grc' dir='ltr'>ἄνδρας</span> <span class='ocrx_word' id='word_1_350' title='bbox 1271 3136 1509 3203; x_wconf 78' lang='grc' dir='ltr'>ἀγαθοὺς</span> <span class='ocrx_word' id='word_1_351' title='bbox 1562 3136 1655 3186; x_wconf 67' lang='grc' dir='ltr'><strong>καὶ</strong></span> <span class='ocrx_word' id='word_1_352' title='bbox 1685 3133 2015 3201; x_wconf 75' lang='grc' dir='ltr'>βεϐιωκότας</span> 
     </span>
    </p>
   </div>
   <div class='ocr_carea' id='block_1_48' title="bbox 454 3205 2087 3301">
    <p class='ocr_par' dir='ltr' id='par_1_48' title="bbox 454 3205 2087 3301">
     <span class='ocr_line' id='line_1_48' title="bbox 454 3205 2087 3301; baseline -0.004 -20"><span class='ocrx_word' id='word_1_353' title='bbox 454 3232 568 3301; x_wconf 77' lang='grc' dir='ltr'>βίον</span> <span class='ocrx_word' id='word_1_354' title='bbox 598 3205 749 3298; x_wconf 79' lang='grc' dir='ltr'>φίλον</span> <span class='ocrx_word' id='word_1_355' title='bbox 773 3229 912 3298; x_wconf 84' lang='grc' dir='ltr'>Θεῷ,</span> <span class='ocrx_word' id='word_1_356' title='bbox 955 3228 987 3297; x_wconf 82' lang='grc' dir='ltr'>ἢ</span> <span class='ocrx_word' id='word_1_357' title='bbox 1014 3229 1177 3297; x_wconf 86' lang='grc' dir='ltr'>μέχρι</span> <span class='ocrx_word' id='word_1_358' title='bbox 1209 3228 1300 3280; x_wconf 63' lang='grc' dir='ltr'><strong>καὶ</strong></span> <span class='ocrx_word' id='word_1_359' title='bbox 1326 3225 1416 3278; x_wconf 78' lang='grc' dir='ltr'>τοῦ</span> <span class='ocrx_word' id='word_1_360' title='bbox 1462 3224 1792 3293; x_wconf 72' lang='grc' dir='ltr'>παραδείσου</span> <span class='ocrx_word' id='word_1_361' title='bbox 1829 3226 2019 3293; x_wconf 67' lang='grc' dir='ltr'>σιτήσε-</span> <span class='ocrx_word' id='word_1_362' title='bbox 2046 3205 2087 3264; x_wconf 75' lang='lat' dir='ltr'><strong><em>C</em></strong></span> 
     </span>
    </p>
   </div>
   <div class='ocr_carea' id='block_1_49' title="bbox 452 3316 2019 3389">
    <p class='ocr_par' dir='ltr' id='par_1_49' title="bbox 452 3316 2019 3389">
     <span class='ocr_line' id='line_1_49' title="bbox 452 3316 2019 3389; baseline -0.005 -17"><span class='ocrx_word' id='word_1_363' title='bbox 452 3338 541 3374; x_wconf 87' lang='grc' dir='ltr'><strong>ται</strong></span> <span class='ocrx_word' id='word_1_364' title='bbox 578 3320 783 3381; x_wconf 79' lang='grc' dir='ltr'>τούτοις</span> <span class='ocrx_word' id='word_1_365' title='bbox 810 3322 841 3389; x_wconf 83' lang='grc' dir='ltr'>ἡ</span> <span class='ocrx_word' id='word_1_366' title='bbox 869 3319 979 3371; x_wconf 76' lang='grc' dir='ltr'>εἴτε</span> <span class='ocrx_word' id='word_1_367' title='bbox 1001 3319 1158 3388; x_wconf 86' lang='grc' dir='ltr'>χάρις</span> <span class='ocrx_word' id='word_1_368' title='bbox 1185 3316 1280 3371; x_wconf 72' lang='grc' dir='ltr'>εἴτ’</span> <span class='ocrx_word' id='word_1_369' title='bbox 1300 3316 1501 3386; x_wconf 74' lang='grc' dir='ltr'>ἀμοιϐὴ</span> <span class='ocrx_word' id='word_1_370' title='bbox 1533 3318 1630 3383; x_wconf 86' lang='grc' dir='ltr'>τῆς</span> <span class='ocrx_word' id='word_1_371' title='bbox 1667 3317 1774 3367; x_wconf 83' lang='grc' dir='ltr'><strong>τῶν</strong></span> <span class='ocrx_word' id='word_1_372' title='bbox 1802 3316 2019 3384; x_wconf 70' lang='grc' dir='ltr'>τρόπων</span> 
     </span>
    </p>
   </div>
   <div class='ocr_carea' id='block_1_50' title="bbox 453 3406 2019 3480">
    <p class='ocr_par' dir='ltr' id='par_1_50' title="bbox 453 3406 2019 3480">
     <span class='ocr_line' id='line_1_50' title="bbox 453 3406 2019 3480; baseline -0.005 -15"><span class='ocrx_word' id='word_1_373' title='bbox 453 3412 690 3480; x_wconf 83' lang='grc' dir='ltr'>ἀρετῆς;</span> <span class='ocrx_word' id='word_1_374' title='bbox 726 3411 818 3464; x_wconf 68' lang='grc' dir='ltr'>καὶ</span> <span class='ocrx_word' id='word_1_375' title='bbox 850 3411 937 3464; x_wconf 81' lang='grc' dir='ltr'>διὰ</span> <span class='ocrx_word' id='word_1_376' title='bbox 968 3410 1034 3462; x_wconf 77' lang='grc' dir='ltr'>τὰ</span> <span class='ocrx_word' id='word_1_377' title='bbox 1077 3409 1212 3479; x_wconf 78' lang='grc' dir='ltr'>ἔργα</span> <span class='ocrx_word' id='word_1_378' title='bbox 1250 3408 1484 3473; x_wconf 82' lang='grc' dir='ltr'>τούτοις,</span> <span class='ocrx_word' id='word_1_379' title='bbox 1530 3408 1563 3475; x_wconf 82' lang='grc' dir='ltr'>ἢ</span> <span class='ocrx_word' id='word_1_380' title='bbox 1590 3406 1677 3459; x_wconf 90' lang='grc' dir='ltr'><strong>διά</strong></span> <span class='ocrx_word' id='word_1_381' title='bbox 1706 3408 1802 3477; x_wconf 80' lang='grc' dir='ltr'>τὴν</span> <span class='ocrx_word' id='word_1_382' title='bbox 1836 3406 2019 3459; x_wconf 88' lang='grc' dir='ltr'>πίστιν</span> 
     </span>
    </p>
   </div>
   <div class='ocr_carea' id='block_1_51' title="bbox 456 3500 1095 3568">
    <p class='ocr_par' dir='ltr' id='par_1_51' title="bbox 456 3500 1095 3568">
     <span class='ocr_line' id='line_1_51' title="bbox 456 3500 1095 3568; baseline 0.005 -16"><span class='ocrx_word' id='word_1_383' title='bbox 456 3502 608 3553; x_wconf 78' lang='grc' dir='ltr'>ἔσται</span> <span class='ocrx_word' id='word_1_384' title='bbox 665 3503 823 3554; x_wconf 81' lang='grc' dir='ltr'>ταυτὶ</span> <span class='ocrx_word' id='word_1_385' title='bbox 844 3500 1055 3568; x_wconf 83' lang='grc' dir='ltr'>τάγαθά</span> <span class='ocrx_word' id='word_1_386' title='bbox 1079 3516 1095 3565; x_wconf 87' lang='lat'><strong>;</strong></span> 
     </span>
    </p>
   </div>
   <div class='ocr_carea' id='block_1_52' title="bbox 2108 1953 3683 2024">
    <p class='ocr_par' dir='ltr' id='par_1_52' title="bbox 2108 1953 3683 2024">
     <span class='ocr_line' id='line_1_52' title="bbox 2108 1953 3683 2024; baseline -0.001 -14"><span class='ocrx_word' id='word_1_387' title='bbox 2108 1964 2327 2010; x_wconf 90' lang='lat' dir='ltr'><strong>nerunt.</strong></span> <span class='ocrx_word' id='word_1_388' title='bbox 2354 1953 2487 2007; x_wconf 84' lang='lat' dir='ltr'><strong>Nam</strong></span> <span class='ocrx_word' id='word_1_389' title='bbox 2524 1954 2668 2022; x_wconf 91' lang='lat' dir='ltr'><strong>quod</strong></span> <span class='ocrx_word' id='word_1_390' title='bbox 2696 1956 2895 2008; x_wconf 87' lang='lat' dir='ltr'><strong>veritas</strong></span> <span class='ocrx_word' id='word_1_391' title='bbox 2924 1955 2993 2009; x_wconf 91' lang='lat' dir='ltr'><strong>ab</strong></span> <span class='ocrx_word' id='word_1_392' title='bbox 3053 1956 3159 2009; x_wconf 91' lang='lat' dir='ltr'><strong>illis</strong></span> <span class='ocrx_word' id='word_1_393' title='bbox 3218 1958 3300 2008; x_wconf 88' lang='lat' dir='ltr'><strong>vel</strong></span> <span class='ocrx_word' id='word_1_394' title='bbox 3362 1956 3493 2009; x_wconf 91' lang='lat' dir='ltr'><strong>mihi</strong></span> <span class='ocrx_word' id='word_1_395' title='bbox 3544 1958 3683 2024; x_wconf 88' lang='lat' dir='ltr'><strong>patri</strong></span> 
     </span>
    </p>
   </div>
   <div class='ocr_carea' id='block_1_53' title="bbox 2108 2044 3685 2115">
    <p class='ocr_par' dir='ltr' id='par_1_53' title="bbox 2108 2044 3685 2115">
     <span class='ocr_line' id='line_1_53' title="bbox 2108 2044 3685 2115; baseline -0.001 -15"><span class='ocrx_word' id='word_1_396' title='bbox 2108 2046 2433 2109; x_wconf 79' lang='lat' dir='ltr'><strong>antefertur,</strong></span> <span class='ocrx_word' id='word_1_397' title='bbox 2464 2044 2813 2097; x_wconf 63' lang='lat' dir='ltr'><strong>vehementer</strong></span> <span class='ocrx_word' id='word_1_398' title='bbox 2847 2045 3020 2099; x_wconf 70' lang='lat' dir='ltr'><strong>laetor.</strong></span> <span class='ocrx_word' id='word_1_399' title='bbox 3055 2046 3131 2097; x_wconf 88' lang='lat' dir='ltr'><strong>Ita</strong></span> <span class='ocrx_word' id='word_1_400' title='bbox 3165 2055 3271 2110; x_wconf 88' lang='lat' dir='ltr'><strong>est,</strong></span> <span class='ocrx_word' id='word_1_401' title='bbox 3306 2047 3551 2115; x_wconf 85' lang='lat' dir='ltr'><strong>inquam,</strong></span> <span class='ocrx_word' id='word_1_402' title='bbox 3585 2064 3685 2113; x_wconf 84' lang='lat' dir='ltr'><strong>op-</strong></span> 
     </span>
    </p>
   </div>
   <div class='ocr_carea' id='block_1_54' title="bbox 2112 2136 3685 2204">
    <p class='ocr_par' dir='ltr' id='par_1_54' title="bbox 2112 2136 3685 2204">
     <span class='ocr_line' id='line_1_54' title="bbox 2112 2136 3685 2204; baseline 0.001 -14"><span class='ocrx_word' id='word_1_403' title='bbox 2112 2140 2240 2191; x_wconf 88' lang='lat' dir='ltr'><strong>time</strong></span> <span class='ocrx_word' id='word_1_404' title='bbox 2270 2137 2349 2190; x_wconf 84' lang='lat' dir='ltr'><strong>vir</strong></span> <span class='ocrx_word' id='word_1_405' title='bbox 2384 2155 2397 2191; x_wconf 89' lang='lat'><strong>:</strong></span> <span class='ocrx_word' id='word_1_406' title='bbox 2434 2136 2521 2191; x_wconf 89' lang='lat' dir='ltr'><strong>isti</strong></span> <span class='ocrx_word' id='word_1_407' title='bbox 2577 2136 2881 2190; x_wconf 86' lang='lat' dir='ltr'><strong>luculenter</strong></span> <span class='ocrx_word' id='word_1_408' title='bbox 2910 2152 3039 2189; x_wconf 76' lang='lat' dir='ltr'><strong>meze</strong></span> <span class='ocrx_word' id='word_1_409' title='bbox 3069 2138 3348 2204; x_wconf 72' lang='lat' dir='ltr'><strong>sulfragati</strong></span> <span class='ocrx_word' id='word_1_410' title='bbox 3401 2147 3528 2191; x_wconf 89' lang='lat' dir='ltr'><strong>sunt</strong></span> <span class='ocrx_word' id='word_1_411' title='bbox 3558 2153 3685 2192; x_wconf 88' lang='lat' dir='ltr'><strong>ora-</strong></span> 
     </span>
    </p>
   </div>
   <div class='ocr_carea' id='block_1_55' title="bbox 2110 2227 3686 2298">
    <p class='ocr_par' dir='ltr' id='par_1_55' title="bbox 2110 2227 3686 2298">
     <span class='ocr_line' id='line_1_55' title="bbox 2110 2227 3686 2298; baseline -0.001 -16"><span class='ocrx_word' id='word_1_412' title='bbox 2110 2228 2241 2282; x_wconf 90' lang='lat' dir='ltr'><strong>tioni</strong></span> <span class='ocrx_word' id='word_1_413' title='bbox 2281 2245 2296 2281; x_wconf 88' lang='lat'><strong>:</strong></span> <span class='ocrx_word' id='word_1_414' title='bbox 2332 2228 2581 2295; x_wconf 85' lang='lat' dir='ltr'><strong>ﬁliosque</strong></span> <span class='ocrx_word' id='word_1_415' title='bbox 2619 2237 2743 2283; x_wconf 79' lang='lat' dir='ltr'><strong>tuos</strong></span> <span class='ocrx_word' id='word_1_416' title='bbox 2770 2227 2999 2283; x_wconf 81' lang='lat' dir='ltr'><strong>veritate</strong></span> <span class='ocrx_word' id='word_1_417' title='bbox 3054 2228 3189 2282; x_wconf 86' lang='lat' dir='ltr'><strong>nihil</strong></span> <span class='ocrx_word' id='word_1_418' title='bbox 3235 2228 3515 2298; x_wconf 87' lang='lat' dir='ltr'><strong>antiquius</strong></span> <span class='ocrx_word' id='word_1_419' title='bbox 3581 2230 3686 2282; x_wconf 79' lang='lat' dir='ltr'><strong>dn-</strong></span> 
     </span>
    </p>
   </div>
   <div class='ocr_carea' id='block_1_56' title="bbox 2109 2317 3686 2389">
    <p class='ocr_par' dir='ltr' id='par_1_56' title="bbox 2109 2317 3686 2389">
     <span class='ocr_line' id='line_1_56' title="bbox 2109 2317 3686 2389; baseline 0.001 -16"><span class='ocrx_word' id='word_1_420' title='bbox 2109 2334 2233 2374; x_wconf 88' lang='lat' dir='ltr'><strong>cere</strong></span> <span class='ocrx_word' id='word_1_421' title='bbox 2269 2319 2464 2372; x_wconf 90' lang='lat' dir='ltr'><strong>merito</strong></span> <span class='ocrx_word' id='word_1_422' title='bbox 2522 2319 2726 2372; x_wconf 69' lang='lat' dir='ltr'><strong>laetare.</strong></span> <span class='ocrx_word' id='word_1_423' title='bbox 2791 2317 2898 2371; x_wconf 81' lang='lat' dir='ltr'><strong>Sed</strong></span> <span class='ocrx_word' id='word_1_424' title='bbox 2959 2320 3107 2373; x_wconf 91' lang='lat' dir='ltr'><strong>enim</strong></span> <span class='ocrx_word' id='word_1_425' title='bbox 3147 2336 3294 2374; x_wconf 90' lang='lat' dir='ltr'><strong>nunc</strong></span> <span class='ocrx_word' id='word_1_426' title='bbox 3326 2320 3392 2374; x_wconf 90' lang='lat' dir='ltr'><strong>de</strong></span> <span class='ocrx_word' id='word_1_427' title='bbox 3428 2322 3686 2389; x_wconf 90' lang='lat' dir='ltr'><strong>paradiso</strong></span> 
     </span>
    </p>
   </div>
   <div class='ocr_carea' id='block_1_57' title="bbox 2110 2409 3687 2475">
    <p class='ocr_par' dir='ltr' id='par_1_57' title="bbox 2110 2409 3687 2475">
     <span class='ocr_line' id='line_1_57' title="bbox 2110 2409 3687 2475; baseline 0.001 -11"><span class='ocrx_word' id='word_1_428' title='bbox 2110 2412 2241 2464; x_wconf 86' lang='lat' dir='ltr'><strong>mihi</strong></span> <span class='ocrx_word' id='word_1_429' title='bbox 2286 2425 2471 2474; x_wconf 88' lang='lat' dir='ltr'><strong>narra,</strong></span> <span class='ocrx_word' id='word_1_430' title='bbox 2504 2420 2557 2463; x_wconf 90' lang='lat' dir='ltr'><strong>et</strong></span> <span class='ocrx_word' id='word_1_431' title='bbox 2589 2409 2655 2461; x_wconf 89' lang='lat' dir='ltr'><strong>de</strong></span> <span class='ocrx_word' id='word_1_432' title='bbox 2694 2409 2978 2464; x_wconf 87' lang='lat' dir='ltr'><strong>beatorum</strong></span> <span class='ocrx_word' id='word_1_433' title='bbox 3018 2412 3071 2464; x_wconf 90' lang='lat' dir='ltr'><strong>in</strong></span> <span class='ocrx_word' id='word_1_434' title='bbox 3103 2426 3169 2465; x_wconf 92' lang='lat' dir='ltr'><strong>eo</strong></span> <span class='ocrx_word' id='word_1_435' title='bbox 3196 2420 3362 2475; x_wconf 89' lang='lat' dir='ltr'><strong>statu,</strong></span> <span class='ocrx_word' id='word_1_436' title='bbox 3397 2420 3451 2463; x_wconf 91' lang='lat' dir='ltr'><strong>et</strong></span> <span class='ocrx_word' id='word_1_437' title='bbox 3497 2412 3564 2465; x_wconf 89' lang='lat' dir='ltr'><strong>de</strong></span> <span class='ocrx_word' id='word_1_438' title='bbox 3592 2427 3687 2465; x_wconf 80' lang='lat' dir='ltr'><strong>vo-</strong></span> 
     </span>
    </p>
   </div>
   <div class='ocr_carea' id='block_1_58' title="bbox 2113 2502 3687 2570">
    <p class='ocr_par' dir='ltr' id='par_1_58' title="bbox 2113 2502 3687 2570">
     <span class='ocr_line' id='line_1_58' title="bbox 2113 2502 3687 2570; baseline -0.001 -16"><span class='ocrx_word' id='word_1_439' title='bbox 2113 2503 2412 2570; x_wconf 90' lang='lat' dir='ltr'><strong>luptatihus</strong></span> <span class='ocrx_word' id='word_1_440' title='bbox 2439 2516 2577 2570; x_wconf 89' lang='lat' dir='ltr'><strong>quas</strong></span> <span class='ocrx_word' id='word_1_441' title='bbox 2608 2502 2915 2570; x_wconf 88' lang='lat' dir='ltr'><strong>percipiunt</strong></span> <span class='ocrx_word' id='word_1_442' title='bbox 2949 2502 3118 2556; x_wconf 92' lang='lat' dir='ltr'><strong>:item</strong></span> <span class='ocrx_word' id='word_1_443' title='bbox 3154 2503 3218 2557; x_wconf 89' lang='lat' dir='ltr'><strong>de</strong></span> <span class='ocrx_word' id='word_1_444' title='bbox 3240 2504 3561 2558; x_wconf 86' lang='lat' dir='ltr'><strong>muneribus</strong></span> <span class='ocrx_word' id='word_1_445' title='bbox 3593 2520 3687 2555; x_wconf 81' lang='lat' dir='ltr'><strong>cu-</strong></span> 
     </span>
    </p>
   </div>
   <div class='ocr_carea' id='block_1_59' title="bbox 2115 2592 3684 2660">
    <p class='ocr_par' dir='ltr' id='par_1_59' title="bbox 2115 2592 3684 2660">
     <span class='ocr_line' id='line_1_59' title="bbox 2115 2592 3684 2660; baseline 0 -17"><span class='ocrx_word' id='word_1_446' title='bbox 2115 2593 2375 2659; x_wconf 90' lang='lat' dir='ltr'><strong>ronisque</strong></span> <span class='ocrx_word' id='word_1_447' title='bbox 2420 2606 2609 2644; x_wconf 86' lang='lat' dir='ltr'><strong>eorum</strong></span> <span class='ocrx_word' id='word_1_448' title='bbox 2669 2592 2760 2659; x_wconf 89' lang='lat' dir='ltr'><strong>qui</strong></span> <span class='ocrx_word' id='word_1_449' title='bbox 2808 2592 3054 2647; x_wconf 81' lang='lat' dir='ltr'><strong>vestibus</strong></span> <span class='ocrx_word' id='word_1_450' title='bbox 3121 2592 3247 2651; x_wconf 86' lang='lat' dir='ltr'><strong>illis.</strong></span> <span class='ocrx_word' id='word_1_451' title='bbox 3284 2608 3421 2660; x_wconf 91' lang='lat' dir='ltr'><strong>quas</strong></span> <span class='ocrx_word' id='word_1_452' title='bbox 3476 2592 3684 2653; x_wconf 84' lang='lat' dir='ltr'><strong>dixisti,</strong></span> 
     </span>
    </p>
   </div>
   <div class='ocr_carea' id='block_1_60' title="bbox 2116 2679 3681 2749">
    <p class='ocr_par' dir='ltr' id='par_1_60' title="bbox 2116 2679 3681 2749">
     <span class='ocr_line' id='line_1_60' title="bbox 2116 2679 3681 2749; baseline 0.003 -18"><span class='ocrx_word' id='word_1_453' title='bbox 2116 2679 2411 2733; x_wconf 87' lang='lat' dir='ltr'><strong>induentur</strong></span> <span class='ocrx_word' id='word_1_454' title='bbox 2434 2698 2447 2733; x_wconf 91' lang='lat'><strong>:</strong></span> <span class='ocrx_word' id='word_1_455' title='bbox 2467 2681 2664 2749; x_wconf 88' lang='lat' dir='ltr'><strong>quibus</strong></span> <span class='ocrx_word' id='word_1_456' title='bbox 2687 2690 2867 2735; x_wconf 83' lang='lat' dir='ltr'><strong>tamen</strong></span> <span class='ocrx_word' id='word_1_457' title='bbox 2893 2683 3136 2735; x_wconf 77' lang='lat' dir='ltr'><strong>vestibus</strong></span> <span class='ocrx_word' id='word_1_458' title='bbox 3159 2683 3361 2748; x_wconf 89' lang='lat' dir='ltr'><strong>aliquid</strong></span> <span class='ocrx_word' id='word_1_459' title='bbox 3389 2684 3681 2736; x_wconf 88' lang='lat' dir='ltr'><strong>admistum</strong></span> 
     </span>
    </p>
   </div>
   <div class='ocr_carea' id='block_1_61' title="bbox 2117 2771 3691 2843">
    <p class='ocr_par' dir='ltr' id='par_1_61' title="bbox 2117 2771 3691 2843">
     <span class='ocr_line' id='line_1_61' title="bbox 2117 2771 3691 2843; baseline 0.002 -19"><span class='ocrx_word' id='word_1_460' title='bbox 2117 2784 2238 2824; x_wconf 88' lang='lat' dir='ltr'><strong>esse</strong></span> <span class='ocrx_word' id='word_1_461' title='bbox 2266 2779 2479 2837; x_wconf 79' lang='lat' dir='ltr'><strong>Oportet</strong></span> <span class='ocrx_word' id='word_1_462' title='bbox 2520 2771 2790 2836; x_wconf 87' lang='lat' dir='ltr'><strong>miraculi,</strong></span> <span class='ocrx_word' id='word_1_463' title='bbox 2825 2774 2867 2826; x_wconf 88' lang='lat' dir='ltr'><strong>si</strong></span> <span class='ocrx_word' id='word_1_464' title='bbox 2921 2773 3143 2843; x_wconf 81' lang='lat' dir='ltr'><strong>quidem</strong></span> <span class='ocrx_word' id='word_1_465' title='bbox 3201 2789 3385 2827; x_wconf 89' lang='lat' dir='ltr'><strong>verum</strong></span> <span class='ocrx_word' id='word_1_466' title='bbox 3423 2784 3525 2837; x_wconf 88' lang='lat' dir='ltr'><strong>cst,</strong></span> <span class='ocrx_word' id='word_1_467' title='bbox 3564 2790 3691 2827; x_wconf 78' lang='lat' dir='ltr'><strong>cor-</strong></span> 
     </span>
    </p>
   </div>
   <div class='ocr_carea' id='block_1_62' title="bbox 2118 2861 3690 2935">
    <p class='ocr_par' dir='ltr' id='par_1_62' title="bbox 2118 2861 3690 2935">
     <span class='ocr_line' id='line_1_62' title="bbox 2118 2861 3690 2935; baseline 0.003 -22"><span class='ocrx_word' id='word_1_468' title='bbox 2118 2861 2387 2928; x_wconf 83' lang='lat' dir='ltr'><strong>ruptionis</strong></span> <span class='ocrx_word' id='word_1_469' title='bbox 2414 2874 2666 2935; x_wconf 76' lang='lat' dir='ltr'><strong>expertes</strong></span> <span class='ocrx_word' id='word_1_470' title='bbox 2688 2878 2781 2918; x_wconf 89' lang='lat' dir='ltr'><strong>eas</strong></span> <span class='ocrx_word' id='word_1_471' title='bbox 2818 2878 2938 2917; x_wconf 83' lang='lat' dir='ltr'><strong>esse</strong></span> <span class='ocrx_word' id='word_1_472' title='bbox 2972 2879 3357 2933; x_wconf 87' lang='lat' dir='ltr'><strong>permansuras</strong></span> <span class='ocrx_word' id='word_1_473' title='bbox 3389 2882 3400 2918; x_wconf 89' lang='lat'>:</span> <span class='ocrx_word' id='word_1_474' title='bbox 3427 2864 3690 2933; x_wconf 85' lang='lat' dir='ltr'><strong>quocirca</strong></span> 
     </span>
    </p>
   </div>
   <div class='ocr_carea' id='block_1_63' title="bbox 2118 2952 3689 3023">
    <p class='ocr_par' dir='ltr' id='par_1_63' title="bbox 2118 2952 3689 3023">
     <span class='ocr_line' id='line_1_63' title="bbox 2118 2952 3689 3023; baseline 0.003 -18"><span class='ocrx_word' id='word_1_475' title='bbox 2118 2952 2183 3005; x_wconf 88' lang='lat' dir='ltr'><strong>de</strong></span> <span class='ocrx_word' id='word_1_476' title='bbox 2232 2962 2343 3007; x_wconf 84' lang='lat' dir='ltr'><strong>tota</strong></span> <span class='ocrx_word' id='word_1_477' title='bbox 2380 2971 2459 3016; x_wconf 88' lang='lat' dir='ltr'><strong>re,</strong></span> <span class='ocrx_word' id='word_1_478' title='bbox 2536 2956 2671 3009; x_wconf 85' lang='lat' dir='ltr'><strong>mihi</strong></span> <span class='ocrx_word' id='word_1_479' title='bbox 2735 2956 2917 3019; x_wconf 86' lang='lat' dir='ltr'><strong>crede,</strong></span> <span class='ocrx_word' id='word_1_480' title='bbox 2978 2956 3295 3010; x_wconf 84' lang='lat' dir='ltr'><strong>addubitare</strong></span> <span class='ocrx_word' id='word_1_481' title='bbox 3356 2956 3525 3009; x_wconf 80' lang='lat' dir='ltr'><strong>nimio</strong></span> <span class='ocrx_word' id='word_1_482' title='bbox 3569 2955 3689 3023; x_wconf 89' lang='lat' dir='ltr'><strong>plus</strong></span> 
     </span>
    </p>
   </div>
   <div class='ocr_carea' id='block_1_64' title="bbox 2122 3038 3689 3116">
    <p class='ocr_par' dir='ltr' id='par_1_64' title="bbox 2122 3038 3689 3116">
     <span class='ocr_line' id='line_1_64' title="bbox 2122 3038 3689 3116; baseline 0 -18"><span class='ocrx_word' id='word_1_483' title='bbox 2122 3046 2346 3113; x_wconf 90' lang='lat' dir='ltr'><strong>incipio.</strong></span> <span class='ocrx_word' id='word_1_484' title='bbox 2375 3044 2510 3100; x_wconf 83' lang='lat' dir='ltr'><strong>Illud</strong></span> <span class='ocrx_word' id='word_1_485' title='bbox 2542 3055 2723 3100; x_wconf 89' lang='lat' dir='ltr'><strong>autem</strong></span> <span class='ocrx_word' id='word_1_486' title='bbox 2759 3061 2842 3100; x_wconf 89' lang='lat' dir='ltr'><strong>me</strong></span> <span class='ocrx_word' id='word_1_487' title='bbox 2874 3054 3067 3116; x_wconf 62' lang='lat' dir='ltr'><strong>praeter</strong></span> <span class='ocrx_word' id='word_1_488' title='bbox 3094 3056 3286 3102; x_wconf 73' lang='lat' dir='ltr'><strong>caetera</strong></span> <span class='ocrx_word' id='word_1_489' title='bbox 3329 3038 3558 3101; x_wconf 82' lang='lat' dir='ltr'><strong>edoceas</strong></span> <span class='ocrx_word' id='word_1_490' title='bbox 3589 3047 3689 3101; x_wconf 80' lang='lat' dir='ltr'><strong>ob—</strong></span> 
     </span>
    </p>
   </div>
   <div class='ocr_carea' id='block_1_65' title="bbox 2120 3138 3687 3206">
    <p class='ocr_par' dir='ltr' id='par_1_65' title="bbox 2120 3138 3687 3206">
     <span class='ocr_line' id='line_1_65' title="bbox 2120 3138 3687 3206; baseline 0 -16"><span class='ocrx_word' id='word_1_491' title='bbox 2120 3152 2323 3191; x_wconf 79' lang='lat' dir='ltr'><strong>secro:</strong></span> <span class='ocrx_word' id='word_1_492' title='bbox 2380 3153 2444 3191; x_wconf 88' lang='lat' dir='ltr'><strong>an</strong></span> <span class='ocrx_word' id='word_1_493' title='bbox 2488 3138 2803 3206; x_wconf 77' lang='lat' dir='ltr'><strong>huiusmodi</strong></span> <span class='ocrx_word' id='word_1_494' title='bbox 2860 3140 3107 3193; x_wconf 83' lang='lat' dir='ltr'><strong>vestibus</strong></span> <span class='ocrx_word' id='word_1_495' title='bbox 3160 3140 3451 3193; x_wconf 80' lang='lat' dir='ltr'><strong>inducatur</strong></span> <span class='ocrx_word' id='word_1_496' title='bbox 3493 3153 3687 3191; x_wconf 89' lang='lat' dir='ltr'><strong>omnes</strong></span> 
     </span>
    </p>
   </div>
   <div class='ocr_carea' id='block_1_66' title="bbox 2122 3230 3688 3301">
    <p class='ocr_par' dir='ltr' id='par_1_66' title="bbox 2122 3230 3688 3301">
     <span class='ocr_line' id='line_1_66' title="bbox 2122 3230 3688 3301; baseline -0.001 -16"><span class='ocrx_word' id='word_1_497' title='bbox 2122 3232 2429 3299; x_wconf 87' lang='lat' dir='ltr'><strong>quicunque</strong></span> <span class='ocrx_word' id='word_1_498' title='bbox 2501 3232 2810 3298; x_wconf 72' lang='lat' dir='ltr'><strong>religionem</strong></span> <span class='ocrx_word' id='word_1_499' title='bbox 2877 3242 3113 3287; x_wconf 86' lang='lat' dir='ltr'><strong>vestram</strong></span> <span class='ocrx_word' id='word_1_500' title='bbox 3179 3232 3548 3301; x_wconf 67' lang='lat' dir='ltr'><strong>prolitentur?</strong></span> <span class='ocrx_word' id='word_1_501' title='bbox 3601 3230 3688 3284; x_wconf 89' lang='lat' dir='ltr'><strong>vel</strong></span> 
     </span>
    </p>
   </div>
   <div class='ocr_carea' id='block_1_67' title="bbox 2126 3324 3691 3394">
    <p class='ocr_par' dir='ltr' id='par_1_67' title="bbox 2126 3324 3691 3394">
     <span class='ocr_line' id='line_1_67' title="bbox 2126 3324 3691 3394; baseline -0.001 -17"><span class='ocrx_word' id='word_1_502' title='bbox 2126 3326 2322 3393; x_wconf 81' lang='lat' dir='ltr'><strong>partim</strong></span> <span class='ocrx_word' id='word_1_503' title='bbox 2362 3324 2577 3391; x_wconf 86' lang='lat' dir='ltr'><strong>quidem</strong></span> <span class='ocrx_word' id='word_1_504' title='bbox 2608 3324 2926 3391; x_wconf 79' lang='lat' dir='ltr'><strong>inducatur,</strong></span> <span class='ocrx_word' id='word_1_505' title='bbox 2962 3326 3158 3394; x_wconf 86' lang='lat' dir='ltr'><strong>partim</strong></span> <span class='ocrx_word' id='word_1_506' title='bbox 3208 3340 3337 3379; x_wconf 88' lang='lat' dir='ltr'><strong>vero</strong></span> <span class='ocrx_word' id='word_1_507' title='bbox 3363 3340 3469 3378; x_wconf 90' lang='lat' dir='ltr'><strong>non</strong></span> <span class='ocrx_word' id='word_1_508' title='bbox 3510 3326 3639 3379; x_wconf 89' lang='lat' dir='ltr'><strong>item</strong></span> <span class='ocrx_word' id='word_1_509' title='bbox 3665 3324 3691 3376; x_wconf 82' lang='lat'><strong>?</strong></span> 
     </span>
    </p>
   </div>
   <div class='ocr_carea' id='block_1_68' title="bbox 2126 3414 3688 3485">
    <p class='ocr_par' dir='ltr' id='par_1_68' title="bbox 2126 3414 3688 3485">
     <span class='ocr_line' id='line_1_68' title="bbox 2126 3414 3688 3485; baseline 0.001 -19"><span class='ocrx_word' id='word_1_510' title='bbox 2126 3430 2192 3467; x_wconf 92' lang='lat' dir='ltr'><strong>an</strong></span> <span class='ocrx_word' id='word_1_511' title='bbox 2230 3414 2893 3485; x_wconf 61' lang='lat' dir='ltr'><strong>majoribus.quibusdam</strong></span> <span class='ocrx_word' id='word_1_512' title='bbox 2925 3419 3079 3471; x_wconf 82' lang='lat' dir='ltr'><strong>benis</strong></span> <span class='ocrx_word' id='word_1_513' title='bbox 3128 3417 3236 3470; x_wconf 87' lang='lat' dir='ltr'><strong>frui</strong></span> <span class='ocrx_word' id='word_1_514' title='bbox 3303 3425 3553 3483; x_wconf 87' lang='lat' dir='ltr'><strong>possunt,</strong></span> <span class='ocrx_word' id='word_1_515' title='bbox 3593 3414 3688 3481; x_wconf 92' lang='lat' dir='ltr'><strong>qui</strong></span> 
     </span>
    </p>
   </div>
   <div class='ocr_carea' id='block_1_69' title="bbox 2125 3502 3692 3573">
    <p class='ocr_par' dir='ltr' id='par_1_69' title="bbox 2125 3502 3692 3573">
     <span class='ocr_line' id='line_1_69' title="bbox 2125 3502 3692 3573; baseline 0.001 -19"><span class='ocrx_word' id='word_1_516' title='bbox 2125 3505 2270 3558; x_wconf 88' lang='lat' dir='ltr'><strong>viros</strong></span> <span class='ocrx_word' id='word_1_517' title='bbox 2319 3506 2518 3573; x_wconf 88' lang='lat' dir='ltr'><strong>probos</strong></span> <span class='ocrx_word' id='word_1_518' title='bbox 2576 3520 2634 3560; x_wconf 85' lang='lat' dir='ltr'><strong>se</strong></span> <span class='ocrx_word' id='word_1_519' title='bbox 2690 3505 3160 3567; x_wconf 84' lang='lat' dir='ltr'><strong>demonstrarunt,</strong></span> <span class='ocrx_word' id='word_1_520' title='bbox 3231 3516 3547 3573; x_wconf 80' lang='lat' dir='ltr'><strong>gratamque</strong></span> <span class='ocrx_word' id='word_1_521' title='bbox 3586 3502 3692 3555; x_wconf 85' lang='lat' dir='ltr'><strong>Deo</strong></span> 
     </span>
    </p>
   </div>
   <div class='ocr_carea' id='block_1_70' title="bbox 466 3591 3692 3666">
    <p class='ocr_par' dir='ltr' id='par_1_70' title="bbox 466 3591 3692 3666">
     <span class='ocr_line' id='line_1_70' title="bbox 466 3591 3692 3666; baseline 0.002 -21"><span class='ocrx_word' id='word_1_522' title='bbox 466 3595 632 3645; x_wconf 87' lang='lat' dir='ltr'><strong>vitam</strong></span> <span class='ocrx_word' id='word_1_523' title='bbox 664 3592 939 3658; x_wconf 85' lang='lat' dir='ltr'><strong>vixerunt,</strong></span> <span class='ocrx_word' id='word_1_524' title='bbox 969 3595 1054 3647; x_wconf 86' lang='lat' dir='ltr'><strong>vel</strong></span> <span class='ocrx_word' id='word_1_525' title='bbox 1083 3592 1203 3661; x_wconf 90' lang='lat' dir='ltr'><strong>ipso</strong></span> <span class='ocrx_word' id='word_1_526' title='bbox 1257 3591 1510 3662; x_wconf 85' lang='lat' dir='ltr'><strong>paradiso</strong></span> <span class='ocrx_word' id='word_1_527' title='bbox 1539 3591 2017 3646; x_wconf 88' lang='lat' dir='ltr'><strong>circumscribetur</strong></span> <span class='ocrx_word' id='word_1_528' title='bbox 2052 3594 2139 3650; x_wconf 86' lang='lat' dir='ltr'><strong>illa</strong></span> <span class='ocrx_word' id='word_1_529' title='bbox 2171 3606 2265 3651; x_wconf 84' lang='lat' dir='ltr'><strong>aut</strong></span> <span class='ocrx_word' id='word_1_530' title='bbox 2293 3599 2464 3666; x_wconf 80' lang='lat' dir='ltr'><strong>gratia</strong></span> <span class='ocrx_word' id='word_1_531' title='bbox 2494 3607 2590 3653; x_wconf 89' lang='lat' dir='ltr'><strong>aut</strong></span> <span class='ocrx_word' id='word_1_532' title='bbox 2617 3597 2876 3653; x_wconf 85' lang='lat' dir='ltr'><strong>virtutum</strong></span> <span class='ocrx_word' id='word_1_533' title='bbox 2907 3598 3318 3653; x_wconf 84' lang='lat' dir='ltr'><strong>remuneratio?</strong></span> <span class='ocrx_word' id='word_1_534' title='bbox 3344 3598 3599 3665; x_wconf 80' lang='lat' dir='ltr'><strong>denique,</strong></span> <span class='ocrx_word' id='word_1_535' title='bbox 3622 3611 3692 3651; x_wconf 84' lang='lat' dir='ltr'><strong>an</strong></span> 
     </span>
    </p>
   </div>
   <div class='ocr_carea' id='block_1_71' title="bbox 459 3685 2337 3757">
    <p class='ocr_par' dir='ltr' id='par_1_71' title="bbox 459 3685 2337 3757">
     <span class='ocr_line' id='line_1_71' title="bbox 459 3685 2337 3757; baseline 0.005 -20"><span class='ocrx_word' id='word_1_536' title='bbox 459 3696 678 3757; x_wconf 88' lang='lat' dir='ltr'><strong>propter</strong></span> <span class='ocrx_word' id='word_1_537' title='bbox 702 3701 886 3754; x_wconf 86' lang='lat' dir='ltr'><strong>opera,</strong></span> <span class='ocrx_word' id='word_1_538' title='bbox 924 3687 1007 3741; x_wconf 87' lang='lat' dir='ltr'><strong>vel</strong></span> <span class='ocrx_word' id='word_1_539' title='bbox 1048 3695 1269 3755; x_wconf 87' lang='lat' dir='ltr'><strong>propter</strong></span> <span class='ocrx_word' id='word_1_540' title='bbox 1318 3686 1501 3752; x_wconf 82' lang='lat' dir='ltr'><strong>ﬁdem,</strong></span> <span class='ocrx_word' id='word_1_541' title='bbox 1558 3685 1672 3741; x_wconf 65' lang='lat' dir='ltr'><strong>haec</strong></span> <span class='ocrx_word' id='word_1_542' title='bbox 1721 3686 1803 3741; x_wconf 89' lang='lat' dir='ltr'><strong>eis</strong></span> <span class='ocrx_word' id='word_1_543' title='bbox 1841 3686 2124 3756; x_wconf 78' lang='lat' dir='ltr'><strong>obtingant</strong></span> <span class='ocrx_word' id='word_1_544' title='bbox 2153 3691 2337 3746; x_wconf 87' lang='lat' dir='ltr'><strong>bona?</strong></span> 
     </span>
    </p>
   </div>
   <div class='ocr_carea' id='block_1_72' title="bbox 529 3779 2023 3851">
    <p class='ocr_par' dir='ltr' id='par_1_72' title="bbox 529 3779 2023 3851">
     <span class='ocr_line' id='line_1_72' title="bbox 529 3779 2023 3851; baseline -0.001 -17"><span class='ocrx_word' id='word_1_545' title='bbox 529 3779 600 3848; x_wconf 79' lang='grc' dir='ltr'><strong>η’.</strong></span> <span class='ocrx_word' id='word_1_546' title='bbox 643 3780 801 3832; x_wconf 80' lang='grc' dir='ltr'>Ἀλλά</span> <span class='ocrx_word' id='word_1_547' title='bbox 840 3797 921 3832; x_wconf 82' lang='grc' dir='ltr'><strong>σοι</strong></span> <span class='ocrx_word' id='word_1_548' title='bbox 974 3779 1151 3832; x_wconf 85' lang='grc' dir='ltr'>πάντα</span> <span class='ocrx_word' id='word_1_549' title='bbox 1205 3780 1563 3850; x_wconf 79' lang='grc' dir='ltr'>πειράσομαι,</span> <span class='ocrx_word' id='word_1_550' title='bbox 1621 3781 1777 3848; x_wconf 77' lang='grc' dir='ltr'>φησὶ,</span> <span class='ocrx_word' id='word_1_551' title='bbox 1828 3781 2023 3851; x_wconf 81' lang='grc' dir='ltr'>διηγη-</span> 
     </span>
    </p>
   </div>
   <div class='ocr_carea' id='block_1_73' title="bbox 461 3870 2023 3942">
    <p class='ocr_par' dir='ltr' id='par_1_73' title="bbox 461 3870 2023 3942">
     <span class='ocr_line' id='line_1_73' title="bbox 461 3870 2023 3942; baseline 0 -18"><span class='ocrx_word' id='word_1_552' title='bbox 461 3871 685 3936; x_wconf 84' lang='grc' dir='ltr'>σασθαι,</span> <span class='ocrx_word' id='word_1_553' title='bbox 716 3871 780 3942; x_wconf 73' lang='grc' dir='ltr'>ἢν</span> <span class='ocrx_word' id='word_1_554' title='bbox 816 3874 843 3924; x_wconf 86' lang='grc' dir='ltr'><strong>ό</strong></span> <span class='ocrx_word' id='word_1_555' title='bbox 874 3872 1063 3940; x_wconf 76' lang='grc' dir='ltr'>καιρὸς</span> <span class='ocrx_word' id='word_1_556' title='bbox 1113 3870 1405 3941; x_wconf 71' lang='grc' dir='ltr'>ἐπιτρέψῃ.</span> <span class='ocrx_word' id='word_1_557' title='bbox 1437 3872 1551 3924; x_wconf 77' lang='grc' dir='ltr'><strong>Καὶ</strong></span> <span class='ocrx_word' id='word_1_558' title='bbox 1602 3874 1712 3939; x_wconf 73' lang='grc' dir='ltr'><strong>γὰρ</strong></span> <span class='ocrx_word' id='word_1_559' title='bbox 1749 3872 1812 3922; x_wconf 82' lang='grc' dir='ltr'><strong>τὸ</strong></span> <span class='ocrx_word' id='word_1_560' title='bbox 1842 3871 2023 3937; x_wconf 84' lang='grc' dir='ltr'>λέγειν</span> 
     </span>
    </p>
   </div>
   <div class='ocr_carea' id='block_1_74' title="bbox 458 3962 2053 4041">
    <p class='ocr_par' dir='ltr' id='par_1_74' title="bbox 458 3962 2053 4041">
     <span class='ocr_line' id='line_1_74' title="bbox 458 3962 2053 4041; baseline -0.003 -23"><span class='ocrx_word' id='word_1_561' title='bbox 458 3966 705 4029; x_wconf 82' lang='grc' dir='ltr'>τοιαῦτα,</span> <span class='ocrx_word' id='word_1_562' title='bbox 738 3966 769 4036; x_wconf 82' lang='grc' dir='ltr'>ἢ</span> <span class='ocrx_word' id='word_1_563' title='bbox 816 3964 1034 4018; x_wconf 80' lang='grc' dir='ltr'>ἀκούειν</span> <span class='ocrx_word' id='word_1_564' title='bbox 1063 3964 1219 4018; x_wconf 75' lang='grc' dir='ltr'>ἄλλου</span> <span class='ocrx_word' id='word_1_565' title='bbox 1245 3964 1338 4016; x_wconf 75' lang='grc' dir='ltr'>τοῦ</span> <span class='ocrx_word' id='word_1_566' title='bbox 1398 3965 1671 4041; x_wconf 70' lang='grc' dir='ltr'>λέγοντος,</span> <span class='ocrx_word' id='word_1_567' title='bbox 1702 3962 1892 4031; x_wconf 75' lang='grc' dir='ltr'>ἔμοιγε</span> <span class='ocrx_word' id='word_1_568' title='bbox 1931 3965 2053 4014; x_wconf 77' lang='grc' dir='ltr'>καὶ·</span> 
     </span>
    </p>
   </div>
   <div class='ocr_carea' id='block_1_75' title="bbox 462 4050 2024 4126">
    <p class='ocr_par' dir='ltr' id='par_1_75' title="bbox 462 4050 2024 4126">
     <span class='ocr_line' id='line_1_75' title="bbox 462 4050 2024 4126; baseline -0.004 -17"><span class='ocrx_word' id='word_1_569' title='bbox 462 4058 678 4124; x_wconf 79' lang='grc' dir='ltr'>μέλιτος</span> <span class='ocrx_word' id='word_1_570' title='bbox 708 4056 880 4126; x_wconf 74' lang='grc' dir='ltr'>ἥδιον.</span> <span class='ocrx_word' id='word_1_571' title='bbox 934 4053 1157 4121; x_wconf 85' lang='grc' dir='ltr'>Ῥητέον</span> <span class='ocrx_word' id='word_1_572' title='bbox 1194 4053 1237 4105; x_wconf 87' lang='grc' dir='ltr'>δ’</span> <span class='ocrx_word' id='word_1_573' title='bbox 1268 4053 1333 4106; x_wconf 78' lang='grc' dir='ltr'><strong>ἂν</strong></span> <span class='ocrx_word' id='word_1_574' title='bbox 1382 4053 1469 4122; x_wconf 84' lang='grc' dir='ltr'><strong>είη</strong></span> <span class='ocrx_word' id='word_1_575' title='bbox 1502 4052 1719 4120; x_wconf 83' lang='grc' dir='ltr'>πρῶτον</span> <span class='ocrx_word' id='word_1_576' title='bbox 1748 4052 1878 4121; x_wconf 81' lang='grc' dir='ltr'><strong>περὶ</strong></span> <span class='ocrx_word' id='word_1_577' title='bbox 1928 4050 2024 4104; x_wconf 80' lang='grc' dir='ltr'>τοῦ</span> 
     </span>
    </p>
   </div>
   <div class='ocr_carea' id='block_1_76' title="bbox 459 4143 2026 4216">
    <p class='ocr_par' dir='ltr' id='par_1_76' title="bbox 459 4143 2026 4216">
     <span class='ocr_line' id='line_1_76' title="bbox 459 4143 2026 4216; baseline -0.002 -18"><span class='ocrx_word' id='word_1_578' title='bbox 459 4150 697 4216; x_wconf 82' lang='grc' dir='ltr'>πρώτου.</span> <span class='ocrx_word' id='word_1_579' title='bbox 744 4144 882 4199; x_wconf 84' lang='grc' dir='ltr'>Ἵσθι</span> <span class='ocrx_word' id='word_1_580' title='bbox 914 4144 1114 4209; x_wconf 91' lang='grc' dir='ltr'>τοίνυν,</span> <span class='ocrx_word' id='word_1_581' title='bbox 1147 4144 1223 4207; x_wconf 86' lang='grc' dir='ltr'>ὡς</span> <span class='ocrx_word' id='word_1_582' title='bbox 1249 4143 1417 4211; x_wconf 72' lang='grc' dir='ltr'>ὀλίγοι</span> <span class='ocrx_word' id='word_1_583' title='bbox 1445 4143 1645 4211; x_wconf 84' lang='grc' dir='ltr'>κομιδῆ</span> <span class='ocrx_word' id='word_1_584' title='bbox 1678 4145 1928 4213; x_wconf 81' lang='grc' dir='ltr'>μετεῖχον</span> <span class='ocrx_word' id='word_1_585' title='bbox 1959 4143 2026 4197; x_wconf 79' lang='grc' dir='ltr'>ἂν</span> 
     </span>
    </p>
   </div>
   <div class='ocr_carea' id='block_1_77' title="bbox 459 4234 2026 4307">
    <p class='ocr_par' dir='ltr' id='par_1_77' title="bbox 459 4234 2026 4307">
     <span class='ocr_line' id='line_1_77' title="bbox 459 4234 2026 4307; baseline -0.002 -17"><span class='ocrx_word' id='word_1_586' title='bbox 459 4238 559 4307; x_wconf 73' lang='grc' dir='ltr'>τῆς</span> <span class='ocrx_word' id='word_1_587' title='bbox 592 4238 870 4307; x_wconf 86' lang='grc' dir='ltr'>μακαρίας</span> <span class='ocrx_word' id='word_1_588' title='bbox 904 4238 1049 4307; x_wconf 82' lang='grc' dir='ltr'>ζωῆς</span> <span class='ocrx_word' id='word_1_589' title='bbox 1084 4236 1176 4289; x_wconf 74' lang='grc' dir='ltr'>καὶ</span> <span class='ocrx_word' id='word_1_590' title='bbox 1224 4234 1333 4289; x_wconf 84' lang='grc' dir='ltr'>τῶν</span> <span class='ocrx_word' id='word_1_591' title='bbox 1379 4237 1437 4288; x_wconf 75' lang='grc' dir='ltr'>ὲν</span> <span class='ocrx_word' id='word_1_592' title='bbox 1468 4236 1784 4305; x_wconf 85' lang='grc' dir='ltr'>παραδείσῳ</span> <span class='ocrx_word' id='word_1_593' title='bbox 1825 4236 2026 4299; x_wconf 84' lang='grc' dir='ltr'>καλῶν,</span> 
     </span>
    </p>
   </div>
   <div class='ocr_carea' id='block_1_78' title="bbox 460 4326 2047 4409">
    <p class='ocr_par' dir='ltr' id='par_1_78' title="bbox 460 4326 2047 4409">
     <span class='ocr_line' id='line_1_78' title="bbox 460 4326 2047 4409; baseline -0.001 -29"><span class='ocrx_word' id='word_1_594' title='bbox 460 4329 616 4397; x_wconf 76' lang='grc' dir='ltr'>εἴπερ</span> <span class='ocrx_word' id='word_1_595' title='bbox 660 4330 686 4381; x_wconf 84' lang='grc' dir='ltr'><strong>ό</strong></span> <span class='ocrx_word' id='word_1_596' title='bbox 720 4328 951 4395; x_wconf 82' lang='grc' dir='ltr'>Χριστὸς</span> <span class='ocrx_word' id='word_1_597' title='bbox 992 4326 1238 4396; x_wconf 78' lang='grc' dir='ltr'>ἀκριϐῶς</span> <span class='ocrx_word' id='word_1_598' title='bbox 1278 4326 1385 4378; x_wconf 85' lang='grc' dir='ltr'><strong>τῶν</strong></span> <span class='ocrx_word' id='word_1_599' title='bbox 1430 4327 1565 4396; x_wconf 74' lang='grc' dir='ltr'>ἡμῖν</span> <span class='ocrx_word' id='word_1_600' title='bbox 1617 4327 2047 4409; x_wconf 45' lang='grc' dir='ltr'>πεπραγμένων.</span> 
     </span>
    </p>
   </div>
   <div class='ocr_carea' id='block_1_79' title="bbox 460 4416 2027 4487">
    <p class='ocr_par' dir='ltr' id='par_1_79' title="bbox 460 4416 2027 4487">
     <span class='ocr_line' id='line_1_79' title="bbox 460 4416 2027 4487; baseline -0.003 -15"><span class='ocrx_word' id='word_1_601' title='bbox 460 4420 559 4482; x_wconf 79' lang='grc' dir='ltr'>τὰς</span> <span class='ocrx_word' id='word_1_602' title='bbox 592 4421 820 4482; x_wconf 74' lang='grc' dir='ltr'>εὐθύνας</span> <span class='ocrx_word' id='word_1_603' title='bbox 863 4417 1083 4487; x_wconf 82' lang='grc' dir='ltr'>ἀπῄτει.</span> <span class='ocrx_word' id='word_1_604' title='bbox 1118 4417 1290 4479; x_wconf 80' lang='grc' dir='ltr'>Αὐτὸς</span> <span class='ocrx_word' id='word_1_605' title='bbox 1323 4417 1431 4486; x_wconf 88' lang='grc' dir='ltr'><strong>γάρ</strong></span> <span class='ocrx_word' id='word_1_606' title='bbox 1464 4416 1775 4471; x_wconf 81' lang='grc' dir='ltr'>καθεδεῖται</span> <span class='ocrx_word' id='word_1_607' title='bbox 1807 4418 2027 4470; x_wconf 90' lang='grc' dir='ltr'>πάντων</span> 
     </span>
    </p>
   </div>
   <div class='ocr_carea' id='block_1_80' title="bbox 462 4505 2022 4580">
    <p class='ocr_par' dir='ltr' id='par_1_80' title="bbox 462 4505 2022 4580">
     <span class='ocr_line' id='line_1_80' title="bbox 462 4505 2022 4580; baseline -0.004 -17"><span class='ocrx_word' id='word_1_608' title='bbox 462 4511 653 4580; x_wconf 82' lang='grc' dir='ltr'>κριτὴς</span> <span class='ocrx_word' id='word_1_609' title='bbox 675 4510 1013 4570; x_wconf 76' lang='grc' dir='ltr'>δικαιότατος</span> <span class='ocrx_word' id='word_1_610' title='bbox 1037 4523 1052 4538; x_wconf 82' lang='lat'><strong>&#39;</strong></span> <span class='ocrx_word' id='word_1_611' title='bbox 1088 4509 1246 4573; x_wconf 83' lang='grc' dir='ltr'>ίσμεν</span> <span class='ocrx_word' id='word_1_612' title='bbox 1272 4505 1431 4559; x_wconf 81' lang='grc' dir='ltr'>τοῦτο</span> <span class='ocrx_word' id='word_1_613' title='bbox 1472 4507 1611 4558; x_wconf 86' lang='grc' dir='ltr'>πάνυ</span> <span class='ocrx_word' id='word_1_614' title='bbox 1638 4506 1819 4569; x_wconf 85' lang='grc' dir='ltr'>καλῶς</span> <span class='ocrx_word' id='word_1_615' title='bbox 1840 4522 1852 4537; x_wconf 75' lang='grc'><strong><em>⁸</em></strong></span> <span class='ocrx_word' id='word_1_616' title='bbox 1885 4507 2022 4575; x_wconf 84' lang='grc' dir='ltr'>πνοή</span> 
     </span>
    </p>
   </div>
   <div class='ocr_carea' id='block_1_81' title="bbox 2198 3784 3694 3857">
    <p class='ocr_par' dir='ltr' id='par_1_81' title="bbox 2198 3784 3694 3857">
     <span class='ocr_line' id='line_1_81' title="bbox 2198 3784 3694 3857; baseline 0.001 -20"><span class='ocrx_word' id='word_1_617' title='bbox 2198 3785 2250 3841; x_wconf 92' lang='lat'><strong>8.</strong></span> <span class='ocrx_word' id='word_1_618' title='bbox 2283 3786 2554 3851; x_wconf 87' lang='lat' dir='ltr'><strong>Conabor,</strong></span> <span class='ocrx_word' id='word_1_619' title='bbox 2596 3786 2793 3856; x_wconf 85' lang='lat' dir='ltr'><strong>inquit,</strong></span> <span class='ocrx_word' id='word_1_620' title='bbox 2826 3787 3109 3857; x_wconf 82' lang='lat' dir='ltr'><strong>siquidem</strong></span> <span class='ocrx_word' id='word_1_621' title='bbox 3137 3797 3235 3854; x_wconf 90' lang='lat' dir='ltr'><strong>per</strong></span> <span class='ocrx_word' id='word_1_622' title='bbox 3265 3794 3480 3852; x_wconf 88' lang='lat' dir='ltr'><strong>tempus</strong></span> <span class='ocrx_word' id='word_1_623' title='bbox 3520 3784 3694 3838; x_wconf 85' lang='lat' dir='ltr'><strong>licue-</strong></span> 
     </span>
    </p>
   </div>
   <div class='ocr_carea' id='block_1_82' title="bbox 2127 3873 3693 3940">
    <p class='ocr_par' dir='ltr' id='par_1_82' title="bbox 2127 3873 3693 3940">
     <span class='ocr_line' id='line_1_82' title="bbox 2127 3873 3693 3940; baseline -0.001 -13"><span class='ocrx_word' id='word_1_624' title='bbox 2127 3874 2219 3938; x_wconf 91' lang='lat' dir='ltr'><strong>rit,</strong></span> <span class='ocrx_word' id='word_1_625' title='bbox 2251 3890 2509 3929; x_wconf 85' lang='lat' dir='ltr'><strong>enarrare</strong></span> <span class='ocrx_word' id='word_1_626' title='bbox 2537 3875 2631 3928; x_wconf 87' lang='lat' dir='ltr'><strong>tibi</strong></span> <span class='ocrx_word' id='word_1_627' title='bbox 2660 3876 2773 3929; x_wconf 71' lang='lat' dir='ltr'><strong>ham</strong></span> <span class='ocrx_word' id='word_1_628' title='bbox 2803 3877 3009 3929; x_wconf 84' lang='lat' dir='ltr'><strong>omnia.</strong></span> <span class='ocrx_word' id='word_1_629' title='bbox 3046 3875 3258 3928; x_wconf 83' lang='lat' dir='ltr'><strong>Etenim</strong></span> <span class='ocrx_word' id='word_1_630' title='bbox 3291 3874 3356 3927; x_wconf 92' lang='lat' dir='ltr'><strong>de</strong></span> <span class='ocrx_word' id='word_1_631' title='bbox 3380 3873 3693 3940; x_wconf 75' lang='lat' dir='ltr'><strong>huiusmodi</strong></span> 
     </span>
    </p>
   </div>
   <div class='ocr_carea' id='block_1_83' title="bbox 2130 3964 3695 4030">
    <p class='ocr_par' dir='ltr' id='par_1_83' title="bbox 2130 3964 3695 4030">
     <span class='ocr_line' id='line_1_83' title="bbox 2130 3964 3695 4030; baseline -0.001 -13"><span class='ocrx_word' id='word_1_632' title='bbox 2130 3965 2293 4017; x_wconf 80' lang='lat' dir='ltr'><strong>rebus</strong></span> <span class='ocrx_word' id='word_1_633' title='bbox 2320 3964 2404 4016; x_wconf 80' lang='lat' dir='ltr'><strong>vel</strong></span> <span class='ocrx_word' id='word_1_634' title='bbox 2436 3964 2638 4022; x_wconf 85' lang='lat' dir='ltr'><strong>dicere.</strong></span> <span class='ocrx_word' id='word_1_635' title='bbox 2671 3966 2753 4017; x_wconf 77' lang='lat' dir='ltr'><strong>vel</strong></span> <span class='ocrx_word' id='word_1_636' title='bbox 2787 3966 3019 4030; x_wconf 84' lang='lat' dir='ltr'><strong>aliquem</strong></span> <span class='ocrx_word' id='word_1_637' title='bbox 3046 3964 3317 4018; x_wconf 88' lang='lat' dir='ltr'><strong>dicentem</strong></span> <span class='ocrx_word' id='word_1_638' title='bbox 3368 3965 3578 4024; x_wconf 86' lang='lat' dir='ltr'><strong>audire,</strong></span> <span class='ocrx_word' id='word_1_639' title='bbox 3614 3964 3695 4017; x_wconf 79' lang='lat' dir='ltr'><strong>vel</strong></span> 
     </span>
    </p>
   </div>
   <div class='ocr_carea' id='block_1_84' title="bbox 2131 4054 3692 4124">
    <p class='ocr_par' dir='ltr' id='par_1_84' title="bbox 2131 4054 3692 4124">
     <span class='ocr_line' id='line_1_84' title="bbox 2131 4054 3692 4124; baseline -0.001 -16"><span class='ocrx_word' id='word_1_640' title='bbox 2131 4054 2289 4108; x_wconf 89' lang='lat' dir='ltr'><strong>melle</strong></span> <span class='ocrx_word' id='word_1_641' title='bbox 2321 4055 2451 4108; x_wconf 91' lang='lat' dir='ltr'><strong>mihi</strong></span> <span class='ocrx_word' id='word_1_642' title='bbox 2478 4054 2825 4109; x_wconf 87' lang='lat' dir='ltr'><strong>est-dulcius.</strong></span> <span class='ocrx_word' id='word_1_643' title='bbox 2875 4054 3114 4108; x_wconf 88' lang='lat' dir='ltr'><strong>Primum</strong></span> <span class='ocrx_word' id='word_1_644' title='bbox 3165 4064 3345 4109; x_wconf 88' lang='lat' dir='ltr'><strong>autem</strong></span> <span class='ocrx_word' id='word_1_645' title='bbox 3398 4054 3468 4110; x_wconf 85' lang='lat' dir='ltr'><strong>de</strong></span> <span class='ocrx_word' id='word_1_646' title='bbox 3496 4056 3692 4124; x_wconf 89' lang='lat' dir='ltr'><strong>primo.</strong></span> 
     </span>
    </p>
   </div>
   <div class='ocr_carea' id='block_1_85' title="bbox 2133 4146 3697 4217">
    <p class='ocr_par' dir='ltr' id='par_1_85' title="bbox 2133 4146 3697 4217">
     <span class='ocr_line' id='line_1_85' title="bbox 2133 4146 3697 4217; baseline -0.001 -15"><span class='ocrx_word' id='word_1_647' title='bbox 2133 4147 2284 4202; x_wconf 88' lang='lat' dir='ltr'><strong>Scire</strong></span> <span class='ocrx_word' id='word_1_648' title='bbox 2315 4146 2477 4217; x_wconf 76' lang='lat' dir='ltr'><strong>igitur</strong></span> <span class='ocrx_word' id='word_1_649' title='bbox 2511 4156 2563 4201; x_wconf 89' lang='lat' dir='ltr'><strong>te</strong></span> <span class='ocrx_word' id='word_1_650' title='bbox 2595 4148 2740 4211; x_wconf 82' lang='lat' dir='ltr'><strong>velo,</strong></span> <span class='ocrx_word' id='word_1_651' title='bbox 2765 4148 2941 4203; x_wconf 82' lang='lat' dir='ltr'><strong>felicis</strong></span> <span class='ocrx_word' id='word_1_652' title='bbox 2993 4148 3136 4201; x_wconf 85' lang='lat' dir='ltr'><strong>illius</strong></span> <span class='ocrx_word' id='word_1_653' title='bbox 3216 4150 3361 4211; x_wconf 80' lang='lat' dir='ltr'><strong>vitae,</strong></span> <span class='ocrx_word' id='word_1_654' title='bbox 3393 4148 3697 4201; x_wconf 79' lang='lat' dir='ltr'><strong>bonorum-</strong></span> 
     </span>
    </p>
   </div>
   <div class='ocr_carea' id='block_1_86' title="bbox 2130 4228 3749 4307">
    <p class='ocr_par' dir='ltr' id='par_1_86' title="bbox 2130 4228 3749 4307">
     <span class='ocr_line' id='line_1_86' title="bbox 2130 4228 3749 4307; baseline -0.001 -16"><span class='ocrx_word' id='word_1_655' title='bbox 2130 4252 2234 4306; x_wconf 89' lang='lat' dir='ltr'><strong>que</strong></span> <span class='ocrx_word' id='word_1_656' title='bbox 2268 4254 2387 4307; x_wconf 79' lang='lat' dir='ltr'><strong>qua:</strong></span> <span class='ocrx_word' id='word_1_657' title='bbox 2427 4240 2479 4291; x_wconf 94' lang='lat' dir='ltr'><strong>in</strong></span> <span class='ocrx_word' id='word_1_658' title='bbox 2518 4239 2773 4306; x_wconf 90' lang='lat' dir='ltr'><strong>paradiso</strong></span> <span class='ocrx_word' id='word_1_659' title='bbox 2813 4238 3206 4306; x_wconf 89' lang='lat' dir='ltr'><strong>percipientur,</strong></span> <span class='ocrx_word' id='word_1_660' title='bbox 3238 4238 3532 4306; x_wconf 85' lang='lat' dir='ltr'><strong>participes</strong></span> <span class='ocrx_word' id='word_1_661' title='bbox 3579 4236 3697 4290; x_wconf 81' lang='lat' dir='ltr'><strong>fore</strong></span> <span class='ocrx_word' id='word_1_662' title='bbox 3726 4228 3749 4283; x_wconf 77' lang='grc'>’.</span> 
     </span>
    </p>
   </div>
   <div class='ocr_carea' id='block_1_87' title="bbox 2129 4326 3692 4396">
    <p class='ocr_par' dir='ltr' id='par_1_87' title="bbox 2129 4326 3692 4396">
     <span class='ocr_line' id='line_1_87' title="bbox 2129 4326 3692 4396; baseline 0.001 -18"><span class='ocrx_word' id='word_1_663' title='bbox 2129 4327 2426 4380; x_wconf 86' lang='lat' dir='ltr'><strong>admodum</strong></span> <span class='ocrx_word' id='word_1_664' title='bbox 2457 4343 2679 4396; x_wconf 89' lang='lat' dir='ltr'><strong>paucos,</strong></span> <span class='ocrx_word' id='word_1_665' title='bbox 2716 4328 2758 4382; x_wconf 91' lang='lat' dir='ltr'><strong>si</strong></span> <span class='ocrx_word' id='word_1_666' title='bbox 2790 4328 3044 4383; x_wconf 83' lang='lat' dir='ltr'><strong>Christus</strong></span> <span class='ocrx_word' id='word_1_667' title='bbox 3076 4336 3385 4381; x_wconf 86' lang='lat' dir='ltr'><strong>accuratam</strong></span> <span class='ocrx_word' id='word_1_668' title='bbox 3415 4326 3692 4380; x_wconf 85' lang='lat' dir='ltr'><strong>actionum</strong></span> 
     </span>
    </p>
   </div>
   <div class='ocr_carea' id='block_1_88' title="bbox 2126 4418 3699 4489">
    <p class='ocr_par' dir='ltr' id='par_1_88' title="bbox 2126 4418 3699 4489">
     <span class='ocr_line' id='line_1_88' title="bbox 2126 4418 3699 4489; baseline 0.001 -17"><span class='ocrx_word' id='word_1_669' title='bbox 2126 4429 2435 4473; x_wconf 89' lang='lat' dir='ltr'><strong>nostrarum</strong></span> <span class='ocrx_word' id='word_1_670' title='bbox 2471 4419 2733 4473; x_wconf 86' lang='lat' dir='ltr'><strong>rationem</strong></span> <span class='ocrx_word' id='word_1_671' title='bbox 2781 4434 2810 4472; x_wconf 89' lang='lat' dir='ltr'><strong>a</strong></span> <span class='ocrx_word' id='word_1_672' title='bbox 2866 4420 3025 4473; x_wconf 82' lang='lat' dir='ltr'><strong>nobis</strong></span> <span class='ocrx_word' id='word_1_673' title='bbox 3071 4420 3333 4489; x_wconf 78' lang='lat' dir='ltr'><strong>exigeret.</strong></span> <span class='ocrx_word' id='word_1_674' title='bbox 3375 4418 3494 4486; x_wconf 86' lang='lat' dir='ltr'><strong>Ipse</strong></span> <span class='ocrx_word' id='word_1_675' title='bbox 3544 4420 3699 4473; x_wconf 86' lang='lat' dir='ltr'><strong>eninr</strong></span> 
     </span>
    </p>
   </div>
   <div class='ocr_carea' id='block_1_89' title="bbox 2128 4512 3707 4583">
    <p class='ocr_par' dir='ltr' id='par_1_89' title="bbox 2128 4512 3707 4583">
     <span class='ocr_line' id='line_1_89' title="bbox 2128 4512 3707 4583; baseline 0 -18"><span class='ocrx_word' id='word_1_676' title='bbox 2128 4512 2337 4565; x_wconf 89' lang='lat' dir='ltr'><strong>sedebit</strong></span> <span class='ocrx_word' id='word_1_677' title='bbox 2365 4512 2607 4564; x_wconf 89' lang='lat' dir='ltr'><strong>omnium</strong></span> <span class='ocrx_word' id='word_1_678' title='bbox 2641 4512 2981 4583; x_wconf 83' lang='lat' dir='ltr'><strong>justissimus</strong></span> <span class='ocrx_word' id='word_1_679' title='bbox 3002 4513 3167 4581; x_wconf 85' lang='lat' dir='ltr'><strong>judex</strong></span> <span class='ocrx_word' id='word_1_680' title='bbox 3198 4530 3213 4566; x_wconf 88' lang='lat'><strong>:</strong></span> <span class='ocrx_word' id='word_1_681' title='bbox 3243 4514 3467 4581; x_wconf 88' lang='lat' dir='ltr'><strong>pulchre</strong></span> <span class='ocrx_word' id='word_1_682' title='bbox 3496 4514 3545 4565; x_wconf 88' lang='lat' dir='ltr'><strong>id</strong></span> <span class='ocrx_word' id='word_1_683' title='bbox 3597 4513 3707 4567; x_wconf 57' lang='lat' dir='ltr'><strong>sci-v</strong></span> 
     </span>
    </p>
   </div>
   <div class='ocr_carea' id='block_1_90' title="bbox 462 4586 2019 4669">
    <p class='ocr_par' dir='ltr' id='par_1_90' title="bbox 462 4596 2019 4669">
     <span class='ocr_line' id='line_1_90' title="bbox 462 4596 2019 4669; baseline -0.001 -18"><span class='ocrx_word' id='word_1_684' title='bbox 462 4617 519 4651; x_wconf 88' lang='grc' dir='ltr'><strong>τε</strong></span> <span class='ocrx_word' id='word_1_685' title='bbox 546 4601 653 4669; x_wconf 83' lang='grc' dir='ltr'><strong>γάρ</strong></span> <span class='ocrx_word' id='word_1_686' title='bbox 684 4602 816 4665; x_wconf 70' lang='grc' dir='ltr'>ἐστι,</span> <span class='ocrx_word' id='word_1_687' title='bbox 837 4601 930 4652; x_wconf 74' lang='grc' dir='ltr'>καὶ</span> <span class='ocrx_word' id='word_1_688' title='bbox 963 4599 1131 4669; x_wconf 72' lang='grc' dir='ltr'>ψυχὴ,</span> <span class='ocrx_word' id='word_1_689' title='bbox 1159 4600 1253 4652; x_wconf 73' lang='grc' dir='ltr'><strong>καὶ</strong></span> <span class='ocrx_word' id='word_1_690' title='bbox 1284 4599 1457 4666; x_wconf 81' lang='grc' dir='ltr'>Λόγος</span> <span class='ocrx_word' id='word_1_691' title='bbox 1494 4598 1698 4662; x_wconf 77' lang='grc' dir='ltr'>ζῶντος</span> <span class='ocrx_word' id='word_1_692' title='bbox 1728 4596 1888 4663; x_wconf 79' lang='grc' dir='ltr'>Θεοῦ,</span> <span class='ocrx_word' id='word_1_693' title='bbox 1931 4598 2019 4650; x_wconf 68' lang='grc' dir='ltr'><strong>καὶ</strong></span> 
     </span>
    </p>
   </div>
   <div class='ocr_carea' id='block_1_91' title="bbox 2119 4586 3694 4669">
    <p class='ocr_par' dir='ltr' id='par_1_91' title="bbox 2130 4602 3694 4669">
     <span class='ocr_line' id='line_1_91' title="bbox 2130 4602 3694 4669; baseline 0.001 -14"><span class='ocrx_word' id='word_1_694' title='bbox 2130 4617 2294 4657; x_wconf 91' lang='lat' dir='ltr'><strong>mus:</strong></span> <span class='ocrx_word' id='word_1_695' title='bbox 2350 4602 2574 4669; x_wconf 85' lang='lat' dir='ltr'><strong>spiritus</strong></span> <span class='ocrx_word' id='word_1_696' title='bbox 2632 4606 2776 4657; x_wconf 90' lang='lat' dir='ltr'><strong>enim</strong></span> <span class='ocrx_word' id='word_1_697' title='bbox 2826 4612 2929 4663; x_wconf 63' lang='lat' dir='ltr'><strong>est.</strong></span> <span class='ocrx_word' id='word_1_698' title='bbox 2969 4612 3025 4658; x_wconf 86' lang='lat' dir='ltr'><strong>et</strong></span> <span class='ocrx_word' id='word_1_699' title='bbox 3084 4605 3288 4666; x_wconf 89' lang='lat' dir='ltr'><strong>anima,</strong></span> <span class='ocrx_word' id='word_1_700' title='bbox 3341 4613 3393 4657; x_wconf 90' lang='lat' dir='ltr'><strong>et</strong></span> <span class='ocrx_word' id='word_1_701' title='bbox 3458 4603 3694 4656; x_wconf 86' lang='lat' dir='ltr'><strong>Verbum</strong></span> 
     </span>
    </p>
   </div>
   <div class='ocr_carea' id='block_1_92' title="bbox 464 4689 2024 4772">
    <p class='ocr_par' dir='ltr' id='par_1_92' title="bbox 464 4689 2024 4772">
     <span class='ocr_line' id='line_1_92' title="bbox 464 4689 2024 4772; baseline -0.002 -28"><span class='ocrx_word' id='word_1_702' title='bbox 464 4694 530 4772; x_wconf 59' lang='grc' dir='ltr'><strong>ἐξ</strong></span> <span class='ocrx_word' id='word_1_703' title='bbox 557 4692 830 4760; x_wconf 83' lang='grc' dir='ltr'>Παρθένου</span> <span class='ocrx_word' id='word_1_704' title='bbox 862 4690 1097 4759; x_wconf 69' lang='grc' dir='ltr'>τεχθεὶς,</span> <span class='ocrx_word' id='word_1_705' title='bbox 1130 4690 1373 4757; x_wconf 79' lang='grc' dir='ltr'>φυλάξας</span> <span class='ocrx_word' id='word_1_706' title='bbox 1403 4691 1608 4759; x_wconf 86' lang='grc' dir='ltr'>ταύτην</span> <span class='ocrx_word' id='word_1_707' title='bbox 1636 4692 1730 4743; x_wconf 71' lang='grc' dir='ltr'><strong>καὶ</strong></span> <span class='ocrx_word' id='word_1_708' title='bbox 1766 4689 1906 4758; x_wconf 86' lang='grc' dir='ltr'><strong>μετά</strong></span> <span class='ocrx_word' id='word_1_709' title='bbox 1933 4691 2024 4742; x_wconf 89' lang='grc' dir='ltr'>τό-</span> 
     </span>
    </p>
   </div>
   <div class='ocr_carea' id='block_1_93' title="bbox 394 4777 2019 4859">
    <p class='ocr_par' dir='ltr' id='par_1_93' title="bbox 394 4777 2019 4859">
     <span class='ocr_line' id='line_1_93' title="bbox 394 4777 2019 4859; baseline -0.001 -26"><span class='ocrx_word' id='word_1_710' title='bbox 394 4852 401 4859; x_wconf 34' lang='grc'><strong>.</strong></span> <span class='ocrx_word' id='word_1_711' title='bbox 464 4799 582 4847; x_wconf 84' lang='grc' dir='ltr'>κον,</span> <span class='ocrx_word' id='word_1_712' title='bbox 625 4783 698 4843; x_wconf 82' lang='grc' dir='ltr'>ὡς</span> <span class='ocrx_word' id='word_1_713' title='bbox 739 4783 803 4851; x_wconf 84' lang='grc' dir='ltr'>δὴ</span> <span class='ocrx_word' id='word_1_714' title='bbox 842 4784 934 4833; x_wconf 73' lang='grc' dir='ltr'><strong>καὶ</strong></span> <span class='ocrx_word' id='word_1_715' title='bbox 984 4777 1399 4855; x_wconf 20' lang='grc' dir='ltr'>πρότερονκῆνο</span> <span class='ocrx_word' id='word_1_716' title='bbox 1456 4781 1591 4833; x_wconf 85' lang='grc' dir='ltr'><strong>ἀλλά</strong></span> <span class='ocrx_word' id='word_1_717' title='bbox 1631 4781 1721 4834; x_wconf 79' lang='grc' dir='ltr'><strong>τὸν</strong></span> <span class='ocrx_word' id='word_1_718' title='bbox 1768 4780 2019 4850; x_wconf 82' lang='grc' dir='ltr'>Μωάμεθ</span> 
     </span>
    </p>
   </div>
   <div class='ocr_carea' id='block_1_94' title="bbox 466 4872 2027 4943">
    <p class='ocr_par' dir='ltr' id='par_1_94' title="bbox 466 4872 2027 4943">
     <span class='ocr_line' id='line_1_94' title="bbox 466 4872 2027 4943; baseline -0.001 -18"><span class='ocrx_word' id='word_1_719' title='bbox 466 4874 692 4925; x_wconf 88' lang='grc' dir='ltr'>πλεῖστα</span> <span class='ocrx_word' id='word_1_720' title='bbox 721 4874 915 4943; x_wconf 79' lang='grc' dir='ltr'>φιλῶν,</span> <span class='ocrx_word' id='word_1_721' title='bbox 961 4873 1101 4941; x_wconf 81' lang='grc' dir='ltr'>ὑπὲρ</span> <span class='ocrx_word' id='word_1_722' title='bbox 1141 4873 1248 4925; x_wconf 82' lang='grc' dir='ltr'><strong>τῶν</strong></span> <span class='ocrx_word' id='word_1_723' title='bbox 1284 4873 1622 4925; x_wconf 73' lang='grc' dir='ltr'>ἐπταικότων</span> <span class='ocrx_word' id='word_1_724' title='bbox 1651 4872 2027 4941; x_wconf 83' lang='grc' dir='ltr'>παραιτούμε-</span> 
     </span>
    </p>
   </div>
   <div class='ocr_carea' id='block_1_95' title="bbox 463 4963 2027 5034">
    <p class='ocr_par' dir='ltr' id='par_1_95' title="bbox 463 4963 2027 5034">
     <span class='ocr_line' id='line_1_95' title="bbox 463 4963 2027 5034; baseline -0.001 -18"><span class='ocrx_word' id='word_1_725' title='bbox 463 4982 569 5025; x_wconf 90' lang='grc' dir='ltr'>νον,</span> <span class='ocrx_word' id='word_1_726' title='bbox 600 4965 1042 5034; x_wconf 81' lang='grc' dir='ltr'>αίσχυνθήσεται,</span> <span class='ocrx_word' id='word_1_727' title='bbox 1072 4965 1163 5016; x_wconf 70' lang='grc' dir='ltr'><strong>καὶ</strong></span> <span class='ocrx_word' id='word_1_728' title='bbox 1194 4965 1292 5017; x_wconf 82' lang='grc' dir='ltr'><strong>οὐκ</strong></span> <span class='ocrx_word' id='word_1_729' title='bbox 1321 4964 1635 5034; x_wconf 73' lang='grc' dir='ltr'>ἀποπέμψει</span> <span class='ocrx_word' id='word_1_730' title='bbox 1663 4963 1850 5015; x_wconf 80' lang='grc' dir='ltr'>τοῦτον</span> <span class='ocrx_word' id='word_1_731' title='bbox 1874 4964 2027 5015; x_wconf 83' lang='grc' dir='ltr'>κενὸν</span> 
     </span>
    </p>
   </div>
   <div class='ocr_carea' id='block_1_96' title="bbox 465 5055 2027 5125">
    <p class='ocr_par' dir='ltr' id='par_1_96' title="bbox 465 5055 2027 5125">
     <span class='ocr_line' id='line_1_96' title="bbox 465 5055 2027 5125; baseline -0.001 -19"><span class='ocrx_word' id='word_1_732' title='bbox 465 5056 690 5108; x_wconf 77' lang='grc' dir='ltr'>ἐλπίδων</span> <span class='ocrx_word' id='word_1_733' title='bbox 719 5072 732 5085; x_wconf 89' lang='grc'><em>’</em></span> <span class='ocrx_word' id='word_1_734' title='bbox 785 5056 907 5109; x_wconf 79' lang='grc' dir='ltr'>ὅθεν</span> <span class='ocrx_word' id='word_1_735' title='bbox 938 5059 985 5109; x_wconf 85' lang='grc' dir='ltr'>οἱ</span> <span class='ocrx_word' id='word_1_736' title='bbox 1018 5057 1217 5118; x_wconf 87' lang='grc' dir='ltr'>πάντες</span> <span class='ocrx_word' id='word_1_737' title='bbox 1264 5057 1448 5125; x_wconf 72' lang='grc' dir='ltr'>σχεδὸν</span> <span class='ocrx_word' id='word_1_738' title='bbox 1484 5057 1841 5124; x_wconf 65' lang='grc' dir='ltr'>σωθήσονται,</span> <span class='ocrx_word' id='word_1_739' title='bbox 1884 5055 2027 5120; x_wconf 85' lang='grc' dir='ltr'>λέγω</span> 
     </span>
    </p>
   </div>
   <div class='ocr_carea' id='block_1_97' title="bbox 465 5143 2027 5214">
    <p class='ocr_par' dir='ltr' id='par_1_97' title="bbox 465 5143 2027 5214">
     <span class='ocr_line' id='line_1_97' title="bbox 465 5143 2027 5214; baseline -0.001 -18"><span class='ocrx_word' id='word_1_740' title='bbox 465 5146 527 5213; x_wconf 81' lang='grc' dir='ltr'>δὴ</span> <span class='ocrx_word' id='word_1_741' title='bbox 556 5148 678 5206; x_wconf 54' lang='grc' dir='ltr'>τσὺς</span> <span class='ocrx_word' id='word_1_742' title='bbox 715 5147 1031 5214; x_wconf 69' lang='grc' dir='ltr'>ἡμετέρους.</span> <span class='ocrx_word' id='word_1_743' title='bbox 1077 5146 1134 5197; x_wconf 87' lang='grc' dir='ltr'>Ὀ</span> <span class='ocrx_word' id='word_1_744' title='bbox 1170 5146 1226 5197; x_wconf 83' lang='grc' dir='ltr'>δὲ</span> <span class='ocrx_word' id='word_1_745' title='bbox 1274 5146 1338 5213; x_wconf 76' lang='grc' dir='ltr'>δὴ</span> <span class='ocrx_word' id='word_1_746' title='bbox 1380 5147 1579 5213; x_wconf 79' lang='grc' dir='ltr'>τρόπος</span> <span class='ocrx_word' id='word_1_747' title='bbox 1610 5147 1707 5213; x_wconf 79' lang='grc' dir='ltr'>τῆς</span> <span class='ocrx_word' id='word_1_748' title='bbox 1753 5143 2027 5211; x_wconf 72' lang='grc' dir='ltr'>σωτηρίας</span> 
     </span>
    </p>
   </div>
   <div class='ocr_carea' id='block_1_98' title="bbox 468 5236 2032 5305">
    <p class='ocr_par' dir='ltr' id='par_1_98' title="bbox 468 5236 2032 5305">
     <span class='ocr_line' id='line_1_98' title="bbox 468 5236 2032 5305; baseline -0.001 -19"><span class='ocrx_word' id='word_1_749' title='bbox 468 5236 561 5286; x_wconf 74' lang='grc' dir='ltr'><strong>καὶ</strong></span> <span class='ocrx_word' id='word_1_750' title='bbox 589 5236 614 5286; x_wconf 89' lang='grc' dir='ltr'><strong>ό</strong></span> <span class='ocrx_word' id='word_1_751' title='bbox 646 5237 969 5303; x_wconf 80' lang='grc' dir='ltr'>παράδεισος</span> <span class='ocrx_word' id='word_1_752' title='bbox 1000 5237 1171 5299; x_wconf 77' lang='grc' dir='ltr'>οὕτως</span> <span class='ocrx_word' id='word_1_753' title='bbox 1201 5239 1335 5305; x_wconf 70' lang='grc' dir='ltr'>ἔχει.</span> <span class='ocrx_word' id='word_1_754' title='bbox 1361 5238 1579 5304; x_wconf 81' lang='grc' dir='ltr'>Τάφρος</span> <span class='ocrx_word' id='word_1_755' title='bbox 1609 5237 1769 5287; x_wconf 65' lang='grc' dir='ltr'>αὐτὸν</span> <span class='ocrx_word' id='word_1_756' title='bbox 1793 5236 1884 5287; x_wconf 77' lang='grc' dir='ltr'><strong>τὸν</strong></span> <span class='ocrx_word' id='word_1_757' title='bbox 1926 5248 2032 5285; x_wconf 86' lang='grc' dir='ltr'>πα-</span> 
     </span>
    </p>
   </div>
   <div class='ocr_carea' id='block_1_99' title="bbox 470 5327 2031 5398">
    <p class='ocr_par' dir='ltr' id='par_1_99' title="bbox 470 5327 2031 5398">
     <span class='ocr_line' id='line_1_99' title="bbox 470 5327 2031 5398; baseline -0.001 -19"><span class='ocrx_word' id='word_1_758' title='bbox 470 5328 715 5395; x_wconf 84' lang='grc' dir='ltr'>ράδεισον</span> <span class='ocrx_word' id='word_1_759' title='bbox 755 5329 1163 5397; x_wconf 82' lang='grc' dir='ltr'>περικυκλοῦσα</span> <span class='ocrx_word' id='word_1_760' title='bbox 1197 5330 1409 5398; x_wconf 82' lang='grc' dir='ltr'>βαθεῖα,</span> <span class='ocrx_word' id='word_1_761' title='bbox 1440 5328 1562 5397; x_wconf 79' lang='grc' dir='ltr'>ἣτις</span> <span class='ocrx_word' id='word_1_762' title='bbox 1624 5345 1685 5394; x_wconf 92' lang='grc' dir='ltr'><strong>γε</strong></span> <span class='ocrx_word' id='word_1_763' title='bbox 1726 5327 2031 5393; x_wconf 79' lang='grc' dir='ltr'>αὐτόματος</span> 
     </span>
    </p>
   </div>
   <div class='ocr_carea' id='block_1_100' title="bbox 466 5416 2029 5486">
    <p class='ocr_par' dir='ltr' id='par_1_100' title="bbox 466 5416 2029 5486">
     <span class='ocr_line' id='line_1_100' title="bbox 466 5416 2029 5486; baseline -0.001 -18"><span class='ocrx_word' id='word_1_764' title='bbox 466 5420 693 5485; x_wconf 87' lang='grc' dir='ltr'>γέγονε,</span> <span class='ocrx_word' id='word_1_765' title='bbox 758 5421 871 5482; x_wconf 84' lang='grc' dir='ltr'>τοῖς</span> <span class='ocrx_word' id='word_1_766' title='bbox 930 5422 1063 5474; x_wconf 83' lang='grc' dir='ltr'>πᾶσι</span> <span class='ocrx_word' id='word_1_767' title='bbox 1114 5419 1302 5472; x_wconf 85' lang='grc' dir='ltr'>τοῦτον</span> <span class='ocrx_word' id='word_1_768' title='bbox 1354 5419 1553 5472; x_wconf 69' lang='grc' dir='ltr'>ἄϐατον</span> <span class='ocrx_word' id='word_1_769' title='bbox 1611 5416 2029 5486; x_wconf 75' lang='grc' dir='ltr'>ἀπεργάζεται·</span> 
     </span>
    </p>
   </div>
   <div class='ocr_carea' id='block_1_101' title="bbox 468 5506 2033 5580">
    <p class='ocr_par' dir='ltr' id='par_1_101' title="bbox 468 5506 2033 5580">
     <span class='ocr_line' id='line_1_101' title="bbox 468 5506 2033 5580; baseline -0.001 -21"><span class='ocrx_word' id='word_1_770' title='bbox 468 5509 562 5560; x_wconf 78' lang='grc' dir='ltr'>καὶ</span> <span class='ocrx_word' id='word_1_771' title='bbox 608 5509 714 5577; x_wconf 84' lang='grc' dir='ltr'><strong>γάρ</strong></span> <span class='ocrx_word' id='word_1_772' title='bbox 763 5527 843 5563; x_wconf 90' lang='grc' dir='ltr'><strong>τοι</strong></span> <span class='ocrx_word' id='word_1_773' title='bbox 895 5510 1087 5579; x_wconf 77' lang='grc' dir='ltr'>πίττης</span> <span class='ocrx_word' id='word_1_774' title='bbox 1138 5512 1351 5580; x_wconf 82' lang='grc' dir='ltr'>πλήρης</span> <span class='ocrx_word' id='word_1_775' title='bbox 1402 5509 1578 5573; x_wconf 72' lang='grc' dir='ltr'>ἐστὶν,</span> <span class='ocrx_word' id='word_1_776' title='bbox 1625 5510 1743 5576; x_wconf 69' lang='grc' dir='ltr'>ἥτις</span> <span class='ocrx_word' id='word_1_777' title='bbox 1792 5508 1854 5575; x_wconf 83' lang='grc' dir='ltr'><strong>δὴ</strong></span> <span class='ocrx_word' id='word_1_778' title='bbox 1900 5506 2033 5573; x_wconf 67' lang='grc' dir='ltr'>πυρὶ</span> 
     </span>
    </p>
   </div>
   <div class='ocr_carea' id='block_1_102' title="bbox 466 5599 2030 5672">
    <p class='ocr_par' dir='ltr' id='par_1_102' title="bbox 466 5599 2030 5672">
     <span class='ocr_line' id='line_1_102' title="bbox 466 5599 2030 5672; baseline -0.001 -21"><span class='ocrx_word' id='word_1_779' title='bbox 466 5599 712 5670; x_wconf 73' lang='grc' dir='ltr'>ἀσϐέστῳ</span> <span class='ocrx_word' id='word_1_780' title='bbox 751 5601 1134 5672; x_wconf 77' lang='grc' dir='ltr'>ὲκπυρουμένη</span> <span class='ocrx_word' id='word_1_781' title='bbox 1164 5602 1254 5656; x_wconf 80' lang='grc' dir='ltr'><strong>τὸν</strong></span> <span class='ocrx_word' id='word_1_782' title='bbox 1298 5602 1473 5655; x_wconf 69' lang='grc' dir='ltr'>πάντα</span> <span class='ocrx_word' id='word_1_783' title='bbox 1505 5600 1693 5671; x_wconf 77' lang='grc' dir='ltr'>χρόνον</span> <span class='ocrx_word' id='word_1_784' title='bbox 1732 5600 1934 5669; x_wconf 66' lang='grc' dir='ltr'>σφόδρα</span> <span class='ocrx_word' id='word_1_785' title='bbox 1972 5614 2030 5650; x_wconf 90' lang='grc' dir='ltr'><strong>τε</strong></span> 
     </span>
    </p>
   </div>
   <div class='ocr_carea' id='block_1_103' title="bbox 541 5780 1059 5857">
    <p class='ocr_par' dir='ltr' id='par_1_103' title="bbox 541 5780 1059 5857">
     <span class='ocr_line' id='line_1_103' title="bbox 541 5780 1059 5857; baseline 0.012 -22"><span class='ocrx_word' id='word_1_786' title='bbox 541 5781 616 5851; x_wconf 85' lang='lat' dir='ltr'><strong>(l)</strong></span> <span class='ocrx_word' id='word_1_787' title='bbox 642 5782 777 5838; x_wconf 88' lang='lat' dir='ltr'><strong>Cod.</strong></span> <span class='ocrx_word' id='word_1_788' title='bbox 808 5782 975 5843; x_wconf 82' lang='lat' dir='ltr'><strong>Coisl.</strong></span> 
     </span>
    </p>
   </div>
   <div class='ocr_carea' id='block_1_104' title="bbox 2132 4691 3696 4762">
    <p class='ocr_par' dir='ltr' id='par_1_104' title="bbox 2132 4691 3696 4762">
     <span class='ocr_line' id='line_1_104' title="bbox 2132 4691 3696 4762; baseline 0 -16"><span class='ocrx_word' id='word_1_789' title='bbox 2132 4693 2364 4747; x_wconf 83' lang='lat' dir='ltr'><strong>viventis</strong></span> <span class='ocrx_word' id='word_1_790' title='bbox 2394 4691 2510 4757; x_wconf 87' lang='lat' dir='ltr'><strong>Dei,</strong></span> <span class='ocrx_word' id='word_1_791' title='bbox 2543 4701 2701 4746; x_wconf 87' lang='lat' dir='ltr'><strong>natus</strong></span> <span class='ocrx_word' id='word_1_792' title='bbox 2743 4708 2807 4747; x_wconf 86' lang='lat' dir='ltr'><strong>ex</strong></span> <span class='ocrx_word' id='word_1_793' title='bbox 2857 4692 3096 4761; x_wconf 72' lang='lat' dir='ltr'><strong>Virgine,</strong></span> <span class='ocrx_word' id='word_1_794' title='bbox 3132 4709 3293 4761; x_wconf 90' lang='lat' dir='ltr'><strong>quam</strong></span> <span class='ocrx_word' id='word_1_795' title='bbox 3324 4704 3443 4762; x_wconf 86' lang='lat' dir='ltr'><strong>post</strong></span> <span class='ocrx_word' id='word_1_796' title='bbox 3482 4705 3696 4762; x_wconf 84' lang='lat' dir='ltr'><strong>partum</strong></span> 
     </span>
    </p>
   </div>
   <div class='ocr_carea' id='block_1_105' title="bbox 2134 4785 3696 4851">
    <p class='ocr_par' dir='ltr' id='par_1_105' title="bbox 2134 4785 3696 4851">
     <span class='ocr_line' id='line_1_105' title="bbox 2134 4785 3696 4851; baseline 0 -12"><span class='ocrx_word' id='word_1_797' title='bbox 2134 4785 2319 4849; x_wconf 78' lang='lat' dir='ltr'><strong>etiam,</strong></span> <span class='ocrx_word' id='word_1_798' title='bbox 2355 4794 2414 4839; x_wconf 86' lang='lat' dir='ltr'><strong>ut</strong></span> <span class='ocrx_word' id='word_1_799' title='bbox 2451 4794 2566 4839; x_wconf 87' lang='lat' dir='ltr'><strong>erat</strong></span> <span class='ocrx_word' id='word_1_800' title='bbox 2601 4795 2749 4848; x_wconf 85' lang='lat' dir='ltr'><strong>ante,</strong></span> <span class='ocrx_word' id='word_1_801' title='bbox 2811 4788 3190 4841; x_wconf 86' lang='lat' dir='ltr'><strong>conservavit:</strong></span> <span class='ocrx_word' id='word_1_802' title='bbox 3249 4789 3341 4841; x_wconf 90' lang='lat' dir='ltr'><strong>sed</strong></span> <span class='ocrx_word' id='word_1_803' title='bbox 3372 4787 3696 4851; x_wconf 76' lang='lat' dir='ltr'><strong>Moamethi,</strong></span> 
     </span>
    </p>
   </div>
   <div class='ocr_carea' id='block_1_106' title="bbox 2135 4877 3701 4948">
    <p class='ocr_par' dir='ltr' id='par_1_106' title="bbox 2135 4877 3701 4948">
     <span class='ocr_line' id='line_1_106' title="bbox 2135 4877 3701 4948; baseline 0.002 -18"><span class='ocrx_word' id='word_1_804' title='bbox 2135 4892 2294 4945; x_wconf 89' lang='lat' dir='ltr'><strong>quem</strong></span> <span class='ocrx_word' id='word_1_805' title='bbox 2322 4877 2522 4931; x_wconf 81' lang='lat' dir='ltr'><strong>eximie</strong></span> <span class='ocrx_word' id='word_1_806' title='bbox 2546 4878 2740 4946; x_wconf 73' lang='lat' dir='ltr'><strong>diligit,</strong></span> <span class='ocrx_word' id='word_1_807' title='bbox 2772 4894 2869 4946; x_wconf 89' lang='lat' dir='ltr'><strong>pro</strong></span> <span class='ocrx_word' id='word_1_808' title='bbox 2902 4878 3069 4946; x_wconf 85' lang='lat' dir='ltr'><strong>lapsis</strong></span> <span class='ocrx_word' id='word_1_809' title='bbox 3098 4879 3482 4933; x_wconf 84' lang='lat' dir='ltr'><strong>intercedentis</strong></span> <span class='ocrx_word' id='word_1_810' title='bbox 3511 4883 3701 4948; x_wconf 86' lang='lat' dir='ltr'><strong>depre-</strong></span> 
     </span>
    </p>
   </div>
   <div class='ocr_carea' id='block_1_107' title="bbox 2138 4969 3701 5038">
    <p class='ocr_par' dir='ltr' id='par_1_107' title="bbox 2138 4969 3701 5038">
     <span class='ocr_line' id='line_1_107' title="bbox 2138 4969 3701 5038; baseline 0.002 -17"><span class='ocrx_word' id='word_1_811' title='bbox 2138 4969 2422 5037; x_wconf 83' lang='lat' dir='ltr'><strong>cantisqne</strong></span> <span class='ocrx_word' id='word_1_812' title='bbox 2477 4969 2741 5023; x_wconf 89' lang='lat' dir='ltr'><strong>rationem</strong></span> <span class='ocrx_word' id='word_1_813' title='bbox 2789 4969 3028 5034; x_wconf 79' lang='lat' dir='ltr'><strong>habebit,</strong></span> <span class='ocrx_word' id='word_1_814' title='bbox 3092 4984 3263 5037; x_wconf 91' lang='lat' dir='ltr'><strong>neque</strong></span> <span class='ocrx_word' id='word_1_815' title='bbox 3303 4986 3423 5025; x_wconf 83' lang='lat' dir='ltr'><strong>eum</strong></span> <span class='ocrx_word' id='word_1_816' title='bbox 3476 4987 3572 5025; x_wconf 85' lang='lat' dir='ltr'><strong>sua</strong></span> <span class='ocrx_word' id='word_1_817' title='bbox 3604 4985 3701 5038; x_wconf 87' lang='lat' dir='ltr'><strong>spe</strong></span> 
     </span>
    </p>
   </div>
   <div class='ocr_carea' id='block_1_108' title="bbox 2134 5060 3701 5123">
    <p class='ocr_par' dir='ltr' id='par_1_108' title="bbox 2134 5060 3701 5123">
     <span class='ocr_line' id='line_1_108' title="bbox 2134 5060 3701 5123; baseline 0 -12"><span class='ocrx_word' id='word_1_818' title='bbox 2134 5060 2449 5114; x_wconf 81' lang='lat' dir='ltr'><strong>frustratum</strong></span> <span class='ocrx_word' id='word_1_819' title='bbox 2478 5061 2710 5113; x_wconf 86' lang='lat' dir='ltr'><strong>dimittet</strong></span> <span class='ocrx_word' id='word_1_820' title='bbox 2738 5076 2756 5123; x_wconf 84' lang='lat'><strong><em>;</em></strong></span> <span class='ocrx_word' id='word_1_821' title='bbox 2780 5062 2918 5115; x_wconf 89' lang='lat' dir='ltr'><strong>unde</strong></span> <span class='ocrx_word' id='word_1_822' title='bbox 2935 5070 3131 5116; x_wconf 85' lang='lat' dir='ltr'><strong>omnes</strong></span> <span class='ocrx_word' id='word_1_823' title='bbox 3158 5063 3289 5123; x_wconf 87' lang='lat' dir='ltr'><strong>fere,</strong></span> <span class='ocrx_word' id='word_1_824' title='bbox 3318 5074 3532 5117; x_wconf 89' lang='lat' dir='ltr'><strong>nostros</strong></span> <span class='ocrx_word' id='word_1_825' title='bbox 3553 5063 3701 5121; x_wconf 87' lang='lat' dir='ltr'><strong>dico,</strong></span> 
     </span>
    </p>
   </div>
   <div class='ocr_carea' id='block_1_109' title="bbox 2132 5151 3701 5225">
    <p class='ocr_par' dir='ltr' id='par_1_109' title="bbox 2132 5151 3701 5225">
     <span class='ocr_line' id='line_1_109' title="bbox 2132 5151 3701 5225; baseline -0.002 -20"><span class='ocrx_word' id='word_1_826' title='bbox 2132 5153 2516 5205; x_wconf 81' lang='lat' dir='ltr'><strong>servabuntur.</strong></span> <span class='ocrx_word' id='word_1_827' title='bbox 2552 5151 2753 5225; x_wconf 82' lang='lat' dir='ltr'><strong>Salutis</strong></span> <span class='ocrx_word' id='word_1_828' title='bbox 2786 5164 2965 5207; x_wconf 83' lang='lat' dir='ltr'><strong>autem</strong></span> <span class='ocrx_word' id='word_1_829' title='bbox 3003 5156 3142 5208; x_wconf 89' lang='lat' dir='ltr'><strong>ratio</strong></span> <span class='ocrx_word' id='word_1_830' title='bbox 3172 5164 3228 5209; x_wconf 85' lang='lat' dir='ltr'><strong>ct</strong></span> <span class='ocrx_word' id='word_1_831' title='bbox 3256 5158 3545 5223; x_wconf 82' lang='lat' dir='ltr'><strong>paradisus</strong></span> <span class='ocrx_word' id='word_1_832' title='bbox 3572 5162 3701 5205; x_wconf 88' lang='lat' dir='ltr'><strong>sunt</strong></span> 
     </span>
    </p>
   </div>
   <div class='ocr_carea' id='block_1_110' title="bbox 2135 5241 3701 5313">
    <p class='ocr_par' dir='ltr' id='par_1_110' title="bbox 2135 5241 3701 5313">
     <span class='ocr_line' id='line_1_110' title="bbox 2135 5241 3701 5313; baseline -0.001 -19"><span class='ocrx_word' id='word_1_833' title='bbox 2135 5241 2469 5310; x_wconf 82' lang='lat' dir='ltr'><strong>hujusmodi.</strong></span> <span class='ocrx_word' id='word_1_834' title='bbox 2512 5243 2825 5298; x_wconf 79' lang='lat' dir='ltr'><strong>Paratlisum</strong></span> <span class='ocrx_word' id='word_1_835' title='bbox 2879 5245 3025 5299; x_wconf 81' lang='lat' dir='ltr'><strong>fossa</strong></span> <span class='ocrx_word' id='word_1_836' title='bbox 3072 5246 3374 5299; x_wconf 84' lang='lat' dir='ltr'><strong>circumdat</strong></span> <span class='ocrx_word' id='word_1_837' title='bbox 3408 5242 3701 5313; x_wconf 86' lang='lat' dir='ltr'><strong>profunda,</strong></span> 
     </span>
    </p>
   </div>
   <div class='ocr_carea' id='block_1_111' title="bbox 2138 5324 3695 5396">
    <p class='ocr_par' dir='ltr' id='par_1_111' title="bbox 2138 5324 3695 5396">
     <span class='ocr_line' id='line_1_111' title="bbox 2138 5324 3695 5396; baseline 0 -15"><span class='ocrx_word' id='word_1_838' title='bbox 2138 5330 2339 5393; x_wconf 86' lang='lat' dir='ltr'><strong>nativa,</strong></span> <span class='ocrx_word' id='word_1_839' title='bbox 2374 5329 2522 5383; x_wconf 88' lang='lat' dir='ltr'><strong>aditu</strong></span> <span class='ocrx_word' id='word_1_840' title='bbox 2546 5346 2735 5385; x_wconf 87' lang='lat' dir='ltr'><strong>omnes</strong></span> <span class='ocrx_word' id='word_1_841' title='bbox 2760 5346 2953 5384; x_wconf 90' lang='lat' dir='ltr'><strong>arcens</strong></span> <span class='ocrx_word' id='word_1_842' title='bbox 2988 5350 3001 5385; x_wconf 91' lang='lat'><strong>:</strong></span> <span class='ocrx_word' id='word_1_843' title='bbox 3038 5347 3098 5385; x_wconf 89' lang='lat' dir='ltr'><strong>ea</strong></span> <span class='ocrx_word' id='word_1_844' title='bbox 3141 5330 3285 5383; x_wconf 83' lang='lat' dir='ltr'><strong>fossa</strong></span> <span class='ocrx_word' id='word_1_845' title='bbox 3342 5332 3459 5396; x_wconf 86' lang='lat' dir='ltr'><strong>pice</strong></span> <span class='ocrx_word' id='word_1_846' title='bbox 3492 5324 3695 5391; x_wconf 72' lang='lat' dir='ltr'><strong>repleta</strong></span> 
     </span>
    </p>
   </div>
   <div class='ocr_carea' id='block_1_112' title="bbox 2139 5419 3695 5490">
    <p class='ocr_par' dir='ltr' id='par_1_112' title="bbox 2139 5419 3695 5490">
     <span class='ocr_line' id='line_1_112' title="bbox 2139 5419 3695 5490; baseline -0.002 -18"><span class='ocrx_word' id='word_1_847' title='bbox 2139 5429 2244 5483; x_wconf 88' lang='lat' dir='ltr'><strong>est,</strong></span> <span class='ocrx_word' id='word_1_848' title='bbox 2273 5435 2392 5487; x_wconf 72' lang='lat' dir='ltr'><strong>qua:</strong></span> <span class='ocrx_word' id='word_1_849' title='bbox 2424 5421 2849 5490; x_wconf 76' lang='lat' dir='ltr'><strong>inexstinguibili</strong></span> <span class='ocrx_word' id='word_1_850' title='bbox 2900 5420 3133 5489; x_wconf 78' lang='lat' dir='ltr'><strong>ﬂagrans</strong></span> <span class='ocrx_word' id='word_1_851' title='bbox 3190 5419 3403 5470; x_wconf 83' lang='lat' dir='ltr'><strong>ﬂamma</strong></span> <span class='ocrx_word' id='word_1_852' title='bbox 3436 5424 3695 5482; x_wconf 82' lang='lat' dir='ltr'><strong>perpetuo</strong></span> 
     </span>
    </p>
   </div>
   <div class='ocr_carea' id='block_1_113' title="bbox 2102 5502 3697 5579">
    <p class='ocr_par' dir='ltr' id='par_1_113' title="bbox 2102 5502 3697 5579">
     <span class='ocr_line' id='line_1_113' title="bbox 2102 5502 3697 5579; baseline -0.005 -18"><span class='ocrx_word' id='word_1_853' title='bbox 2102 5522 2105 5523; x_wconf 72' lang='lat'><strong><em>&#39;</em></strong></span> <span class='ocrx_word' id='word_1_854' title='bbox 2139 5509 2317 5571; x_wconf 87' lang='lat' dir='ltr'><strong>bttllit,</strong></span> <span class='ocrx_word' id='word_1_855' title='bbox 2351 5511 2612 5578; x_wconf 78' lang='lat' dir='ltr'><strong>omnique</strong></span> <span class='ocrx_word' id='word_1_856' title='bbox 2648 5522 2889 5579; x_wconf 87' lang='lat' dir='ltr'><strong>tempore</strong></span> <span class='ocrx_word' id='word_1_857' title='bbox 2916 5508 3246 5563; x_wconf 83' lang='lat' dir='ltr'><strong>circumﬂuit</strong></span> <span class='ocrx_word' id='word_1_858' title='bbox 3302 5507 3354 5555; x_wconf 93' lang='lat' dir='ltr'><strong>in</strong></span> <span class='ocrx_word' id='word_1_859' title='bbox 3414 5506 3582 5561; x_wconf 84' lang='lat' dir='ltr'><strong>fossa,</strong></span> <span class='ocrx_word' id='word_1_860' title='bbox 3610 5502 3697 5553; x_wconf 76' lang='lat' dir='ltr'><strong>in-</strong></span> 
     </span>
    </p>
   </div>
   <div class='ocr_carea' id='block_1_114' title="bbox 2137 5591 3704 5668">
    <p class='ocr_par' dir='ltr' id='par_1_114' title="bbox 2137 5591 3704 5668">
     <span class='ocr_line' id='line_1_114' title="bbox 2137 5591 3704 5668; baseline -0.003 -17"><span class='ocrx_word' id='word_1_861' title='bbox 2137 5599 2473 5668; x_wconf 87' lang='lat' dir='ltr'><strong>fandumque</strong></span> <span class='ocrx_word' id='word_1_862' title='bbox 2501 5602 2719 5655; x_wconf 81' lang='lat' dir='ltr'><strong>exhibet</strong></span> <span class='ocrx_word' id='word_1_863' title='bbox 2755 5602 2983 5656; x_wconf 86' lang='lat' dir='ltr'><strong>auribus</strong></span> <span class='ocrx_word' id='word_1_864' title='bbox 3038 5600 3329 5661; x_wconf 77' lang='lat' dir='ltr'><strong>fragorem,</strong></span> <span class='ocrx_word' id='word_1_865' title='bbox 3356 5602 3412 5646; x_wconf 89' lang='lat' dir='ltr'><strong>et</strong></span> <span class='ocrx_word' id='word_1_866' title='bbox 3438 5591 3704 5646; x_wconf 78' lang='lat' dir='ltr'><strong>horribile</strong></span> 
     </span>
    </p>
   </div>
   <div class='ocr_carea' id='block_1_115' title="bbox 2218 5782 2876 5853">
    <p class='ocr_par' dir='ltr' id='par_1_115' title="bbox 2218 5782 2876 5853">
     <span class='ocr_line' id='line_1_115' title="bbox 2218 5782 2876 5853; baseline 0.002 -18"><span class='ocrx_word' id='word_1_867' title='bbox 2218 5784 2292 5853; x_wconf 67' lang='lat'><strong>(9.)</strong></span> <span class='ocrx_word' id='word_1_868' title='bbox 2327 5782 2509 5848; x_wconf 83' lang='lat' dir='ltr'><strong>Forte,</strong></span> <span class='ocrx_word' id='word_1_869' title='bbox 2544 5784 2876 5851; x_wconf 68' lang='grc' dir='ltr'>εἰδοποιήσῃ.</span> 
     </span>
    </p>
   </div>
  </div>
