4144 6282
449 291 551 356 159

1645 292 2038 356 MANUELIS
2092 290 2541 354 PALJEOLOGI

3569 292 3670 357 1’1)

443 400 716 469 quoddam
748 404 1117 473 spectaculum
1148 404 1344 460 oculis.
1404 405 1499 460 Est
1551 421 1719 476 porro
1756 406 2001 476 paradisi

2118 400 2209 468 ξεῖ,
2238 405 2331 456 κα)⁸
2365 404 2623 474 περιρῤεῖ
2649 401 2708 457 ὲν
2735 403 2798 473 τῇ
2833 403 3025 471 τάφρῳ
3054 402 3341 472 διηνεκῶς,
3367 404 3461 456 καὶ
3478 403 3675 458 δοῦπον

444 501 767 560 ροτιιι,ιιιιιι,
794 510 929 562 pons
962 511 1103 550 unus
1131 515 1145 549 :
1189 497 1233 550 is
1274 488 1427 566 ιροιίἒ
1458 498 1673 565 gladius
1700 507 1783 553 est
1807 499 2007 552 mirum

441 593 706 650 quantum
736 594 948 648 acutus,
973 603 1138 656 super
1169 604 1336 655 .quem
1368 588 1531 644 nudis
1563 589 1792 657 pedibus
1832 597 2013 641 trans-

444 675 525 728 ire
578 686 814 744 oportet,
866 688 923 732 ut
950 680 1072 747 quis
1122 682 1357 747 paradisi
1408 684 1500 735 ﬁat
1550 681 1998 751 particeps:alio

453 764 613 817 modo
653 782 717 819 eo
771 771 1054 836 pervenire
1085 786 1189 824 non
1258 773 1404 828 licet.
1456 773 1879 839 Quibuscunque
1911 772 2013 841 igi-

447 862 534 905 tur
564 855 678 908 leve
703 871 899 925 corpus
933 860 1055 923 erit,
1088 872 1141 914 et
1184 862 1468 930 aligerum,
1505 872 1562 916 ut
1592 862 1664 917 ita
1696 864 1894 925 dicam,
1933 861 1988 914 hi

445 944 590 1000 nulla
625 963 680 1001 re
711 948 821 1003 laesi
852 952 1181 1016 transibunt,
1213 954 1277 1007 ad
1310 954 1707 1021 beatorumque
1735 955 2008 1022 regionem

443 1031 763 1106 pervenient
794 1060 806 1094 :
835 1043 1151 1112 quicunque
1201 1054 1381 1100 autem
1423 1057 1768 1116 peccatorum
1795 1046 2005 1116 pondus

443 1142 626 1181 secum
656 1129 1049 1186 circumferunt
1074 1136 1222 1201 (sunt
1257 1144 1439 1189 autem
1466 1137 1498 1188 ii
1529 1151 1756 1190 numero
1783 1136 2007 1207 plures),

444 1218 559 1271 acie
596 1219 646 1270 hi
679 1220 791 1274 laesi
827 1222 1079 1277 deorsum
1114 1227 1616 1294 prmcipitabuntur.
1657 1228 1761 1281 Sed
1803 1244 1899 1294 pro
1932 1230 1997 1283 iis

444 1315 644 1372 tamen,
672 1311 882 1373 utdixi,
917 1312 1174 1381 propheta
1222 1322 1405 1368 noster
1434 1324 1704 1369 amantem
1733 1319 1814 1371 sui
1847 1317 2000 1385 judi-

446 1412 560 1449 cem
588 1399 991 1466 deprecabitur.
1014 1402 1388 1475 obtinebltque
1413 1422 1534 1476 qua!
1566 1406 1709 1463 volet
1739 1425 1754 1462 :
1784 1407 1842 1464 id
1874 1424 2010 1478 quo-

444 1489 605 1544 modo
633 1491 882 1561 ﬁet,‘jam
918 1508 1065 1549 nunc
1097 1494 1297 1551 dicam.

511 1673 564 1729 9.
598 1675 891 1744 Postquam
941 1685 1110 1732 totum
1141 1678 1448 1734 conlectum
1480 1680 1642 1735 fuerit
1675 1680 1867 1748 judicii
1903 1695 2001 1734 ne-

444 1766 671 1835 gotium,
711 1766 874 1822 Jesus
906 1767 1237 1834 Moametbo,
1258 1786 1418 1839 quem
1445 1772 1791 1842 singulariter
1815 1771 2008 1841 diligit,

443 1856 585 1912 hanc
615 1858 887 1927 optionem
919 1861 1072 1914 dabit
1109 1879 1122 1915 :
1162 1869 1344 1916 utrum
1382 1864 1535 1919 malit
1563 1879 1656 1918 eos
1698 1864 1792 1933 qui
1820 1865 2006 1917 eadem

446 1948 550 2002 ﬁde
586 1949 811 2011 fuerint,
844 1949 1059 2005 etiamsi
1098 1966 1164 2006 ex
1192 1954 1301 2006 alio
1322 1969 1539 2022 genere,
1561 1955 1883 2024 diversaque
1919 1969 2016 2009 su-

445 2039 771 2105 perstitione
805 2040 871 2092 ad
924 2056 1025 2095 nos
1078 2044 1434 2111 accesserint,
1494 2060 1559 2098 ex
1618 2043 1765 2100 fossa
1796 2046 2012 2115 eripere

448 2126 801 2196 frucmlisque
833 2131 1072 2197 paradisi
1114 2132 1325 2186 deliciis
1380 2134 1587 2187 donare
1622 2151 1637 2186 :
1675 2150 1747 2189 an
1793 2150 1889 2189 eos
1916 2135 2009 2205 qui

430 2214 643 2289 genere
675 2222 850 2287 ipsum
887 2222 1173 2289 attingant,
1210 2216 1462 2289 quamvis
1509 2239 1615 2276 non
1644 2224 1888 2292 ejusdem
1924 2241 2011 2280 re-

448 2310 667 2376 ligionis
692 2310 933 2365 cultores
964 2326 1086 2365 esse
1143 2312 1640 2381 deprehendantur.
1694 2316 1831 2369 Tum
1864 2315 2011 2369 Moa-

445 2399 661 2452 methus
695 2399 992 2466 discipulos
1018 2401 1198 2469 potius
1240 2402 1404 2473 eliget
1432 2419 1592 2472 quam
1623 2406 1960 2473 propinquos
1991 2422 2005 2459 :

443 2488 757 2559 Christique
797 2491 1126 2545 auctoritate
1160 2492 1333 2546 fretus
1359 2493 1425 2547 ad
1459 2492 1662 2548 fossam
1691 2495 1803 2547 cito
1845 2497 2011 2549 devo-

410 2578 419 2593 '”
449 2582 606 2644 labit,
639 2592 689 2635 et
721 2592 873 2636 stans
906 2582 959 2635 in
1020 2583 1303 2652 crepidine
1362 2584 1622 2638 inclinato
1652 2583 1827 2652 capite
1854 2600 2009 2640 suam

446 2673 562 2747 ipse
593 2686 804 2725 comam
840 2670 1098 2738 prehendi
1129 2672 1294 2738 sinet,
1323 2682 1377 2726 et
1405 2688 1511 2727 uno
1540 2688 1761 2744 quoque
1786 2674 2013 2744 capillo-

445 2778 567 2817 rum
594 2764 726 2833 (nun
755 2762 943 2816 dubito
967 2762 1099 2831 quin
1133 2763 1334 2818 mirere
1355 2764 1499 2831 quod
1526 2764 1739 2834 audies)
1776 2764 2011 2819 incredi-

448 2855 608 2908 bilem
636 2854 1032 2921 discipulorum
1058 2868 1371 2919 numerum,
1392 2855 1483 2923 qui
1501 2853 1802 2908 facinorum
1824 2869 2011 2923 poenas

446 2948 709 3017 pendunt,
737 2962 765 3001 e
792 2945 932 2999 fossa
963 2946 1136 2999 tollet.
1165 2948 1340 3015 Atque
1367 2948 1439 3000 ita
1468 2948 1545 3012 ﬁt,
1564 2947 1783 3014 hospes,
1811 2955 1868 3001 ut
1897 2962 2013 3002 ser-

2109 494 2401 564 ἁποφράδα
2441 494 2673 565 παρέχει
2710 497 2829 556 ταῖς
2859 496 3069 559 ἀκοαῖς,
3126 498 3222 551 καὶ
3270 498 3503 566 φρικτήν
3554 514 3680 550 τινα

2110 578 2238 633 θέαν
2260 581 2372 643 τοῖς
2393 580 2711 650 ὀφθαλμοῖς.
2737 583 2853 635 Μία
2878 582 2935 635 δέ
2963 598 3048 644 τις
3076 582 3217 653 θύρα
3238 582 3315 652 τῷ
3340 584 3674 651 παραδείσῳ,

2108 671 2202 725 καὶ
2231 672 2445 740 γέφυρα
2477 673 2605 741 μίαο
2634 673 2719 742 ἥδ’
2746 672 2863 725 ἐστὶ
2889 672 3041 741 ξίφος
3064 674 3379 744 τομὼτατον
3407 674 3523 736 πῶς
3553 675 3676 738 οῐει,

2109 761 2137 814 δ
2160 762 2242 815 δεῖ
2268 764 2496 833 γυμνοῖν
2524 765 2636 817 τοῖν
2667 765 2850 817 ποδοῖν
2880 764 3191 829 διελθόντας
3220 766 3314 818 τοῦ
3347 767 3679 837 παραδείσου

2112 855 2401 923 μετέχειν·
2444 856 2622 919 άλλως
2671 857 2717 910 δ’
2767 858 2869 910 οὒκ
2928 857 3140 911 ἔνεστιν
3197 860 3410 912 ἐκείνου
3467 862 3677 930 τυχεῖν.

2110 947 2302 1010 Ὅσοις
2351 949 2534 1000 τοίνυν
2566 949 2624 1001 τὸ
2652 948 2812 1018 σῶμα
2863 949 3087 1017 κοῦφον,
3122 952 3220 1006 καὶ
3250 952 3577 1023 ὑπόπτερον,
3605 952 3681 1015 ὡς

2110 1035 2177 1089 ἂν
2218 1035 2363 1089 εἴποι
2390 1054 2494 1102 τις,
2543 1036 2711 1107 μηδὲν
2733 1038 3177 1106 παραωαὸέντες
3197 1039 3563 1106 διαϐήσονται,
3588 1042 3681 1093 καὶ

2107 1127 2391 1192 τεύξονταί
2432 1145 2494 1196 γε
2544 1130 2638 1182 τοῦ
2683 1129 2863 1199 χώρου
2925 1130 3032 1183 τῶν
3088 1130 3411 1200 μακαρίωνο
3454 1132 3569 1184 ὅσοι
3631 1131 3678 1184 δ’

2106 1219 2271 1287 ἄχθος
2298 1219 2582 1288 ἁμαρτιῶν
2608 1200 2999 1291 περιφέρουσιν
3026 1220 3159 1291 (είσὶ
3174 1221 3218 1272 δ’
3242 1221 3392 1290 ἄρ’οί
3419 1221 3678 1285 πλείους),
3741 1275 3756 1287 _

2105 1313 2183 1381 τῷ
2218 1314 2420 1382 σιδήρῳ
2449 1313 2775 1382 τεμνόμενοι
2807 1314 3322 1385 κατενεχθήσονται.
3358 1315 3519 1368 Ἀλλὰ
3548 1315 3681 1385 περὶ⁵

2105 1404 2331 1468 τούτων,
2349 1405 2422 1467 ὡς
2445 1405 2601 1475 ἔφην,
2628 1406 2656 1457 ὁ
2678 1405 2945 1475 ἡμέτερος
2970 1406 3261 1477 προφήτης
3290 1407 3382 1459 τὸν
3408 1406 3671 1474 φιλοῦντα

2107 1496 2299 1565 κριτὴν
2318 1497 2741 1566 παραιτήσεται,
2760 1498 2855 1550 καὶ
2874 1497 2971 1566 τῆς
2998 1498 3263 1569 αίτήσεως
3286 1496 3633 1563 ὲπιτεύξεται
3652 1512 3668 1529 ο

2106 1584 2166 1636 τὸ
2194 1586 2238 1638 δ’
2275 1586 2445 1653 ὅπως,
2477 1586 2711 1655 ἔρχομαι
2745 1585 2932 1649 λέξων.

2181 1677 2246 1731 θ’.
2299 1678 2451 1730 Μετὰ
2489 1678 2549 1729 τδ
2589 1679 2742 1741 τέλος
2776 1680 2954 1732 πάντα
2992 1679 3142 1748 σχεῖν
3175 1676 3243 1730 τὰ
3280 1677 3384 1746 τῆς
3415 1677 3674 1748 κρίσεως,

2042 1737 2083 1790 Β
2112 1768 2377 1839 προθήσει
2408 1769 2484 1838 τῷ
2525 1737 2771 1838 Μωάμεθ
2814 1771 2842 1821 ὁ
2873 1737 3239 1840 διαφερόντως
3288 1737 3466 1823 αὑτὸν.
3505 1737 3679 1838 φιλῶν

2124 1860 2331 1930 Ἰησοῦς
2362 1860 2575 1930 αἵρεσιν
2605 1860 2763 1931 τήνδε
2795 1876 2809 1891 ·
2841 1862 2872 1930 ἢ
2907 1862 3032 1923 τοὺς
3061 1860 3398 1929 ὀμοπίστους
3427 1860 3599 1929 αὐτῷ,
3627 1862 3679 1913 εί

2112 1950 2176 2020 δὴ
2211 1952 2306 2004 καὶ
2324 1950 2383 2014 ἐξ
2415 1951 2575 2005 ἄλλου
2605 1951 2795 2018 γένους
2819 1952 2911 2004 καὶ
2942 1951 3241 2023 θρησκείας
3280 1950 3681 2021 προσεληλύθε-

2116 2060 2235 2107 σαν,
2290 2042 2569 2109 ἐξελέσθαι
2615 2043 2834 2113 ἐκείνης
2865 2046 2964 2113 τῆς
3008 2045 3245 2111 τάφρου,
3275 2044 3370 2096 καὶ
3396 2045 3496 2113 τῆς
3518 2043 3578 2095 ὲν
3604 2041 3683 2112 τῷ

2120 2133 2437 2203 παραδείσῳ
2468 2134 2651 2187 δοῦναι
2694 2136 2910 2204 τρυφῆς
2940 2134 3238 2187 ἀπολαύειν
3262 2150 3278 2167 ο
3319 2135 3352 2204 ἢ
3384 2134 3510 2198 τοὺς
3534 2132 3683 2202 αὑτῷ

2112 2226 2491 2294 προσήκοντας
2542 2225 2685 2278 κατά
2723 2225 2901 2292 γένος,
2933 2227 2980 2277 εί
3029 2227 3125 2279 καὶ
3178 2225 3279 2295 τῆς
3313 2226 3483 2295 αὐτῆς
3528 2226 3679 2295 αὐτῷ

2114 2314 2410 2385 θρησκείας
2442 2315 2541 2386 οὑχ
2573 2314 2858 2386 εὕρηνται.
2906 2317 2966 2370 Ὀ
2993 2316 3051 2370 δὲ
3082 2316 3212 2381 τοὺς
3243 2317 3507 2386 φοιτητὰς
3538 2318 3680 2386 μᾶλ-

2112 2408 2204 2460 λον
2244 2408 2277 2477 ἢ
2310 2410 2436 2470 τοὺς
2476 2410 2540 2461 ἐκ
2568 2409 2761 2476 γένους
2792 2410 3079 2479 αἱρήσεται
3104 2424 3119 2440 ο
3142 2412 3239 2463 καὶ
3264 2409 3446 2465 λαϐὼν
3471 2407 3681 2461 τούνδό-

2113 2516 2276 2586 σιμον
2307 2500 2444 2568 ταχὺ
2504 2500 2797 2570 δραμεῖται
2830 2502 2980 2572 παρὰ
3003 2500 3104 2572 τὴν
3146 2503 3375 2572 τάφρον,
3405 2504 3501 2556 καὶ
3538 2500 3679 2571 πρὸς

2111 2596 2230 2656 ταῖς
2256 2592 2459 2661 ταύτης
2488 2592 2677 2663 ὄχθαις
2704 2594 2856 2658 στάς,
2881 2593 3070 2656 κλίνας
3097 2594 3247 2648 κάτω
3274 2596 3375 2666 τὴν
3404 2595 3671 2665 κεφαλὴν,

2110 2682 2273 2736 δώσει
2305 2683 2405 2751 τῆς
2437 2678 2612 2753 κόμῆς
2651 2683 2942 2750 λαδέσθαι,
2983 2685 3078 2739 καὶ
3109 2685 3313 2757 ἑκάστη
3341 2686 3451 2740 τῶν
3479 2686 3680 2756 τριχῶν

2113 2772 2439 2843 (θαυμάσεις
2472 2772 2530 2825 εὖ
2578 2768 2674 2826 οἷδ’
2702 2776 2784 2827 ὅτι
2824 2776 3086 2845 ἀκούσας)
3111 2778 3381 2849 μυριάδας
3409 2778 3680 2832 ἀνελεῖται

2111 2865 2220 2918 τῶν
2254 2863 2442 2930 αὑτοῦ,
2474 2865 2729 2918 τινόντων
2758 2866 2916 2938 δίκην
2943 2867 3052 2919 τῶν
3082 2868 3513 2939 πεπραγμένων.
3540 2868 3682 2922 Τοῦ·

2111 2970 2205 3007 τον
2250 2952 2431 3008 τοίνυν
2469 2954 2735 3026 ἀμηγέπη
2761 2957 2854 3011 τὸν
2876 2957 3078 3028 τρόπον
3105 2959 3213 3023 πᾶς
3242 2960 3271 3012 ὁ
3302 2959 3564 3031 καθαρῶς
3590 2960 3684 3013 ιλ-

449 3051 608 3093 vatus
635 3039 795 3092 fuerit
825 3040 1138 3107 quicunque
1166 3039 1219 3092 in
1252 3035 1616 3092 Moamethum
1650 3039 1868 3093 sincere
1895 3054 2012 3108 spe—

2119 3047 2284 3108 πίσας
2309 3048 2390 3109 είς
2417 3045 2507 3099 τὸν
2534 3048 2781 3118 Μωάμεθ
2809 3049 3137 3120 σωθήσεται,
3162 3051 3434 3123 μακάριος
3461 3052 3562 3123 μὲν
3586 3053 3686 3123 τῆς

449 3134 605 3198 rarit,
630 3136 816 3186 beatus
840 3132 930 3185 ille
951 3132 1020 3186 ab
1042 3131 1455 3186 immortalitate
1480 3140 1534 3185 et
1563 3131 1796 3197 honore,
1826 3131 2021 3187 beatus

452 3241 481 3278 a
517 3224 964 3291 ileliciisquibus
1017 3222 1332 3291 perfruetur
1358 3223 1412 3277 in
1435 3222 1712 3291 paradiso,
1742 3237 1879 3292 quas
1904 3223 2019 3291 jam

451 3324 823 3384 nunctempus
850 3324 935 3371 est
952 3312 1253 3369 utdiceudo
1276 3328 1589 3383 persequar.
1608 3313 1734 3380 Sed,
1754 3314 1830 3368 dii
1861 3313 2012 3381 boni,

451 3408 711 3477 quidnam
731 3421 795 3460 ex
816 3404 923 3460 illis
945 3404 1107 3459 rebus
1120 3405 1355 3474 primum
1381 3404 1877 3459 enarrabo?omnia
1894 3413 2024 3460 sunt

453 3497 633 3551 divine
690 3495 917 3566 pulchra
947 3510 963 3548 :
997 3493 1213 3564 singula
1262 3494 1512 3558 suadent,
1540 3505 1619 3559 ut,
1649 3494 2023 3564 cujuscunque

452 3589 606 3660 prius
630 3586 964 3651 memineris,
985 3587 1037 3641 id
1057 3586 1293 3653 primum
1314 3586 1549 3640 humana
1568 3586 1800 3641 celebret
1818 3586 2023 3655 lingua.

526 3682 613 3737 l0.
650 3680 869 3735 Florum
890 3679 1035 3734 enim
1065 3678 1320 3742 varietas,
1363 3676 1638 3733 fructuum
1664 3678 2019 3743 abundantia,

458 3774 643 3829 omnis
677 3771 894 3842 generis
922 3770 1141 3842 frugum
1174 3770 1455 3837 nobilitas,
1473 3769 1783 3840 plantarum
1804 3784 2023 3840 semper

457 3864 747 3918 virentium
778 3862 976 3933 gratia,
1006 3875 1203 3931 cespes
1252 3860 1408 3917 nullo
1433 3874 1672 3928 unquam
1693 3859 1854 3915 modo
1904 3875 2024 3915 are-

459 3970 642 4017 scens,
683 3968 947 4023 aquarum
978 3952 1487 4023 limpidissimarum
1531 3950 1727 4006 eﬂ‘uslo
1770 3961 1823 4007 et
1877 3967 2027 4006 mur-

459 4062 604 4111 mur,
644 4045 869 4100 suavius
894 4059 1057 4114 quam
1088 4044 1345 4099 Sirenum
1376 4052 1572 4099 cantus
1597 4059 1757 4098 aures
1788 4044 2025 4113 permul-

460 4154 613 4204 cens,
646 4136 827 4192 omnia
875 4137 1110 4206 denique
1139 4151 1260 4208 quae
1286 4134 1548 4190 olfactum
1574 4137 1810 4190 aliumve
1839 4150 2025 4204 quem-

461 4232 544 4286 vis
577 4245 795 4285 sensum
824 4228 1099 4284 oblectare
1124 4238 1377 4300 pessunt,
1405 4228 1460 4282 in
1498 4240 1731 4290 summa,
1761 4225 2024 4296 quidquid

2121 3136 2421 3198 ἀθανασίας
2472 3135 2567 3190 καὶ
2620 3136 2720 3203 τῆς
2758 3138 2948 3207 τιμῆς,
2984 3138 3254 3207 μακάριος
3298 3139 3355 3193 δὲ
3385 3139 3488 3210 τῆς
3519 3142 3576 3195 ἒν
3607 3140 3687 3211 τῷ

2122 3226 2435 3296 παραδείσῳ
2470 3227 2705 3298 τρυφῆς,
2738 3228 2805 3298 ῆν
2842 3229 2910 3301 δὴ
2948 3229 3140 3300 καιρὸς
3168 3231 3235 3285 ἂν
3281 3230 3366 3301 εἰη
3406 3230 3685 3297 διεξιέναι.

2122 3319 2188 3371 Τί
2210 3318 2267 3372 δὲ
2286 3318 2508 3389 πρῶτον
2537 3320 2646 3374 τῶν
2662 3322 2779 3373 ἐκεῖ
2805 3321 3172 3391 διηγήσομαι;
3204 3323 3381 3377 πάντα
3410 3322 3519 3390 γὰρ
3545 3320 3686 3373 καλά

2122 3407 2242 3461 λίαν
2269 3424 2282 3439 ·
2322 3410 2413 3462 καὶ
2445 3410 2542 3479 τὴν
2567 3410 2816 3478 γλῶτταν
2849 3412 3084 3465 ἕκαστον
3116 3412 3315 3475 πείθει,
3346 3412 3466 3464 ὅτου
3505 3427 3588 3475 τις
3616 3410 3683 3464 ἂν

2122 3499 2343 3555 ποώτου
2374 3501 2610 3572 μνησθῇ,
2646 3503 2775 3572 περὶ
2807 3502 2973 3555 αὐτοῦ
3004 3519 3068 3570 γε
3099 3503 3315 3574 πρῶτον
3339 3503 3534 3556 εἰπεῖν.

2197 3688 2249 3737 ι’.
2275 3680 2483 3735 Αὐτίκα
2502 3679 2683 3733 τοίνυν
2712 3680 2923 3734 ἀνθέων
2952 3697 3008 3734 τε
3039 3681 3306 3747 ποικιλία,
3334 3682 3428 3735 καὶ
3456 3683 3685 3754 καρπῶν

2122 3771 2379 3841 ἀφθονία,
2407 3772 2500 3824 καὶ
2522 3771 2885 3825 παντοδαπῶν
2908 3771 3131 3843 ὡραίων
3154 3774 3427 3842 εὐγένεια,
3460 3775 3555 3830 καὶ
3586 3793 3687 3846 φυ·

2123 3862 2233 3916 τῶν
2287 3860 2554 3916 άειθαλῶν
2600 3861 2783 3933 χάρις,
2814 3861 2910 3915 καὶ
2964 3862 3072 3916 πόα
3108 3864 3372 3934 μηδαμῶς
3424 3862 3688 3934 μηδέποθ’

2127 3953 2470 4024 ὑπομένουσα
2491 3951 2695 4022 φθίσιν,
2722 3952 2817 4007 καὶ
2841 3952 3220 4007 διειδεστάτων
3249 3953 3453 4006 ὑδάτων
3471 3952 3569 4024 ῥοὴ
3592 3954 3689 4004 σὺν

2124 4044 2243 4115 ῆχῳ
2275 4044 2383 4096 τῶν
2422 4043 2695 4114 Σειρήνων
2746 4046 2970 4113 ἄμεινον
3019 4045 3117 4114 τὴν
3155 4046 3323 4113 άκοὴν
3353 4043 3687 4112 γοητεύοντι,

2126 4135 2220 4189 καὶ
2254 4133 2411 4189 πάνθ’
2455 4133 2492 4187 ἃ
2522 4135 2619 4205 τὴν
2652 4134 2922 4202 ὄσφρησιν
2947 4135 3023 4203 (1)
3051 4120 3228 4201 θέλγει
3254 4134 3347 4186 καὶ
3375 4132 3474 4202 τὴν
3524 4132 3691 4201 ἄλλην

2126 4224 2382 4295 αἴσθησιν
2417 4225 2623 4286 πᾶσαν,
2664 4224 2758 4275 καὶ
2787 4223 2946 4285 ὅλως,
2978 4224 3032 4276 εῐ
3075 4239 3127 4276 τι
3157 4222 3367 4292 χαρίεν,
3399 4222 3493 4276 καὶ
3523 4223 3689 4291 μέγα,

461 4333 769 4387 venustum,
793 4321 1053 4391 quidquid
1089 4336 1369 4391 maguum,
1390 4318 1656 4387 quidquid
1679 4318 2017 4387 splendidum

2128 4314 2222 4367 καὶ
2253 4312 2528 4382 λαμπρὸν,
2563 4311 2658 4363 an
2699 4310 2765 4376 δὴ
2799 4310 2944 4380 χειρὶ
2987 4308 3123 4362 Θεοῦ
3160 4308 3689 4378 κατεσκευασμένον,

462 4431 493 4472 a
525 4415 616 4469 Dei
649 4414 977 4468 immortalis
1010 4427 1171 4466 manu
1196 4419 1569 4467 constructum
1617 4420 1721 4475 est,
1756 4410 1807 4462 id
1839 4423 2017 4473 omne,

2129 4405 2208 4474 τῷ
2243 4402 2559 4471 παραδείσῳ
2588 4401 2836 4467 γίγνεται
2870 4401 3103 4470 κόσμος·
3136 4401 3228 4453 καὶ
3248 4400 3476 4469 ὡραΐζει
3504 4399 3694 4453 τοῦτον

466 4509 690 4576 hospes,
732 4506 788 4561 in
824 4513 1204 4559 ornamentum
1250 4504 1394 4557 cedit
1438 4502 1740 4572 paradiso:
1780 4500 1829 4552 id
1863 4513 2025 4551 omne

464 4612 586 4652 cum
620 4595 938 4649 mirabiliter
969 4602 1195 4649 exornat
1225 4609 1240 4647 :
1272 4594 1323 4647 id
1345 4607 1506 4646 omne
1526 4587 1865 4655 locumlacit
1889 4601 2025 4655 qua-

465 4690 595 4743 libet
627 4689 848 4743 tristitia
879 4686 1237 4755 superiorem.
1266 4683 1383 4738 Duo
1422 4697 1585 4752 porro
1625 4694 1811 4733 amnes
1834 4692 2027 4747 peren-

463 4796 581 4843 nes,
598 4779 844 4841 maximi,
871 4782 1039 4831 latera
1062 4776 1178 4844 ejus
1207 4776 1492 4839 alluentes,
1510 4788 1634 4826 eum
1658 4769 2028 4837 complectun-

468 4884 579 4932 tur,
598 4881 652 4923 et
675 4871 952 4924 caelestem
976 4911 991 4936 ,
1019 4878 1080 4923 ut
1110 4870 1184 4923 ita
1216 4868 1418 4931 dicam,
1451 4872 1775 4919 concentum
1811 4859 1978 4913 edunt
2011 4875 2033 4912 τι

468 4960 892 5031 paradisumque
925 4961 1239 5014 scindentes
1291 4957 1553 5019 medium,
1590 4961 1777 5023 postea
1808 4949 1910 5019 ipsi
1937 4949 2025 5002 di-

388 5085 391 5088 -
467 5053 568 5107 visi
588 5052 639 5105 in
670 5052 869 5104 multas
898 5059 1082 5118 partes
1108 5049 1446 5110 dilabuntur,
1470 5048 1756 5114 denuoqtte
1782 5044 1833 5096 in
1865 5056 2030 5095 unum

468 5142 775 5207 conﬂuunt,
801 5141 853 5192 in
872 5155 1040 5208 seque
1064 5140 1424 5208 praacipitant,
1465 5136 1619 5205 quasi
1653 5136 1879 5189 animati
1910 5148 2035 5202 per-

2131 4495 2250 4557 πῶς
2284 4495 2384 4547 οἴει
2410 4508 2423 4521 ·
2471 4494 2567 4544 καὶ
2621 4494 2765 4543 ποιεῖ
2808 4491 3006 4561 χωρίον
3043 4490 3220 4560 λύπης
3262 4489 3553 4561 ἀνώτερον.
3587 4491 3697 4544 Καὶ

2129 4585 2265 4653 δῆτα
2286 4580 2521 4650 ποταμοί
2551 4595 2694 4641 τινες
2723 4580 2835 4645 δύο,
2864 4578 3077 4632 άένναοί
3103 4595 3160 4630 τε
3178 4578 3274 4631 καὶ
3291 4578 3693 4647 παμμεγέθεις,

2133 4673 2393 4729 κυκλοῦσί
2428 4689 2488 4724 τε
2527 4670 2689 4725 αὑτὸν
2719 4672 3125 4741 περιρρέοντες,
3157 4671 3251 4724 καὶ
3281 4669 3481 4738 κομιδῆ
3508 4668 3697 4737 δαιμό-

2134 4787 2246 4822 νιον
2269 4768 2455 4838 ὣσπερ
2475 4764 2856 4835 ἀναπέμπουσι
2883 4765 3043 4832 μέλος
3070 4778 3084 4792 ⁸
3111 4757 3231 4816 εἶτα
3255 4762 3446 4815 τοῦτον
3475 4761 3697 4831 τέμνον-

2130 4880 2223 4925 τες
2258 4862 2443 4932 μέσον,
2476 4860 2569 4913 καὶ
2603 4858 2671 4912 αὖ
2702 4859 2811 4912 οἵδε
2845 4857 3168 4927 τεμνόμενοί
3199 4873 3257 4907 τε
3291 4856 3386 4909 καὶ
3418 4857 3498 4918 είς
3527 4853 3698 4907 πολλά

2132 4953 2526 5023 διαιρούμενοι,
2560 4952 2655 5004 καὶ
2684 4951 2846 5003 πάλιν
2872 4950 2951 5011 είς
2968 4948 3132 5001 ταυτὺ
3160 4947 3562 5016 συνερχόμενοι,
3600 4945 3694 4998 καὶ

2135 5047 2214 5109 είς
2234 5045 2496 5114 ἀλλήλους
2525 5042 2879 5111 ἐμϐαλόντες,
2904 5038 3154 5106 καθάπερ
3179 5037 3582 5107 ἐμψυχοίτινες
3607 5052 3697 5103 χο-

2141 5135 2290 5207 ρείαν
2313 5134 2603 5199 ἐξελίττειν
2630 5130 2851 5198 διηνεκῆ
2882 5128 3089 5192 δόξαιεν
3107 5131 3171 5180 ἂν
3208 5130 3315 5190 τοῖς
3347 5127 3535 5196 ὁρῶσι.
3564 5123 3670 5177 Τού
3688 5155 3699 5164 -

470 5247 685 5301 petuam
752 5233 990 5298 aliquam
1034 5229 1373 5284 saltationem
1398 5235 1734 5287 exercerent,
1771 5231 2017 5292 spectato

2136 5239 2251 5274 τοιν
2282 5221 2561 5288 οὐδέτερος
2589 5218 2761 5287 ὕδωρο
2796 5216 3055 5285 ἑκάτερος
3087 5216 3153 5280 δ’,
3188 5217 3375 5286 ῶσπερ
3403 5217 3577 5286 τρυφή
3612 5232 3697 5276 τις

472 5327 730 5391 ribusque
791 5319 1129 5375 exhiberent.
1178 5315 1493 5369 Neceorum
1544 5314 1803 5365 alteruter
1834 5325 2029 5380 aquam

472 5417 651 5471 habet:
685 5413 865 5475 ambo,
892 5420 949 5463 ut
975 5425 1097 5463 cum
1125 5405 1427 5474 inspexeris
1454 5413 1506 5457 et
1530 5404 1792 5465 audieris,
1813 5405 1882 5454 ita
1908 5416 2031 5455 cum

472 5507 727 5571 gustaris,
757 5499 1060 5556 incredibili
1094 5507 1145 5551 te
1177 5496 1449 5563 voluptate
1474 5493 1848 5561 permulcent:
1878 5486 2033 5538 melle

471 5598 630 5660 alter,
663 5596 802 5647 lacte
840 5591 975 5645 alter
1001 5596 1185 5643 manat
1219 5603 1233 5640 :
1275 5581 1839 5647 remunerationisquc
1870 5577 2030 5628 ambo

546 5704 624 5775 (l)
650 5703 784 5759 Cod.
815 5718 926 5771 reg.
953 5702 1186 5772 δσφησιν

2139 5312 2284 5379 ἄκρα
2312 5309 2586 5377 θεώμενός
2621 5325 2681 5359 τε
2717 5308 2813 5360 καὶ
2839 5306 3191 5373 ἀκουόμενος,
3218 5306 3309 5357 τὸν
3352 5307 3463 5357 ἴσον
3497 5304 3696 5373 τρόπον

2140 5402 2232 5453 καὶ
2260 5401 2807 5470 μεταλαμϐανόμενες
2827 5414 2841 5429 ·
2874 5399 2996 5465 μέλι
3022 5400 3117 5467 μὲν
3139 5398 3244 5467 γὰρ
3271 5400 3297 5450 ὁ
3326 5398 3533 5467 ἕτερος,
3559 5395 3699 5463 γάλα

2139 5490 2184 5543 δ’
2216 5493 2243 5542 ὁ
2273 5490 2458 5553 λοιπὸς
2487 5490 2563 5541 ὢν
2592 5489 2849 5559 τυγχάνει
2870 5506 2882 5519 ο
2915 5489 2963 5541 οἳ
2999 5489 3062 5558 δὴ
3095 5488 3281 5557 μισθός
3315 5490 3469 5539 ἐστον
3498 5486 3575 5553 (2)
3608 5485 3703 5537 καὶ

2141 5580 2411 5643 ἀντίδοσις
2455 5584 2567 5639 τοῖς
2616 5579 2851 5633 ἐνταῦθα
2886 5579 3284 5649 καθαρεύουσιν
3330 5578 3495 5629 οἴνου.
3534 5575 3703 5629 Βαϐαὶ

2213 5690 2287 5759 (2)
2314 5690 2445 5744 Cod.
2478 5689 2649 5743 Coisl.
2684 5691 2823 5741 ἐστι.
