4144 6282
359 372 450 439 161

1312 358 1689 421 DIALOGUS
1719 356 1780 417 Il
1820 350 1979 415 CUM
2014 341 2565 408 MOHAMETANO.

3508 331 3609 397 162

350 488 448 555 τῆς
487 478 842 552 εύεργεσίαςί
875 472 960 539 οἷς
1018 473 1362 546 πρόσκαιρον
1393 472 1692 527 ἀκόλαστον
1725 466 1917 539 ἡδονὴν
1949 495 1958 524 λ

2058 475 2141 514 )co
2177 467 2340 512 erunt
2370 455 2437 510 iis
2468 453 2563 523 qui
2596 452 2655 505 in
2694 450 2795 504 hac
2836 448 2949 503 vita
2982 449 3108 502 vino
3138 461 3197 501 se
3218 444 3603 500 abstinuerim.

2058 554 2063 555 ,
2385 548 2399 555 -
2563 543 2598 555 ,κ
2760 541 2775 555 .
2907 540 2987 555 ...
3070 539 3122 555 ν.
3284 536 3417 555 ,___,
3478 534 3570 555 ιη,

351 574 788 647 ἀπεκρούσαντο,
820 565 1040 622 αἰωνίου
1076 564 1351 636 σώφρονος
1383 563 1808 618 ἀπολαύσουσιν.

426 820 516 877 ια’.
564 818 632 872 Τί
667 816 773 888 χρὴ
804 813 1125 882 καταλέγειν
1158 812 1255 873 τάς
1316 810 1446 880 ἡμῖν
1505 808 1927 879 ἐπηγγελμένας

356 917 509 977 Θείας
528 909 742 980 τρυφάς
766 924 781 972 ;
809 908 910 960 "Av
935 923 995 958 τε
1023 905 1133 975 γάρ
1161 921 1246 967 τις
1278 903 1542 971 φίλιππος
1568 896 1626 974 ᾗ,
1660 900 1756 953 καὶ
1787 900 1929 971 θήρᾳ

358 1005 589 1078 χαίρων,
618 1003 713 1055 καὶ
738 998 937 1063 τόξοις,
961 998 1056 1052 καὶ
1080 997 1229 1059 κυσὶ,
1245 996 1341 1047 καὶ
1367 992 1680 1063 χειροήθεσι
1705 993 1931 1061 πτηνοῖς

362 1094 620 1168 (τουτοισί
645 1109 785 1163 φημι
816 1092 926 1152 τοῖς
954 1087 1318 1157 θηρευτικοῖς,
1348 1080 1427 1148 οἶς
1457 1085 1527 1138 τὰ
1556 1082 1792 1152 ἐδώδιμα
1820 1098 1930 1150 χει-

361 1190 644 1261 ρούμεθα),
670 1186 736 1240 ἄν
758 1201 819 1237 τε
849 1182 950 1252 τὴν
985 1180 1191 1248 ἐσθῆτα
1223 1177 1526 1247 φιλότιμος,
1571 1178 1667 1228 καὶ
1693 1175 1773 1243 τῷ
1804 1190 1933 1225 συν-

359 1285 499 1337 εῖναι
553 1280 746 1348 κόραις
807 1271 1128 1343 ἐντρυφῶν,
1173 1271 1268 1322 καὶ
1323 1270 1514 1333 πᾶσιν,
1550 1268 1639 1319 ἵνα
1703 1264 1934 1326 συνέλω,

362 1376 508 1443 ἅπερ
551 1373 629 1432 είς
661 1365 859 1443 ἡδονὴν
886 1367 914 1416 ό
941 1362 1064 1424 νοῦς
1090 1362 1225 1429 ἡμῖν
1252 1361 1544 1429 δυνήσεται
1573 1354 1800 1415 πλάσαι,
1834 1351 1941 1402 πά-

365 1440 549 1536 ρεστιν
576 1440 741 1523 εὐθὺς
767 1453 1107 1526 βουληθεῖσιν
1124 1467 1137 1481 ·
1157 1453 1218 1504 ού
1242 1452 1353 1519 γάρ
1379 1452 1527 1500 ἐστιν
1547 1440 1607 1498 οὗ
1639 1443 1941 1513 δεηθέντων

318 1592 321 1595 -
362 1558 542 1611 έκεῖνο
596 1553 671 1622 μὴ
724 1548 922 1621 φθάσοι
956 1546 1058 1614 τὴν
1094 1542 1306 1611 ἔφεσιν,
1338 1538 1523 1609 πολλῷ
1571 1537 1650 1607 τῷ
1694 1536 1939 1606 περιόντι

361 1648 570 1715 ταύτην
597 1643 784 1700 νικῶν.
822 1638 1109 1707 Τοσαύτην
1141 1651 1204 1703 γε
1240 1634 1340 1705 τὴν
1370 1627 1943 1702 ἀμοιϐὴνάπολήψον-

366 1756 459 1793 ται
503 1735 658 1806 παρά
688 1732 786 1787 τοῦ
819 1729 1035 1786 δικαίου
1094 1725 1365 1779 Δεσπότου
1419 1724 1513 1776 καὶ
1559 1718 1789 1788 ἀγαθοῦ,
1824 1717 1940 1770 ὅσοι

2033 553 2335 619 Quantum,
2385 548 2529 602 bone
2563 543 2725 605 Deus,
2760 539 3123 595 beneficium!
3168 538 3244 592 illi
3274 536 3417 606 quod
3478 534 3609 588 bre-

2033 658 2154 697 vem
2185 650 2239 695 et
2271 641 2722 705 intemperantem
2760 631 3099 699 voluptatem
3135 629 3466 697 reiecerunt,
3486 626 3611 680 ideo

2032 733 2363 799 sempiterna
2437 725 2875 796 temperantique
2917 722 3287 792 perfruentur.

2105 823 2144 875 ll
2165 861 2178 873 .
2210 820 2348 885 Quid
2374 832 2510 888 opus
2534 826 2617 871 est
2639 815 2873 883 amplius
2898 813 3197 882 promissas
3220 812 3375 866 nobis
3397 813 3609 866 divinas

2036 917 2259 973 delicias
2289 911 2616 968 recensere?
2643 910 2699 963 Si
2728 910 2851 978 quis
2883 908 3042 977 equis
3077 907 3279 970 studet,
3314 909 3429 962 sive
3453 923 3616 960 vena-

2041 1012 2189 1065 tione
2253 1008 2473 1079 gaudct,
2536 1017 2798 1071 arcuque,
2849 1000 3171 1061 canibusve,
3237 1008 3333 1053 aut
3395 999 3621 1052 alitibus

2043 1102 2338 1157 mansuetis
2369 1100 2456 1162 (de
2482 1097 2776 1151 venatoriis
2805 1095 2912 1148 illis
2950 1093 3165 1161 loquor,
3184 1093 3382 1161 quibus
3416 1090 3645 1144 bestias,

2041 1197 2242 1247 victum
2269 1192 2422 1245 nobis
2454 1189 2860 1257 suppeditantes
2900 1187 3210 1254 capimus),
3239 1186 3354 1237 sive
3384 1184 3620 1235 vestium

2045 1282 2383 1351 Splendorem
2410 1278 3098 1343 aﬂectat,,puel|arumque
3158 1290 3455 1343 congressu
3483 1274 3631 1325 delc—

2052 1387 2253 1435 CIatur,
2279 1373 2458 1427 omnia
2494 1369 2750 1436 denique,
2784 1376 2843 1422 ut
2872 1368 3109 1420 breviter
3148 1365 3349 1427 dicam,
3374 1378 3627 1431 quaecun-

2049 1482 2157 1535 que
2216 1465 2272 1518 in
2309 1464 2584 1530 voluptate
2629 1475 2782 1513 mens
2820 1457 3072 1526 ellingere
3120 1455 3280 1509 nobis
3322 1462 3519 1521 potest,
3564 1466 3627 1505 ea

2051 1557 2353 1611 volentibus
2386 1555 2565 1608 statim
2616 1551 2843 1605 adsunt:
2908 1563 3007 1601 nec
3069 1547 3211 1601 enim
3276 1547 3439 1599 ullam
3513 1560 3626 1598 rem

2049 1650 2378 1711 desiderant,
2402 1659 2526 1714 qu=e
2559 1659 2664 1697 non
2702 1644 2940 1711 ipsorum
2971 1641 3133 1694 etiam
3177 1637 3443 1693 desideria
3498 1651 3635 1704 prae-

2052 1747 2240 1800 vertat,
2319 1734 2894 1802 abundantissimeque
2959 1738 3202 1799 superet.
3278 1726 3628 1797 Huiusmodi,

370 1826 639 1897 δήπουθεν
665 1822 847 1885 καλῶς
876 1821 945 1874 τά
970 1815 1370 1885 διατεταγμένα
1423 1813 1785 1883 τηρήσουσιν.
1804 1807 1947 1861 Ἀλλ’

2058 1833 2273 1898 hospe=,
2304 1825 2801 1882 remunerationem
2833 1822 2902 1876 ab
2943 1822 3254 1892 justissimo
3310 1820 3628 1889 optimoque

292 1922 322 1975 ζ
371 1919 408 1989 ἠ
468 1917 581 1969 τῶν
639 1911 991 1983 προσκαίρων
1058 1906 1245 1977 ἀπάτη
1306 1901 1481 1957 πείθει
1531 1903 1659 1965 τοὺς
1715 1898 1949 1959 πολλοὺς

370 2007 767 2074 κατολιγωρεῖν
799 2004 897 2073 τῆς
926 2002 1241 2071 ἀπορρήτου
1269 1997 1427 2066 δόξης
1467 1995 1685 2064 ἐκείνης
1716 1992 1812 2046 καὶ
1848 1991 1948 2060 τῆς

368 2100 602 2170 τρυφῆς,
623 2096 719 2150 καὶ
768 2094 1100 2163 πρόσκαιρον
1140 2090 1235 2143 καὶ
1273 2086 1476 2158 μικράν
1504 2084 1694 2156 ἡδονὴν
1733 2082 1835 2151 τῆς
1875 2081 1950 2170 ὡς
1988 2112 1995 2115 -

348 2168 587 2262 ἀληθῶς
620 2188 883 2258 μεγίστης
917 2204 977 2239 τε
1024 2184 1119 2238 καὶ
1159 2181 1334 2237 ἀϊδίου
1365 2178 1857 2233 ἀπαλλάττεσθαι·
1883 2168 1944 2228 οὗ

369 2284 423 2337 τί
459 2281 655 2351 γένοιτ’
685 2281 752 2334 ἀν
779 2277 1136 2349 εύηθέστερόν
1160 2292 1220 2328 τε
1251 2275 1346 2327 καὶ
1372 2272 1763 2342 σχετλιώτερον
1783 2286 1798 2333 ;
1815 2266 1946 2321 Ἰδού

375 2393 457 2430 σοι
484 2375 628 2430 κατά
660 2373 861 2426 σκοπὸν
884 2371 981 2441 (ὡς
1008 2368 1155 2424 δοκῶ
1187 2366 1325 2437 μοι),
1361 2364 1460 2434 τὴν
1491 2361 1785 2426 ἀπόκρισιν
1815 2360 1950 2412 ἀπο-

374 2466 601 2531 δέδωκα,
632 2464 765 2535 περὶΙ
810 2455 883 2517 ὧν
908 2460 1072 2523 αὐτὸς
1107 2457 1413 2511 έπυνθάνου
1434 2470 1449 2486 ·
1487 2457 1537 2507 εί
1565 2453 1620 2506 δέ
1649 2471 1702 2505 τι
1728 2452 1822 2504 καὶ
1857 2453 1951 2503 ἰπὶ

376 2554 541 2608 πλέον
583 2553 806 2607 ἀκούειν
857 2550 1088 2615 έθέλεις,
1124 2547 1271 2610 εἰπὲ,
1305 2546 1403 2597 καὶ
1432 2544 1491 2595 ὲν
1536 2542 1719 2610 χεροῖν
1750 2540 1810 2592 τδ
1853 2555 1952 2591 ιττο⁴

382 2646 667 2714 θούμενον.
707 2643 851 2712 Ἤδη
910 2639 1021 2711 γάρ
1079 2636 1313 2709 πάρειμί
1352 2651 1437 2688 σοι
1493 2631 1812 2702 πρόθυμος,
1844 2632 1954 2684 πᾶν

380 2743 518 2811 ὅπερ
546 2741 613 2796 ἂν
642 2738 958 2800 κελεύσειας
990 2734 1067 2806 (ί)
1101 2732 1425 2787 ὲκτελέσων.

453 3013 545 3085 ιβ’.
587 3011 725 3067 Ἀλλ’
787 3008 925 3075 ἃλις,
977 3005 1134 3074 ἔφην,
1185 3003 1462 3074 διεξῆλθες
1511 3000 1581 3055 τὰ
1611 3001 1715 3070 τῆς
1756 2999 1947 3069 Ἐδέμ·

384 3108 532 3167 ὅπως
559 3101 604 3156 δ’
634 3100 865 3171 ἀμυνεῖς
897 3097 1165 3165 γενναίως
1192 3098 1303 3158 τοῖς
1338 3094 1671 3165 εἰρημένοις,
1702 3093 1831 3163 περὶ
1876 3086 1953 3146 ὧν

384 3198 451 3252 ἂν
472 3196 652 3265 ἔχοιμι
703 3192 801 3248 νῦν
848 3191 1148 3261 προφέρειν
1171 3206 1188 3223 ο
1215 3188 1338 3242 οὐδὲ
1363 3189 1473 3257 γὰρ
1508 3186 1677 3240 πάντἰ
1711 3186 1957 3255 ἐλέγχειν

310 3280 313 3281 ν
387 3279 725 3356 βουλήσομαι
780 3280 851 3335 τὰ
907 3277 1286 3349 προειρημένα
1336 3293 1461 3341 σοι,
1504 3276 1614 3329 οὐδ’
1662 3274 1848 3329 έκεῖνά
1893 3291 1959 3342 γε

386 3377 623 3438 πάντως,
658 3373 738 3428 ὃσ⁹
788 3373 854 3424 έκ
913 3370 1121 3424 τούτων
1174 3385 1265 3437 μοι
1301 3367 1548 3421 δοκοῦσιν
1608 3368 1850 3438 ἀνίσχειν
1892 3367 1960 3420 τὰ

387 3466 713 3534 ἀτοπήματα
737 3478 751 3494 ⁸
781 3459 850 3531 ἦν
875 3462 982 3530 γὰρ
1013 3459 1099 3523 ἂν,
1132 3460 1295 3511 ταυτὶ
1324 3456 1631 3527 βουληθεὶς,
1675 3458 1754 3519 είς
1786 3455 1960 3522 λόγων

387 3558 621 3623 πέλαγος
649 3554 907 3626 ἐμπεσών
930 3571 943 3584 ·
975 3551 1118 3605 οὕτω
1162 3568 1256 3620 μοι
1288 3550 1460 3603 πολλά
1487 3550 1760 3619 φαίνεται.
1789 3534 1958 3602 Ταυτὶ

393 3650 492 3717 μὲν
521 3647 616 3701 οὖν
648 3647 1000 3716 σιωπήσομαι
1023 3658 1038 3673 ⁸
1083 3643 1420 3712 πειράσομαι
1446 3642 1502 3695 δέ
1540 3659 1622 3695 σοι
1655 3640 1850 3704 δεῖξαι,
1887 3639 1962 3702 ὡς

392 3732 595 3798 avoid;
633 3753 691 3790 τε
728 3730 795 3797 ὦ,
824 3734 1058 3800 σαθροὺς
1087 3735 1214 3796 τοὺς
1245 3731 1527 3801 θεμελίους
1576 3732 1686 3784 τῶν
1738 3731 1965 3798 εἰρημέ-

395 3844 502 3882 νων
537 3844 619 3879 σοι
642 3842 657 3857 ο
686 3825 791 3877 κᾶν
823 3824 979 3877 τοῦτο
1004 3825 1253 3894 γένηται,
1276 3823 1452 3884 οὐδείς
1482 3839 1563 3876 σοι
1610 3823 1829 3883 πάντως
1854 3823 1962 3875 τῶν

394 3918 597 3973 λοιπῶν
623 3918 776 3970 ἔσται
802 3914 981 3982 λόγος.
1018 3914 1152 3968 Οὐδὲ
1175 3915 1283 3984 γὰρ
1309 3914 1530 3983 μελήσει
1574 3930 1657 3967 σοι
1694 3913 1792 3979 τῆς
1818 3914 1964 3966 οἰκο-

392 4011 584 4080 δομῆς,
616 4005 1112 4076 ἀνατετραμμένης
1164 4006 1264 4072 τῆς
1322 4004 1660 4074 ύποδάθραςς
1709 4003 1963 4073 Ἐφησθα

395 4104 592 4167 τοίνυν,
639 4102 716 4163 ὡς
764 4102 793 4152 ό
845 4097 1081 4165 Χριστὸς
1137 4095 1448 4150 καθεδεῖται
1500 4096 1722 4149 πάντων
1770 4095 1965 4167 κριτὴς

397 4193 736 4253 δικαιότατος
759 4190 895 4259 μετά
910 4188 1010 4257 τὴν
1026 4187 1233 4240 τούτων
1260 4185 1580 4243 ἀνάστασιν.
1606 4181 1740 4241 Εἶτα
1762 4186 1962 4254 λέγεις,

396 4284 556 4337 αὐτὸν
584 4277 1043 4349 αίσχυνθήσεσθαι
1091 4276 1187 4331 τὸν
1213 4274 1458 4344 Μωάμεθ
1501 4274 1964 4346 παραιτούμενον,

397 4378 472 4429 ὡς
524 4374 652 4427 ὄντα
710 4372 831 4424 λίαν
884 4370 1058 4440 τούτῳ
1108 4367 1519 4438 πεφιλημένονο
1556 4370 1650 4421 καὶ
1693 4369 1791 4440 τὴν
1822 4369 1965 4437 ὑπὲρ

2050 1924 2162 1978 Deo
2194 1922 2437 1977 omnium
2486 1934 2664 1973 rerum
2721 1918 2952 1971 Domino
3012 1916 3303 1985 accipient,
3362 1915 3454 1983 qui
3510 1913 3632 1981 ejus

2049 2023 2314 2084 praecepta
2341 2023 2485 2065 recte
2502 2009 2790 2065 servarint.
2813 2007 2886 2059 At
2906 2006 3050 2060 enim
3079 2020 3261 2059 rerum
3289 2003 3631 2058 terrestriqu

2048 2120 2202 2161 error
2230 2104 2507 2174 plerisque
2535 2099 2849 2170 persuadet,
2884 2105 2944 2152 ut
2970 2096 3270 2151 invﬁ‘abiles
3326 2096 3450 2149 illas
3499 2093 3637 2147 deli-

2049 2197 2161 2251 cias
2192 2197 2530 2264 gloriamque
2581 2192 2881 2262 negligant,
2941 2190 3268 2258 brevemque
3298 2203 3362 2243 ac
3411 2202 3637 2255 parvam

2051 2290 2382 2356 voluptatem
2420 2300 2545 2340 vere
2568 2284 2888 2338 maximae!
2922 2281 3257 2351 sempiterna
3298 2281 3385 2334 illa
3420 2278 3638 2332 Chario-

2050 2394 2162 2434 rem
2190 2378 2465 2432 habeant:
2500 2390 2607 2444 uno
2636 2374 2766 2445 quid
2800 2374 3052 2429 stolidius
3103 2375 3240 2435 fiert,
3298 2372 3427 2439 quid
3471 2369 3643 2425 mise-

2051 2470 2279 2523 rabilius
2294 2466 2657 2537 possitﬂlmc
2686 2465 2818 2518 mihi
2839 2464 2953 2518 fere
2976 2464 3031 2517 in
3061 2470 3300 2516 mentem
3324 2460 3637 2521 \eniebant,

2053 2558 2254 2628 quibus
2285 2572 2587 2624 congruum
2618 2555 2700 2624 (ut
2732 2554 2949 2622 Opinor)
2984 2552 3250 2606 vol'uutati
3285 2560 3390 2603 tuae
3414 2565 3640 2618 νεκροπ-

2054 2665 2174 2704 sum
2202 2647 2481 2702 redderem
2516 2647 2582 2698 de
2626 2646 2732 2699 illis
2763 2644 2948 2709 rebus,
2979 2642 3045 2696 de
3075 2641 3277 2709 quibus
3342 2641 3614 2707 interroga

2054 2740 2190 2795 bas:
2215 2737 2360 2807 quod
2395 2737 2440 2791 si
2482 2736 2611 2804 quid
2641 2734 2884 2804 amplius
2939 2732 3133 2786 audire
3162 2730 3315 2795 velis,
3377 2730 3527 2783 dicas
3552 2744 3647 2797 per

2056 2846 2141 2886 me
2163 2830 2308 2895 licet,
2339 2838 2393 2883 et
2421 2828 2564 2899 quod
2614 2836 2770 2897 optas
2805 2826 2860 2880 in
2893 2839 3058 2877 manu
3086 2822 3211 2876 erit.
3246 2820 3451 2875 Adsum
3500 2820 3646 2875 enim

2052 2923 2171 2984 tibi,
2201 2922 2419 2990 hospes,
2443 2919 2509 2973 ad
2541 2918 2907 2988 quodcunque
2931 2914 3166 2982 iusseris
3203 2911 3645 2982 exsequendum.

2125 3014 2225 3068 12.
2256 3010 2403 3066 Satis
2441 3021 2501 3064 tu
2552 3010 2709 3073 mihi,
2738 3008 2987 3076 inquam,
3026 3022 3147 3075 quae
3176 3005 3241 3061 ad
3297 3004 3442 3059 Eden
3472 3002 3646 3072 perti-

1980 3128 2024 3186 c
2057 3112 2207 3170 nent,
2251 3100 2483 3157 dicendo
2536 3098 2888 3169 percurristi:
2920 3097 3015 3153 sed
3044 3097 3166 3151 vide
3189 3095 3288 3161 sis,
3332 3096 3553 3164 hospes,
3586 3102 3648 3148 ut

2061 3193 2207 3249 dicta
2235 3200 2323 3245 tua
2347 3189 2560 3245 fortiter
2585 3189 2845 3244 defendas
2875 3189 3141 3244 adversus
3172 3204 3237 3244 ea
3281 3189 3493 3253 saltem,
3524 3202 3648 3259 quae

2063 3299 2206 3338 nunc
2234 3284 2328 3337 tibi
2364 3283 2562 3352 possim
2598 3281 2874 3347 objicere:
2912 3297 3014 3336 nec
3039 3282 3183 3335 enim
3240 3282 3421 3336 omnia
3455 3282 3553 3337 abs
3595 3291 3649 3336 to

2060 3374 2204 3429 dicta
2246 3374 2368 3428 volo
2402 3373 2749 3442 redarguere,
2771 3387 2874 3427 nec
2896 3375 2947 3424 in
2980 3371 3298 3425 universum
3325 3371 3415 3425 illa
3451 3373 3644 3425 subiu-

2061 3467 2230 3531 sulsa,
2261 3481 2383 3535 quae
2430 3467 2583 3535 sequi
2622 3464 2873 3519 videntur
2906 3470 2981 3517 ex
3004 3463 3287 3532 principiis
3326 3463 3435 3517 tuis
3470 3481 3481 3516 :
3518 3478 3649 3517 nam

2062 3558 2107 3612 si
2139 3558 2349 3624 vellem,
2384 3558 2435 3610 in
2467 3555 2740 3627 quoddam
2766 3554 2922 3624 quasi
2955 3555 3245 3608 verborum
3308 3555 3527 3625 pelagus
3557 3557 3646 3608 in-

2063 3651 2299 3706 ciderem
2329 3667 2341 3701 :
2376 3648 2512 3703 adeo
2542 3648 2707 3702 multa
2736 3647 2870 3699 mihi
2908 3646 3178 3700 videntur.
3229 3645 3320 3701 Illa
3374 3648 3539 3717 igitur
3573 3647 3655 3701 si-

2063 3743 2229 3797 lentio
2255 3740 2697 3809 praetermittam:
2722 3738 2821 3790 tibi
2849 3751 3001 3800 vero,
3031 3744 3295 3804 quantum
3323 3737 3377 3791 in
3404 3752 3488 3789 me
3509 3736 3645 3801 erit,

2065 3833 2370 3885 ostendere.
2420 3831 2681 3891 conabor,
2736 3842 2902 3896 quam
2958 3827 3199 3892 infirma,
3248 3828 3467 3897 hospes,
3517 3828 3657 3883 mihi

2066 3923 2360 3976 videantur
2386 3920 2653 3974 dictorum
2710 3926 2931 3971 tuorum
2994 3916 3378 3971 fundamenta:
3427 3917 3573 3986 quod
3604 3918 3655 3973 si

2048 4015 2265 4069 factum
2299 4010 2484 4074 fuerit,
2526 4018 2849 4064 caeterorum
2880 4007 3084 4062 nullam
3120 4009 3346 4063 omnino
3377 4009 3655 4064 rationem

2068 4108 2265 4161 habere
2293 4103 2514 4173 poteris.
2542 4100 2675 4155 Nam
2707 4084 2895 4155 eversa
2919 4100 3055 4165 basi,
3101 4102 3165 4155 de
3185 4101 3432 4166 aedificio,
3464 4103 3655 4167 credo,

2065 4216 2172 4253 non
2202 4196 2443 4252 curabis.
2471 4195 2661 4249 Dixisti
2694 4193 2878 4261 igitur,
2910 4192 3187 4248 Christum
3218 4204 3339 4262 post
3369 4194 3661 4248 hominum

2067 4289 2516 4344 resurrectionem
2555 4285 2918 4356 justissimum
2951 4284 3193 4338 omnium
3258 4285 3495 4353 judicem
3536 4299 3663 4339 esse

2065 4397 2368 4437 sessurum.
2408 4379 2611 4433 Deinde
2643 4379 2782 4433 dicis
2811 4377 2949 4442 fore,
2988 4386 3048 4431 ut
3110 4376 3428 4443 Moamethi,
3491 4391 3661 4445 quem

396 4466 505 4518 τῶν
561 4464 772 4517 ἐκείνου
828 4460 1089 4531 μαθητῶν
1138 4476 1199 4513 τε
1245 4460 1342 4513 καὶ
1370 4460 1586 4513 ὀπαδῶν
1615 4460 1795 4529 ψῆφον
1831 4461 1958 4529 πρὸς

2074 4473 2273 4529 eximie
2312 4472 2508 4540 diligit,
2539 4486 2637 4540 pro
2669 4470 2986 4524 horninibus
3015 4469 3355 4538 deprecantis
3386 4467 3659 4521 rationem

400 4556 556 4625 χάριν
616 4554 789 4606 οἴσειν
836 4551 1169 4621 διισχυρίζῃ.
1197 4551 1270 4603 Τὸ
1310 4551 1366 4604 δὲ
1414 4552 1549 4620 πρὸς
1580 4552 1741 4621 χάριν
1798 4552 1857 4603 ού
1892 4551 1975 4605 δί-

402 4663 557 4699 καιον
580 4662 593 4675 ·
630 4646 719 4698 ὅτε
756 4643 852 4696 καὶ
898 4642 959 4695 τὸ
990 4642 1197 4695 δίκαιον
1244 4644 1344 4694 οὐκ
1401 4643 1467 4696 ἄν
1518 4659 1644 4695 ποτε
1671 4644 1757 4711 είη
1792 4642 1975 4711 χάρις.

404 4736 564 4790 Ὅθεν
621 4734 868 4803 οὐδαμῶς
932 4734 1226 4801 συμϐαίνει
1257 4735 1325 4785 τά
1372 4733 1664 4802 εἰρημένα,
1698 4733 1835 4786 ἀλλὰ
1883 4747 1982 4799 καὶ

399 4828 765 4898 διαφερόντως
795 4825 1049 4895 ἀλλήλοις
1078 4824 1425 4895 διαφέρεται.
1463 4826 1537 4877 Τὸ
1561 4825 1666 4893 γάρ
1704 4825 1831 4893 ῐσην
1859 4823 1981 4876 δοῦ-

400 4938 489 4974 ναι
546 4921 704 4989 δίκην
754 4919 881 4979 τοὺς
926 4920 983 4969 έν
1032 4917 1225 4987 τάφρῳ
1249 4934 1309 4968 τε
1336 4917 1428 4970 καὶ
1457 4918 1523 4987 τῇ
1551 4917 1742 4986 πίττῃ,
1778 4916 1852 4978 ὡς
1878 4915 1970 4967 ῐσα

400 5008 669 5078 δήπουθεν
701 5006 1235 5075 πεπλημμεληκότας
1256 5021 1272 5038 ⁸
1307 5001 1447 5070 εἶτα,
1505 5007 1629 5069 τοὺς
1664 5007 1762 5077 μὲν
1790 5006 1971 5059 αὐτῶν

402 5099 529 5169 ἄχρι
552 5097 644 5149 τοῦ
668 5097 867 5159 παντὸς
891 5098 1049 5150 ἐᾶσαι
1069 5096 1416 5161 κολάζεσθαι,
1436 5098 1509 5161 ὡς
1537 5098 1614 5168 μὴ
1648 5099 1975 5167 δυνηθέντας

401 5187 666 5243 λαϐέσθαι
695 5188 807 5239 τῶν
834 5187 929 5239 τοῦ
955 5187 1203 5255 Μωάμεθ
1229 5189 1437 5258 τριχῶν
1465 5229 1479 5253 ,
1509 5193 1621 5253 τοῖς
1652 5191 1708 5244 δὲ
1749 5192 1973 5261 τυχοῦσι

401 5280 630 5342 τούτων,
676 5277 771 5329 κα)¹
826 5276 1133 5341 ἀνελθοῦσι,
1167 5278 1264 5331 καὶ
1300 5280 1465 5333 αὑτὸν
1504 5280 1570 5349 δὴ
1592 5282 1684 5333 τὸν
1714 5282 1976 5351 παράδει-

407 5387 499 5423 σον
547 5368 729 5422 δοῦναι
774 5366 1181 5439 κληρονομῆσαι
1222 5370 1300 5442 (ὃς
1327 5374 1438 5434 τοῖς
1466 5373 1752 5442 ἀριστεῦσι
1793 5375 1975 5442 μόνοις

404 5458 568 5515 ἆθλόν
593 5478 654 5514 τε
692 5462 785 5514 καὶ
837 5459 1399 5531 γέραςἭιφὼρισται),
1433 5464 1536 5516 ποῦ
1566 5464 1630 5534 δὴ
1667 5463 1818 5517 ταῦτ’
1854 5465 1972 5518 ἐστὶ

404 5556 474 5604 τὰ
497 5552 677 5605 δίκαια
716 5552 983 5621 τιμῶντος
1024 5553 1253 5621 ἀνδρός;
1290 5548 1453 5624 μήτοι
1483 5571 1546 5621 γε
1577 5555 1762 5625 κριτοῦ
1797 5554 1971 5607 τοιού-

402 5664 517 5713 του,
546 5647 641 5698 καὶ
678 5645 857 5715 ψυχῆς
886 5660 946 5696 τε
984 5644 1075 5697 καὶ
1108 5645 1275 5715 πνοῆς
1302 5647 1395 5700 καὶ
1424 5648 1596 5718 Λόγου
1628 5648 1785 5715 Θεοῦ,
1812 5648 1971 5702 τοῦτο

479 5764 551 5829 ti)
580 5762 714 5817 Cod.
747 5761 914 5816 Coisl.
946 5762 1215 5817 κελευσει.

2080 4562 2299 4625 habeat,
2319 4575 2552 4628 eumque
2579 4574 2607 4612 a
2653 4560 2823 4629 gratia
2845 4557 3042 4613 flexum
3069 4559 3135 4612 de
3184 4559 3330 4612 illius
3376 4557 3666 4626 discipulis

2078 4651 2546 4718 sectatoribusque
2574 4647 2904 4703 sententiam
2956 4648 3192 4701 laturum
3222 4663 3344 4703 esse
3394 4647 3661 4701 afﬁrmas.

2082 4746 2193 4801 Hoc
2216 4755 2421 4807 autem,
2454 4761 2482 4798 a
2513 4746 2682 4813 gratia
2714 4744 2935 4809 ﬂexum,
2961 4744 3172 4812 justum
3195 4758 3303 4796 non
3336 4753 3420 4797 est
3447 4759 3462 4796 :
3494 4745 3659 4812 quia,

2085 4839 2227 4908 quod
2251 4839 2454 4905 justum
2479 4848 2582 4901 est,
2608 4836 2778 4907 gratia
2803 4851 2926 4891 esse
2975 4835 3186 4903 nequit.
3215 4833 3369 4888 Unde
3397 4850 3517 4903 quae
3567 4835 3660 4886 di'v

2082 4928 2208 4983 xisti
2232 4943 2575 4998 nequaquam
2636 4935 2966 4994 congruunt,
2991 4927 3085 4981 sed
3114 4926 3457 4979 vehementer
3488 4926 3661 4978 etiam

2078 5020 2218 5075 inter
2239 5034 2297 5073 se
2320 5028 2579 5088 pugnant.
2608 5018 2742 5072 Nam
2769 5019 3004 5086 primum
3038 5016 3181 5085 quod
3222 5016 3281 5081 ii,
3312 5017 3403 5085 qui
3431 5018 3481 5069 in
3512 5016 3661 5069 fossa

2079 5119 2131 5165 et
2156 5112 2272 5181 pice
2291 5111 2621 5173 detinentur,
2643 5112 2877 5179 aequales
2898 5124 3088 5179 poenas
3108 5111 3442 5178 persolvunt,
3469 5116 3661 5177 utpote

2078 5204 2172 5272 qui
2192 5203 2475 5273 aequaliter
2494 5202 2880 5272 peccaverint:
2913 5211 3050 5264 tum,
3076 5215 3273 5254 eorum
3296 5201 3563 5268 quosdam
3586 5200 3651 5251 ad

2078 5306 2340 5349 mternum
2366 5294 2689 5364 supplicium
2718 5293 3024 5354 detrudere,
3048 5294 3191 5362 quod
3208 5292 3502 5345 Moametlii
3561 5304 3663 5342 cac

2079 5386 2238 5455 pillos
2278 5386 2613 5456 prehendere
2652 5401 2763 5441 non
2801 5386 3078 5456 potuerint
3123 5402 3137 5439 :
3178 5385 3393 5447 deinde,
3416 5380 3661 5445 caeteris,

2078 5474 2174 5543 qui
2205 5489 2301 5529 eos
2325 5474 2715 5544 prehenderint
2736 5481 2789 5529 et
2815 5473 3195 5537 ascenderint,
3219 5468 3552 5525 [Hereditatis
3576 5467 3655 5518 Io-

2079 5576 2143 5615 co
2166 5563 2476 5631 paradisum
2496 5563 2627 5619 dare
2648 5561 3158 5634 (quiprazstantibus
3188 5569 3398 5613 tantum
3433 5554 3564 5608 viris
3595 5564 3659 5608 ul

2084 5654 2363 5722 praemium
2395 5662 2449 5709 et
2475 5668 2675 5712 corona
2705 5665 3012 5710 reservatus
3034 5652 3174 5722 est):
3204 5656 3400 5705 suntne
3423 5647 3539 5701 hate
3557 5644 3661 5699 viri
