4144 6282
493 366 599 429 183

1702 348 2109 413 MANUEIJS
2145 348 2597 409 PALEOLOGI

3636 341 3746 406 164

481 484 571 553 ius
602 468 656 536 et
687 495 902 551 aequum
926 477 1288 535 aestimantis?
1317 475 1513 531 nedum
1543 473 1855 542 huiusmodi
1876 468 2076 540 judicis

2183 465 2241 535 δὴ
2270 466 2329 519 τὸ
2362 466 2467 535 πρὸ
2501 463 2697 535 μικροῦ
2723 464 2811 533 ὑφ’
2842 462 2994 534 ὑμῶν
3018 461 3307 532 εἰρημένον
3334 501 3348 526 ,
3375 458 3489 513 Καὶ
3514 459 3621 528 μὴν
3651 468 3696 511 ει
3720 462 3749 513 6

486 576 580 642 qui
604 576 762 644 paulo
782 583 906 627 ante
933 574 1025 627 Dei
1049 572 1254 634 anima,
1272 569 1496 637 spiritus
1518 577 1569 620 et
1596 565 1830 619 Verbum
1858 580 1885 615 a
1911 562 2064 616 vobis

488 665 913 719 nominabatur?
943 663 1106 732 Atqui
1163 664 1210 716 si
1256 660 1597 715 Moamethus
1627 668 1885 723 cognatus
1937 668 2067 707 suos

486 755 666 822 potius
693 771 853 823 quam
882 753 1174 821 discipulus
1198 752 1356 804 malis
1380 750 1587 818 eripere
1612 746 1896 807 voluisset,
1918 752 2069 797 certe

489 847 776 901 inatternis
817 846 1098 915 suppliciis
1146 843 1396 913 discipuli
1446 842 1839 894 remansissent
1887 852 2069 893 :nunc

488 956 637 1003 vero,
664 940 986 1009 propinquis
1009 939 1276 999 dimissis.
1310 952 1431 989 cum
1461 936 1555 1004 qui
1584 934 1771 987 eadem
1804 930 2070 1000 religione

486 1043 746 1086 essentex
776 1032 1115 1086 tenebricosa
1146 1030 1236 1083 illa
1265 1029 1481 1082 ﬂamma
1532 1026 1764 1081 voluerit
1813 1024 2066 1089 educere,

490 1138 557 1175 ne
583 1126 681 1175 hoc
707 1122 923 1191 quidem
956 1120 1201 1190 perfecit.

561 1216 647 1270 l5.
679 1214 808 1266 Nam
854 1214 1035 1266 habito
1065 1213 1284 1281 quidem
1320 1211 1385 1264 ad
1417 1210 1681 1278 quosdam
1724 1216 1973 1275 respectu
2005 1222 2070 1259 ex

488 1305 655 1358 animi
692 1304 955 1358 sententia
995 1319 1103 1355 rem
1130 1302 1366 1355 confecit
1392 1317 1405 1352 :
1430 1300 1609 1354 caeteri
1643 1309 1822 1351 autem
1852 1298 1903 1350 in
1945 1312 2065 1365 gur-

490 1401 594 1463 g'te
634 1397 876 1449 derelieti
904 1403 1049 1454 sunt,
1080 1393 1293 1447 etiamsi
1335 1406 1527 1445 omnes
1564 1391 1651 1443 ille
1684 1405 1750 1443 ex
1804 1389 1951 1443 fossa
1982 1404 2076 1443 ex-

492 1490 706 1542 trahere
740 1487 996 1541 voluerit.
1031 1486 1135 1539 Sed
1163 1485 1268 1549 fac,
1296 1484 1596 1539 secundum
1654 1482 1996 1551 propositum
2021 1491 2075 1534 et

493 1584 827 1632 minutatum
872 1576 1161 1630 llloamcthi
1192 1578 1294 1629 hoc
1318 1574 1583 1629 accidisse
1614 1573 2076 1641 ,quonam,obse—

495 1686 615 1734 cro,
637 1670 1012 1739 justojudicio
1032 1667 1146 1721 lieri
1206 1667 1382 1735 putuit
1409 1669 1430 1719 Ἰ
1460 1663 1662 1719 Omnes
1688 1666 1830 1719 enim
1886 1665 2073 1719 eadem

496 1761 759 1828 religione
819 1767 998 1821 erant,
1037 1757 1370 1825 nimiamque
1421 1756 1657 1823 aliquam
1719 1764 2069 1822 peccatorum

502 1849 905 1905 multitudinem
954 1847 1219 1902 ferebant.
1246 1845 1481 1899 Proinde
1512 1844 1597 1898 vel
1623 1858 1808 1898 omnes
1851 1853 2072 1912 pr0pter

508 1942 665 1996 tidem
699 1939 932 1992 liberare
956 1936 1260 2005 oportebat,
1295 1933 1377 1986 vel
1407 1946 1598 1986 omnes
1656 1944 1829 2001 ptenae
1858 1928 2075 1982 tradere

500 2043 721 2103 propter
781 2037 1127 2099 peccatorum
1196 2023 1648 2095 magnitudinem.
1704 2020 1859 2076 Nunc
1920 2037 2073 2086 vero,

496 2124 627 2193 quia
679 2117 1004 2174 criminibus
1060 2115 1334 2169 similibus
1372 2114 1676 2169 obstrictos
1734 2127 1841 2166 non
1884 2112 2073 2167 eodem

500 2216 661 2269 modo
685 2216 1184 2272 remunerat,certe
1212 2216 1306 2259 aut
1331 2205 1417 2259 his
1452 2204 1806 2275 gratiﬁcatur,
1837 2213 1930 2257 aut
1954 2205 2077 2259 illos

499 2303 697 2373 injuria
719 2301 902 2362 allicit,
926 2308 1019 2352 aut
1040 2297 1209 2367 (quod
1235 2296 1451 2351 tertium
1479 2296 1748 2365 superest)
1772 2310 1879 2348 non
1905 2295 2080 2363 potuit

501 2396 759 2465 perlicere
785 2392 838 2445 id
856 2392 1001 2459 quod
1029 2388 1273 2442 volebat:
1294 2403 1607 2456 quanquam
1632 2387 1734 2441 hac
1755 2400 1970 2456 quoque
1993 2388 2078 2439 via

503 2500 695 2538 omnes
741 2498 770 2536 e
802 2480 962 2534 malis
992 2478 1205 2534 liberari
1244 2493 1468 2532 necesse
1525 2488 1660 2532 erat.
1695 2476 1897 2544 Nempe
1931 2478 2075 2543 Alin,

516 2572 923 2642 utprophetam
949 2579 1004 2623 et
1029 2568 1120 2621 Dei
1161 2569 1425 2631 amicum,
1482 2568 1752 2636 plurimos
1806 2569 2077 2637 supplicio

508 2665 716 2733 eripere
738 2667 1013 2729 beataeque
1040 2661 1162 2713 vitm
1210 2660 1511 2729 participes
1569 2659 1778 2714 cﬂicere
1830 2660 2077 2724 decebat,

456 2790 459 2791 ν
516 2756 765 2820 idemque
790 2750 966 2805 facere
990 2748 1241 2811 Fatmen,
1289 2749 1365 2801 tui
1412 2748 1686 2816 prophetae
1725 2748 1910 2812 tiliam,
1958 2763 2080 2817 qua:

516 2845 853 2909 multosipsa
882 2839 1096 2907 coniugi
1133 2853 1234 2891 suo
1257 2838 1340 2889 Ali
1394 2838 1684 2905 proiihetas
1728 2840 1953 2905 peperit.
2002 2841 2079 2891 ita

506 2934 875 3002 unusquisque
893 2947 1079 2984 eorum
1115 2938 1375 2998 quantum
1400 2928 1466 2980 ab
1487 2928 1665 2996 judice
1682 2928 1943 2995 diligitur,
1964 2938 2081 2982 tan-

513 3036 625 3079 tum
660 3025 858 3094 poterit
887 3022 1030 3089 apud
1058 3022 1233 3088 ipsum
1261 3037 1274 3073 :
1301 3020 1436 3072 adeo
1465 3030 1523 3071 ut
1546 3021 1688 3072 alius
1711 3020 1930 3086 quidem
1957 3022 2075 3089 plu-

2169 558 2414 626 Μωάμεθ
2468 558 2644 610 εἵλετο
2707 558 2836 619 τοὺς
2898 558 3181 624 συγγενεῖς
3237 554 3269 622 ἢ
3322 552 3449 615 τοὺς
3485 550 3748 620 φοιτητὰς

2170 650 2338 704 αὑτοῦ
2370 652 2478 703 τῶν
2501 650 2687 704 δεινῶν
2719 649 3023 713 ἐξελέσθαι,
3053 647 3279 716 ἔμειναν
3317 646 3382 698 ἂν
3414 647 3463 696 οἱ
3494 643 3748 711 φοιτηταὶ

2170 741 2452 810 ἀπέραντα
2482 740 2875 809 κολαζόμενοι·
2909 738 3004 791 νῦν
3045 738 3125 801 δὲ,
3162 736 3377 806 χαίρειν
3423 735 3590 794 ἐάσας
3621 733 3749 794 τοὺς

2171 832 2319 900 αύτῷ
2368 833 2784 901 προσήκοντας,
2813 832 2939 893 τοὺς
2980 829 3037 884 δὲ
3083 828 3184 897 τῆς
3229 826 3401 893 αὐτῆς
3450 825 3751 893 θρησκείας

2171 922 2318 992 αὑτῷ
2352 926 2450 992 τῆς
2477 924 2761 992 σκοτεινῆς
2789 922 2987 990 φλογὸς
3014 921 3229 990 ἐκείνης
3261 916 3524 984 ἐθελήσας
3556 917 3751 982 ἐξαγα-

2171 1019 2311 1083 γεῖν,
2343 1017 2465 1070 οὐδὲ
2493 1015 2626 1085 γοῦν
2647 1015 2807 1069 τοῦτο
2836 1013 3203 1083 κατέπραξεν.
3460 1024 3463 1027 ⁷

2244 1199 2517 1268 ιγ’.11ρδς
2569 1201 2667 1268 μὲν
2718 1198 2826 1268 γὰρ
2877 1197 3003 1259 τοὺς
3047 1195 3207 1259 ἐξέϐη
3270 1195 3443 1262 τούτῳ
3478 1193 3539 1245 τὸ
3579 1192 3754 1261 πέρας

2175 1299 2315 1348 κατὰ
2348 1296 2443 1364 τὴν
2478 1294 2738 1363 πρόθεσιν
2766 1307 2779 1322 ⁸
2818 1292 2865 1343 οί
2891 1290 2935 1342 δ’
2966 1287 3437 1355 ἐναπελείφθησαν
3481 1286 3561 1355 τῷ
3589 1287 3757 1356 βαρά-

2176 1389 2289 1458 θρῳ
2311 1426 2326 1450 ,
2368 1388 2558 1439 τούτου
2592 1385 2801 1445 πάντας
2829 1381 3184 1451 βουληθέντος
3218 1377 3498 1441 ἐξελέσθαι
3531 1378 3628 1445 τῆς
3661 1378 3758 1430 τά·

2178 1495 2335 1546 φρου.
2370 1478 2431 1528 El
2464 1476 2521 1527 δὲ
2551 1474 2690 1527 κατὰ
2716 1473 2945 1541 γνώμην
2972 1469 3164 1523 τούτου
3201 1469 3391 1535 γέγονε
3422 1466 3621 1529 ταῦτα,
3650 1467 3755 1519 τίνι

2154 1571 2361 1645 ,δικαία
2418 1570 2613 1636 γέγονε
2672 1567 2882 1635 ψήφῳς
2934 1563 3143 1622 Πάντες
3184 1560 3292 1628 γὰρ
3328 1559 3544 1626 καὶτῆς
3583 1558 3755 1623 αὐτῆς

2178 1662 2475 1733 θρησκείας
2507 1662 2663 1722 ὄντες
2694 1658 3015 1726 ἐτύγχανον,
3041 1656 3137 1708 καὶ
3166 1653 3228 1705 οὐ
3266 1651 3503 1722 φορητόν
3532 1666 3586 1701 τι
3619 1648 3760 1716 πλῆ-

2180 1756 2269 1817 θος
2298 1755 2586 1825 ἁμαρτιῶν
2631 1753 2909 1819 φέροντες.
2947 1748 3016 1801 Ἢ
3051 1747 3182 1814 γοῦν
3212 1744 3337 1806 τοὺς
3382 1743 3596 1803 πάντας
3637 1741 3765 1792 ἀνευ

2176 1844 2366 1900 λέσθαι
2397 1845 2562 1914 ἐχρῆν
2594 1844 2683 1895 διὰ
2708 1843 2810 1911 τὴν
2858 1838 3120 1907 πίστιν,ἢ
3150 1836 3278 1898 τοὺς
3307 1836 3555 1896 ἅπαντας
3596 1833 3755 1885 ἐᾶσαι
3796 1890 3811 1903 ι

2138 1938 2141 1939 ⁷
2176 1936 2501 2000 κολάζεσθαι
2562 1934 2651 1988 διὰ
2697 1931 2760 1985 τὸ
2786 1931 2895 1985 τῶν
2925 1928 3214 1999 ἁμαρτιῶν
3257 1927 3509 1995 μέγεθος.
3546 1924 3659 1976 Νῦν
3699 1923 3756 1976 δὲ

2176 2033 2287 2093 τοῖς
2325 2030 2460 2091 ἴσοις
2491 2025 2845 2094 ἐνεχομένους
2875 2022 2935 2075 ού
2960 2023 3073 2083 τοῖς
3091 2021 3273 2081 αὐτοῖς
3297 2017 3685 2087 ἀμειϐόμενος,
3718 2014 3752 2084 ἦ

2175 2120 2413 2174 τουτοισὶ
2444 2115 2887 2189 χαριζόμενοςὶῆ
2917 2112 3164 2174 ἐκείνους
3194 2111 3396 2165 ἀδικῶν
3421 2107 3697 2178 φαίνεται,
3720 2105 3755 2175 ἢ

2178 2213 2261 2280 (τό
2298 2228 2363 2279 γε
2393 2206 2595 2278 τρίτον)
2636 2207 2711 2278 μὴ
2743 2206 3018 2275 δυνηθεὶς,
3039 2203 3178 2274 ὅπερ
3215 2201 3492 2265 ἐϐούλετο,
3527 2198 3754 2270 πρᾶξαι.

2178 2304 2373 2358 Καίτοι
2401 2318 2464 2370 γε
2494 2302 2590 2353 καὶ
2619 2300 2748 2370 τῇδε
2789 2298 3002 2358 πάντας
3053 2296 3224 2364 ἐχρῆν
3258 2294 3367 2347 τῶν
3389 2292 3578 2347 κακῶν
3603 2291 3757 2344 ἐλευ-

2179 2393 2512 2464 θερωθῆναι.
2540 2393 2647 2444 Τὸν
2677 2392 2785 2459 γὰρ
2827 2389 3010 2458 Ἀλῆν,
3059 2388 3352 2465 προφήτην
3378 2402 3438 2437 τε
3476 2385 3569 2437 καὶ
3599 2384 3756 2452 φίλον

2178 2486 2309 2539 ὄντα
2343 2485 2504 2549 Θεοῦ,
2558 2482 2848 2543 πλείστους
2898 2480 3009 2534 τῶν
3058 2480 3250 2534 δεινῶν
3304 2478 3631 2548 άφαρπάσαι
3674 2476 3754 2549 (l)

2180 2579 2277 2630 καὶ
2319 2578 2419 2641 τῆς
2469 2574 2745 2645 μακαρίας
2778 2570 2949 2636 δεῖξαι
2984 2573 3241 2640 μετόχους
3277 2568 3444 2639 ζωῆς,
3493 2570 3585 2620 καὶ
3620 2566 3756 2635 πρός

2179 2686 2243 2738 γε
2277 2668 2355 2721 ἔτι
2396 2666 2495 2736 τὴν
2540 2666 2834 2732 Φατουμᾶν
2871 2663 2949 2731 (2)
2974 2661 3136 2714 τοῦτο
3180 2661 3381 2729 δρᾶσαι
3406 2702 3419 2721 ,
3474 2658 3755 2727 θυγατέρα

2183 2759 2280 2827 μὲν
2310 2757 2478 2810 οὖσαν
2510 2756 2603 2807 τοῦ
2638 2754 2732 2807 σοῦ
2755 2754 3065 2823 προφήτου,
3089 2750 3319 2813 πολλοὺς
3346 2751 3401 2804 δέ
3432 2750 3597 2804 πάλιν
3627 2766 3760 2821 προ-

2181 2852 2355 2920 φήτας
2388 2849 2639 2916 φύσασαν
2668 2848 2730 2898 ἐκ
2774 2845 2867 2897 τοῦ
2902 2844 3141 2911 συζύγου
3176 2843 3380 2913 ταύτης
3404 2843 3556 2911 Ἀλῆ,
3585 2843 3757 2894 Ἕκα..

2183 2956 2305 3001 στος
2353 2941 2459 3009 γὰρ
2491 2936 2615 2991 καθ’
2650 2937 2773 2989 ὅσον
2798 2935 3121 3005 φιλούμενός
3153 2936 3270 2987 ἐστι
3302 2936 3376 3002 τῷ
3402 2936 3589 3003 κριτῇ,
3618 2934 3762 2988 κατὰ

2182 3029 2433 3084 τοσοῦτον
2460 3030 2751 3097 δυνήσεται
2790 3028 2916 3096 παρ’
2952 3026 3100 3095 αὐτῷ
3124 3043 3138 3058 ⁸
3174 3025 3305 3079 ὥσθ’
3332 3028 3359 3077 6
3389 3025 3486 3094 μὲν
3510 3026 3757 3091 πλείους,
3804 3042 3809 3046 ·

508 3133 615 3180 res,
646 3118 780 3170 alius
818 3116 1123 3183 pauciores,
1158 3112 1384 3180 quilibet
1409 3121 1588 3165 tamen
1637 3128 1667 3165 a
1696 3111 1805 3166 Deo
1850 3112 2079 3167 dilectus

2183 3122 2209 3173 6
2255 3120 2310 3174 δέ
2364 3121 2641 3184 ἐλάττους,
2679 3122 2788 3181 πᾶς
2834 3135 2916 3180 τις
2947 3118 3004 3171 δέ
3037 3118 3187 3188 ὅμως
3223 3116 3517 3185 δυνήσεται
3543 3116 3650 3172 τῶν
3683 3117 3762 3188 τῷ

506 3213 718 3280 aliquos
747 3207 1049 3264 esontibus
1098 3206 1332 3259 liberare
1386 3206 1579 3273 possit,
1630 3212 1784 3257 tanto
1847 3205 2079 3274 quisque

2187 3213 2305 3282 Θεῷ
2334 3213 2675 3282 φιλουμένων
2701 3211 2856 3271 τινὰς
2896 3211 3005 3264 τῶν
3052 3210 3327 3264 ὑποδίκων
3366 3210 3758 3281 ἐλευθερῶσαι,

507 3300 745 3374 (opiner)
779 3314 1030 3375 numero,
1054 3307 1317 3366 quantum
1365 3296 1595 3349 dilectus
1624 3306 1726 3350 est.
1757 3294 1866 3349 Hoc
1898 3298 2079 3366 sequi-

2189 3307 2288 3361 καὶ
2316 3306 2604 3368 τοσούτους
2625 3305 2859 3367 ἕκαστος
2882 3302 3106 3375 (οἳμαι),
3131 3304 3362 3358 καθόσον
3382 3306 3498 3358 ἐστὶ
3516 3296 3758 3374 φιλητός.

508 3405 596 3450 tur
618 3409 683 3448 ex
711 3394 777 3446 iis
796 3405 916 3460 qua:
938 3388 1143 3443 dixisti.
1171 3388 1305 3441 Nam
1324 3387 1369 3440 si
1386 3396 1509 3441 tuus
1534 3388 1797 3457 propheta
1821 3404 1908 3452 eo,
1935 3388 2079 3457 quod

2190 3400 2362 3454 Τοῦτο
2400 3400 2455 3453 δέ
2485 3400 2593 3453 ἀπὸ
2615 3398 2710 3452 τοῦ
2748 3399 2841 3451 σοῦ
2876 3398 3311 3468 συμπεραίνεται
3339 3398 3521 3465 λόγου.
3549 3399 3611 3450 ΕΞ
3650 3398 3761 3469 γάρ

507 3504 539 3543 a
573 3488 680 3541 Deo
712 3483 861 3537 valde
884 3482 1147 3553 diligitur,
1170 3480 1445 3531 inﬁnitum
1473 3492 1661 3531 eorum
1705 3480 1796 3547 qui
1841 3480 2079 3548 puniun-

2193 3494 2271 3563 τῷ
2326 3492 2601 3562 φιλεῖσθαι
2648 3491 2909 3555 ἐπιεικῶς
2966 3491 3199 3561 ἀριθμὸν
3256 3488 3533 3558 ἀμύθητον
3593 3488 3758 3542 σώσει

510 3590 903 3635 turnumerum
938 3572 1200 3636 servabit,
1226 3571 1405 3625 caeteri
1430 3585 1645 3638 quoque
1672 3572 1949 3640 propheta:
1968 3588 2079 3626 om-

2198 3584 2586 3652 κολαζομένων
2622 3585 2650 3635 6
2684 3581 2775 3645 σὸς
2812 3581 3124 3650 προφήτης,
3156 3578 3349 3632 ταυτὸν
3394 3578 3461 3631 ἂν
3500 3576 3760 3645 δράσαιεν

508 3687 609 3726 nes
634 3671 774 3725 idem
811 3668 988 3721 facere
1042 3672 1305 3732 possunt;
1340 3663 1523 3715 nullus
1556 3662 1701 3715 enim
1747 3679 1936 3717 eorum
1986 3675 2079 3732 est1

2195 3677 2284 3729 καὶ
2316 3677 2364 3729 οῑ
2398 3676 2547 3729 ἄλλοι
2584 3675 2789 3735 πάντες
2817 3672 3097 3741 προφῆται
3117 3686 3132 3700 ο
3166 3669 3338 3729 οὐδεὶς
3362 3668 3471 3738 γὰρ
3492 3668 3761 3739 δήπουθεν

507 3780 670 3835 quem
696 3778 807 3818 non
829 3757 1133 3829 ipsejudici
1163 3757 1408 3810 omnium
1435 3755 1715 3808 hominum
1743 3759 1981 3813 amicum
2001 3774 2079 3816 es-

2193 3768 2421 3829 τούτων,
2447 3767 2504 3819 ὃν
2532 3768 2633 3819 οὐκ
2660 3765 2725 3819 ἂν
2757 3764 2918 3826 αὐτὸς
2949 3763 3151 3832 φήσαις
3183 3762 3335 3831 φίλον
3368 3756 3509 3814 εἶναι
3540 3759 3617 3830 τῷ
3645 3776 3761 3829 κρι-

508 3872 567 3913 se
596 3854 852 3909 allirmes.
1029 3861 1035 3865 '

2190 3863 2260 3933 τῇ
2314 3854 2422 3912 τῶν
2461 3860 2679 3913 πάντων
2716 3855 3042 3926 ἀνθρώπων.

580 3948 649 4002 14
683 3983 699 4000 .
732 3946 919 4015 Igitur,
952 3942 998 3997 si
1026 3955 1150 3995 vera
1189 3939 1284 3993 tibi
1324 3938 1581 4009 iustaque
1641 3939 1824 3995 dicere
1877 3943 2079 4013 videor,

2268 3954 2351 4007 ιδ’.
2417 3952 2481 4006 El
2534 3950 2711 4004 τοίνυν
2768 3965 2852 4000 σοι
2900 3944 3166 4016 δοκοῦμεν
3221 3944 3396 4015 ἀληθῆ
3446 3947 3538 3999 καὶ
3578 3946 3762 3999 δίκαια

510 4055 632 4105 nec,
666 4047 724 4093 ut
755 4046 897 4093 certe
921 4035 1055 4099 scio,
1098 4034 1235 4087 meis
1274 4032 1435 4088 dictis
1476 4032 1742 4088 infensius
1776 4034 2079 4094 adversaria

2192 4045 2395 4113 λέγειν,
2434 4044 2530 4096 καὶ
2562 4042 2662 4093 οὐκ
2694 4038 3037 4098 ἀντιτείνεις,
3067 4034 3129 4088 εὖ
3155 4031 3272 4089 οἶδα
3299 4034 3442 4105 (ούδέ
3471 4036 3579 4105 γὰρ
3607 4037 3764 4088 ἀκαί-

512 4138 644 4203 (ηοιι
683 4132 826 4201 euim
860 4143 1071 4185 mecum
1109 4137 1303 4197 prazter
1338 4126 1447 4179 rem
1498 4128 1826 4182 contendere
1884 4133 2035 4186 voles
2068 4146 2083 4184 :

514 4225 567 4279 id
595 4221 876 4278 ex‘multis
908 4220 1015 4275 tuis
1049 4228 1099 4274 et
1120 4219 1395 4287 praeclaris
1450 4217 1745 4271 virtutibus
1782 4221 2085 4290 eonjicio):

510 4316 640 4386 quid
670 4315 845 4369 facere
876 4328 982 4367 non
1020 4318 1210 4379 posset
1243 4309 1455 4360 inﬁnita
1502 4306 1591 4359 illa
1619 4317 1927 4362 vestrorum
1960 4327 2085 4378 pro-

513 4410 799 4478 phetarum
828 4404 1144 4465 multitudo,
1178 4416 1274 4469 pro
1301 4402 1365 4453 iis
1399 4400 1489 4467 qui
1526 4400 1824 4467 puniuntur
1854 4404 2087 4457 amicum

2195 4154 2305 4207 ρως
2352 4134 2623 4205 καταδέξῃ
2694 4130 3061 4200 φιλονεικεῖν·
3136 4127 3355 4189 πολλοῖς
3432 4132 3545 4189 σοῖς
3604 4128 3761 4183 τοῦτο

2191 4224 2586 4296 τεκμαίρομαι)
2614 4238 2627 4255 ο
2656 4223 2707 4275 τί
2739 4222 2840 4274 οὐκ
2872 4221 2937 4273 ἂν
2974 4221 3253 4290 ίσχύσαιεν
3309 4218 3514 4290 πρᾶξαι
3549 4221 3603 4273 αί
3649 4220 3758 4271 τῶν

2196 4318 2481 4386 ὑμετέρων
2513 4313 2804 4384 προφητῶν
2836 4313 3093 4382 μυριάδες
3120 4313 3220 4381 (3),
3248 4311 3388 4382 ὑπὲρ
3413 4312 3520 4365 τῶν
3540 4313 3763 4376 κολαζο-

2180 4410 2378 4474 ,μένων
2420 4407 2513 4460 τὸν
2564 4407 2718 4473 φίλον
2780 4406 2976 4477 κριτήν
3034 4406 3503 4479 παραιτούμενοι;
3544 4406 3604 4457 ού
3660 4406 3765 4475 μὴν

505 4502 743 4571 judicem
809 4495 1159 4567 deprecans?
1202 4493 1332 4562 quid
1394 4508 1519 4555 non,
1582 4492 1894 4561 quicunque
1947 4495 2079 4547 anti-

2195 4469 2333 4552 άλλὰ
2385 4502 2481 4553 καὶ
2524 4469 2725 4560 πάντες
2762 4469 2899 4550 οῖ’ὲν
3031 4469 3179 4565 νόμῳ
3211 4469 3572 4566 σωθήσονται,
3606 4469 3765 4567 εἴπερ

513 4610 620 4664 qua
652 4593 771 4660 lege
807 4589 1192 4643 servabuntur.
1246 4584 1293 4638 si
1329 4598 1453 4635 vera
1492 4590 1596 4647 est,
1655 4596 1749 4635 nec
1778 4585 2088 4651 subiuanis,

513 4698 604 4741 tua
632 4681 856 4754 opinio?
897 4681 1064 4740 Cedo,
1093 4690 1299 4745 quaeso,
1355 4674 1445 4727 ubi
1513 4675 1803 4730 collocabis
1850 4676 2088 4745 Moysen,

515 4783 725 4829 tantum
779 4770 997 4826 virum?
1047 4767 1157 4820 ubi.
1191 4764 1358 4818 David
1419 4764 1635 4833 regem?
1680 4765 1770 4818 ubi
1815 4782 1937 4819 cum
1998 4768 2091 4821 illo

516 4867 778 4933 reliquam
814 4877 1029 4915 omnem
1060 4860 1256 4917 seriem
1281 4856 1522 4924 generis,
1555 4873 1619 4909 ex
1646 4873 1751 4923 qua
1784 4860 2085 4912 secundum

516 4973 733 5011 carnem
768 4954 1019 5009 Christus
1070 4960 1152 5005 est
1184 4948 1380 5003 natus?
1408 4948 1545 5001 Num
1582 4949 1731 5001 solus
1761 4946 2098 5006 Moann-thus

517 5051 705 5115 dolore
739 5048 943 5101 fractus
982 5062 1082 5115 pro
1134 5046 1200 5100 iis
1256 5044 1349 5113 qui
1398 5045 1694 5113 puniuntur
1758 5046 2098 5101 intercedet?

522 5145 571 5195 hi
611 5155 738 5194 vero
767 5138 963 5206 lapidei
998 5138 1409 5211 quodammodo
1463 5147 1645 5198 erunt,
1705 5138 2098 5206 suppliciisque

518 5234 741 5286 atTectos
791 5229 1041 5308 homines
1066 5228 1271 5295 absque
1314 5226 1424 5279 ullo
1472 5226 1676 5281 doloris
1730 5241 1892 5281 sensu
1952 5227 2099 5295 aspi-

518 5325 713 5379 cient?
755 5335 934 5375 nonne
993 5318 1415 5387 pulcherrimum
1484 5318 1630 5373 illius
1691 5317 1915 5382 factum,
1948 5323 2092 5388 qqu

521 5422 660 5477 bene
682 5416 1028 5481 successerit,
1060 5414 1126 5467 ad
1170 5414 1576 5467 miserationem
1612 5428 1706 5466 eos
1752 5414 1914 5465 etiam
1948 5430 2097 5468 com-

522 5510 795 5567 movebit?
840 5522 947 5562 non
984 5506 1354 5577 persuadebit,
1391 5514 1450 5559 ut
1478 5505 1523 5559 si
1552 5504 1681 5573 quid
1734 5504 1965 5563 orarint.
2011 5504 2087 5559 rei

594 5648 672 5714 (Ι)
694 5647 919 5718 Supple,
953 5645 1146 5717 ἐχρῆν.

598 5721 676 5788 (2)
703 5713 840 5773 Cod.
868 5713 1036 5774 Cuile
1068 5713 1374 5788 (Purpurio.

701 5788 796 5846 Hic
827 5791 882 5844 in
914 5788 1077 5846 codd.
1116 5783 1358 5839 miniatis
1414 5779 1610 5836 littgris
1684 5779 1947 5848 scriptum
2009 5790 2093 5838 est

2196 4591 2229 4659 ή
2260 4589 2385 4655 δόξα
2418 4606 2511 4641 σου
2545 4587 2753 4658 ἀληθὴς
2820 4588 2914 4638 καὶ
2969 4587 3031 4637 ού
3066 4587 3273 4655 ψευδής
3318 4604 3420 4650 τις,
3452 4583 3585 4639 οὖσα
3632 4603 3765 4655 τυγ-
3802 4624 3803 4629 η

2195 4684 2390 4750 χάνει;
2425 4681 2537 4733 Ποῦ
2565 4682 2671 4750 γὰρ
2701 4682 2911 4748 θήσεις,
2942 4678 3063 4730 εἰπέ
3102 4695 3213 4747 μοι,
3262 4680 3355 4729 καὶ
3390 4679 3634 4747 Μωῦσῆν
3676 4683 3766 4731 τὸν

2193 4772 2483 4834 τοσοῦτονς
2519 4774 2613 4825 καὶ
2641 4771 2804 4823 Δαϐἰδ
2834 4772 2921 4822 τδν
2951 4770 3216 4839 pascua;
3244 4768 3338 4820 καὶ
3372 4771 3470 4821 σὺν
3495 4771 3641 4839 αὑτῷ
3668 4772 3763 4837 τήν

2193 4865 2359 4936 ἄλλην
2412 4866 2592 4918 πᾶσαν
2648 4865 2836 4933 σειρὰν
2892 4862 2986 4915 τοῦ
3036 4862 3249 4928 γένους,
3281 4860 3340 4923 ἐξ
3396 4855 3462 4930 ἦς
3517 4860 3577 4913 τὸ
3628 4864 3768 4914 κατὰ

2195 4958 2375 5026 σάρκα
2410 4958 2643 5024 Χριστός
2665 4973 2677 5014 ;
2700 4952 2774 5007 Ἶι
2797 4959 2823 5007 ὁ
2847 4956 2944 5024 μὲν
2972 4953 3214 5021 Μωάμεθ
3245 4954 3385 5021 ὑπὲρ
3410 4953 3518 5004 τῶν
3547 4953 3771 5017 κολαζο-

2200 5047 2375 5114 μένων
2433 5044 2705 5114 καμφθεὶς
2762 5045 3205 5112 παραιτήσεται,
3274 5041 3419 5093 οὖτοι
3468 5041 3525 5092 δὲ
3577 5043 3770 5096 λίθινοί

2193 5155 2339 5199 τινες
2396 5137 2630 5199 ἔσονται,
2679 5136 2945 5204 ἁναλγητὶ
2995 5139 3121 5198 τοὺς
3175 5137 3232 5189 ἐν
3278 5138 3342 5201 τῇ
3378 5132 3598 5185 κολάσει
3634 5136 3770 5188 θεώ·

2199 5246 2380 5298 μενοι;
2421 5232 2515 5283 καὶ
2588 5231 2711 5282 οὐδὲ
2755 5234 2815 5283 τὸ
2864 5233 3079 5285 ἐκείνου
3138 5234 3471 5305 κατόρθωμα
3531 5228 3766 5305 ἐρεθίσει

2202 5321 2391 5373 τούσδε
2427 5323 2560 5389 πρὸς
2590 5322 2775 5385 ἔλεον,
2813 5325 2933 5376 οὐδὲ
2968 5325 3150 5377 πείσει
3194 5328 3413 5391 πάντως
3442 5328 3662 5398 θαρρεῖν
3697 5327 3771 5389 ὡς

2203 5415 2300 5483 οὐχ
2336 5414 2719 5485 ἁμαρτήσουσι
2762 5415 3081 5484 δεησόμενοι
3110 5432 3125 5481 ;
3154 5418 3313 5485 ,Ἄλλδ
3346 5421 3447 5470 οὐκ
3476 5419 3540 5470 ἂν
3578 5419 3770 5479 εἴποις,

2198 5505 2326 5556 ὅταν
2347 5520 2410 5571 γε
2463 5506 2569 5573 μὴν
2619 5505 2753 5575 πρὸς
2789 5507 2901 5568 τοῖς
2942 5484 3353 5592 άλλοιςᾋιπασι
3410 5507 3773 5576 πρεσϐευταῖς

2205 5643 2271 5695 ad
2305 5658 2455 5697 oram
2492 5661 2505 5696 :
2538 5642 2889 5713 Σημείωσαιο
2924 5646 2973 5697 οἱ
3024 5645 3260 5712 Τοῦρκοι
3318 5646 3569 5710 λέγουσιν
3630 5641 3774 5702 εἶναι

2205 5716 2329 5775 τοὺς
2364 5714 2650 5782 προφήτας
2684 5716 2864 5764 αὐτῶν
2910 5716 3048 5783 ρμδν.
3095 5717 3147 5768 Id
3178 5726 3295 5766 est:
3333 5714 3476 5783 Nola
3514 5732 3532 5768 :
3592 5715 3775 5774 Tuer

2204 5788 2411 5853 dicunt,
2443 5799 2563 5836 suos
2598 5787 2881 5851 prop/tetas
2911 5800 3129 5838 numero
3156 5799 3266 5837 esse
3294 5782 3464 5837 CXLI
3484 5784 3544 5839 γ.
