  <div class='ocr_page' id='page_1' title='image "/cluster/home/n/w/nwhite01/storage/ocr_20150623/156/mdp.39015078384719/090.png"; bbox 0 0 4144 6282; ppageno 0'>
   <div class='ocr_carea' id='block_1_1' title="bbox 377 374 474 439">
    <p class='ocr_par' dir='ltr' id='par_1_1' title="bbox 377 374 474 439">
     <span class='ocr_line' id='line_1_1' title="bbox 377 374 474 439; baseline -0.021 0"><span class='ocrx_word' id='word_1_1' title='bbox 377 374 474 439; x_wconf 83' lang='grc'><strong>165</strong></span> 
     </span>
    </p>
   </div>
   <div class='ocr_carea' id='block_1_2' title="bbox 1335 368 2626 437">
    <p class='ocr_par' dir='ltr' id='par_1_2' title="bbox 1335 368 2626 437">
     <span class='ocr_line' id='line_1_2' title="bbox 1335 368 2626 437; baseline 0 -3"><span class='ocrx_word' id='word_1_2' title='bbox 1335 374 1723 437; x_wconf 80' lang='lat' dir='ltr'><strong>DIALOGUS</strong></span> <span class='ocrx_word' id='word_1_3' title='bbox 1763 374 1821 432; x_wconf 83' lang='lat' dir='ltr'><strong>II</strong></span> <span class='ocrx_word' id='word_1_4' title='bbox 1860 371 2025 433; x_wconf 86' lang='lat' dir='ltr'><strong>CUM</strong></span> <span class='ocrx_word' id='word_1_5' title='bbox 2058 368 2626 434; x_wconf 83' lang='lat' dir='ltr'><strong>MUHAMETANO.</strong></span> 
     </span>
    </p>
   </div>
   <div class='ocr_carea' id='block_1_3' title="bbox 3534 370 3635 435">
    <p class='ocr_par' dir='ltr' id='par_1_3' title="bbox 3534 370 3635 435">
     <span class='ocr_line' id='line_1_3' title="bbox 3534 370 3635 435; baseline 0.02 -2"><span class='ocrx_word' id='word_1_6' title='bbox 3534 370 3635 435; x_wconf 71' lang='grc' dir='ltr'><strong>ιος</strong></span> 
     </span>
    </p>
   </div>
   <div class='ocr_carea' id='block_1_4' title="bbox 373 480 1960 561">
    <p class='ocr_par' dir='ltr' id='par_1_4' title="bbox 373 483 1949 559">
     <span class='ocr_line' id='line_1_4' title="bbox 373 483 1949 559; baseline 0.001 -20"><span class='ocrx_word' id='word_1_7' title='bbox 373 488 509 551; x_wconf 79' lang='grc' dir='ltr'>(τοίς</span> <span class='ocrx_word' id='word_1_8' title='bbox 541 485 835 556; x_wconf 77' lang='grc' dir='ltr'><strong>ἡμετέροις</strong></span> <span class='ocrx_word' id='word_1_9' title='bbox 868 484 1057 555; x_wconf 84' lang='grc' dir='ltr'>λέγω),</span> <span class='ocrx_word' id='word_1_10' title='bbox 1077 488 1171 541; x_wconf 71' lang='grc' dir='ltr'>καὶ</span> <span class='ocrx_word' id='word_1_11' title='bbox 1195 483 1290 557; x_wconf 85' lang='grc' dir='ltr'>τὴν</span> <span class='ocrx_word' id='word_1_12' title='bbox 1314 487 1408 541; x_wconf 88' lang='grc' dir='ltr'><strong>τοῦ</strong></span> <span class='ocrx_word' id='word_1_13' title='bbox 1436 488 1693 559; x_wconf 78' lang='grc' dir='ltr'><strong>Σωτῆρος</strong></span> <span class='ocrx_word' id='word_1_14' title='bbox 1731 490 1949 559; x_wconf 78' lang='grc' dir='ltr'>μητέρα</span> 
     </span>
    </p>
   </div>
   <div class='ocr_carea' id='block_1_5' title="bbox 2065 480 3634 561">
    <p class='ocr_par' dir='ltr' id='par_1_5' title="bbox 2065 480 3634 550">
     <span class='ocr_line' id='line_1_5' title="bbox 2065 480 3634 550; baseline 0.002 -14"><span class='ocrx_word' id='word_1_15' title='bbox 2065 490 2334 549; x_wconf 83' lang='lat' dir='ltr'><strong>compotes</strong></span> <span class='ocrx_word' id='word_1_16' title='bbox 2368 483 2485 536; x_wconf 88' lang='lat' dir='ltr'><strong>fore</strong></span> <span class='ocrx_word' id='word_1_17' title='bbox 2509 497 2567 535; x_wconf 87' lang='lat' dir='ltr'><strong>se</strong></span> <span class='ocrx_word' id='word_1_18' title='bbox 2619 493 2835 550; x_wconf 89' lang='lat' dir='ltr'><strong>quoque</strong></span> <span class='ocrx_word' id='word_1_19' title='bbox 2895 480 3211 536; x_wconf 81' lang='lat' dir='ltr'><strong>confidant?</strong></span> <span class='ocrx_word' id='word_1_20' title='bbox 3259 482 3364 538; x_wconf 85' lang='lat' dir='ltr'><strong>Sed</strong></span> <span class='ocrx_word' id='word_1_21' title='bbox 3403 483 3504 539; x_wconf 90' lang='lat' dir='ltr'><strong>hoc</strong></span> <span class='ocrx_word' id='word_1_22' title='bbox 3540 501 3634 539; x_wconf 91' lang='lat' dir='ltr'><strong>ne-</strong></span> 
     </span>
    </p>
   </div>
   <div class='ocr_carea' id='block_1_6' title="bbox 372 575 1949 649">
    <p class='ocr_par' dir='ltr' id='par_1_6' title="bbox 372 575 1949 649">
     <span class='ocr_line' id='line_1_6' title="bbox 372 575 1949 649; baseline 0.002 -21"><span class='ocrx_word' id='word_1_23' title='bbox 372 576 715 646; x_wconf 82' lang='grc' dir='ltr'>ένθυμηθῇς,</span> <span class='ocrx_word' id='word_1_24' title='bbox 763 575 1100 646; x_wconf 82' lang='grc' dir='ltr'><strong>συγγνώμην</strong></span> <span class='ocrx_word' id='word_1_25' title='bbox 1136 595 1199 646; x_wconf 90' lang='grc' dir='ltr'><strong>γε</strong></span> <span class='ocrx_word' id='word_1_26' title='bbox 1234 576 1635 647; x_wconf 78' lang='grc' dir='ltr'><strong>ἐξαιτουμένην</strong></span> <span class='ocrx_word' id='word_1_27' title='bbox 1667 579 1809 649; x_wconf 83' lang='grc' dir='ltr'>ὑπὲρ</span> <span class='ocrx_word' id='word_1_28' title='bbox 1839 581 1949 631; x_wconf 80' lang='grc' dir='ltr'><strong>τῶν</strong></span> 
     </span>
    </p>
   </div>
   <div class='ocr_carea' id='block_1_7' title="bbox 373 662 1947 741">
    <p class='ocr_par' dir='ltr' id='par_1_7' title="bbox 373 662 1947 741">
     <span class='ocr_line' id='line_1_7' title="bbox 373 662 1947 741; baseline 0.004 -21"><span class='ocrx_word' id='word_1_29' title='bbox 373 670 454 730; x_wconf 87' lang='grc' dir='ltr'><strong>είς</strong></span> <span class='ocrx_word' id='word_1_30' title='bbox 499 669 728 736; x_wconf 87' lang='grc' dir='ltr'>γέενναν</span> <span class='ocrx_word' id='word_1_31' title='bbox 760 669 1176 738; x_wconf 76' lang='grc' dir='ltr'>ἐμϐληθέντων·</span> <span class='ocrx_word' id='word_1_32' title='bbox 1220 671 1341 741; x_wconf 73' lang='grc' dir='ltr'>ἥτις</span> <span class='ocrx_word' id='word_1_33' title='bbox 1392 670 1455 738; x_wconf 82' lang='grc' dir='ltr'>δὴ</span> <span class='ocrx_word' id='word_1_34' title='bbox 1497 670 1681 739; x_wconf 75' lang='grc' dir='ltr'>μήτηρ</span> <span class='ocrx_word' id='word_1_35' title='bbox 1732 662 1947 739; x_wconf 60' lang='grc' dir='ltr'>ἀπόχρη</span> 
     </span>
    </p>
   </div>
   <div class='ocr_carea' id='block_1_8' title="bbox 372 757 1951 832">
    <p class='ocr_par' dir='ltr' id='par_1_8' title="bbox 372 757 1951 832">
     <span class='ocr_line' id='line_1_8' title="bbox 372 757 1951 832; baseline 0.001 -21"><span class='ocrx_word' id='word_1_36' title='bbox 372 760 468 812; x_wconf 71' lang='grc' dir='ltr'>καὶ</span> <span class='ocrx_word' id='word_1_37' title='bbox 501 760 638 830; x_wconf 89' lang='grc' dir='ltr'>μόνη</span> <span class='ocrx_word' id='word_1_38' title='bbox 677 760 739 812; x_wconf 83' lang='grc' dir='ltr'><strong>τὸ</strong></span> <span class='ocrx_word' id='word_1_39' title='bbox 771 761 881 812; x_wconf 82' lang='grc' dir='ltr'><strong>πᾶν</strong></span> <span class='ocrx_word' id='word_1_40' title='bbox 919 760 1287 830; x_wconf 80' lang='grc' dir='ltr'>ἐργάσασθαι,</span> <span class='ocrx_word' id='word_1_41' title='bbox 1327 762 1486 829; x_wconf 82' lang='grc' dir='ltr'>είπερ</span> <span class='ocrx_word' id='word_1_42' title='bbox 1514 762 1660 823; x_wconf 80' lang='grc' dir='ltr'>είκδς</span> <span class='ocrx_word' id='word_1_43' title='bbox 1691 757 1757 832; x_wconf 85' lang='grc' dir='ltr'>ἦν</span> <span class='ocrx_word' id='word_1_44' title='bbox 1789 761 1951 813; x_wconf 85' lang='grc' dir='ltr'>τοῦτο</span> 
     </span>
    </p>
   </div>
   <div class='ocr_carea' id='block_1_9' title="bbox 372 838 1949 923">
    <p class='ocr_par' dir='ltr' id='par_1_9' title="bbox 372 838 1949 923">
     <span class='ocr_line' id='line_1_9' title="bbox 372 838 1949 923; baseline 0.002 -21"><span class='ocrx_word' id='word_1_45' title='bbox 372 851 651 916; x_wconf 87' lang='grc' dir='ltr'>γενέσθαι.</span> <span class='ocrx_word' id='word_1_46' title='bbox 674 850 739 904; x_wconf 83' lang='grc' dir='ltr'>Τί</span> <span class='ocrx_word' id='word_1_47' title='bbox 764 850 829 904; x_wconf 91' lang='grc' dir='ltr'><strong>ἂν</strong></span> <span class='ocrx_word' id='word_1_48' title='bbox 848 852 1042 917; x_wconf 55' lang='lat' dir='ltr'><strong>errrem;</strong></span> <span class='ocrx_word' id='word_1_49' title='bbox 1075 849 1110 923; x_wconf 83' lang='grc' dir='ltr'>ἦ</span> <span class='ocrx_word' id='word_1_50' title='bbox 1137 853 1321 922; x_wconf 78' lang='grc' dir='ltr'>δῆλον,</span> <span class='ocrx_word' id='word_1_51' title='bbox 1353 852 1433 914; x_wconf 83' lang='grc' dir='ltr'>ὡς</span> <span class='ocrx_word' id='word_1_52' title='bbox 1466 850 1645 913; x_wconf 75' lang='grc' dir='ltr'>οὐδεὶς</span> <span class='ocrx_word' id='word_1_53' title='bbox 1668 838 1949 920; x_wconf 83' lang='grc' dir='ltr'>τῶνφαύ·</span> 
     </span>
    </p>
   </div>
   <div class='ocr_carea' id='block_1_10' title="bbox 373 938 1951 1012">
    <p class='ocr_par' dir='ltr' id='par_1_10' title="bbox 373 938 1951 1012">
     <span class='ocr_line' id='line_1_10' title="bbox 373 938 1951 1012; baseline 0.004 -21"><span class='ocrx_word' id='word_1_54' title='bbox 373 940 481 992; x_wconf 82' lang='grc' dir='ltr'><strong>λων</strong></span> <span class='ocrx_word' id='word_1_55' title='bbox 515 938 822 1009; x_wconf 85' lang='grc' dir='ltr'>ἀνθρώπων</span> <span class='ocrx_word' id='word_1_56' title='bbox 871 941 1029 1012; x_wconf 87' lang='grc' dir='ltr'>δίκην</span> <span class='ocrx_word' id='word_1_57' title='bbox 1076 941 1281 995; x_wconf 78' lang='grc' dir='ltr'><strong>τίσειεν</strong></span> <span class='ocrx_word' id='word_1_58' title='bbox 1310 942 1401 1009; x_wconf 81' lang='grc' dir='ltr'><strong>ἂν,</strong></span> <span class='ocrx_word' id='word_1_59' title='bbox 1431 942 1548 995; x_wconf 84' lang='grc' dir='ltr'>ἀλλ’</span> <span class='ocrx_word' id='word_1_60' title='bbox 1578 942 1818 1006; x_wconf 74' lang='grc' dir='ltr'>ἅπαντες</span> <span class='ocrx_word' id='word_1_61' title='bbox 1850 944 1951 1012; x_wconf 82' lang='grc' dir='ltr'><strong>μὲν</strong></span> 
     </span>
    </p>
   </div>
   <div class='ocr_carea' id='block_1_11' title="bbox 378 1031 1952 1106">
    <p class='ocr_par' dir='ltr' id='par_1_11' title="bbox 378 1031 1952 1106">
     <span class='ocr_line' id='line_1_11' title="bbox 378 1031 1952 1106; baseline 0.004 -23"><span class='ocrx_word' id='word_1_62' title='bbox 378 1031 699 1101; x_wconf 83' lang='grc' dir='ltr'><strong>ἀνδροφόνοι</strong></span> <span class='ocrx_word' id='word_1_63' title='bbox 744 1033 841 1085; x_wconf 80' lang='grc' dir='ltr'>καὶ</span> <span class='ocrx_word' id='word_1_64' title='bbox 884 1033 1131 1101; x_wconf 81' lang='grc' dir='ltr'><strong>μέθυσοι,</strong></span> <span class='ocrx_word' id='word_1_65' title='bbox 1165 1033 1406 1097; x_wconf 76' lang='grc' dir='ltr'>ἅπαντες</span> <span class='ocrx_word' id='word_1_66' title='bbox 1459 1035 1504 1087; x_wconf 81' lang='grc' dir='ltr'>δ’</span> <span class='ocrx_word' id='word_1_67' title='bbox 1550 1034 1822 1106; x_wconf 71' lang='grc' dir='ltr'>ἅρπαγες,</span> <span class='ocrx_word' id='word_1_68' title='bbox 1855 1038 1952 1091; x_wconf 78' lang='grc' dir='ltr'>καὶ</span> 
     </span>
    </p>
   </div>
   <div class='ocr_carea' id='block_1_12' title="bbox 377 1123 1951 1199">
    <p class='ocr_par' dir='ltr' id='par_1_12' title="bbox 377 1123 1951 1199">
     <span class='ocr_line' id='line_1_12' title="bbox 377 1123 1951 1199; baseline 0.003 -22"><span class='ocrx_word' id='word_1_69' title='bbox 377 1123 689 1188; x_wconf 75' lang='grc' dir='ltr'><strong>ἀκόλαστοι,</strong></span> <span class='ocrx_word' id='word_1_70' title='bbox 722 1126 819 1179; x_wconf 77' lang='grc' dir='ltr'>καὶ</span> <span class='ocrx_word' id='word_1_71' title='bbox 853 1125 1182 1193; x_wconf 84' lang='grc' dir='ltr'>λωποδύται,</span> <span class='ocrx_word' id='word_1_72' title='bbox 1205 1127 1301 1180; x_wconf 68' lang='grc' dir='ltr'><strong>καὶ</strong></span> <span class='ocrx_word' id='word_1_73' title='bbox 1332 1127 1624 1199; x_wconf 77' lang='grc' dir='ltr'>ἱερόσυλοι,</span> <span class='ocrx_word' id='word_1_74' title='bbox 1662 1132 1760 1184; x_wconf 79' lang='grc' dir='ltr'>καὶ</span> <span class='ocrx_word' id='word_1_75' title='bbox 1795 1132 1823 1182; x_wconf 87' lang='grc' dir='ltr'><strong>ό</strong></span> <span class='ocrx_word' id='word_1_76' title='bbox 1843 1130 1951 1181; x_wconf 83' lang='grc' dir='ltr'><strong>τῶν</strong></span> 
     </span>
    </p>
   </div>
   <div class='ocr_carea' id='block_1_13' title="bbox 376 1216 1951 1288">
    <p class='ocr_par' dir='ltr' id='par_1_13' title="bbox 376 1216 1951 1288">
     <span class='ocr_line' id='line_1_13' title="bbox 376 1216 1951 1288; baseline 0.004 -20"><span class='ocrx_word' id='word_1_77' title='bbox 376 1216 634 1271; x_wconf 82' lang='grc' dir='ltr'>τοιούτων</span> <span class='ocrx_word' id='word_1_78' title='bbox 662 1219 836 1287; x_wconf 72' lang='grc' dir='ltr'>ἑσμὸς</span> <span class='ocrx_word' id='word_1_79' title='bbox 859 1218 969 1271; x_wconf 85' lang='grc' dir='ltr'><strong>τῶν</strong></span> <span class='ocrx_word' id='word_1_80' title='bbox 1014 1220 1253 1272; x_wconf 78' lang='grc' dir='ltr'>αἰωνίων</span> <span class='ocrx_word' id='word_1_81' title='bbox 1290 1220 1513 1288; x_wconf 83' lang='grc' dir='ltr'>ἀγαθῶν</span> <span class='ocrx_word' id='word_1_82' title='bbox 1547 1222 1951 1288; x_wconf 78' lang='grc' dir='ltr'>ἀπολαύσουσι;</span> 
     </span>
    </p>
   </div>
   <div class='ocr_carea' id='block_1_14' title="bbox 375 1307 1954 1382">
    <p class='ocr_par' dir='ltr' id='par_1_14' title="bbox 375 1307 1954 1382">
     <span class='ocr_line' id='line_1_14' title="bbox 375 1307 1954 1382; baseline 0.003 -23"><span class='ocrx_word' id='word_1_83' title='bbox 375 1307 449 1359; x_wconf 81' lang='grc' dir='ltr'><strong>Τὸ</strong></span> <span class='ocrx_word' id='word_1_84' title='bbox 484 1308 591 1378; x_wconf 78' lang='grc' dir='ltr'>γὰρ</span> <span class='ocrx_word' id='word_1_85' title='bbox 626 1308 827 1377; x_wconf 80' lang='grc' dir='ltr'>ἑτέρως</span> <span class='ocrx_word' id='word_1_86' title='bbox 855 1310 1076 1379; x_wconf 82' lang='grc' dir='ltr'>φρονεῖν</span> <span class='ocrx_word' id='word_1_87' title='bbox 1108 1310 1373 1375; x_wconf 80' lang='grc' dir='ltr'>ἐπιεικῶς</span> <span class='ocrx_word' id='word_1_88' title='bbox 1401 1310 1772 1382; x_wconf 86' lang='grc' dir='ltr'>ἀνάρμοστον.</span> <span class='ocrx_word' id='word_1_89' title='bbox 1796 1314 1954 1363; x_wconf 83' lang='grc' dir='ltr'>Δυοῖν</span> 
     </span>
    </p>
   </div>
   <div class='ocr_carea' id='block_1_15' title="bbox 272 1398 1956 1481">
    <p class='ocr_par' dir='ltr' id='par_1_15' title="bbox 272 1398 1956 1481">
     <span class='ocr_line' id='line_1_15' title="bbox 272 1398 1956 1481; baseline 0.002 -30"><span class='ocrx_word' id='word_1_90' title='bbox 272 1478 283 1481; x_wconf 12' lang='grc' dir='ltr'><strong>τ</strong></span> <span class='ocrx_word' id='word_1_91' title='bbox 374 1398 430 1451; x_wconf 79' lang='grc' dir='ltr'>δὲ</span> <span class='ocrx_word' id='word_1_92' title='bbox 485 1398 734 1468; x_wconf 84' lang='grc' dir='ltr'>θάτερον,</span> <span class='ocrx_word' id='word_1_93' title='bbox 791 1398 901 1466; x_wconf 87' lang='grc' dir='ltr'>φίλ’</span> <span class='ocrx_word' id='word_1_94' title='bbox 955 1400 1175 1469; x_wconf 85' lang='grc' dir='ltr'>έταῖρε,</span> <span class='ocrx_word' id='word_1_95' title='bbox 1227 1401 1409 1469; x_wconf 88' lang='grc' dir='ltr'>λέγειν</span> <span class='ocrx_word' id='word_1_96' title='bbox 1479 1403 1735 1471; x_wconf 83' lang='grc' dir='ltr'>ἀνάγκη·</span> <span class='ocrx_word' id='word_1_97' title='bbox 1796 1400 1829 1470; x_wconf 82' lang='grc' dir='ltr'><strong>ἢ</strong></span> <span class='ocrx_word' id='word_1_98' title='bbox 1887 1403 1956 1454; x_wconf 88' lang='grc' dir='ltr'><strong>τά</strong></span> 
     </span>
    </p>
   </div>
   <div class='ocr_carea' id='block_1_16' title="bbox 2053 572 3637 642">
    <p class='ocr_par' dir='ltr' id='par_1_16' title="bbox 2053 572 3637 642">
     <span class='ocr_line' id='line_1_16' title="bbox 2053 572 3637 642; baseline 0.004 -17"><span class='ocrx_word' id='word_1_99' title='bbox 2053 589 2331 642; x_wconf 86' lang='lat' dir='ltr'><strong>quaquam</strong></span> <span class='ocrx_word' id='word_1_100' title='bbox 2370 573 2598 637; x_wconf 82' lang='lat' dir='ltr'><strong>dixeris,</strong></span> <span class='ocrx_word' id='word_1_101' title='bbox 2635 572 2931 625; x_wconf 86' lang='lat' dir='ltr'><strong>dummodo</strong></span> <span class='ocrx_word' id='word_1_102' title='bbox 3002 584 3198 638; x_wconf 86' lang='lat' dir='ltr'><strong>praeter</strong></span> <span class='ocrx_word' id='word_1_103' title='bbox 3242 589 3432 630; x_wconf 87' lang='lat' dir='ltr'><strong>omnes</strong></span> <span class='ocrx_word' id='word_1_104' title='bbox 3478 589 3637 631; x_wconf 65' lang='lat' dir='ltr'><strong>catte-</strong></span> 
     </span>
    </p>
   </div>
   <div class='ocr_carea' id='block_1_17' title="bbox 2054 664 3635 733">
    <p class='ocr_par' dir='ltr' id='par_1_17' title="bbox 2054 664 3635 733">
     <span class='ocr_line' id='line_1_17' title="bbox 2054 664 3635 733; baseline 0.003 -15"><span class='ocrx_word' id='word_1_105' title='bbox 2054 681 2147 720; x_wconf 88' lang='lat' dir='ltr'><strong>ros</strong></span> <span class='ocrx_word' id='word_1_106' title='bbox 2208 666 2594 733; x_wconf 76' lang='lat' dir='ltr'><strong>deprecatores</strong></span> <span class='ocrx_word' id='word_1_107' title='bbox 2658 671 2900 732; x_wconf 80' lang='lat' dir='ltr'><strong>(nostros</strong></span> <span class='ocrx_word' id='word_1_108' title='bbox 2928 664 3073 733; x_wconf 83' lang='lat' dir='ltr'><strong>dic‘o)</strong></span> <span class='ocrx_word' id='word_1_109' title='bbox 3132 664 3183 718; x_wconf 91' lang='lat' dir='ltr'><strong>in</strong></span> <span class='ocrx_word' id='word_1_110' title='bbox 3255 676 3487 721; x_wconf 88' lang='lat' dir='ltr'><strong>mentem</strong></span> <span class='ocrx_word' id='word_1_111' title='bbox 3540 670 3635 723; x_wconf 85' lang='lat' dir='ltr'><strong>tibi</strong></span> 
     </span>
    </p>
   </div>
   <div class='ocr_carea' id='block_1_18' title="bbox 2055 759 3634 829">
    <p class='ocr_par' dir='ltr' id='par_1_18' title="bbox 2055 759 3634 829">
     <span class='ocr_line' id='line_1_18' title="bbox 2055 759 3634 829; baseline 0.001 -16"><span class='ocrx_word' id='word_1_112' title='bbox 2055 761 2237 814; x_wconf 86' lang='lat' dir='ltr'><strong>veniat</strong></span> <span class='ocrx_word' id='word_1_113' title='bbox 2261 760 2570 814; x_wconf 88' lang='lat' dir='ltr'><strong>Servatoris</strong></span> <span class='ocrx_word' id='word_1_114' title='bbox 2594 759 2766 828; x_wconf 85' lang='lat' dir='ltr'><strong>ipsius</strong></span> <span class='ocrx_word' id='word_1_115' title='bbox 2787 769 2979 824; x_wconf 90' lang='lat' dir='ltr'><strong>mater,</strong></span> <span class='ocrx_word' id='word_1_116' title='bbox 2996 775 3094 828; x_wconf 91' lang='lat' dir='ltr'><strong>pro</strong></span> <span class='ocrx_word' id='word_1_117' title='bbox 3111 759 3337 827; x_wconf 88' lang='lat' dir='ltr'><strong>dejectis</strong></span> <span class='ocrx_word' id='word_1_118' title='bbox 3363 762 3412 813; x_wconf 94' lang='lat' dir='ltr'><strong>in</strong></span> <span class='ocrx_word' id='word_1_119' title='bbox 3433 764 3634 829; x_wconf 77' lang='lat' dir='ltr'><strong>gehen-</strong></span> 
     </span>
    </p>
   </div>
   <div class='ocr_carea' id='block_1_19' title="bbox 2055 852 3639 922">
    <p class='ocr_par' dir='ltr' id='par_1_19' title="bbox 2055 852 3639 922">
     <span class='ocr_line' id='line_1_19' title="bbox 2055 852 3639 922; baseline 0.001 -16"><span class='ocrx_word' id='word_1_120' title='bbox 2055 868 2181 906; x_wconf 87' lang='lat' dir='ltr'><strong>nam</strong></span> <span class='ocrx_word' id='word_1_121' title='bbox 2216 852 2533 922; x_wconf 87' lang='lat' dir='ltr'><strong>supplicans</strong></span> <span class='ocrx_word' id='word_1_122' title='bbox 2562 870 2573 905; x_wconf 89' lang='lat'><strong>:</strong></span> <span class='ocrx_word' id='word_1_123' title='bbox 2610 867 2732 921; x_wconf 67' lang='lat' dir='ltr'><strong>quae</strong></span> <span class='ocrx_word' id='word_1_124' title='bbox 2771 853 2993 921; x_wconf 88' lang='lat' dir='ltr'><strong>quidem</strong></span> <span class='ocrx_word' id='word_1_125' title='bbox 3027 862 3199 906; x_wconf 83' lang='lat' dir='ltr'><strong>mater</strong></span> <span class='ocrx_word' id='word_1_126' title='bbox 3235 853 3349 905; x_wconf 90' lang='lat' dir='ltr'><strong>sola</strong></span> <span class='ocrx_word' id='word_1_127' title='bbox 3383 854 3506 906; x_wconf 88' lang='lat' dir='ltr'><strong>huic</strong></span> <span class='ocrx_word' id='word_1_128' title='bbox 3539 855 3639 908; x_wconf 86' lang='lat' dir='ltr'><strong>toti</strong></span> 
     </span>
    </p>
   </div>
   <div class='ocr_carea' id='block_1_20' title="bbox 2052 944 3638 1021">
    <p class='ocr_par' dir='ltr' id='par_1_20' title="bbox 2052 944 3638 1021">
     <span class='ocr_line' id='line_1_20' title="bbox 2052 944 3638 1021; baseline -0.001 -22"><span class='ocrx_word' id='word_1_129' title='bbox 2052 946 2272 1015; x_wconf 87' lang='lat' dir='ltr'><strong>negotio</strong></span> <span class='ocrx_word' id='word_1_130' title='bbox 2315 946 2677 1011; x_wconf 82' lang='lat' dir='ltr'><strong>conficiendo,</strong></span> <span class='ocrx_word' id='word_1_131' title='bbox 2712 945 2757 999; x_wconf 90' lang='lat' dir='ltr'><strong>si</strong></span> <span class='ocrx_word' id='word_1_132' title='bbox 2811 944 3031 1013; x_wconf 81' lang='lat' dir='ltr'><strong>quidem</strong></span> <span class='ocrx_word' id='word_1_133' title='bbox 3067 945 3434 1021; x_wconf 39' lang='lat' dir='ltr'><strong>ullo&#39;omninu</strong></span> <span class='ocrx_word' id='word_1_134' title='bbox 3474 947 3638 999; x_wconf 79' lang='lat' dir='ltr'><strong>modo</strong></span> 
     </span>
    </p>
   </div>
   <div class='ocr_carea' id='block_1_21' title="bbox 2055 1034 3645 1107">
    <p class='ocr_par' dir='ltr' id='par_1_21' title="bbox 2055 1034 3645 1107">
     <span class='ocr_line' id='line_1_21' title="bbox 2055 1034 3645 1107; baseline 0 -17"><span class='ocrx_word' id='word_1_135' title='bbox 2055 1036 2170 1091; x_wconf 82' lang='lat' dir='ltr'><strong>ﬁeri</strong></span> <span class='ocrx_word' id='word_1_136' title='bbox 2200 1047 2405 1105; x_wconf 85' lang='lat' dir='ltr'><strong>posset,</strong></span> <span class='ocrx_word' id='word_1_137' title='bbox 2436 1053 2663 1107; x_wconf 86' lang='lat' dir='ltr'><strong>prorsus</strong></span> <span class='ocrx_word' id='word_1_138' title='bbox 2696 1036 2987 1092; x_wconf 78' lang='lat' dir='ltr'><strong>sufﬁceret.</strong></span> <span class='ocrx_word' id='word_1_139' title='bbox 3010 1034 3127 1090; x_wconf 82' lang='lat' dir='ltr'><strong>Jam</strong></span> <span class='ocrx_word' id='word_1_140' title='bbox 3154 1052 3282 1091; x_wconf 88' lang='lat' dir='ltr'><strong>vero</strong></span> <span class='ocrx_word' id='word_1_141' title='bbox 3305 1038 3434 1106; x_wconf 90' lang='lat' dir='ltr'><strong>quid</strong></span> <span class='ocrx_word' id='word_1_142' title='bbox 3471 1037 3645 1092; x_wconf 80' lang='lat' dir='ltr'><strong>dicis?</strong></span> 
     </span>
    </p>
   </div>
   <div class='ocr_carea' id='block_1_22' title="bbox 2055 1129 3643 1195">
    <p class='ocr_par' dir='ltr' id='par_1_22' title="bbox 2055 1129 3643 1195">
     <span class='ocr_line' id='line_1_22' title="bbox 2055 1129 3643 1195; baseline 0.003 -16"><span class='ocrx_word' id='word_1_143' title='bbox 2055 1142 2240 1182; x_wconf 84' lang='lat' dir='ltr'><strong>nonne</strong></span> <span class='ocrx_word' id='word_1_144' title='bbox 2287 1129 2463 1195; x_wconf 86' lang='lat' dir='ltr'><strong>palam</strong></span> <span class='ocrx_word' id='word_1_145' title='bbox 2517 1136 2622 1194; x_wconf 89' lang='lat' dir='ltr'><strong>est,</strong></span> <span class='ocrx_word' id='word_1_146' title='bbox 2675 1129 3049 1194; x_wconf 89' lang='lat' dir='ltr'><strong>improborum</strong></span> <span class='ocrx_word' id='word_1_147' title='bbox 3089 1130 3369 1185; x_wconf 87' lang='lat' dir='ltr'><strong>hominum</strong></span> <span class='ocrx_word' id='word_1_148' title='bbox 3408 1129 3487 1183; x_wconf 87' lang='lat' dir='ltr'><strong>sic</strong></span> <span class='ocrx_word' id='word_1_149' title='bbox 3546 1144 3643 1183; x_wconf 91' lang='lat' dir='ltr'><strong>ne-</strong></span> 
     </span>
    </p>
   </div>
   <div class='ocr_carea' id='block_1_23' title="bbox 2056 1217 3640 1283">
    <p class='ocr_par' dir='ltr' id='par_1_23' title="bbox 2056 1217 3640 1283">
     <span class='ocr_line' id='line_1_23' title="bbox 2056 1217 3640 1283; baseline 0.003 -16"><span class='ocrx_word' id='word_1_150' title='bbox 2056 1217 2259 1270; x_wconf 90' lang='lat' dir='ltr'><strong>minem</strong></span> <span class='ocrx_word' id='word_1_151' title='bbox 2283 1231 2405 1271; x_wconf 87' lang='lat' dir='ltr'><strong>esse</strong></span> <span class='ocrx_word' id='word_1_152' title='bbox 2436 1231 2625 1283; x_wconf 69' lang='lat' dir='ltr'><strong>pmnas</strong></span> <span class='ocrx_word' id='word_1_153' title='bbox 2657 1218 2932 1281; x_wconf 90' lang='lat' dir='ltr'><strong>daturum,</strong></span> <span class='ocrx_word' id='word_1_154' title='bbox 2963 1218 3055 1271; x_wconf 88' lang='lat' dir='ltr'><strong>sed</strong></span> <span class='ocrx_word' id='word_1_155' title='bbox 3087 1218 3393 1271; x_wconf 87' lang='lat' dir='ltr'><strong>homicidas</strong></span> <span class='ocrx_word' id='word_1_156' title='bbox 3429 1232 3640 1282; x_wconf 89' lang='lat' dir='ltr'><strong>omnes,</strong></span> 
     </span>
    </p>
   </div>
   <div class='ocr_carea' id='block_1_24' title="bbox 2061 1306 3645 1374">
    <p class='ocr_par' dir='ltr' id='par_1_24' title="bbox 2061 1306 3645 1374">
     <span class='ocr_line' id='line_1_24' title="bbox 2061 1306 3645 1374; baseline 0.001 -15"><span class='ocrx_word' id='word_1_157' title='bbox 2061 1306 2334 1367; x_wconf 85' lang='lat' dir='ltr'><strong>ebriosos,</strong></span> <span class='ocrx_word' id='word_1_158' title='bbox 2365 1317 2634 1373; x_wconf 88' lang='lat' dir='ltr'><strong>raptores,</strong></span> <span class='ocrx_word' id='word_1_159' title='bbox 2666 1306 3005 1369; x_wconf 88' lang='lat' dir='ltr'><strong>libidinosos,</strong></span> <span class='ocrx_word' id='word_1_160' title='bbox 3057 1318 3419 1374; x_wconf 78' lang='lat' dir='ltr'><strong>grassatores,</strong></span> <span class='ocrx_word' id='word_1_161' title='bbox 3471 1309 3645 1361; x_wconf 87' lang='lat' dir='ltr'><strong>sacri-</strong></span> 
     </span>
    </p>
   </div>
   <div class='ocr_carea' id='block_1_25' title="bbox 2062 1392 3646 1464">
    <p class='ocr_par' dir='ltr' id='par_1_25' title="bbox 2062 1392 3646 1464">
     <span class='ocr_line' id='line_1_25' title="bbox 2062 1392 3646 1464; baseline 0.003 -18"><span class='ocrx_word' id='word_1_162' title='bbox 2062 1393 2232 1461; x_wconf 90' lang='lat' dir='ltr'><strong>legos,</strong></span> <span class='ocrx_word' id='word_1_163' title='bbox 2293 1401 2583 1459; x_wconf 80' lang='lat' dir='ltr'><strong>telumque</strong></span> <span class='ocrx_word' id='word_1_164' title='bbox 2642 1392 2954 1460; x_wconf 88' lang='lat' dir='ltr'><strong>hujusmodi</strong></span> <span class='ocrx_word' id='word_1_165' title='bbox 3004 1408 3220 1462; x_wconf 78' lang='lat' dir='ltr'><strong>gregem</strong></span> <span class='ocrx_word' id='word_1_166' title='bbox 3298 1397 3646 1464; x_wconf 84' lang='lat' dir='ltr'><strong>sempiternis</strong></span> 
     </span>
    </p>
   </div>
   <div class='ocr_carea' id='block_1_26' title="bbox 373 1482 1960 1560">
    <p class='ocr_par' dir='ltr' id='par_1_26' title="bbox 373 1488 1959 1560">
     <span class='ocr_line' id='line_1_26' title="bbox 373 1488 1959 1560; baseline 0.002 -19"><span class='ocrx_word' id='word_1_167' title='bbox 373 1488 558 1541; x_wconf 87' lang='grc' dir='ltr'>δίκαια</span> <span class='ocrx_word' id='word_1_168' title='bbox 590 1489 889 1559; x_wconf 79' lang='grc' dir='ltr'>τηροῦντος</span> <span class='ocrx_word' id='word_1_169' title='bbox 915 1488 1010 1541; x_wconf 87' lang='grc' dir='ltr'><strong>τοῦ</strong></span> <span class='ocrx_word' id='word_1_170' title='bbox 1038 1490 1255 1559; x_wconf 77' lang='grc' dir='ltr'>κριτοῦ,</span> <span class='ocrx_word' id='word_1_171' title='bbox 1278 1491 1482 1560; x_wconf 81' lang='grc' dir='ltr'>μηδένα</span> <span class='ocrx_word' id='word_1_172' title='bbox 1503 1491 1614 1543; x_wconf 81' lang='grc' dir='ltr'><strong>τῶν</strong></span> <span class='ocrx_word' id='word_1_173' title='bbox 1636 1491 1716 1552; x_wconf 90' lang='grc' dir='ltr'><strong>είς</strong></span> <span class='ocrx_word' id='word_1_174' title='bbox 1739 1490 1959 1544; x_wconf 84' lang='grc' dir='ltr'>κόλασιν</span> 
     </span>
    </p>
   </div>
   <div class='ocr_carea' id='block_1_27' title="bbox 2065 1482 3645 1560">
    <p class='ocr_par' dir='ltr' id='par_1_27' title="bbox 2065 1482 3645 1552">
     <span class='ocr_line' id='line_1_27' title="bbox 2065 1482 3645 1552; baseline 0.004 -15"><span class='ocrx_word' id='word_1_175' title='bbox 2065 1484 2224 1538; x_wconf 84' lang='lat' dir='ltr'><strong>bonis</strong></span> <span class='ocrx_word' id='word_1_176' title='bbox 2250 1498 2372 1538; x_wconf 89' lang='lat' dir='ltr'><strong>esse</strong></span> <span class='ocrx_word' id='word_1_177' title='bbox 2409 1483 2716 1537; x_wconf 84' lang='lat' dir='ltr'><strong>fruituros?</strong></span> <span class='ocrx_word' id='word_1_178' title='bbox 2764 1482 3043 1552; x_wconf 88' lang='lat' dir='ltr'><strong>Siquidem</strong></span> <span class='ocrx_word' id='word_1_179' title='bbox 3091 1486 3250 1539; x_wconf 87' lang='lat' dir='ltr'><strong>aliter</strong></span> <span class='ocrx_word' id='word_1_180' title='bbox 3283 1488 3486 1541; x_wconf 89' lang='lat' dir='ltr'><strong>sentire</strong></span> <span class='ocrx_word' id='word_1_181' title='bbox 3536 1506 3645 1543; x_wconf 86' lang='lat' dir='ltr'><strong>non</strong></span> 
     </span>
    </p>
   </div>
   <div class='ocr_carea' id='block_1_28' title="bbox 374 1575 1960 1654">
    <p class='ocr_par' dir='ltr' id='par_1_28' title="bbox 374 1580 1959 1654">
     <span class='ocr_line' id='line_1_28' title="bbox 374 1580 1959 1654; baseline 0.003 -23"><span class='ocrx_word' id='word_1_182' title='bbox 374 1580 762 1650; x_wconf 74' lang='grc' dir='ltr'>ἐμϐληθέντων</span> <span class='ocrx_word' id='word_1_183' title='bbox 791 1581 1006 1634; x_wconf 81' lang='grc' dir='ltr'>ἐκεῖθεν</span> <span class='ocrx_word' id='word_1_184' title='bbox 1037 1581 1282 1647; x_wconf 78' lang='grc' dir='ltr'>ἐξελθεῖν</span> <span class='ocrx_word' id='word_1_185' title='bbox 1314 1585 1378 1652; x_wconf 86' lang='grc' dir='ltr'>τῇ</span> <span class='ocrx_word' id='word_1_186' title='bbox 1411 1582 1507 1635; x_wconf 88' lang='grc' dir='ltr'><strong>τοῦ</strong></span> <span class='ocrx_word' id='word_1_187' title='bbox 1530 1582 1777 1651; x_wconf 86' lang='grc' dir='ltr'>Μωάμεθ</span> <span class='ocrx_word' id='word_1_188' title='bbox 1805 1583 1959 1654; x_wconf 78' lang='grc' dir='ltr'>φιλίᾳ</span> 
     </span>
    </p>
   </div>
   <div class='ocr_carea' id='block_1_29' title="bbox 2065 1575 3646 1654">
    <p class='ocr_par' dir='ltr' id='par_1_29' title="bbox 2065 1575 3646 1645">
     <span class='ocr_line' id='line_1_29' title="bbox 2065 1575 3646 1645; baseline 0.003 -16"><span class='ocrx_word' id='word_1_189' title='bbox 2065 1585 2233 1645; x_wconf 89' lang='lat' dir='ltr'><strong>potes.</strong></span> <span class='ocrx_word' id='word_1_190' title='bbox 2269 1575 2508 1631; x_wconf 87' lang='lat' dir='ltr'><strong>Necesse</strong></span> <span class='ocrx_word' id='word_1_191' title='bbox 2538 1585 2621 1630; x_wconf 91' lang='lat' dir='ltr'><strong>est</strong></span> <span class='ocrx_word' id='word_1_192' title='bbox 2648 1576 2817 1638; x_wconf 89' lang='lat' dir='ltr'><strong>enim,</strong></span> <span class='ocrx_word' id='word_1_193' title='bbox 2843 1577 3172 1631; x_wconf 84' lang='lat' dir='ltr'><strong>dulcissime.</strong></span> <span class='ocrx_word' id='word_1_194' title='bbox 3188 1578 3383 1643; x_wconf 89' lang='lat' dir='ltr'><strong>amice,</strong></span> <span class='ocrx_word' id='word_1_195' title='bbox 3417 1589 3474 1632; x_wconf 92' lang='lat' dir='ltr'><strong>ut</strong></span> <span class='ocrx_word' id='word_1_196' title='bbox 3504 1581 3646 1633; x_wconf 90' lang='lat' dir='ltr'><strong>alte-</strong></span> 
     </span>
    </p>
   </div>
   <div class='ocr_carea' id='block_1_30' title="bbox 376 1665 1960 1743">
    <p class='ocr_par' dir='ltr' id='par_1_30' title="bbox 376 1672 1956 1743">
     <span class='ocr_line' id='line_1_30' title="bbox 376 1672 1956 1743; baseline 0.001 -19"><span class='ocrx_word' id='word_1_197' title='bbox 376 1673 458 1739; x_wconf 76' lang='grc' dir='ltr'>(τὸ</span> <span class='ocrx_word' id='word_1_198' title='bbox 486 1672 595 1740; x_wconf 75' lang='grc' dir='ltr'><strong>γὰρ</strong></span> <span class='ocrx_word' id='word_1_199' title='bbox 627 1672 899 1742; x_wconf 75' lang='grc' dir='ltr'>ὑμέτερον</span> <span class='ocrx_word' id='word_1_200' title='bbox 921 1672 1070 1740; x_wconf 85' lang='grc' dir='ltr'>λέγω</span> <span class='ocrx_word' id='word_1_201' title='bbox 1100 1672 1303 1742; x_wconf 85' lang='grc' dir='ltr'>δόγμα)</span> <span class='ocrx_word' id='word_1_202' title='bbox 1327 1688 1340 1702; x_wconf 93' lang='grc'><strong>·</strong></span> <span class='ocrx_word' id='word_1_203' title='bbox 1379 1672 1412 1743; x_wconf 81' lang='grc' dir='ltr'>ἢ</span> <span class='ocrx_word' id='word_1_204' title='bbox 1455 1673 1546 1726; x_wconf 80' lang='grc' dir='ltr'><strong>καὶ</strong></span> <span class='ocrx_word' id='word_1_205' title='bbox 1582 1674 1719 1741; x_wconf 86' lang='grc' dir='ltr'>πρὸς</span> <span class='ocrx_word' id='word_1_206' title='bbox 1749 1674 1956 1736; x_wconf 82' lang='grc' dir='ltr'>πάντας</span> 
     </span>
    </p>
   </div>
   <div class='ocr_carea' id='block_1_31' title="bbox 2065 1665 3648 1743">
    <p class='ocr_par' dir='ltr' id='par_1_31' title="bbox 2065 1665 3648 1738">
     <span class='ocr_line' id='line_1_31' title="bbox 2065 1665 3648 1738; baseline 0.003 -18"><span class='ocrx_word' id='word_1_207' title='bbox 2065 1682 2180 1720; x_wconf 91' lang='lat' dir='ltr'><strong>rum</strong></span> <span class='ocrx_word' id='word_1_208' title='bbox 2211 1666 2362 1719; x_wconf 89' lang='lat' dir='ltr'><strong>dicas</strong></span> <span class='ocrx_word' id='word_1_209' title='bbox 2386 1665 2450 1719; x_wconf 90' lang='lat' dir='ltr'><strong>de</strong></span> <span class='ocrx_word' id='word_1_210' title='bbox 2472 1665 2724 1719; x_wconf 86' lang='lat' dir='ltr'><strong>duobus:</strong></span> <span class='ocrx_word' id='word_1_211' title='bbox 2772 1674 2889 1729; x_wconf 90' lang='lat' dir='ltr'><strong>aut,</strong></span> <span class='ocrx_word' id='word_1_212' title='bbox 2930 1666 3116 1734; x_wconf 86' lang='lat' dir='ltr'><strong>judice</strong></span> <span class='ocrx_word' id='word_1_213' title='bbox 3159 1670 3471 1738; x_wconf 86' lang='lat' dir='ltr'><strong>aequitatem</strong></span> <span class='ocrx_word' id='word_1_214' title='bbox 3528 1686 3648 1725; x_wconf 88' lang='lat' dir='ltr'><strong>ser-</strong></span> 
     </span>
    </p>
   </div>
   <div class='ocr_carea' id='block_1_32' title="bbox 378 1757 3643 1833">
    <p class='ocr_par' dir='ltr' id='par_1_32' title="bbox 378 1757 3643 1833">
     <span class='ocr_line' id='line_1_32' title="bbox 378 1757 3643 1833; baseline 0.004 -19"><span class='ocrx_word' id='word_1_215' title='bbox 378 1764 507 1824; x_wconf 73' lang='grc' dir='ltr'>τοὺς</span> <span class='ocrx_word' id='word_1_216' title='bbox 532 1764 650 1816; x_wconf 67' lang='lat' dir='ltr'><strong>iter</strong></span> <span class='ocrx_word' id='word_1_217' title='bbox 676 1765 809 1827; x_wconf 74' lang='grc' dir='ltr'>ἴσως</span> <span class='ocrx_word' id='word_1_218' title='bbox 835 1764 1047 1817; x_wconf 73' lang='grc' dir='ltr'>ἐκεῖνον</span> <span class='ocrx_word' id='word_1_219' title='bbox 1076 1762 1412 1832; x_wconf 84' lang='grc' dir='ltr'>διατεθῆναι,</span> <span class='ocrx_word' id='word_1_220' title='bbox 1450 1763 1545 1815; x_wconf 82' lang='grc' dir='ltr'><strong>καὶ</strong></span> <span class='ocrx_word' id='word_1_221' title='bbox 1591 1762 1951 1833; x_wconf 85' lang='grc' dir='ltr'>μηδοντινοῦν</span> <span class='ocrx_word' id='word_1_222' title='bbox 2060 1768 2240 1823; x_wconf 72' lang='lat' dir='ltr'><strong>vante,</strong></span> <span class='ocrx_word' id='word_1_223' title='bbox 2291 1758 2567 1811; x_wconf 83' lang='lat' dir='ltr'><strong>neminem</strong></span> <span class='ocrx_word' id='word_1_224' title='bbox 2602 1773 2668 1811; x_wconf 82' lang='lat' dir='ltr'><strong>ex</strong></span> <span class='ocrx_word' id='word_1_225' title='bbox 2719 1757 2853 1822; x_wconf 80' lang='lat' dir='ltr'><strong>illis,</strong></span> <span class='ocrx_word' id='word_1_226' title='bbox 2882 1760 2974 1829; x_wconf 76' lang='lat' dir='ltr'><strong>Qui</strong></span> <span class='ocrx_word' id='word_1_227' title='bbox 3034 1762 3087 1814; x_wconf 91' lang='lat' dir='ltr'><strong>in</strong></span> <span class='ocrx_word' id='word_1_228' title='bbox 3132 1762 3310 1830; x_wconf 69' lang='lat' dir='ltr'><strong>pinnis</strong></span> <span class='ocrx_word' id='word_1_229' title='bbox 3362 1763 3643 1826; x_wconf 51' lang='lat' dir='ltr'><strong>haeserint.</strong></span> 
     </span>
    </p>
   </div>
   <div class='ocr_carea' id='block_1_33' title="bbox 381 1848 1960 1927">
    <p class='ocr_par' dir='ltr' id='par_1_33' title="bbox 381 1850 1960 1927">
     <span class='ocr_line' id='line_1_33' title="bbox 381 1850 1960 1927; baseline 0.001 -21"><span class='ocrx_word' id='word_1_230' title='bbox 381 1853 733 1926; x_wconf 81' lang='grc' dir='ltr'>κολασθῆναι.</span> <span class='ocrx_word' id='word_1_231' title='bbox 753 1854 939 1927; x_wconf 84' lang='grc' dir='ltr'>Ταύτῃ</span> <span class='ocrx_word' id='word_1_232' title='bbox 955 1856 1063 1926; x_wconf 82' lang='grc' dir='ltr'><strong>γὰρ</strong></span> <span class='ocrx_word' id='word_1_233' title='bbox 1077 1850 1223 1925; x_wconf 76' lang='grc' dir='ltr'>ἂνῆν</span> <span class='ocrx_word' id='word_1_234' title='bbox 1243 1855 1563 1925; x_wconf 82' lang='grc' dir='ltr'>περισώζων</span> <span class='ocrx_word' id='word_1_235' title='bbox 1580 1856 1751 1909; x_wconf 76' lang='grc' dir='ltr'>καὶτὸ</span> <span class='ocrx_word' id='word_1_236' title='bbox 1770 1856 1960 1925; x_wconf 86' lang='grc' dir='ltr'>φιλάν-</span> 
     </span>
    </p>
   </div>
   <div class='ocr_carea' id='block_1_34' title="bbox 2065 1848 3640 1927">
    <p class='ocr_par' dir='ltr' id='par_1_34' title="bbox 2065 1848 3640 1923">
     <span class='ocr_line' id='line_1_34' title="bbox 2065 1848 3640 1923; baseline 0.004 -20"><span class='ocrx_word' id='word_1_237' title='bbox 2065 1859 2290 1920; x_wconf 89' lang='lat' dir='ltr'><strong>propter</strong></span> <span class='ocrx_word' id='word_1_238' title='bbox 2328 1848 2623 1904; x_wconf 75' lang='lat' dir='ltr'><strong>Moamethi</strong></span> <span class='ocrx_word' id='word_1_239' title='bbox 2644 1850 2942 1905; x_wconf 90' lang='lat' dir='ltr'><strong>amicitiam</strong></span> <span class='ocrx_word' id='word_1_240' title='bbox 2972 1852 3338 1908; x_wconf 87' lang='lat' dir='ltr'><strong>indeliberari</strong></span> <span class='ocrx_word' id='word_1_241' title='bbox 3373 1855 3640 1923; x_wconf 88' lang='lat' dir='ltr'><strong>(vestrum</strong></span> 
     </span>
    </p>
   </div>
   <div class='ocr_carea' id='block_1_35' title="bbox 381 1940 1960 2017">
    <p class='ocr_par' dir='ltr' id='par_1_35' title="bbox 381 1944 1955 2017">
     <span class='ocr_line' id='line_1_35' title="bbox 381 1944 1955 2017; baseline 0.003 -20"><span class='ocrx_word' id='word_1_242' title='bbox 381 1944 597 2014; x_wconf 87' lang='grc' dir='ltr'>θρωπον</span> <span class='ocrx_word' id='word_1_243' title='bbox 613 1944 801 2011; x_wconf 87' lang='grc' dir='ltr'>αὐτοῦ,</span> <span class='ocrx_word' id='word_1_244' title='bbox 819 1947 987 1999; x_wconf 75' lang='grc' dir='ltr'>καὶτὸ</span> <span class='ocrx_word' id='word_1_245' title='bbox 999 1947 1133 2017; x_wconf 78' lang='grc' dir='ltr'>πρὸς</span> <span class='ocrx_word' id='word_1_246' title='bbox 1152 1947 1249 2016; x_wconf 81' lang='grc' dir='ltr'><strong>τὴν</strong></span> <span class='ocrx_word' id='word_1_247' title='bbox 1266 1944 1463 2000; x_wconf 82' lang='grc' dir='ltr'>ἑαυτοῦ</span> <span class='ocrx_word' id='word_1_248' title='bbox 1486 1948 1697 2017; x_wconf 84' lang='grc' dir='ltr'>μητέρα</span> <span class='ocrx_word' id='word_1_249' title='bbox 1712 1949 1806 2001; x_wconf 78' lang='grc' dir='ltr'><strong>καὶ</strong></span> <span class='ocrx_word' id='word_1_250' title='bbox 1825 1949 1955 2001; x_wconf 85' lang='grc' dir='ltr'>πάν-</span> 
     </span>
    </p>
   </div>
   <div class='ocr_carea' id='block_1_36' title="bbox 2065 1940 3642 2017">
    <p class='ocr_par' dir='ltr' id='par_1_36' title="bbox 2065 1940 3642 2014">
     <span class='ocr_line' id='line_1_36' title="bbox 2065 1940 3642 2014; baseline 0.004 -19"><span class='ocrx_word' id='word_1_251' title='bbox 2065 1942 2254 2013; x_wconf 85' lang='lat' dir='ltr'><strong>dogma</strong></span> <span class='ocrx_word' id='word_1_252' title='bbox 2283 1940 2486 2010; x_wconf 84' lang='lat' dir='ltr'><strong>refero)</strong></span> <span class='ocrx_word' id='word_1_253' title='bbox 2519 1958 2534 1996; x_wconf 92' lang='lat'><strong>:</strong></span> <span class='ocrx_word' id='word_1_254' title='bbox 2568 1951 2661 1995; x_wconf 91' lang='lat' dir='ltr'><strong>aut</strong></span> <span class='ocrx_word' id='word_1_255' title='bbox 2711 1958 2840 2013; x_wconf 82' lang='lat' dir='ltr'><strong>erga</strong></span> <span class='ocrx_word' id='word_1_256' title='bbox 2872 1958 3084 2008; x_wconf 88' lang='lat' dir='ltr'><strong>omnes,</strong></span> <span class='ocrx_word' id='word_1_257' title='bbox 3154 1946 3248 2014; x_wconf 90' lang='lat' dir='ltr'><strong>qui</strong></span> <span class='ocrx_word' id='word_1_258' title='bbox 3282 1945 3355 1999; x_wconf 85' lang='lat' dir='ltr'><strong>ibi</strong></span> <span class='ocrx_word' id='word_1_259' title='bbox 3417 1945 3642 2011; x_wconf 83' lang='lat' dir='ltr'><strong>fuerint,</strong></span> 
     </span>
    </p>
   </div>
   <div class='ocr_carea' id='block_1_37' title="bbox 376 2032 1960 2107">
    <p class='ocr_par' dir='ltr' id='par_1_37' title="bbox 376 2032 1955 2107">
     <span class='ocr_line' id='line_1_37' title="bbox 376 2032 1955 2107; baseline 0.004 -22"><span class='ocrx_word' id='word_1_260' title='bbox 376 2050 476 2095; x_wconf 85' lang='grc' dir='ltr'><strong>τας</strong></span> <span class='ocrx_word' id='word_1_261' title='bbox 505 2034 712 2087; x_wconf 86' lang='grc' dir='ltr'>δίκαιον</span> <span class='ocrx_word' id='word_1_262' title='bbox 728 2035 923 2098; x_wconf 80' lang='grc' dir='ltr'><strong>⁸ἄλλως</strong></span> <span class='ocrx_word' id='word_1_263' title='bbox 944 2035 990 2087; x_wconf 80' lang='grc' dir='ltr'>δ’</span> <span class='ocrx_word' id='word_1_264' title='bbox 1011 2035 1076 2090; x_wconf 81' lang='grc' dir='ltr'>ἂν</span> <span class='ocrx_word' id='word_1_265' title='bbox 1105 2041 1326 2099; x_wconf 79' lang='grc' dir='ltr'>πάντως</span> <span class='ocrx_word' id='word_1_266' title='bbox 1355 2036 1593 2105; x_wconf 81' lang='grc' dir='ltr'>χωλεῦον</span> <span class='ocrx_word' id='word_1_267' title='bbox 1607 2032 1675 2107; x_wconf 80' lang='grc' dir='ltr'>ἦν</span> <span class='ocrx_word' id='word_1_268' title='bbox 1692 2053 1793 2089; x_wconf 89' lang='grc' dir='ltr'><strong>που</strong></span> <span class='ocrx_word' id='word_1_269' title='bbox 1812 2037 1955 2092; x_wconf 88' lang='grc' dir='ltr'><strong>κατά</strong></span> 
     </span>
    </p>
   </div>
   <div class='ocr_carea' id='block_1_38' title="bbox 2065 2032 3644 2107">
    <p class='ocr_par' dir='ltr' id='par_1_38' title="bbox 2065 2032 3644 2102">
     <span class='ocr_line' id='line_1_38' title="bbox 2065 2032 3644 2102; baseline 0.004 -14"><span class='ocrx_word' id='word_1_270' title='bbox 2065 2034 2340 2102; x_wconf 81' lang='lat' dir='ltr'><strong>aequaliter</strong></span> <span class='ocrx_word' id='word_1_271' title='bbox 2368 2048 2492 2088; x_wconf 90' lang='lat' dir='ltr'><strong>eum</strong></span> <span class='ocrx_word' id='word_1_272' title='bbox 2523 2032 2779 2089; x_wconf 78' lang='lat' dir='ltr'><strong>an‘ectum</strong></span> <span class='ocrx_word' id='word_1_273' title='bbox 2837 2050 2980 2101; x_wconf 84' lang='lat' dir='ltr'><strong>esse,</strong></span> <span class='ocrx_word' id='word_1_274' title='bbox 3050 2051 3151 2091; x_wconf 90' lang='lat' dir='ltr'><strong>nec</strong></span> <span class='ocrx_word' id='word_1_275' title='bbox 3197 2037 3365 2091; x_wconf 84' lang='lat' dir='ltr'><strong>ullum</strong></span> <span class='ocrx_word' id='word_1_276' title='bbox 3418 2042 3644 2094; x_wconf 85' lang='lat' dir='ltr'><strong>omnino</strong></span> 
     </span>
    </p>
   </div>
   <div class='ocr_carea' id='block_1_39' title="bbox 374 2123 1953 2198">
    <p class='ocr_par' dir='ltr' id='par_1_39' title="bbox 374 2123 1953 2198">
     <span class='ocr_line' id='line_1_39' title="bbox 374 2123 1953 2198; baseline 0.003 -22"><span class='ocrx_word' id='word_1_277' title='bbox 374 2141 426 2176; x_wconf 90' lang='grc' dir='ltr'><strong>τι</strong></span> <span class='ocrx_word' id='word_1_278' title='bbox 457 2123 488 2192; x_wconf 83' lang='grc' dir='ltr'>ἢ</span> <span class='ocrx_word' id='word_1_279' title='bbox 527 2126 588 2177; x_wconf 86' lang='grc' dir='ltr'>τὸ</span> <span class='ocrx_word' id='word_1_280' title='bbox 610 2125 991 2196; x_wconf 84' lang='grc' dir='ltr'>φιλάνθρωπον</span> <span class='ocrx_word' id='word_1_281' title='bbox 1008 2127 1196 2192; x_wconf 85' lang='grc' dir='ltr'>αὑτοῦ,</span> <span class='ocrx_word' id='word_1_282' title='bbox 1220 2128 1251 2197; x_wconf 80' lang='grc' dir='ltr'><strong>ἢ</strong></span> <span class='ocrx_word' id='word_1_283' title='bbox 1278 2129 1336 2180; x_wconf 78' lang='grc' dir='ltr'>τὸ</span> <span class='ocrx_word' id='word_1_284' title='bbox 1363 2127 1593 2192; x_wconf 82' lang='grc' dir='ltr'>δίκαιον,</span> <span class='ocrx_word' id='word_1_285' title='bbox 1617 2127 1649 2198; x_wconf 75' lang='grc' dir='ltr'>ἧ</span> <span class='ocrx_word' id='word_1_286' title='bbox 1674 2129 1767 2181; x_wconf 78' lang='grc' dir='ltr'>καὶ</span> <span class='ocrx_word' id='word_1_287' title='bbox 1793 2128 1953 2183; x_wconf 86' lang='grc' dir='ltr'>πάνθ’</span> 
     </span>
    </p>
   </div>
   <div class='ocr_carea' id='block_1_40' title="bbox 372 2215 1953 2291">
    <p class='ocr_par' dir='ltr' id='par_1_40' title="bbox 372 2215 1953 2291">
     <span class='ocr_line' id='line_1_40' title="bbox 372 2215 1953 2291; baseline 0.005 -24"><span class='ocrx_word' id='word_1_288' title='bbox 372 2215 532 2283; x_wconf 90' lang='grc' dir='ltr'>όμοῦ,</span> <span class='ocrx_word' id='word_1_289' title='bbox 571 2217 726 2286; x_wconf 77' lang='grc' dir='ltr'>φασὶ,</span> <span class='ocrx_word' id='word_1_290' title='bbox 760 2219 1014 2288; x_wconf 84' lang='grc' dir='ltr'>χρήματα</span> <span class='ocrx_word' id='word_1_291' title='bbox 1035 2236 1049 2250; x_wconf 90' lang='grc'><strong>·</strong></span> <span class='ocrx_word' id='word_1_292' title='bbox 1101 2218 1407 2289; x_wconf 73' lang='grc' dir='ltr'>καθαπερεὶ</span> <span class='ocrx_word' id='word_1_293' title='bbox 1452 2219 1562 2291; x_wconf 86' lang='grc' dir='ltr'>γὰρ</span> <span class='ocrx_word' id='word_1_294' title='bbox 1595 2220 1829 2291; x_wconf 83' lang='grc' dir='ltr'>φύρεται</span> <span class='ocrx_word' id='word_1_295' title='bbox 1856 2222 1953 2275; x_wconf 77' lang='grc' dir='ltr'>καὶ</span> 
     </span>
    </p>
   </div>
   <div class='ocr_carea' id='block_1_41' title="bbox 376 2307 1954 2384">
    <p class='ocr_par' dir='ltr' id='par_1_41' title="bbox 376 2307 1954 2384">
     <span class='ocr_line' id='line_1_41' title="bbox 376 2307 1954 2384; baseline 0.006 -27"><span class='ocrx_word' id='word_1_296' title='bbox 376 2309 657 2376; x_wconf 87' lang='grc' dir='ltr'>συγχεῖται</span> <span class='ocrx_word' id='word_1_297' title='bbox 710 2308 777 2363; x_wconf 83' lang='grc' dir='ltr'>τὰ</span> <span class='ocrx_word' id='word_1_298' title='bbox 813 2307 907 2361; x_wconf 88' lang='grc' dir='ltr'><strong>τοῦ</strong></span> <span class='ocrx_word' id='word_1_299' title='bbox 946 2308 1082 2362; x_wconf 85' lang='grc' dir='ltr'>Θεοῦ</span> <span class='ocrx_word' id='word_1_300' title='bbox 1115 2310 1425 2379; x_wconf 87' lang='grc' dir='ltr'>πράγματα</span> <span class='ocrx_word' id='word_1_301' title='bbox 1455 2313 1533 2380; x_wconf 83' lang='grc' dir='ltr'>τῷ</span> <span class='ocrx_word' id='word_1_302' title='bbox 1567 2315 1954 2384; x_wconf 84' lang='grc' dir='ltr'>προειρημένῳ</span> 
     </span>
    </p>
   </div>
   <div class='ocr_carea' id='block_1_42' title="bbox 377 2396 1955 2470">
    <p class='ocr_par' dir='ltr' id='par_1_42' title="bbox 377 2396 1955 2470">
     <span class='ocr_line' id='line_1_42' title="bbox 377 2396 1955 2470; baseline 0.003 -22"><span class='ocrx_word' id='word_1_303' title='bbox 377 2414 460 2448; x_wconf 87' lang='grc' dir='ltr'><strong>σοι</strong></span> <span class='ocrx_word' id='word_1_304' title='bbox 491 2396 655 2466; x_wconf 84' lang='grc' dir='ltr'>λόγῳ.</span> <span class='ocrx_word' id='word_1_305' title='bbox 686 2398 749 2450; x_wconf 73' lang='lat' dir='ltr'><strong>Et</strong></span> <span class='ocrx_word' id='word_1_306' title='bbox 779 2397 889 2467; x_wconf 81' lang='grc' dir='ltr'>γὰρ</span> <span class='ocrx_word' id='word_1_307' title='bbox 934 2397 1086 2450; x_wconf 82' lang='grc' dir='ltr'>οὐδὲν</span> <span class='ocrx_word' id='word_1_308' title='bbox 1126 2400 1235 2450; x_wconf 89' lang='grc' dir='ltr'><strong>τῶν</strong></span> <span class='ocrx_word' id='word_1_309' title='bbox 1265 2398 1490 2465; x_wconf 84' lang='grc' dir='ltr'>ἀγαθῶν</span> <span class='ocrx_word' id='word_1_310' title='bbox 1524 2401 1572 2451; x_wconf 80' lang='lat' dir='ltr'><strong>oi</strong></span> <span class='ocrx_word' id='word_1_311' title='bbox 1613 2402 1806 2467; x_wconf 81' lang='grc' dir='ltr'>φαῦλοι</span> <span class='ocrx_word' id='word_1_312' title='bbox 1844 2402 1955 2470; x_wconf 89' lang='grc' dir='ltr'>χεί-</span> 
     </span>
    </p>
   </div>
   <div class='ocr_carea' id='block_1_43' title="bbox 380 2486 1955 2558">
    <p class='ocr_par' dir='ltr' id='par_1_43' title="bbox 380 2486 1955 2558">
     <span class='ocr_line' id='line_1_43' title="bbox 380 2486 1955 2558; baseline 0.005 -22"><span class='ocrx_word' id='word_1_313' title='bbox 380 2503 503 2554; x_wconf 87' lang='grc' dir='ltr'>ρους</span> <span class='ocrx_word' id='word_1_314' title='bbox 528 2487 831 2555; x_wconf 76' lang='grc' dir='ltr'>έφαίνοντο,</span> <span class='ocrx_word' id='word_1_315' title='bbox 864 2486 1093 2556; x_wconf 82' lang='grc' dir='ltr'>μάταιον</span> <span class='ocrx_word' id='word_1_316' title='bbox 1128 2489 1227 2557; x_wconf 81' lang='grc' dir='ltr'><strong>μὲν</strong></span> <span class='ocrx_word' id='word_1_317' title='bbox 1259 2489 1320 2539; x_wconf 80' lang='grc' dir='ltr'><strong>τὸ</strong></span> <span class='ocrx_word' id='word_1_318' title='bbox 1350 2488 1578 2557; x_wconf 84' lang='grc' dir='ltr'>φεύγειν</span> <span class='ocrx_word' id='word_1_319' title='bbox 1602 2489 1753 2557; x_wconf 68' lang='grc' dir='ltr'>ἥττω</span> <span class='ocrx_word' id='word_1_320' title='bbox 1779 2491 1955 2558; x_wconf 87' lang='grc' dir='ltr'>φανῆ-</span> 
     </span>
    </p>
   </div>
   <div class='ocr_carea' id='block_1_44' title="bbox 379 2578 1959 2650">
    <p class='ocr_par' dir='ltr' id='par_1_44' title="bbox 379 2578 1959 2650">
     <span class='ocr_line' id='line_1_44' title="bbox 379 2578 1959 2650; baseline 0.003 -20"><span class='ocrx_word' id='word_1_321' title='bbox 379 2594 466 2630; x_wconf 87' lang='grc' dir='ltr'><strong>ναι</strong></span> <span class='ocrx_word' id='word_1_322' title='bbox 487 2578 595 2632; x_wconf 88' lang='grc' dir='ltr'><strong>τῶν</strong></span> <span class='ocrx_word' id='word_1_323' title='bbox 627 2580 855 2648; x_wconf 80' lang='grc' dir='ltr'>ἡδονῶν,</span> <span class='ocrx_word' id='word_1_324' title='bbox 886 2579 1114 2650; x_wconf 84' lang='grc' dir='ltr'>μάταιον</span> <span class='ocrx_word' id='word_1_325' title='bbox 1143 2579 1199 2633; x_wconf 79' lang='grc' dir='ltr'>δὲ</span> <span class='ocrx_word' id='word_1_326' title='bbox 1224 2580 1284 2632; x_wconf 71' lang='grc' dir='ltr'>τὸ</span> <span class='ocrx_word' id='word_1_327' title='bbox 1310 2580 1440 2648; x_wconf 74' lang='grc' dir='ltr'>περὶ</span> <span class='ocrx_word' id='word_1_328' title='bbox 1484 2579 1738 2633; x_wconf 74' lang='grc' dir='ltr'>πλείστου</span> <span class='ocrx_word' id='word_1_329' title='bbox 1784 2583 1959 2634; x_wconf 79' lang='grc' dir='ltr'>ποιεῖ-</span> 
     </span>
    </p>
   </div>
   <div class='ocr_carea' id='block_1_45' title="bbox 382 2668 1959 2740">
    <p class='ocr_par' dir='ltr' id='par_1_45' title="bbox 382 2668 1959 2740">
     <span class='ocr_line' id='line_1_45' title="bbox 382 2668 1959 2740; baseline 0.003 -21"><span class='ocrx_word' id='word_1_330' title='bbox 382 2668 507 2720; x_wconf 83' lang='grc' dir='ltr'>σθαι</span> <span class='ocrx_word' id='word_1_331' title='bbox 552 2670 792 2735; x_wconf 77' lang='grc' dir='ltr'>κρείττω</span> <span class='ocrx_word' id='word_1_332' title='bbox 833 2669 1089 2738; x_wconf 87' lang='grc' dir='ltr'>γενέσθαι</span> <span class='ocrx_word' id='word_1_333' title='bbox 1137 2669 1333 2740; x_wconf 86' lang='grc' dir='ltr'>θυμοῦ,</span> <span class='ocrx_word' id='word_1_334' title='bbox 1366 2668 1523 2721; x_wconf 76' lang='grc' dir='ltr'>κενὸν</span> <span class='ocrx_word' id='word_1_335' title='bbox 1550 2669 1607 2722; x_wconf 75' lang='grc' dir='ltr'>δὲ</span> <span class='ocrx_word' id='word_1_336' title='bbox 1638 2671 1745 2739; x_wconf 84' lang='grc' dir='ltr'><strong>ἀρα</strong></span> <span class='ocrx_word' id='word_1_337' title='bbox 1775 2674 1869 2724; x_wconf 71' lang='grc' dir='ltr'><strong>καὶ</strong></span> <span class='ocrx_word' id='word_1_338' title='bbox 1898 2672 1959 2725; x_wconf 83' lang='grc' dir='ltr'><strong>τὸ</strong></span> 
     </span>
    </p>
   </div>
   <div class='ocr_carea' id='block_1_46' title="bbox 379 2758 1959 2832">
    <p class='ocr_par' dir='ltr' id='par_1_46' title="bbox 379 2758 1959 2832">
     <span class='ocr_line' id='line_1_46' title="bbox 379 2758 1959 2832; baseline 0.004 -21"><span class='ocrx_word' id='word_1_339' title='bbox 379 2761 488 2812; x_wconf 85' lang='grc' dir='ltr'><strong>τῶν</strong></span> <span class='ocrx_word' id='word_1_340' title='bbox 522 2758 825 2829; x_wconf 87' lang='grc' dir='ltr'>ἀλλοτρίων</span> <span class='ocrx_word' id='word_1_341' title='bbox 847 2761 1174 2831; x_wconf 85' lang='grc' dir='ltr'>ἀπέχεσθαι.</span> <span class='ocrx_word' id='word_1_342' title='bbox 1206 2761 1424 2815; x_wconf 79' lang='grc' dir='ltr'>Τούτων</span> <span class='ocrx_word' id='word_1_343' title='bbox 1447 2764 1503 2815; x_wconf 83' lang='grc' dir='ltr'><strong>δὲ</strong></span> <span class='ocrx_word' id='word_1_344' title='bbox 1539 2762 1711 2822; x_wconf 76' lang='grc' dir='ltr'>οὕτως</span> <span class='ocrx_word' id='word_1_345' title='bbox 1726 2764 1959 2832; x_wconf 79' lang='grc' dir='ltr'>ἐχόντων</span> 
     </span>
    </p>
   </div>
   <div class='ocr_carea' id='block_1_47' title="bbox 380 2851 1957 2924">
    <p class='ocr_par' dir='ltr' id='par_1_47' title="bbox 380 2851 1957 2924">
     <span class='ocr_line' id='line_1_47' title="bbox 380 2851 1957 2924; baseline 0.003 -21"><span class='ocrx_word' id='word_1_346' title='bbox 380 2851 658 2921; x_wconf 85' lang='grc' dir='ltr'>παρέλκον</span> <span class='ocrx_word' id='word_1_347' title='bbox 689 2852 755 2905; x_wconf 82' lang='grc' dir='ltr'><strong>ἂν</strong></span> <span class='ocrx_word' id='word_1_348' title='bbox 784 2854 995 2919; x_wconf 85' lang='grc' dir='ltr'>γένοιτο</span> <span class='ocrx_word' id='word_1_349' title='bbox 1016 2856 1109 2909; x_wconf 78' lang='grc' dir='ltr'><strong>καὶ</strong></span> <span class='ocrx_word' id='word_1_350' title='bbox 1132 2856 1191 2907; x_wconf 87' lang='grc' dir='ltr'><strong>τὸ</strong></span> <span class='ocrx_word' id='word_1_351' title='bbox 1209 2856 1301 2908; x_wconf 84' lang='grc' dir='ltr'><strong>τὸν</strong></span> <span class='ocrx_word' id='word_1_352' title='bbox 1322 2855 1558 2924; x_wconf 80' lang='grc' dir='ltr'>Χριστὸν</span> <span class='ocrx_word' id='word_1_353' title='bbox 1585 2856 1863 2908; x_wconf 78' lang='grc' dir='ltr'>κατελθεῖν</span> <span class='ocrx_word' id='word_1_354' title='bbox 1894 2857 1957 2907; x_wconf 83' lang='grc' dir='ltr'>ἐκ</span> 
     </span>
    </p>
   </div>
   <div class='ocr_carea' id='block_1_48' title="bbox 380 2943 1958 3016">
    <p class='ocr_par' dir='ltr' id='par_1_48' title="bbox 380 2943 1958 3016">
     <span class='ocr_line' id='line_1_48' title="bbox 380 2943 1958 3016; baseline 0.004 -23"><span class='ocrx_word' id='word_1_355' title='bbox 380 2943 489 2994; x_wconf 89' lang='grc' dir='ltr'><strong>τῶν</strong></span> <span class='ocrx_word' id='word_1_356' title='bbox 523 2944 790 3013; x_wconf 81' lang='grc' dir='ltr'>οὐρανῶν,</span> <span class='ocrx_word' id='word_1_357' title='bbox 818 2948 1003 3015; x_wconf 81' lang='grc' dir='ltr'>κρῖναι</span> <span class='ocrx_word' id='word_1_358' title='bbox 1035 2948 1219 3000; x_wconf 82' lang='grc' dir='ltr'>πᾶσαν</span> <span class='ocrx_word' id='word_1_359' title='bbox 1257 2947 1355 3016; x_wconf 83' lang='grc' dir='ltr'>τὴν</span> <span class='ocrx_word' id='word_1_360' title='bbox 1387 2946 1514 3015; x_wconf 85' lang='grc' dir='ltr'>γῆν,</span> <span class='ocrx_word' id='word_1_361' title='bbox 1552 2946 1699 3007; x_wconf 81' lang='grc' dir='ltr'>ὅπως</span> <span class='ocrx_word' id='word_1_362' title='bbox 1744 2946 1958 2999; x_wconf 69' lang='grc' dir='ltr'>δικαίαν</span> 
     </span>
    </p>
   </div>
   <div class='ocr_carea' id='block_1_49' title="bbox 380 3034 1958 3109">
    <p class='ocr_par' dir='ltr' id='par_1_49' title="bbox 380 3034 1958 3109">
     <span class='ocr_line' id='line_1_49' title="bbox 380 3034 1958 3109; baseline 0.003 -23"><span class='ocrx_word' id='word_1_363' title='bbox 380 3034 618 3106; x_wconf 78' lang='grc' dir='ltr'>ἀμοιϐὴν</span> <span class='ocrx_word' id='word_1_364' title='bbox 648 3037 758 3089; x_wconf 90' lang='grc' dir='ltr'><strong>τῶν</strong></span> <span class='ocrx_word' id='word_1_365' title='bbox 787 3041 1195 3109; x_wconf 79' lang='grc' dir='ltr'>πεπραγμένων</span> <span class='ocrx_word' id='word_1_366' title='bbox 1222 3040 1453 3101; x_wconf 73' lang='grc' dir='ltr'>ἕκαστος</span> <span class='ocrx_word' id='word_1_367' title='bbox 1483 3040 1662 3093; x_wconf 88' lang='grc' dir='ltr'>λάϐοι.</span> <span class='ocrx_word' id='word_1_368' title='bbox 1694 3040 1862 3092; x_wconf 80' lang='grc' dir='ltr'>Πόθεν</span> <span class='ocrx_word' id='word_1_369' title='bbox 1891 3040 1958 3092; x_wconf 82' lang='grc' dir='ltr'><strong>ἂν</strong></span> 
     </span>
    </p>
   </div>
   <div class='ocr_carea' id='block_1_50' title="bbox 380 3124 1957 3201">
    <p class='ocr_par' dir='ltr' id='par_1_50' title="bbox 380 3124 1957 3201">
     <span class='ocr_line' id='line_1_50' title="bbox 380 3124 1957 3201; baseline 0.004 -22"><span class='ocrx_word' id='word_1_370' title='bbox 380 3125 475 3179; x_wconf 79' lang='grc' dir='ltr'><strong>οὖν</strong></span> <span class='ocrx_word' id='word_1_371' title='bbox 528 3127 758 3194; x_wconf 79' lang='grc' dir='ltr'>δίκαιον,</span> <span class='ocrx_word' id='word_1_372' title='bbox 786 3124 830 3184; x_wconf 81' lang='grc' dir='ltr'><strong>ὧ</strong></span> <span class='ocrx_word' id='word_1_373' title='bbox 891 3131 1085 3198; x_wconf 81' lang='grc' dir='ltr'>ἀγαθὲ,</span> <span class='ocrx_word' id='word_1_374' title='bbox 1130 3131 1256 3185; x_wconf 89' lang='grc' dir='ltr'>νοῦν</span> <span class='ocrx_word' id='word_1_375' title='bbox 1290 3131 1463 3200; x_wconf 81' lang='grc' dir='ltr'>ἔχοντ’</span> <span class='ocrx_word' id='word_1_376' title='bbox 1504 3132 1670 3201; x_wconf 79' lang='grc' dir='ltr'>ἄνδρα</span> <span class='ocrx_word' id='word_1_377' title='bbox 1731 3132 1957 3186; x_wconf 86' lang='grc' dir='ltr'>τοιαῦτα</span> 
     </span>
    </p>
   </div>
   <div class='ocr_carea' id='block_1_51' title="bbox 382 3218 599 3287">
    <p class='ocr_par' dir='ltr' id='par_1_51' title="bbox 382 3218 599 3287">
     <span class='ocr_line' id='line_1_51' title="bbox 382 3218 599 3287; baseline 0.023 -20"><span class='ocrx_word' id='word_1_378' title='bbox 382 3218 564 3286; x_wconf 85' lang='grc' dir='ltr'>λέγειν</span> <span class='ocrx_word' id='word_1_379' title='bbox 584 3236 599 3287; x_wconf 89' lang='grc'><strong>;</strong></span> 
     </span>
    </p>
   </div>
   <div class='ocr_carea' id='block_1_52' title="bbox 2062 2127 3645 2200">
    <p class='ocr_par' dir='ltr' id='par_1_52' title="bbox 2062 2127 3645 2200">
     <span class='ocr_line' id='line_1_52' title="bbox 2062 2127 3645 2200; baseline 0.005 -21"><span class='ocrx_word' id='word_1_380' title='bbox 2062 2141 2253 2196; x_wconf 71' lang='lat' dir='ltr'><strong>poenas</strong></span> <span class='ocrx_word' id='word_1_381' title='bbox 2271 2127 2422 2182; x_wconf 88' lang='lat' dir='ltr'><strong>dare.</strong></span> <span class='ocrx_word' id='word_1_382' title='bbox 2446 2127 2561 2193; x_wconf 84' lang='lat' dir='ltr'><strong>Qua</strong></span> <span class='ocrx_word' id='word_1_383' title='bbox 2583 2143 2641 2183; x_wconf 90' lang='lat' dir='ltr'><strong>re</strong></span> <span class='ocrx_word' id='word_1_384' title='bbox 2656 2137 2710 2181; x_wconf 89' lang='lat' dir='ltr'><strong>et</strong></span> <span class='ocrx_word' id='word_1_385' title='bbox 2732 2143 2886 2182; x_wconf 89' lang='lat' dir='ltr'><strong>suam</strong></span> <span class='ocrx_word' id='word_1_386' title='bbox 2909 2129 3075 2200; x_wconf 81' lang='lat' dir='ltr'><strong>judex</strong></span> <span class='ocrx_word' id='word_1_387' title='bbox 3090 2145 3217 2200; x_wconf 89' lang='lat' dir='ltr'><strong>erga</strong></span> <span class='ocrx_word' id='word_1_388' title='bbox 3241 2130 3490 2187; x_wconf 86' lang='lat' dir='ltr'><strong>homines</strong></span> <span class='ocrx_word' id='word_1_389' title='bbox 3503 2136 3645 2187; x_wconf 84' lang='lat' dir='ltr'><strong>ami-</strong></span> 
     </span>
    </p>
   </div>
   <div class='ocr_carea' id='block_1_53' title="bbox 2060 2218 3637 2294">
    <p class='ocr_par' dir='ltr' id='par_1_53' title="bbox 2060 2218 3637 2294">
     <span class='ocr_line' id='line_1_53' title="bbox 2060 2218 3637 2294; baseline 0.004 -22"><span class='ocrx_word' id='word_1_390' title='bbox 2060 2218 2268 2283; x_wconf 89' lang='lat' dir='ltr'><strong>citiam,</strong></span> <span class='ocrx_word' id='word_1_391' title='bbox 2289 2227 2342 2274; x_wconf 90' lang='lat' dir='ltr'><strong>et</strong></span> <span class='ocrx_word' id='word_1_392' title='bbox 2376 2234 2502 2290; x_wconf 89' lang='lat' dir='ltr'><strong>erga</strong></span> <span class='ocrx_word' id='word_1_393' title='bbox 2534 2220 2810 2290; x_wconf 89' lang='lat' dir='ltr'><strong>propriam</strong></span> <span class='ocrx_word' id='word_1_394' title='bbox 2846 2230 3071 2276; x_wconf 87' lang='lat' dir='ltr'><strong>matrem</strong></span> <span class='ocrx_word' id='word_1_395' title='bbox 3101 2235 3443 2294; x_wconf 91' lang='lat' dir='ltr'><strong>cunctosque</strong></span> <span class='ocrx_word' id='word_1_396' title='bbox 3470 2227 3637 2293; x_wconf 86' lang='lat' dir='ltr'><strong>justi-</strong></span> 
     </span>
    </p>
   </div>
   <div class='ocr_carea' id='block_1_54' title="bbox 2062 2310 3644 2387">
    <p class='ocr_par' dir='ltr' id='par_1_54' title="bbox 2062 2310 3644 2387">
     <span class='ocr_line' id='line_1_54' title="bbox 2062 2310 3644 2387; baseline 0.005 -22"><span class='ocrx_word' id='word_1_397' title='bbox 2062 2310 2188 2366; x_wconf 90' lang='lat' dir='ltr'><strong>tiam</strong></span> <span class='ocrx_word' id='word_1_398' title='bbox 2228 2320 2518 2367; x_wconf 83' lang='lat' dir='ltr'><strong>tueretur:</strong></span> <span class='ocrx_word' id='word_1_399' title='bbox 2582 2313 2825 2383; x_wconf 82' lang='lat' dir='ltr'><strong>alioquin</strong></span> <span class='ocrx_word' id='word_1_400' title='bbox 2886 2315 2970 2368; x_wconf 88' lang='lat' dir='ltr'><strong>vel</strong></span> <span class='ocrx_word' id='word_1_401' title='bbox 3022 2316 3335 2373; x_wconf 91' lang='lat' dir='ltr'><strong>humanitas</strong></span> <span class='ocrx_word' id='word_1_402' title='bbox 3395 2319 3515 2387; x_wconf 90' lang='lat' dir='ltr'><strong>ejus</strong></span> <span class='ocrx_word' id='word_1_403' title='bbox 3562 2322 3644 2373; x_wconf 80' lang='lat' dir='ltr'><strong>vel</strong></span> 
     </span>
    </p>
   </div>
   <div class='ocr_carea' id='block_1_55' title="bbox 2057 2402 3647 2476">
    <p class='ocr_par' dir='ltr' id='par_1_55' title="bbox 2057 2402 3647 2476">
     <span class='ocr_line' id='line_1_55' title="bbox 2057 2402 3647 2476; baseline 0.005 -20"><span class='ocrx_word' id='word_1_404' title='bbox 2057 2402 2269 2473; x_wconf 82' lang='lat' dir='ltr'><strong>justitia</strong></span> <span class='ocrx_word' id='word_1_405' title='bbox 2302 2418 2366 2458; x_wconf 80' lang='lat' dir='ltr'><strong>ex</strong></span> <span class='ocrx_word' id='word_1_406' title='bbox 2399 2406 2581 2475; x_wconf 87' lang='lat' dir='ltr'><strong>aliqua</strong></span> <span class='ocrx_word' id='word_1_407' title='bbox 2625 2415 2778 2476; x_wconf 89' lang='lat' dir='ltr'><strong>parte</strong></span> <span class='ocrx_word' id='word_1_408' title='bbox 2806 2407 3159 2473; x_wconf 81' lang='lat' dir='ltr'><strong>claudicaret,</strong></span> <span class='ocrx_word' id='word_1_409' title='bbox 3218 2412 3302 2465; x_wconf 91' lang='lat' dir='ltr'><strong>vel</strong></span> <span class='ocrx_word' id='word_1_410' title='bbox 3357 2412 3538 2465; x_wconf 87' lang='lat' dir='ltr'><strong>omnia</strong></span> <span class='ocrx_word' id='word_1_411' title='bbox 3572 2413 3647 2467; x_wconf 88' lang='lat' dir='ltr'><strong>si-</strong></span> 
     </span>
    </p>
   </div>
   <div class='ocr_carea' id='block_1_56' title="bbox 2065 2496 3649 2567">
    <p class='ocr_par' dir='ltr' id='par_1_56' title="bbox 2065 2496 3649 2567">
     <span class='ocr_line' id='line_1_56' title="bbox 2065 2496 3649 2567; baseline 0.007 -22"><span class='ocrx_word' id='word_1_412' title='bbox 2065 2496 2202 2558; x_wconf 89' lang='lat' dir='ltr'><strong>mul,</strong></span> <span class='ocrx_word' id='word_1_413' title='bbox 2239 2502 2297 2548; x_wconf 89' lang='lat' dir='ltr'><strong>ut</strong></span> <span class='ocrx_word' id='word_1_414' title='bbox 2336 2497 2491 2550; x_wconf 88' lang='lat' dir='ltr'><strong>aiunt</strong></span> <span class='ocrx_word' id='word_1_415' title='bbox 2520 2516 2531 2550; x_wconf 91' lang='lat'>:</span> <span class='ocrx_word' id='word_1_416' title='bbox 2567 2512 2692 2550; x_wconf 85' lang='lat' dir='ltr'><strong>nam</strong></span> <span class='ocrx_word' id='word_1_417' title='bbox 2722 2499 2811 2563; x_wconf 87' lang='lat' dir='ltr'><strong>iis,</strong></span> <span class='ocrx_word' id='word_1_418' title='bbox 2839 2510 2958 2567; x_wconf 66' lang='lat' dir='ltr'><strong>qua:</strong></span> <span class='ocrx_word' id='word_1_419' title='bbox 2989 2501 3151 2554; x_wconf 84' lang='lat' dir='ltr'><strong>modo</strong></span> <span class='ocrx_word' id='word_1_420' title='bbox 3187 2501 3393 2565; x_wconf 81' lang='lat' dir='ltr'><strong>dixisti,</strong></span> <span class='ocrx_word' id='word_1_421' title='bbox 3417 2502 3649 2556; x_wconf 87' lang='lat' dir='ltr'><strong>confun—</strong></span> 
     </span>
    </p>
   </div>
   <div class='ocr_carea' id='block_1_57' title="bbox 2066 2585 3648 2662">
    <p class='ocr_par' dir='ltr' id='par_1_57' title="bbox 2066 2585 3648 2662">
     <span class='ocr_line' id='line_1_57' title="bbox 2066 2585 3648 2662; baseline 0.009 -26"><span class='ocrx_word' id='word_1_422' title='bbox 2066 2585 2210 2636; x_wconf 88' lang='lat' dir='ltr'><strong>ditur</strong></span> <span class='ocrx_word' id='word_1_423' title='bbox 2238 2587 2394 2654; x_wconf 90' lang='lat' dir='ltr'><strong>quasi</strong></span> <span class='ocrx_word' id='word_1_424' title='bbox 2423 2598 2477 2641; x_wconf 93' lang='lat' dir='ltr'><strong>et</strong></span> <span class='ocrx_word' id='word_1_425' title='bbox 2502 2587 2854 2655; x_wconf 88' lang='lat' dir='ltr'><strong>perturbatur</strong></span> <span class='ocrx_word' id='word_1_426' title='bbox 2885 2599 2995 2644; x_wconf 88' lang='lat' dir='ltr'><strong>tota</strong></span> <span class='ocrx_word' id='word_1_427' title='bbox 3049 2590 3116 2645; x_wconf 89' lang='lat' dir='ltr'><strong>de</strong></span> <span class='ocrx_word' id='word_1_428' title='bbox 3171 2592 3280 2646; x_wconf 90' lang='lat' dir='ltr'><strong>Deo</strong></span> <span class='ocrx_word' id='word_1_429' title='bbox 3330 2594 3648 2662; x_wconf 83' lang='lat' dir='ltr'><strong>disputatio.</strong></span> 
     </span>
    </p>
   </div>
   <div class='ocr_carea' id='block_1_58' title="bbox 2067 2675 3650 2747">
    <p class='ocr_par' dir='ltr' id='par_1_58' title="bbox 2067 2675 3650 2747">
     <span class='ocr_line' id='line_1_58' title="bbox 2067 2675 3650 2747; baseline 0.008 -21"><span class='ocrx_word' id='word_1_430' title='bbox 2067 2675 2279 2728; x_wconf 86' lang='lat' dir='ltr'><strong>Etenim</strong></span> <span class='ocrx_word' id='word_1_431' title='bbox 2312 2678 2357 2731; x_wconf 88' lang='lat' dir='ltr'><strong>si</strong></span> <span class='ocrx_word' id='word_1_432' title='bbox 2413 2678 2789 2747; x_wconf 68' lang='lat' dir='ltr'><strong>improborum</strong></span> <span class='ocrx_word' id='word_1_433' title='bbox 2832 2682 2980 2734; x_wconf 88' lang='lat' dir='ltr'><strong>nulla</strong></span> <span class='ocrx_word' id='word_1_434' title='bbox 3006 2697 3066 2735; x_wconf 89' lang='lat' dir='ltr'><strong>re</strong></span> <span class='ocrx_word' id='word_1_435' title='bbox 3123 2683 3365 2737; x_wconf 81' lang='lat' dir='ltr'><strong>deterior</strong></span> <span class='ocrx_word' id='word_1_436' title='bbox 3426 2700 3546 2740; x_wconf 83' lang='lat' dir='ltr'><strong>esse</strong></span> <span class='ocrx_word' id='word_1_437' title='bbox 3574 2687 3650 2739; x_wconf 88' lang='lat' dir='ltr'><strong>vi-</strong></span> 
     </span>
    </p>
   </div>
   <div class='ocr_carea' id='block_1_59' title="bbox 2066 2764 3647 2843">
    <p class='ocr_par' dir='ltr' id='par_1_59' title="bbox 2066 2764 3647 2843">
     <span class='ocr_line' id='line_1_59' title="bbox 2066 2764 3647 2843; baseline 0.009 -25"><span class='ocrx_word' id='word_1_438' title='bbox 2066 2764 2286 2819; x_wconf 86' lang='lat' dir='ltr'><strong>deretur</strong></span> <span class='ocrx_word' id='word_1_439' title='bbox 2323 2784 2487 2836; x_wconf 91' lang='lat' dir='ltr'><strong>quam</strong></span> <span class='ocrx_word' id='word_1_440' title='bbox 2519 2771 2819 2838; x_wconf 87' lang='lat' dir='ltr'><strong>proborum</strong></span> <span class='ocrx_word' id='word_1_441' title='bbox 2844 2768 3104 2839; x_wconf 83' lang='lat' dir='ltr'><strong>conditio,</strong></span> <span class='ocrx_word' id='word_1_442' title='bbox 3134 2774 3311 2843; x_wconf 84' lang='lat' dir='ltr'><strong>inepte</strong></span> <span class='ocrx_word' id='word_1_443' title='bbox 3335 2791 3467 2831; x_wconf 87' lang='lat' dir='ltr'><strong>sane</strong></span> <span class='ocrx_word' id='word_1_444' title='bbox 3498 2777 3647 2832; x_wconf 83' lang='lat' dir='ltr'><strong>face-</strong></span> 
     </span>
    </p>
   </div>
   <div class='ocr_carea' id='block_1_60' title="bbox 2066 2858 3642 2931">
    <p class='ocr_par' dir='ltr' id='par_1_60' title="bbox 2066 2858 3642 2931">
     <span class='ocr_line' id='line_1_60' title="bbox 2066 2858 3642 2931; baseline 0.007 -21"><span class='ocrx_word' id='word_1_445' title='bbox 2066 2867 2169 2923; x_wconf 87' lang='lat' dir='ltr'><strong>ret,</strong></span> <span class='ocrx_word' id='word_1_446' title='bbox 2198 2858 2289 2925; x_wconf 88' lang='lat' dir='ltr'><strong>qui</strong></span> <span class='ocrx_word' id='word_1_447' title='bbox 2320 2860 2527 2928; x_wconf 78' lang='lat' dir='ltr'><strong>fugeret</strong></span> <span class='ocrx_word' id='word_1_448' title='bbox 2558 2861 2849 2931; x_wconf 85' lang='lat' dir='ltr'><strong>voluptatis</strong></span> <span class='ocrx_word' id='word_1_449' title='bbox 2887 2863 3214 2918; x_wconf 86' lang='lat' dir='ltr'><strong>invidiosum</strong></span> <span class='ocrx_word' id='word_1_450' title='bbox 3258 2881 3477 2931; x_wconf 89' lang='lat' dir='ltr'><strong>nomen,</strong></span> <span class='ocrx_word' id='word_1_451' title='bbox 3523 2869 3642 2921; x_wconf 86' lang='lat' dir='ltr'><strong>ine-</strong></span> 
     </span>
    </p>
   </div>
   <div class='ocr_carea' id='block_1_61' title="bbox 2065 2951 3651 3020">
    <p class='ocr_par' dir='ltr' id='par_1_61' title="bbox 2065 2951 3651 3020">
     <span class='ocr_line' id='line_1_61' title="bbox 2065 2951 3651 3020; baseline 0.006 -17"><span class='ocrx_word' id='word_1_452' title='bbox 2065 2959 2153 3017; x_wconf 93' lang='lat' dir='ltr'><strong>pte</strong></span> <span class='ocrx_word' id='word_1_453' title='bbox 2180 2951 2271 3019; x_wconf 88' lang='lat' dir='ltr'><strong>qui</strong></span> <span class='ocrx_word' id='word_1_454' title='bbox 2306 2952 2483 3019; x_wconf 73' lang='lat' dir='ltr'><strong>magni</strong></span> <span class='ocrx_word' id='word_1_455' title='bbox 2518 2951 2722 3005; x_wconf 88' lang='lat' dir='ltr'><strong>faceret</strong></span> <span class='ocrx_word' id='word_1_456' title='bbox 2763 2953 3097 3008; x_wconf 88' lang='lat' dir='ltr'><strong>iracundiam</strong></span> <span class='ocrx_word' id='word_1_457' title='bbox 3121 2956 3395 3020; x_wconf 86' lang='lat' dir='ltr'><strong>cohibere,</strong></span> <span class='ocrx_word' id='word_1_458' title='bbox 3418 2958 3651 3014; x_wconf 78' lang='lat' dir='ltr'><strong>ridicule</strong></span> 
     </span>
    </p>
   </div>
   <div class='ocr_carea' id='block_1_62' title="bbox 2065 3041 3652 3115">
    <p class='ocr_par' dir='ltr' id='par_1_62' title="bbox 2065 3041 3652 3115">
     <span class='ocr_line' id='line_1_62' title="bbox 2065 3041 3652 3115; baseline 0.008 -24"><span class='ocrx_word' id='word_1_459' title='bbox 2065 3041 2155 3108; x_wconf 89' lang='lat' dir='ltr'><strong>qui</strong></span> <span class='ocrx_word' id='word_1_460' title='bbox 2191 3042 2383 3096; x_wconf 90' lang='lat' dir='ltr'><strong>alienis</strong></span> <span class='ocrx_word' id='word_1_461' title='bbox 2411 3044 2729 3098; x_wconf 86' lang='lat' dir='ltr'><strong>abstineret.</strong></span> <span class='ocrx_word' id='word_1_462' title='bbox 2754 3043 2897 3110; x_wconf 86' lang='lat' dir='ltr'><strong>Quin</strong></span> <span class='ocrx_word' id='word_1_463' title='bbox 2929 3046 2972 3099; x_wconf 89' lang='lat' dir='ltr'><strong>si</strong></span> <span class='ocrx_word' id='word_1_464' title='bbox 3007 3047 3118 3101; x_wconf 75' lang='lat' dir='ltr'><strong>hrec</strong></span> <span class='ocrx_word' id='word_1_465' title='bbox 3163 3048 3235 3100; x_wconf 86' lang='lat' dir='ltr'><strong>ita</strong></span> <span class='ocrx_word' id='word_1_466' title='bbox 3300 3060 3504 3115; x_wconf 75' lang='lat' dir='ltr'><strong>essent,</strong></span> <span class='ocrx_word' id='word_1_467' title='bbox 3557 3065 3652 3104; x_wconf 89' lang='lat' dir='ltr'><strong>su-</strong></span> 
     </span>
    </p>
   </div>
   <div class='ocr_carea' id='block_1_63' title="bbox 2065 3132 3649 3206">
    <p class='ocr_par' dir='ltr' id='par_1_63' title="bbox 2065 3132 3649 3206">
     <span class='ocr_line' id='line_1_63' title="bbox 2065 3132 3649 3206; baseline 0.006 -21"><span class='ocrx_word' id='word_1_468' title='bbox 2065 3149 2399 3203; x_wconf 84' lang='lat' dir='ltr'><strong>pervacanea</strong></span> <span class='ocrx_word' id='word_1_469' title='bbox 2428 3132 2617 3190; x_wconf 84' lang='lat' dir='ltr'><strong>hercle</strong></span> <span class='ocrx_word' id='word_1_470' title='bbox 2648 3136 2787 3190; x_wconf 92' lang='lat' dir='ltr'><strong>foret</strong></span> <span class='ocrx_word' id='word_1_471' title='bbox 2828 3138 3029 3192; x_wconf 83' lang='lat' dir='ltr'><strong>Christi</strong></span> <span class='ocrx_word' id='word_1_472' title='bbox 3060 3154 3089 3192; x_wconf 90' lang='lat' dir='ltr'><strong>e</strong></span> <span class='ocrx_word' id='word_1_473' title='bbox 3134 3140 3286 3194; x_wconf 74' lang='lat' dir='ltr'><strong>ccelis</strong></span> <span class='ocrx_word' id='word_1_474' title='bbox 3334 3141 3649 3206; x_wconf 86' lang='lat' dir='ltr'><strong>descensio,</strong></span> 
     </span>
    </p>
   </div>
   <div class='ocr_carea' id='block_1_64' title="bbox 2067 3228 3649 3300">
    <p class='ocr_par' dir='ltr' id='par_1_64' title="bbox 2067 3228 3649 3300">
     <span class='ocr_line' id='line_1_64' title="bbox 2067 3228 3649 3300; baseline 0.006 -23"><span class='ocrx_word' id='word_1_475' title='bbox 2067 3234 2123 3278; x_wconf 94' lang='lat' dir='ltr'><strong>ut</strong></span> <span class='ocrx_word' id='word_1_476' title='bbox 2158 3240 2373 3278; x_wconf 87' lang='lat' dir='ltr'><strong>omnem</strong></span> <span class='ocrx_word' id='word_1_477' title='bbox 2404 3235 2605 3280; x_wconf 92' lang='lat' dir='ltr'><strong>terram</strong></span> <span class='ocrx_word' id='word_1_478' title='bbox 2641 3228 2866 3297; x_wconf 85' lang='lat' dir='ltr'><strong>judicet,</strong></span> <span class='ocrx_word' id='word_1_479' title='bbox 2928 3230 3243 3300; x_wconf 84' lang='lat' dir='ltr'><strong>singulique</strong></span> <span class='ocrx_word' id='word_1_480' title='bbox 3300 3246 3525 3286; x_wconf 87' lang='lat' dir='ltr'><strong>suorum</strong></span> <span class='ocrx_word' id='word_1_481' title='bbox 3568 3234 3649 3286; x_wconf 87' lang='lat' dir='ltr'><strong>fa-</strong></span> 
     </span>
    </p>
   </div>
   <div class='ocr_carea' id='block_1_65' title="bbox 390 3319 3648 3399">
    <p class='ocr_par' dir='ltr' id='par_1_65' title="bbox 390 3319 3648 3399">
     <span class='ocr_line' id='line_1_65' title="bbox 390 3319 3648 3399; baseline 0.005 -30"><span class='ocrx_word' id='word_1_482' title='bbox 390 3326 601 3369; x_wconf 88' lang='lat' dir='ltr'><strong>ctorum</strong></span> <span class='ocrx_word' id='word_1_483' title='bbox 662 3319 1161 3374; x_wconf 85' lang='lat' dir='ltr'><strong>remunerationem</strong></span> <span class='ocrx_word' id='word_1_484' title='bbox 1214 3319 1499 3389; x_wconf 88' lang='lat' dir='ltr'><strong>accipiant.</strong></span> <span class='ocrx_word' id='word_1_485' title='bbox 1564 3320 1768 3390; x_wconf 90' lang='lat' dir='ltr'><strong>Itaque,</strong></span> <span class='ocrx_word' id='word_1_486' title='bbox 1821 3322 1895 3375; x_wconf 88' lang='lat' dir='ltr'><strong>mi</strong></span> <span class='ocrx_word' id='word_1_487' title='bbox 1928 3322 2343 3391; x_wconf 46' lang='lat' dir='ltr'><strong>jhumanissime</strong></span> <span class='ocrx_word' id='word_1_488' title='bbox 2386 3324 2607 3395; x_wconf 86' lang='lat' dir='ltr'><strong>hospes,</strong></span> <span class='ocrx_word' id='word_1_489' title='bbox 2665 3341 2912 3395; x_wconf 76' lang='lat' dir='ltr'><strong>quamam</strong></span> <span class='ocrx_word' id='word_1_490' title='bbox 2961 3336 3137 3398; x_wconf 82' lang='lat' dir='ltr'><strong>potest</strong></span> <span class='ocrx_word' id='word_1_491' title='bbox 3184 3329 3409 3385; x_wconf 85' lang='lat' dir='ltr'><strong>subesse</strong></span> <span class='ocrx_word' id='word_1_492' title='bbox 3462 3346 3648 3399; x_wconf 85' lang='lat' dir='ltr'><strong>causa,</strong></span> 
     </span>
    </p>
   </div>
   <div class='ocr_carea' id='block_1_66' title="bbox 384 3413 1790 3486">
    <p class='ocr_par' dir='ltr' id='par_1_66' title="bbox 384 3413 1790 3486">
     <span class='ocr_line' id='line_1_66' title="bbox 384 3413 1790 3486; baseline 0.004 -19"><span class='ocrx_word' id='word_1_493' title='bbox 384 3422 444 3467; x_wconf 91' lang='lat' dir='ltr'><strong>ut</strong></span> <span class='ocrx_word' id='word_1_494' title='bbox 479 3413 579 3479; x_wconf 86' lang='lat' dir='ltr'><strong>vir,</strong></span> <span class='ocrx_word' id='word_1_495' title='bbox 607 3414 660 3468; x_wconf 89' lang='lat' dir='ltr'><strong>in</strong></span> <span class='ocrx_word' id='word_1_496' title='bbox 689 3430 797 3484; x_wconf 91' lang='lat' dir='ltr'><strong>quo</strong></span> <span class='ocrx_word' id='word_1_497' title='bbox 826 3425 911 3471; x_wconf 88' lang='lat' dir='ltr'><strong>est</strong></span> <span class='ocrx_word' id='word_1_498' title='bbox 941 3430 1153 3471; x_wconf 86' lang='lat' dir='ltr'><strong>summa</strong></span> <span class='ocrx_word' id='word_1_499' title='bbox 1186 3419 1346 3482; x_wconf 88' lang='lat' dir='ltr'><strong>ratio,</strong></span> <span class='ocrx_word' id='word_1_500' title='bbox 1381 3417 1461 3471; x_wconf 89' lang='lat' dir='ltr'><strong>sic</strong></span> <span class='ocrx_word' id='word_1_501' title='bbox 1490 3418 1790 3486; x_wconf 86' lang='lat' dir='ltr'><strong>loquatur?</strong></span> 
     </span>
    </p>
   </div>
   <div class='ocr_carea' id='block_1_67' title="bbox 456 3506 1957 3583">
    <p class='ocr_par' dir='ltr' id='par_1_67' title="bbox 456 3506 1957 3583">
     <span class='ocr_line' id='line_1_67' title="bbox 456 3506 1957 3583; baseline 0.005 -23"><span class='ocrx_word' id='word_1_502' title='bbox 456 3508 538 3561; x_wconf 85' lang='grc' dir='ltr'>ιε’.</span> <span class='ocrx_word' id='word_1_503' title='bbox 573 3506 844 3577; x_wconf 84' lang='grc' dir='ltr'>Βούλομαι</span> <span class='ocrx_word' id='word_1_504' title='bbox 873 3508 927 3561; x_wconf 78' lang='grc' dir='ltr'><strong>δέ</strong></span> <span class='ocrx_word' id='word_1_505' title='bbox 952 3526 1004 3561; x_wconf 90' lang='grc' dir='ltr'><strong>τι</strong></span> <span class='ocrx_word' id='word_1_506' title='bbox 1039 3508 1137 3562; x_wconf 90' lang='grc' dir='ltr'><strong>νῦν</strong></span> <span class='ocrx_word' id='word_1_507' title='bbox 1162 3511 1337 3562; x_wconf 81' lang='grc' dir='ltr'>εἰπεῖν</span> <span class='ocrx_word' id='word_1_508' title='bbox 1372 3512 1467 3563; x_wconf 74' lang='grc' dir='ltr'>καὶ</span> <span class='ocrx_word' id='word_1_509' title='bbox 1497 3512 1625 3579; x_wconf 52' lang='grc' dir='ltr'><strong>περὶ⁵</strong></span> <span class='ocrx_word' id='word_1_510' title='bbox 1662 3514 1762 3583; x_wconf 82' lang='grc' dir='ltr'>τῆς</span> <span class='ocrx_word' id='word_1_511' title='bbox 1789 3514 1849 3565; x_wconf 84' lang='grc' dir='ltr'><strong>ὲν</strong></span> <span class='ocrx_word' id='word_1_512' title='bbox 1878 3513 1957 3583; x_wconf 85' lang='grc' dir='ltr'>τῷ</span> 
     </span>
    </p>
   </div>
   <div class='ocr_carea' id='block_1_68' title="bbox 387 3599 1955 3675">
    <p class='ocr_par' dir='ltr' id='par_1_68' title="bbox 387 3599 1955 3675">
     <span class='ocr_line' id='line_1_68' title="bbox 387 3599 1955 3675; baseline 0.007 -27"><span class='ocrx_word' id='word_1_513' title='bbox 387 3599 703 3668; x_wconf 80' lang='grc' dir='ltr'>παραδείσῳ</span> <span class='ocrx_word' id='word_1_514' title='bbox 758 3601 991 3670; x_wconf 82' lang='grc' dir='ltr'>τρυφῆς,</span> <span class='ocrx_word' id='word_1_515' title='bbox 1022 3602 1117 3654; x_wconf 82' lang='grc' dir='ltr'><strong>καὶ</strong></span> <span class='ocrx_word' id='word_1_516' title='bbox 1169 3604 1269 3673; x_wconf 85' lang='grc' dir='ltr'>τῆς</span> <span class='ocrx_word' id='word_1_517' title='bbox 1314 3602 1373 3654; x_wconf 79' lang='grc' dir='ltr'>ἐν</span> <span class='ocrx_word' id='word_1_518' title='bbox 1412 3603 1605 3675; x_wconf 80' lang='grc' dir='ltr'>ἐκείνῳ</span> <span class='ocrx_word' id='word_1_519' title='bbox 1649 3604 1859 3675; x_wconf 82' lang='grc' dir='ltr'>διαίτης</span> <span class='ocrx_word' id='word_1_520' title='bbox 1898 3624 1955 3659; x_wconf 89' lang='grc' dir='ltr'><strong>τε</strong></span> 
     </span>
    </p>
   </div>
   <div class='ocr_carea' id='block_1_69' title="bbox 389 3690 1958 3766">
    <p class='ocr_par' dir='ltr' id='par_1_69' title="bbox 389 3690 1958 3766">
     <span class='ocr_line' id='line_1_69' title="bbox 389 3690 1958 3766; baseline 0.006 -24"><span class='ocrx_word' id='word_1_521' title='bbox 389 3694 485 3743; x_wconf 74' lang='grc' dir='ltr'><strong>καὶ</strong></span> <span class='ocrx_word' id='word_1_522' title='bbox 542 3690 722 3756; x_wconf 73' lang='grc' dir='ltr'><strong>ζωῆςο</strong></span> <span class='ocrx_word' id='word_1_523' title='bbox 779 3696 846 3764; x_wconf 80' lang='grc' dir='ltr'>ἢν</span> <span class='ocrx_word' id='word_1_524' title='bbox 900 3693 966 3763; x_wconf 76' lang='grc' dir='ltr'><strong>δὴ</strong></span> <span class='ocrx_word' id='word_1_525' title='bbox 1011 3693 1165 3747; x_wconf 90' lang='grc' dir='ltr'>θείαν</span> <span class='ocrx_word' id='word_1_526' title='bbox 1220 3694 1318 3763; x_wconf 82' lang='grc' dir='ltr'>μὲν</span> <span class='ocrx_word' id='word_1_527' title='bbox 1363 3696 1457 3747; x_wconf 77' lang='grc' dir='ltr'>καὶ</span> <span class='ocrx_word' id='word_1_528' title='bbox 1498 3698 1776 3766; x_wconf 86' lang='grc' dir='ltr'>μακαρίαν</span> <span class='ocrx_word' id='word_1_529' title='bbox 1818 3694 1958 3752; x_wconf 74' lang='grc' dir='ltr'>εἶναί</span> 
     </span>
    </p>
   </div>
   <div class='ocr_carea' id='block_1_70' title="bbox 383 3780 1961 3861">
    <p class='ocr_par' dir='ltr' id='par_1_70' title="bbox 383 3780 1961 3861">
     <span class='ocr_line' id='line_1_70' title="bbox 383 3780 1961 3861; baseline 0.004 -25"><span class='ocrx_word' id='word_1_530' title='bbox 383 3800 548 3852; x_wconf 80' lang='grc' dir='ltr'>φατε,</span> <span class='ocrx_word' id='word_1_531' title='bbox 592 3780 674 3845; x_wconf 72' lang='grc' dir='ltr'>οἷς</span> <span class='ocrx_word' id='word_1_532' title='bbox 722 3785 779 3838; x_wconf 83' lang='grc' dir='ltr'><strong>δὲ</strong></span> <span class='ocrx_word' id='word_1_533' title='bbox 826 3782 982 3849; x_wconf 77' lang='grc' dir='ltr'>αὖθις</span> <span class='ocrx_word' id='word_1_534' title='bbox 1026 3787 1237 3855; x_wconf 88' lang='grc' dir='ltr'>λέγετε,</span> <span class='ocrx_word' id='word_1_535' title='bbox 1286 3790 1478 3858; x_wconf 74' lang='grc' dir='ltr'>πόρῤω</span> <span class='ocrx_word' id='word_1_536' title='bbox 1518 3790 1633 3843; x_wconf 86' lang='grc' dir='ltr'>’που</span> <span class='ocrx_word' id='word_1_537' title='bbox 1683 3792 1961 3861; x_wconf 80' lang='grc' dir='ltr'>θειότητος</span> 
     </span>
    </p>
   </div>
   <div class='ocr_carea' id='block_1_71' title="bbox 383 3877 1959 3950">
    <p class='ocr_par' dir='ltr' id='par_1_71' title="bbox 383 3877 1959 3950">
     <span class='ocr_line' id='line_1_71' title="bbox 383 3877 1959 3950; baseline 0.004 -22"><span class='ocrx_word' id='word_1_538' title='bbox 383 3877 591 3945; x_wconf 87' lang='grc' dir='ltr'>ταύτην</span> <span class='ocrx_word' id='word_1_539' title='bbox 643 3879 736 3929; x_wconf 73' lang='grc' dir='ltr'><strong>καὶ</strong></span> <span class='ocrx_word' id='word_1_540' title='bbox 792 3880 1194 3949; x_wconf 84' lang='grc' dir='ltr'>μακαριότητος</span> <span class='ocrx_word' id='word_1_541' title='bbox 1256 3883 1613 3950; x_wconf 82' lang='grc' dir='ltr'>ἀποφαίνετε.</span> <span class='ocrx_word' id='word_1_542' title='bbox 1671 3886 1734 3937; x_wconf 85' lang='grc' dir='ltr'>Εἰ</span> <span class='ocrx_word' id='word_1_543' title='bbox 1783 3885 1849 3936; x_wconf 78' lang='grc' dir='ltr'><strong>σὺ</strong></span> <span class='ocrx_word' id='word_1_544' title='bbox 1903 3884 1959 3935; x_wconf 78' lang='grc' dir='ltr'>δὲ</span> 
     </span>
    </p>
   </div>
   <div class='ocr_carea' id='block_1_72' title="bbox 386 3968 1961 4042">
    <p class='ocr_par' dir='ltr' id='par_1_72' title="bbox 386 3968 1961 4042">
     <span class='ocr_line' id='line_1_72' title="bbox 386 3968 1961 4042; baseline 0.003 -20"><span class='ocrx_word' id='word_1_545' title='bbox 386 3968 605 4038; x_wconf 82' lang='grc' dir='ltr'>βούλοιο</span> <span class='ocrx_word' id='word_1_546' title='bbox 654 3970 887 4040; x_wconf 84' lang='grc' dir='ltr'>πρῶτον.</span> <span class='ocrx_word' id='word_1_547' title='bbox 916 3972 1387 4040; x_wconf 75' lang='grc' dir='ltr'>ἀπολογήσασθαι,</span> <span class='ocrx_word' id='word_1_548' title='bbox 1427 3976 1551 4042; x_wconf 73' lang='grc' dir='ltr'>περὶ</span> <span class='ocrx_word' id='word_1_549' title='bbox 1592 3968 1665 4028; x_wconf 83' lang='grc' dir='ltr'>ὧν</span> <span class='ocrx_word' id='word_1_550' title='bbox 1700 3992 1793 4026; x_wconf 91' lang='grc' dir='ltr'><strong>σου</strong></span> <span class='ocrx_word' id='word_1_551' title='bbox 1828 3992 1961 4027; x_wconf 86' lang='grc' dir='ltr'>ταυ-</span> 
     </span>
    </p>
   </div>
   <div class='ocr_carea' id='block_1_73' title="bbox 386 4061 1964 4133">
    <p class='ocr_par' dir='ltr' id='par_1_73' title="bbox 386 4061 1964 4133">
     <span class='ocr_line' id='line_1_73' title="bbox 386 4061 1964 4133; baseline 0.003 -19"><span class='ocrx_word' id='word_1_552' title='bbox 386 4063 512 4132; x_wconf 72' lang='grc' dir='ltr'>τηνὶ</span> <span class='ocrx_word' id='word_1_553' title='bbox 544 4063 645 4132; x_wconf 84' lang='grc' dir='ltr'><strong>τὴν</strong></span> <span class='ocrx_word' id='word_1_554' title='bbox 676 4061 836 4126; x_wconf 82' lang='grc' dir='ltr'>δόξαν</span> <span class='ocrx_word' id='word_1_555' title='bbox 866 4062 1261 4133; x_wconf 87' lang='grc' dir='ltr'>διεϐεϐλήκειν,</span> <span class='ocrx_word' id='word_1_556' title='bbox 1294 4064 1524 4132; x_wconf 79' lang='grc' dir='ltr'>ἄσμενοί</span> <span class='ocrx_word' id='word_1_557' title='bbox 1566 4083 1662 4118; x_wconf 91' lang='grc' dir='ltr'><strong>σου</strong></span> <span class='ocrx_word' id='word_1_558' title='bbox 1712 4067 1964 4132; x_wconf 89' lang='grc' dir='ltr'>λέγοντος</span> 
     </span>
    </p>
   </div>
   <div class='ocr_carea' id='block_1_74' title="bbox 2135 3511 3649 3583">
    <p class='ocr_par' dir='ltr' id='par_1_74' title="bbox 2135 3511 3649 3583">
     <span class='ocr_line' id='line_1_74' title="bbox 2135 3511 3649 3583; baseline 0.005 -17"><span class='ocrx_word' id='word_1_559' title='bbox 2135 3513 2221 3566; x_wconf 77' lang='grc'><strong>15.</strong></span> <span class='ocrx_word' id='word_1_560' title='bbox 2266 3511 2454 3566; x_wconf 89' lang='lat' dir='ltr'><strong>Dicam</strong></span> <span class='ocrx_word' id='word_1_561' title='bbox 2484 3529 2629 3567; x_wconf 90' lang='lat' dir='ltr'><strong>nunc</strong></span> <span class='ocrx_word' id='word_1_562' title='bbox 2657 3513 2723 3569; x_wconf 91' lang='lat' dir='ltr'><strong>de</strong></span> <span class='ocrx_word' id='word_1_563' title='bbox 2750 3514 2986 3583; x_wconf 82' lang='lat' dir='ltr'><strong>paradisi</strong></span> <span class='ocrx_word' id='word_1_564' title='bbox 3030 3513 3259 3583; x_wconf 89' lang='lat' dir='ltr'><strong>deliciis,</strong></span> <span class='ocrx_word' id='word_1_565' title='bbox 3285 3526 3338 3571; x_wconf 92' lang='lat' dir='ltr'><strong>et</strong></span> <span class='ocrx_word' id='word_1_566' title='bbox 3362 3518 3428 3571; x_wconf 85' lang='lat' dir='ltr'><strong>de.</strong></span> <span class='ocrx_word' id='word_1_567' title='bbox 3462 3520 3649 3573; x_wconf 86' lang='lat' dir='ltr'><strong>tradu-</strong></span> 
     </span>
    </p>
   </div>
   <div class='ocr_carea' id='block_1_75' title="bbox 2062 3603 3647 3675">
    <p class='ocr_par' dir='ltr' id='par_1_75' title="bbox 2062 3603 3647 3675">
     <span class='ocr_line' id='line_1_75' title="bbox 2062 3603 3647 3675; baseline 0.006 -19"><span class='ocrx_word' id='word_1_568' title='bbox 2062 3603 2231 3657; x_wconf 78' lang='lat' dir='ltr'><strong>Cenda</strong></span> <span class='ocrx_word' id='word_1_569' title='bbox 2268 3604 2339 3657; x_wconf 91' lang='lat' dir='ltr'><strong>ihi</strong></span> <span class='ocrx_word' id='word_1_570' title='bbox 2390 3603 2530 3658; x_wconf 89' lang='lat' dir='ltr'><strong>vita:</strong></span> <span class='ocrx_word' id='word_1_571' title='bbox 2584 3620 2745 3673; x_wconf 89' lang='lat' dir='ltr'><strong>quam</strong></span> <span class='ocrx_word' id='word_1_572' title='bbox 2801 3604 3041 3658; x_wconf 89' lang='lat' dir='ltr'><strong>divinam</strong></span> <span class='ocrx_word' id='word_1_573' title='bbox 3094 3608 3385 3675; x_wconf 86' lang='lat' dir='ltr'><strong>quidemet</strong></span> <span class='ocrx_word' id='word_1_574' title='bbox 3436 3609 3647 3665; x_wconf 83' lang='lat' dir='ltr'><strong>beatam</strong></span> 
     </span>
    </p>
   </div>
   <div class='ocr_carea' id='block_1_76' title="bbox 2063 3696 3651 3766">
    <p class='ocr_par' dir='ltr' id='par_1_76' title="bbox 2063 3696 3651 3766">
     <span class='ocr_line' id='line_1_76' title="bbox 2063 3696 3651 3766; baseline 0.004 -18"><span class='ocrx_word' id='word_1_575' title='bbox 2063 3709 2183 3749; x_wconf 88' lang='lat' dir='ltr'><strong>esse</strong></span> <span class='ocrx_word' id='word_1_576' title='bbox 2212 3696 2418 3759; x_wconf 89' lang='lat' dir='ltr'><strong>dicitis,</strong></span> <span class='ocrx_word' id='word_1_577' title='bbox 2458 3697 2550 3749; x_wconf 88' lang='lat' dir='ltr'><strong>sed</strong></span> <span class='ocrx_word' id='word_1_578' title='bbox 2617 3697 2933 3766; x_wconf 89' lang='lat' dir='ltr'><strong>vestrisipsi</strong></span> <span class='ocrx_word' id='word_1_579' title='bbox 2984 3700 3333 3755; x_wconf 82' lang='lat' dir='ltr'><strong>sermonibus</strong></span> <span class='ocrx_word' id='word_1_580' title='bbox 3361 3715 3390 3754; x_wconf 90' lang='lat' dir='ltr'><strong>a</strong></span> <span class='ocrx_word' id='word_1_581' title='bbox 3447 3702 3651 3755; x_wconf 84' lang='lat' dir='ltr'><strong>divini-</strong></span> 
     </span>
    </p>
   </div>
   <div class='ocr_carea' id='block_1_77' title="bbox 2065 3787 3646 3855">
    <p class='ocr_par' dir='ltr' id='par_1_77' title="bbox 2065 3787 3646 3855">
     <span class='ocr_line' id='line_1_77' title="bbox 2065 3787 3646 3855; baseline 0.004 -16"><span class='ocrx_word' id='word_1_582' title='bbox 2065 3796 2172 3839; x_wconf 87' lang='lat' dir='ltr'><strong>tate</strong></span> <span class='ocrx_word' id='word_1_583' title='bbox 2206 3793 2259 3840; x_wconf 89' lang='lat' dir='ltr'><strong>et</strong></span> <span class='ocrx_word' id='word_1_584' title='bbox 2318 3787 2579 3840; x_wconf 77' lang='lat' dir='ltr'><strong>felicitate</strong></span> <span class='ocrx_word' id='word_1_585' title='bbox 2627 3789 2818 3855; x_wconf 88' lang='lat' dir='ltr'><strong>procul</strong></span> <span class='ocrx_word' id='word_1_586' title='bbox 2875 3789 3065 3843; x_wconf 89' lang='lat' dir='ltr'><strong>abesse</strong></span> <span class='ocrx_word' id='word_1_587' title='bbox 3121 3790 3530 3844; x_wconf 80' lang='lat' dir='ltr'><strong>demonstratis.</strong></span> <span class='ocrx_word' id='word_1_588' title='bbox 3588 3791 3646 3845; x_wconf 91' lang='lat' dir='ltr'><strong>Si</strong></span> 
     </span>
    </p>
   </div>
   <div class='ocr_carea' id='block_1_78' title="bbox 2069 3876 3652 3946">
    <p class='ocr_par' dir='ltr' id='par_1_78' title="bbox 2069 3876 3652 3946">
     <span class='ocr_line' id='line_1_78' title="bbox 2069 3876 3652 3946; baseline 0.003 -18"><span class='ocrx_word' id='word_1_589' title='bbox 2069 3885 2246 3928; x_wconf 89' lang='lat' dir='ltr'><strong>tamen</strong></span> <span class='ocrx_word' id='word_1_590' title='bbox 2275 3876 2418 3928; x_wconf 82' lang='lat' dir='ltr'><strong>illaut</strong></span> <span class='ocrx_word' id='word_1_591' title='bbox 2453 3887 2599 3929; x_wconf 90' lang='lat' dir='ltr'><strong>tuam</strong></span> <span class='ocrx_word' id='word_1_592' title='bbox 2659 3879 2970 3946; x_wconf 91' lang='lat' dir='ltr'><strong>opinionem</strong></span> <span class='ocrx_word' id='word_1_593' title='bbox 3005 3885 3129 3930; x_wconf 85' lang='lat' dir='ltr'><strong>ante</strong></span> <span class='ocrx_word' id='word_1_594' title='bbox 3182 3879 3474 3933; x_wconf 89' lang='lat' dir='ltr'><strong>defendere</strong></span> <span class='ocrx_word' id='word_1_595' title='bbox 3494 3880 3652 3934; x_wconf 77' lang='lat' dir='ltr'><strong>volu-</strong></span> 
     </span>
    </p>
   </div>
   <div class='ocr_carea' id='block_1_79' title="bbox 2066 3968 3647 4037">
    <p class='ocr_par' dir='ltr' id='par_1_79' title="bbox 2066 3968 3647 4037">
     <span class='ocr_line' id='line_1_79' title="bbox 2066 3968 3647 4037; baseline 0.005 -19"><span class='ocrx_word' id='word_1_596' title='bbox 2066 3968 2197 4029; x_wconf 87' lang='lat' dir='ltr'><strong>eris,</strong></span> <span class='ocrx_word' id='word_1_597' title='bbox 2218 3978 2269 4020; x_wconf 87' lang='lat' dir='ltr'><strong>et</strong></span> <span class='ocrx_word' id='word_1_598' title='bbox 2294 3983 2428 4037; x_wconf 88' lang='lat' dir='ltr'><strong>quas</strong></span> <span class='ocrx_word' id='word_1_599' title='bbox 2460 3979 2648 4023; x_wconf 86' lang='lat' dir='ltr'><strong>contra</strong></span> <span class='ocrx_word' id='word_1_600' title='bbox 2674 3970 2843 4037; x_wconf 88' lang='lat' dir='ltr'><strong>objeci</strong></span> <span class='ocrx_word' id='word_1_601' title='bbox 2875 3970 3326 4036; x_wconf 83' lang='lat' dir='ltr'><strong>reprehensiones</strong></span> <span class='ocrx_word' id='word_1_602' title='bbox 3347 3973 3647 4037; x_wconf 77' lang='lat' dir='ltr'><strong>infirmare,</strong></span> 
     </span>
    </p>
   </div>
   <div class='ocr_carea' id='block_1_80' title="bbox 2066 4060 3645 4129">
    <p class='ocr_par' dir='ltr' id='par_1_80' title="bbox 2066 4060 3645 4129">
     <span class='ocr_line' id='line_1_80' title="bbox 2066 4060 3645 4129; baseline 0.003 -17"><span class='ocrx_word' id='word_1_603' title='bbox 2066 4060 2223 4114; x_wconf 89' lang='lat' dir='ltr'><strong>valde</strong></span> <span class='ocrx_word' id='word_1_604' title='bbox 2244 4077 2363 4116; x_wconf 92' lang='lat' dir='ltr'><strong>sum</strong></span> <span class='ocrx_word' id='word_1_605' title='bbox 2386 4061 2615 4129; x_wconf 89' lang='lat' dir='ltr'><strong>cupidus</strong></span> <span class='ocrx_word' id='word_1_606' title='bbox 2636 4071 2686 4115; x_wconf 90' lang='lat' dir='ltr'><strong>te</strong></span> <span class='ocrx_word' id='word_1_607' title='bbox 2716 4062 2769 4114; x_wconf 94' lang='lat' dir='ltr'><strong>in</strong></span> <span class='ocrx_word' id='word_1_608' title='bbox 2800 4062 3070 4129; x_wconf 90' lang='lat' dir='ltr'><strong>ejusmodi</strong></span> <span class='ocrx_word' id='word_1_609' title='bbox 3099 4062 3348 4118; x_wconf 89' lang='lat' dir='ltr'><strong>oratione</strong></span> <span class='ocrx_word' id='word_1_610' title='bbox 3370 4064 3645 4117; x_wconf 89' lang='lat' dir='ltr'><strong>audiendi.</strong></span> 
     </span>
    </p>
   </div>
   <div class='ocr_carea' id='block_1_81' title="bbox 385 4153 1960 4227">
    <p class='ocr_par' dir='ltr' id='par_1_81' title="bbox 385 4154 1960 4227">
     <span class='ocr_line' id='line_1_81' title="bbox 385 4154 1960 4227; baseline 0.003 -21"><span class='ocrx_word' id='word_1_611' title='bbox 385 4155 760 4225; x_wconf 87' lang='grc' dir='ltr'>ἀκουσόμεθα.</span> <span class='ocrx_word' id='word_1_612' title='bbox 794 4155 906 4208; x_wconf 68' lang='grc' dir='ltr'><strong>Καλ⁸</strong></span> <span class='ocrx_word' id='word_1_613' title='bbox 960 4154 1021 4220; x_wconf 81' lang='grc' dir='ltr'>ὃς</span> <span class='ocrx_word' id='word_1_614' title='bbox 1061 4156 1164 4225; x_wconf 82' lang='grc' dir='ltr'>ἔφη</span> <span class='ocrx_word' id='word_1_615' title='bbox 1192 4172 1207 4186; x_wconf 86' lang='grc'><strong>·</strong></span> <span class='ocrx_word' id='word_1_616' title='bbox 1257 4155 1397 4208; x_wconf 85' lang='grc' dir='ltr'>Ἀλλ’</span> <span class='ocrx_word' id='word_1_617' title='bbox 1456 4158 1556 4210; x_wconf 84' lang='grc' dir='ltr'><strong>οὐκ</strong></span> <span class='ocrx_word' id='word_1_618' title='bbox 1610 4158 1855 4227; x_wconf 82' lang='grc' dir='ltr'>εὐχερῶς</span> <span class='ocrx_word' id='word_1_619' title='bbox 1899 4158 1960 4211; x_wconf 82' lang='grc' dir='ltr'>ἂν</span> 
     </span>
    </p>
   </div>
   <div class='ocr_carea' id='block_1_82' title="bbox 2065 4153 3647 4227">
    <p class='ocr_par' dir='ltr' id='par_1_82' title="bbox 2069 4153 3647 4227">
     <span class='ocr_line' id='line_1_82' title="bbox 2069 4153 3647 4227; baseline 0.004 -21"><span class='ocrx_word' id='word_1_620' title='bbox 2069 4153 2136 4206; x_wconf 84' lang='lat' dir='ltr'><strong>At</strong></span> <span class='ocrx_word' id='word_1_621' title='bbox 2164 4153 2333 4215; x_wconf 88' lang='lat' dir='ltr'><strong>enim,</strong></span> <span class='ocrx_word' id='word_1_622' title='bbox 2382 4154 2679 4221; x_wconf 85' lang='lat' dir='ltr'><strong>respondit,</strong></span> <span class='ocrx_word' id='word_1_623' title='bbox 2738 4170 2869 4208; x_wconf 72' lang='lat' dir='ltr'><strong>meae</strong></span> <span class='ocrx_word' id='word_1_624' title='bbox 2920 4154 3192 4223; x_wconf 90' lang='lat' dir='ltr'><strong>opinionis</strong></span> <span class='ocrx_word' id='word_1_625' title='bbox 3256 4172 3399 4212; x_wconf 91' lang='lat' dir='ltr'><strong>nunc</strong></span> <span class='ocrx_word' id='word_1_626' title='bbox 3469 4175 3647 4227; x_wconf 89' lang='lat' dir='ltr'><strong>neque</strong></span> 
     </span>
    </p>
   </div>
   <div class='ocr_carea' id='block_1_83' title="bbox 387 4242 1960 4320">
    <p class='ocr_par' dir='ltr' id='par_1_83' title="bbox 387 4244 1960 4320">
     <span class='ocr_line' id='line_1_83' title="bbox 387 4244 1960 4320; baseline 0.003 -22"><span class='ocrx_word' id='word_1_627' title='bbox 387 4244 565 4316; x_wconf 75' lang='grc' dir='ltr'>ἔχοιμι</span> <span class='ocrx_word' id='word_1_628' title='bbox 588 4246 705 4311; x_wconf 88' lang='grc' dir='ltr'>νῦν,</span> <span class='ocrx_word' id='word_1_629' title='bbox 737 4248 844 4300; x_wconf 71' lang='grc' dir='ltr'>οὐδ’</span> <span class='ocrx_word' id='word_1_630' title='bbox 870 4248 933 4300; x_wconf 84' lang='grc' dir='ltr'>ὲκ</span> <span class='ocrx_word' id='word_1_631' title='bbox 967 4247 1063 4300; x_wconf 88' lang='grc' dir='ltr'><strong>τοῦ</strong></span> <span class='ocrx_word' id='word_1_632' title='bbox 1098 4249 1392 4318; x_wconf 84' lang='grc' dir='ltr'>προχείρου</span> <span class='ocrx_word' id='word_1_633' title='bbox 1425 4266 1507 4301; x_wconf 88' lang='grc' dir='ltr'><strong>σοι</strong></span> <span class='ocrx_word' id='word_1_634' title='bbox 1539 4249 1638 4320; x_wconf 83' lang='grc' dir='ltr'><strong>τὴν</strong></span> <span class='ocrx_word' id='word_1_635' title='bbox 1668 4250 1960 4317; x_wconf 86' lang='grc' dir='ltr'>ἀπολογίαν</span> 
     </span>
    </p>
   </div>
   <div class='ocr_carea' id='block_1_84' title="bbox 2065 4242 3649 4320">
    <p class='ocr_par' dir='ltr' id='par_1_84' title="bbox 2070 4242 3649 4319">
     <span class='ocr_line' id='line_1_84' title="bbox 2070 4242 3649 4319; baseline 0.006 -23"><span class='ocrx_word' id='word_1_636' title='bbox 2070 4242 2344 4311; x_wconf 83' lang='lat' dir='ltr'><strong>perfacilis</strong></span> <span class='ocrx_word' id='word_1_637' title='bbox 2378 4253 2485 4307; x_wconf 90' lang='lat' dir='ltr'><strong>est,</strong></span> <span class='ocrx_word' id='word_1_638' title='bbox 2526 4261 2704 4313; x_wconf 88' lang='lat' dir='ltr'><strong>neque</strong></span> <span class='ocrx_word' id='word_1_639' title='bbox 2759 4247 2879 4301; x_wconf 86' lang='lat' dir='ltr'><strong>sine</strong></span> <span class='ocrx_word' id='word_1_640' title='bbox 2941 4251 3401 4303; x_wconf 87' lang='lat' dir='ltr'><strong>commentatione</strong></span> <span class='ocrx_word' id='word_1_641' title='bbox 3446 4252 3649 4319; x_wconf 90' lang='lat' dir='ltr'><strong>suscipi</strong></span> 
     </span>
    </p>
   </div>
   <div class='ocr_carea' id='block_1_85' title="bbox 387 4334 1960 4411">
    <p class='ocr_par' dir='ltr' id='par_1_85' title="bbox 387 4338 1960 4411">
     <span class='ocr_line' id='line_1_85' title="bbox 387 4338 1960 4411; baseline 0.001 -20"><span class='ocrx_word' id='word_1_642' title='bbox 387 4338 608 4394; x_wconf 85' lang='grc' dir='ltr'>διδόναι.</span> <span class='ocrx_word' id='word_1_643' title='bbox 640 4339 787 4409; x_wconf 75' lang='grc' dir='ltr'>Πλὴν</span> <span class='ocrx_word' id='word_1_644' title='bbox 823 4339 967 4393; x_wconf 77' lang='grc' dir='ltr'>οὕτω</span> <span class='ocrx_word' id='word_1_645' title='bbox 1008 4340 1432 4411; x_wconf 76' lang='grc' dir='ltr'>παρειλήφαμέν</span> <span class='ocrx_word' id='word_1_646' title='bbox 1478 4357 1538 4391; x_wconf 87' lang='grc' dir='ltr'><strong>τε</strong></span> <span class='ocrx_word' id='word_1_647' title='bbox 1588 4343 1682 4393; x_wconf 75' lang='grc' dir='ltr'><strong>καὶ</strong></span> <span class='ocrx_word' id='word_1_648' title='bbox 1715 4341 1960 4405; x_wconf 81' lang='grc' dir='ltr'>ἐδοξάζο-</span> 
     </span>
    </p>
   </div>
   <div class='ocr_carea' id='block_1_86' title="bbox 2065 4334 3651 4411">
    <p class='ocr_par' dir='ltr' id='par_1_86' title="bbox 2071 4334 3651 4408">
     <span class='ocr_line' id='line_1_86' title="bbox 2071 4334 3651 4408; baseline 0.004 -19"><span class='ocrx_word' id='word_1_649' title='bbox 2071 4334 2524 4404; x_wconf 82' lang='lat' dir='ltr'><strong>potestdefensio.</strong></span> <span class='ocrx_word' id='word_1_650' title='bbox 2579 4336 2687 4391; x_wconf 86' lang='lat' dir='ltr'><strong>Nos</strong></span> <span class='ocrx_word' id='word_1_651' title='bbox 2710 4338 2788 4392; x_wconf 85' lang='lat' dir='ltr'><strong>sic</strong></span> <span class='ocrx_word' id='word_1_652' title='bbox 2811 4353 2840 4391; x_wconf 89' lang='lat' dir='ltr'><strong>a</strong></span> <span class='ocrx_word' id='word_1_653' title='bbox 2891 4338 3187 4408; x_wconf 88' lang='lat' dir='ltr'><strong>majoribus</strong></span> <span class='ocrx_word' id='word_1_654' title='bbox 3211 4341 3537 4408; x_wconf 82' lang='lat' dir='ltr'><strong>accepimus,</strong></span> <span class='ocrx_word' id='word_1_655' title='bbox 3571 4344 3651 4396; x_wconf 81' lang='lat' dir='ltr'><strong>sic</strong></span> 
     </span>
    </p>
   </div>
   <div class='ocr_carea' id='block_1_87' title="bbox 393 4426 1960 4504">
    <p class='ocr_par' dir='ltr' id='par_1_87' title="bbox 393 4430 1959 4504">
     <span class='ocr_line' id='line_1_87' title="bbox 393 4430 1959 4504; baseline 0.003 -23"><span class='ocrx_word' id='word_1_656' title='bbox 393 4446 490 4498; x_wconf 89' lang='grc' dir='ltr'><strong>μεν</strong></span> <span class='ocrx_word' id='word_1_657' title='bbox 513 4447 527 4460; x_wconf 89' lang='grc'><strong>·</strong></span> <span class='ocrx_word' id='word_1_658' title='bbox 555 4431 623 4485; x_wconf 85' lang='grc' dir='ltr'><strong>τά</strong></span> <span class='ocrx_word' id='word_1_659' title='bbox 651 4448 733 4484; x_wconf 90' lang='grc' dir='ltr'><strong>σοι</strong></span> <span class='ocrx_word' id='word_1_660' title='bbox 761 4430 815 4484; x_wconf 85' lang='grc' dir='ltr'>δὲ</span> <span class='ocrx_word' id='word_1_661' title='bbox 844 4431 938 4484; x_wconf 89' lang='grc' dir='ltr'><strong>νῦν</strong></span> <span class='ocrx_word' id='word_1_662' title='bbox 960 4433 1231 4503; x_wconf 73' lang='grc' dir='ltr'>εἰρημένα</span> <span class='ocrx_word' id='word_1_663' title='bbox 1252 4432 1398 4502; x_wconf 84' lang='grc' dir='ltr'>(οὐδὲ</span> <span class='ocrx_word' id='word_1_664' title='bbox 1426 4432 1535 4501; x_wconf 79' lang='grc' dir='ltr'>γὰρ</span> <span class='ocrx_word' id='word_1_665' title='bbox 1567 4433 1845 4504; x_wconf 73' lang='grc' dir='ltr'>ψεύσομαί</span> <span class='ocrx_word' id='word_1_666' title='bbox 1873 4440 1959 4503; x_wconf 82' lang='grc' dir='ltr'>γε)</span> 
     </span>
    </p>
   </div>
   <div class='ocr_carea' id='block_1_88' title="bbox 2065 4426 3653 4504">
    <p class='ocr_par' dir='ltr' id='par_1_88' title="bbox 2072 4426 3653 4495">
     <span class='ocr_line' id='line_1_88' title="bbox 2072 4426 3653 4495; baseline 0.005 -17"><span class='ocrx_word' id='word_1_667' title='bbox 2072 4426 2437 4479; x_wconf 84' lang='lat' dir='ltr'><strong>credidimus:</strong></span> <span class='ocrx_word' id='word_1_668' title='bbox 2464 4442 2585 4495; x_wconf 69' lang='lat' dir='ltr'><strong>qure</strong></span> <span class='ocrx_word' id='word_1_669' title='bbox 2623 4439 2801 4483; x_wconf 89' lang='lat' dir='ltr'><strong>tamen</strong></span> <span class='ocrx_word' id='word_1_670' title='bbox 2826 4439 2880 4482; x_wconf 92' lang='lat' dir='ltr'><strong>tu</strong></span> <span class='ocrx_word' id='word_1_671' title='bbox 2911 4431 3117 4493; x_wconf 85' lang='lat' dir='ltr'><strong>dixisti,</strong></span> <span class='ocrx_word' id='word_1_672' title='bbox 3165 4444 3325 4485; x_wconf 72' lang='lat' dir='ltr'><strong>recta:</strong></span> <span class='ocrx_word' id='word_1_673' title='bbox 3391 4448 3452 4486; x_wconf 91' lang='lat' dir='ltr'><strong>ea</strong></span> <span class='ocrx_word' id='word_1_674' title='bbox 3516 4435 3653 4486; x_wconf 88' lang='lat' dir='ltr'><strong>rati-</strong></span> 
     </span>
    </p>
   </div>
   <div class='ocr_carea' id='block_1_89' title="bbox 391 4514 1960 4594">
    <p class='ocr_par' dir='ltr' id='par_1_89' title="bbox 391 4518 1960 4594">
     <span class='ocr_line' id='line_1_89' title="bbox 391 4518 1960 4594; baseline 0.003 -24"><span class='ocrx_word' id='word_1_675' title='bbox 391 4518 487 4571; x_wconf 87' lang='grc' dir='ltr'><strong>τοῦ</strong></span> <span class='ocrx_word' id='word_1_676' title='bbox 516 4519 678 4590; x_wconf 84' lang='grc' dir='ltr'>ὀρθοῦ</span> <span class='ocrx_word' id='word_1_677' title='bbox 724 4538 811 4589; x_wconf 89' lang='grc' dir='ltr'><strong>μοι</strong></span> <span class='ocrx_word' id='word_1_678' title='bbox 846 4521 1049 4590; x_wconf 81' lang='grc' dir='ltr'>μᾶλλον</span> <span class='ocrx_word' id='word_1_679' title='bbox 1079 4522 1319 4591; x_wconf 79' lang='grc' dir='ltr'>ἐχόμενα</span> <span class='ocrx_word' id='word_1_680' title='bbox 1359 4521 1520 4590; x_wconf 87' lang='grc' dir='ltr'>λόγου</span> <span class='ocrx_word' id='word_1_681' title='bbox 1560 4523 1701 4593; x_wconf 74' lang='grc' dir='ltr'>ἤπερ</span> <span class='ocrx_word' id='word_1_682' title='bbox 1733 4524 1801 4576; x_wconf 86' lang='grc' dir='ltr'><strong>τά</strong></span> <span class='ocrx_word' id='word_1_683' title='bbox 1830 4523 1960 4594; x_wconf 79' lang='grc' dir='ltr'>ἠμέ-</span> 
     </span>
    </p>
   </div>
   <div class='ocr_carea' id='block_1_90' title="bbox 2065 4514 3651 4594">
    <p class='ocr_par' dir='ltr' id='par_1_90' title="bbox 2073 4514 3651 4593">
     <span class='ocr_line' id='line_1_90' title="bbox 2073 4514 3651 4593; baseline 0.004 -25"><span class='ocrx_word' id='word_1_684' title='bbox 2073 4514 2161 4568; x_wconf 88' lang='lat' dir='ltr'><strong>oni</strong></span> <span class='ocrx_word' id='word_1_685' title='bbox 2195 4518 2377 4584; x_wconf 86' lang='lat' dir='ltr'><strong>magis</strong></span> <span class='ocrx_word' id='word_1_686' title='bbox 2406 4527 2767 4571; x_wconf 88' lang='lat' dir='ltr'><strong>consentanea</strong></span> <span class='ocrx_word' id='word_1_687' title='bbox 2788 4519 3044 4573; x_wconf 88' lang='lat' dir='ltr'><strong>videntur</strong></span> <span class='ocrx_word' id='word_1_688' title='bbox 3074 4521 3223 4590; x_wconf 88' lang='lat' dir='ltr'><strong>(vere</strong></span> <span class='ocrx_word' id='word_1_689' title='bbox 3242 4532 3417 4576; x_wconf 89' lang='lat' dir='ltr'><strong>tecum</strong></span> <span class='ocrx_word' id='word_1_690' title='bbox 3446 4525 3651 4593; x_wconf 85' lang='lat' dir='ltr'><strong>agam),</strong></span> 
     </span>
    </p>
   </div>
   <div class='ocr_carea' id='block_1_91' title="bbox 394 4612 1965 4683">
    <p class='ocr_par' dir='ltr' id='par_1_91' title="bbox 394 4612 1965 4683">
     <span class='ocr_line' id='line_1_91' title="bbox 394 4612 1965 4683; baseline 0.004 -22"><span class='ocrx_word' id='word_1_691' title='bbox 394 4625 527 4680; x_wconf 87' lang='grc' dir='ltr'>τερα</span> <span class='ocrx_word' id='word_1_692' title='bbox 552 4612 827 4679; x_wconf 85' lang='grc' dir='ltr'>φαίνεται.</span> <span class='ocrx_word' id='word_1_693' title='bbox 870 4614 1077 4683; x_wconf 85' lang='grc' dir='ltr'>Καιρός</span> <span class='ocrx_word' id='word_1_694' title='bbox 1127 4631 1208 4667; x_wconf 89' lang='grc' dir='ltr'><strong>σοι</strong></span> <span class='ocrx_word' id='word_1_695' title='bbox 1262 4613 1444 4668; x_wconf 88' lang='grc' dir='ltr'>τοίνυν</span> <span class='ocrx_word' id='word_1_696' title='bbox 1488 4613 1669 4682; x_wconf 87' lang='grc' dir='ltr'>λέγειν</span> <span class='ocrx_word' id='word_1_697' title='bbox 1713 4616 1781 4668; x_wconf 84' lang='grc' dir='ltr'>τὰ</span> <span class='ocrx_word' id='word_1_698' title='bbox 1823 4615 1965 4669; x_wconf 84' lang='grc' dir='ltr'>κατὰ</span> 
     </span>
    </p>
   </div>
   <div class='ocr_carea' id='block_1_92' title="bbox 392 4699 1967 4772">
    <p class='ocr_par' dir='ltr' id='par_1_92' title="bbox 392 4699 1967 4772">
     <span class='ocr_line' id='line_1_92' title="bbox 392 4699 1967 4772; baseline 0.003 -21"><span class='ocrx_word' id='word_1_699' title='bbox 392 4699 520 4752; x_wconf 88' lang='grc' dir='ltr'>νοῦν</span> <span class='ocrx_word' id='word_1_700' title='bbox 548 4705 675 4771; x_wconf 81' lang='grc' dir='ltr'>περὶ</span> <span class='ocrx_word' id='word_1_701' title='bbox 712 4704 815 4771; x_wconf 87' lang='grc' dir='ltr'>τῆς</span> <span class='ocrx_word' id='word_1_702' title='bbox 851 4703 1033 4772; x_wconf 85' lang='grc' dir='ltr'>Ἐδέμ.</span> <span class='ocrx_word' id='word_1_703' title='bbox 1065 4705 1174 4756; x_wconf 78' lang='grc' dir='ltr'><strong>Καὶ</strong></span> <span class='ocrx_word' id='word_1_704' title='bbox 1206 4705 1233 4756; x_wconf 86' lang='grc' dir='ltr'><strong>ό</strong></span> <span class='ocrx_word' id='word_1_705' title='bbox 1277 4706 1428 4769; x_wconf 88' lang='grc' dir='ltr'>παῖς,</span> <span class='ocrx_word' id='word_1_706' title='bbox 1461 4703 1646 4757; x_wconf 88' lang='grc' dir='ltr'>λαϐὼν</span> <span class='ocrx_word' id='word_1_707' title='bbox 1693 4704 1967 4758; x_wconf 83' lang='grc' dir='ltr'>τούνδόσι-</span> 
     </span>
    </p>
   </div>
   <div class='ocr_carea' id='block_1_93' title="bbox 399 4791 1968 4865">
    <p class='ocr_par' dir='ltr' id='par_1_93' title="bbox 399 4791 1968 4865">
     <span class='ocr_line' id='line_1_93' title="bbox 399 4791 1968 4865; baseline 0.002 -22"><span class='ocrx_word' id='word_1_708' title='bbox 399 4806 499 4858; x_wconf 87' lang='grc' dir='ltr'><strong>μον</strong></span> <span class='ocrx_word' id='word_1_709' title='bbox 529 4791 677 4862; x_wconf 73' lang='grc' dir='ltr'>παρὰ</span> <span class='ocrx_word' id='word_1_710' title='bbox 724 4792 817 4845; x_wconf 89' lang='grc' dir='ltr'><strong>τοῦ</strong></span> <span class='ocrx_word' id='word_1_711' title='bbox 872 4794 1097 4862; x_wconf 63' lang='grc' dir='ltr'>πατρὶς,</span> <span class='ocrx_word' id='word_1_712' title='bbox 1129 4793 1331 4863; x_wconf 80' lang='grc' dir='ltr'>βοήσας</span> <span class='ocrx_word' id='word_1_713' title='bbox 1377 4810 1430 4845; x_wconf 88' lang='grc' dir='ltr'><strong>τι</strong></span> <span class='ocrx_word' id='word_1_714' title='bbox 1484 4793 1968 4865; x_wconf 83' lang='grc' dir='ltr'>βαρϐαρικώτερον</span> 
     </span>
    </p>
   </div>
   <div class='ocr_carea' id='block_1_94' title="bbox 395 4883 1970 4956">
    <p class='ocr_par' dir='ltr' id='par_1_94' title="bbox 395 4883 1970 4956">
     <span class='ocr_line' id='line_1_94' title="bbox 395 4883 1970 4956; baseline 0.005 -24"><span class='ocrx_word' id='word_1_715' title='bbox 395 4883 491 4933; x_wconf 79' lang='grc' dir='ltr'>καὶ</span> <span class='ocrx_word' id='word_1_716' title='bbox 542 4883 896 4955; x_wconf 79' lang='grc' dir='ltr'>θρασύτερον,</span> <span class='ocrx_word' id='word_1_717' title='bbox 939 4883 1081 4952; x_wconf 76' lang='grc' dir='ltr'>ἔφη·</span> <span class='ocrx_word' id='word_1_718' title='bbox 1123 4885 1196 4937; x_wconf 89' lang='grc' dir='ltr'><strong>Οὐ</strong></span> <span class='ocrx_word' id='word_1_719' title='bbox 1250 4884 1313 4936; x_wconf 86' lang='grc' dir='ltr'><strong>σύ</strong></span> <span class='ocrx_word' id='word_1_720' title='bbox 1367 4901 1431 4951; x_wconf 89' lang='grc' dir='ltr'><strong>γε</strong></span> <span class='ocrx_word' id='word_1_721' title='bbox 1479 4886 1693 4953; x_wconf 83' lang='grc' dir='ltr'>φθάσας</span> <span class='ocrx_word' id='word_1_722' title='bbox 1736 4885 1970 4956; x_wconf 73' lang='grc' dir='ltr'>εἴρηκας</span> 
     </span>
    </p>
   </div>
   <div class='ocr_carea' id='block_1_95' title="bbox 399 4974 1971 5046">
    <p class='ocr_par' dir='ltr' id='par_1_95' title="bbox 399 4974 1971 5046">
     <span class='ocr_line' id='line_1_95' title="bbox 399 4974 1971 5046; baseline 0.003 -20"><span class='ocrx_word' id='word_1_723' title='bbox 399 4976 534 5046; x_wconf 67' lang='grc' dir='ltr'>πρὸς</span> <span class='ocrx_word' id='word_1_724' title='bbox 590 4978 760 5046; x_wconf 79' lang='grc' dir='ltr'>ἡμᾶς,</span> <span class='ocrx_word' id='word_1_725' title='bbox 803 4976 895 5029; x_wconf 87' lang='grc' dir='ltr'><strong>τὸν</strong></span> <span class='ocrx_word' id='word_1_726' title='bbox 946 4975 1079 5027; x_wconf 82' lang='grc' dir='ltr'>Θεὸν</span> <span class='ocrx_word' id='word_1_727' title='bbox 1129 4974 1196 5027; x_wconf 86' lang='grc' dir='ltr'>δι’</span> <span class='ocrx_word' id='word_1_728' title='bbox 1244 4974 1560 5045; x_wconf 86' lang='grc' dir='ltr'>ἀγαθότητα</span> <span class='ocrx_word' id='word_1_729' title='bbox 1609 4976 1779 5046; x_wconf 90' lang='grc' dir='ltr'>μόνην</span> <span class='ocrx_word' id='word_1_730' title='bbox 1818 4977 1971 5045; x_wconf 88' lang='grc' dir='ltr'>δεδη-</span> 
     </span>
    </p>
   </div>
   <div class='ocr_carea' id='block_1_96' title="bbox 402 5069 1969 5140">
    <p class='ocr_par' dir='ltr' id='par_1_96' title="bbox 402 5069 1969 5140">
     <span class='ocr_line' id='line_1_96' title="bbox 402 5069 1969 5140; baseline 0 -18"><span class='ocrx_word' id='word_1_731' title='bbox 402 5071 801 5140; x_wconf 86' lang='grc' dir='ltr'>μιουργηκέναι</span> <span class='ocrx_word' id='word_1_732' title='bbox 849 5070 915 5122; x_wconf 81' lang='grc' dir='ltr'>τὰ</span> <span class='ocrx_word' id='word_1_733' title='bbox 961 5069 1288 5137; x_wconf 74' lang='grc' dir='ltr'>σύμπαντας</span> <span class='ocrx_word' id='word_1_734' title='bbox 1329 5069 1443 5122; x_wconf 83' lang='grc' dir='ltr'>Νῦν</span> <span class='ocrx_word' id='word_1_735' title='bbox 1483 5069 1527 5121; x_wconf 91' lang='grc' dir='ltr'>δ’</span> <span class='ocrx_word' id='word_1_736' title='bbox 1576 5069 1760 5140; x_wconf 80' lang='grc' dir='ltr'>ὑμνῶν</span> <span class='ocrx_word' id='word_1_737' title='bbox 1804 5069 1969 5124; x_wconf 86' lang='grc' dir='ltr'>αὑτοῦ</span> 
     </span>
    </p>
   </div>
   <div class='ocr_carea' id='block_1_97' title="bbox 396 5160 1970 5233">
    <p class='ocr_par' dir='ltr' id='par_1_97' title="bbox 396 5160 1970 5233">
     <span class='ocr_line' id='line_1_97' title="bbox 396 5160 1970 5233; baseline 0 -18"><span class='ocrx_word' id='word_1_738' title='bbox 396 5164 498 5233; x_wconf 84' lang='grc' dir='ltr'>τὴν</span> <span class='ocrx_word' id='word_1_739' title='bbox 549 5161 921 5229; x_wconf 87' lang='grc' dir='ltr'>δικαιοσύνην,</span> <span class='ocrx_word' id='word_1_740' title='bbox 944 5160 1041 5228; x_wconf 83' lang='grc' dir='ltr'>τὴν</span> <span class='ocrx_word' id='word_1_741' title='bbox 1076 5160 1391 5230; x_wconf 85' lang='grc' dir='ltr'>ἁγαθότητα</span> <span class='ocrx_word' id='word_1_742' title='bbox 1441 5161 1799 5229; x_wconf 83' lang='grc' dir='ltr'>σεσιώπηκας</span> <span class='ocrx_word' id='word_1_743' title='bbox 1826 5179 1839 5191; x_wconf 91' lang='grc'><strong>·</strong></span> <span class='ocrx_word' id='word_1_744' title='bbox 1876 5163 1903 5215; x_wconf 86' lang='grc' dir='ltr'><strong>ό</strong></span> <span class='ocrx_word' id='word_1_745' title='bbox 1926 5162 1970 5215; x_wconf 77' lang='grc' dir='ltr'>δ’</span> 
     </span>
    </p>
   </div>
   <div class='ocr_carea' id='block_1_98' title="bbox 397 5250 1970 5324">
    <p class='ocr_par' dir='ltr' id='par_1_98' title="bbox 397 5250 1970 5324">
     <span class='ocr_line' id='line_1_98' title="bbox 397 5250 1970 5324; baseline -0.001 -17"><span class='ocrx_word' id='word_1_746' title='bbox 397 5256 496 5324; x_wconf 84' lang='grc' dir='ltr'>οὐχ</span> <span class='ocrx_word' id='word_1_747' title='bbox 541 5250 706 5323; x_wconf 78' lang='grc' dir='ltr'>ἧττον</span> <span class='ocrx_word' id='word_1_748' title='bbox 752 5252 953 5318; x_wconf 84' lang='grc' dir='ltr'>ἀγαθός</span> <span class='ocrx_word' id='word_1_749' title='bbox 994 5254 1143 5304; x_wconf 76' lang='grc' dir='ltr'>ἐστιν</span> <span class='ocrx_word' id='word_1_750' title='bbox 1194 5253 1337 5321; x_wconf 76' lang='grc' dir='ltr'>ἥπερ</span> <span class='ocrx_word' id='word_1_751' title='bbox 1387 5250 1614 5315; x_wconf 82' lang='grc' dir='ltr'>δίκαιος.</span> <span class='ocrx_word' id='word_1_752' title='bbox 1657 5251 1719 5305; x_wconf 78' lang='lat' dir='ltr'><strong>Et</strong></span> <span class='ocrx_word' id='word_1_753' title='bbox 1768 5250 1862 5305; x_wconf 85' lang='grc' dir='ltr'><strong>οῦν</strong></span> <span class='ocrx_word' id='word_1_754' title='bbox 1906 5251 1970 5323; x_wconf 82' lang='grc' dir='ltr'>δὴ</span> 
     </span>
    </p>
   </div>
   <div class='ocr_carea' id='block_1_99' title="bbox 398 5342 1999 5414">
    <p class='ocr_par' dir='ltr' id='par_1_99' title="bbox 398 5342 1999 5414">
     <span class='ocr_line' id='line_1_99' title="bbox 398 5342 1999 5414; baseline -0.001 -16"><span class='ocrx_word' id='word_1_755' title='bbox 398 5347 570 5400; x_wconf 82' lang='grc' dir='ltr'>σῶσαι</span> <span class='ocrx_word' id='word_1_756' title='bbox 600 5345 809 5406; x_wconf 80' lang='grc' dir='ltr'>πάντας</span> <span class='ocrx_word' id='word_1_757' title='bbox 844 5344 1060 5413; x_wconf 84' lang='grc' dir='ltr'>θελήσει</span> <span class='ocrx_word' id='word_1_758' title='bbox 1091 5344 1159 5395; x_wconf 82' lang='grc' dir='ltr'>δι’</span> <span class='ocrx_word' id='word_1_759' title='bbox 1191 5343 1257 5413; x_wconf 82' lang='grc' dir='ltr'>ἦν</span> <span class='ocrx_word' id='word_1_760' title='bbox 1283 5345 1377 5396; x_wconf 73' lang='grc' dir='ltr'><strong>καὶ</strong></span> <span class='ocrx_word' id='word_1_761' title='bbox 1404 5343 1614 5406; x_wconf 83' lang='grc' dir='ltr'>πάντας</span> <span class='ocrx_word' id='word_1_762' title='bbox 1640 5342 1999 5414; x_wconf 50' lang='grc' dir='ltr'>δεδημιούρ-ν</span> 
     </span>
    </p>
   </div>
   <div class='ocr_carea' id='block_1_100' title="bbox 395 5432 1972 5506">
    <p class='ocr_par' dir='ltr' id='par_1_100' title="bbox 395 5432 1972 5506">
     <span class='ocr_line' id='line_1_100' title="bbox 395 5432 1972 5506; baseline -0.001 -17"><span class='ocrx_word' id='word_1_763' title='bbox 395 5453 570 5506; x_wconf 86' lang='grc' dir='ltr'>γηκεν</span> <span class='ocrx_word' id='word_1_764' title='bbox 596 5436 931 5503; x_wconf 82' lang='grc' dir='ltr'>ἁγαθότητα,</span> <span class='ocrx_word' id='word_1_765' title='bbox 973 5434 1275 5496; x_wconf 83' lang='grc' dir='ltr'>ὑπεύθυνος</span> <span class='ocrx_word' id='word_1_766' title='bbox 1315 5435 1447 5503; x_wconf 82' lang='grc' dir='ltr'>ἡμῖν</span> <span class='ocrx_word' id='word_1_767' title='bbox 1490 5432 1645 5486; x_wconf 72' lang='grc' dir='ltr'>ἔσται</span> <span class='ocrx_word' id='word_1_768' title='bbox 1684 5435 1792 5487; x_wconf 87' lang='grc' dir='ltr'><strong>τῶν</strong></span> <span class='ocrx_word' id='word_1_769' title='bbox 1822 5435 1972 5504; x_wconf 84' lang='grc' dir='ltr'>αὐτῷ</span> 
     </span>
    </p>
   </div>
   <div class='ocr_carea' id='block_1_101' title="bbox 398 5518 1972 5597">
    <p class='ocr_par' dir='ltr' id='par_1_101' title="bbox 398 5518 1972 5597">
     <span class='ocr_line' id='line_1_101' title="bbox 398 5518 1972 5597; baseline -0.001 -18"><span class='ocrx_word' id='word_1_770' title='bbox 398 5528 847 5597; x_wconf 86' lang='grc' dir='ltr'>πεπραγμένων;</span> <span class='ocrx_word' id='word_1_771' title='bbox 882 5526 1007 5578; x_wconf 85' lang='grc' dir='ltr'>Οὐδ’</span> <span class='ocrx_word' id='word_1_772' title='bbox 1055 5524 1389 5589; x_wconf 81' lang='grc' dir='ltr'>οὑτινοσοῦν,</span> <span class='ocrx_word' id='word_1_773' title='bbox 1423 5518 1467 5578; x_wconf 83' lang='grc' dir='ltr'>ὧ</span> <span class='ocrx_word' id='word_1_774' title='bbox 1504 5526 1624 5589; x_wconf 78' lang='grc' dir='ltr'>τᾶν,</span> <span class='ocrx_word' id='word_1_775' title='bbox 1660 5525 1818 5593; x_wconf 80' lang='grc' dir='ltr'>ἔφην,</span> <span class='ocrx_word' id='word_1_776' title='bbox 1862 5526 1972 5578; x_wconf 82' lang='grc' dir='ltr'><strong>τῶν</strong></span> 
     </span>
    </p>
   </div>
   <div class='ocr_carea' id='block_1_102' title="bbox 395 5614 1972 5686">
    <p class='ocr_par' dir='ltr' id='par_1_102' title="bbox 395 5614 1972 5686">
     <span class='ocr_line' id='line_1_102' title="bbox 395 5614 1972 5686; baseline 0.002 -20"><span class='ocrx_word' id='word_1_777' title='bbox 395 5616 545 5685; x_wconf 71' lang='grc' dir='ltr'><strong>αὑτῴ</strong></span> <span class='ocrx_word' id='word_1_778' title='bbox 599 5616 1002 5686; x_wconf 73' lang='grc' dir='ltr'>πεπραγμένων</span> <span class='ocrx_word' id='word_1_779' title='bbox 1057 5615 1360 5677; x_wconf 83' lang='grc' dir='ltr'>ὑπεύθυνος</span> <span class='ocrx_word' id='word_1_780' title='bbox 1405 5614 1472 5667; x_wconf 83' lang='grc' dir='ltr'><strong>ἂν</strong></span> <span class='ocrx_word' id='word_1_781' title='bbox 1524 5615 1609 5683; x_wconf 75' lang='grc' dir='ltr'>εἴη</span> <span class='ocrx_word' id='word_1_782' title='bbox 1658 5615 1827 5678; x_wconf 80' lang='grc' dir='ltr'>Θεός⁸</span> <span class='ocrx_word' id='word_1_783' title='bbox 1862 5617 1972 5669; x_wconf 78' lang='grc' dir='ltr'>τίνι</span> 
     </span>
    </p>
   </div>
   <div class='ocr_carea' id='block_1_103' title="bbox 396 5704 1975 5775">
    <p class='ocr_par' dir='ltr' id='par_1_103' title="bbox 396 5704 1975 5775">
     <span class='ocr_line' id='line_1_103' title="bbox 396 5704 1975 5775; baseline 0.001 -19"><span class='ocrx_word' id='word_1_784' title='bbox 396 5705 508 5775; x_wconf 66' lang='grc' dir='ltr'><strong>γὰρ</strong></span> <span class='ocrx_word' id='word_1_785' title='bbox 553 5705 618 5758; x_wconf 84' lang='grc' dir='ltr'>ἂν</span> <span class='ocrx_word' id='word_1_786' title='bbox 664 5706 858 5758; x_wconf 81' lang='grc' dir='ltr'>ἑαυτοῦ</span> <span class='ocrx_word' id='word_1_787' title='bbox 905 5705 1111 5773; x_wconf 79' lang='grc' dir='ltr'>μείζονι</span> <span class='ocrx_word' id='word_1_788' title='bbox 1162 5705 1439 5757; x_wconf 85' lang='grc' dir='ltr'>ἀποτίσειε</span> <span class='ocrx_word' id='word_1_789' title='bbox 1475 5704 1667 5769; x_wconf 83' lang='grc' dir='ltr'>λόγον;</span> <span class='ocrx_word' id='word_1_790' title='bbox 1713 5705 1975 5774; x_wconf 79' lang='grc' dir='ltr'>λαμπρᾶς</span> 
     </span>
    </p>
   </div>
   <div class='ocr_carea' id='block_1_104' title="bbox 400 5793 1974 5865">
    <p class='ocr_par' dir='ltr' id='par_1_104' title="bbox 400 5793 1974 5865">
     <span class='ocr_line' id='line_1_104' title="bbox 400 5793 1974 5865; baseline 0.001 -18"><span class='ocrx_word' id='word_1_791' title='bbox 400 5794 593 5863; x_wconf 78' lang='grc' dir='ltr'>μανίας</span> <span class='ocrx_word' id='word_1_792' title='bbox 619 5795 815 5865; x_wconf 76' lang='grc' dir='ltr'>ήδόξα’</span> <span class='ocrx_word' id='word_1_793' title='bbox 845 5795 1041 5859; x_wconf 81' lang='grc' dir='ltr'>ἀσεϐὲς</span> <span class='ocrx_word' id='word_1_794' title='bbox 1067 5794 1126 5847; x_wconf 80' lang='grc' dir='ltr'><strong>τὸ</strong></span> <span class='ocrx_word' id='word_1_795' title='bbox 1152 5793 1463 5865; x_wconf 74' lang='grc' dir='ltr'>ἐνθύμημα.</span> <span class='ocrx_word' id='word_1_796' title='bbox 1486 5795 1566 5846; x_wconf 83' lang='grc' dir='ltr'><strong>Τὰ</strong></span> <span class='ocrx_word' id='word_1_797' title='bbox 1596 5796 1699 5864; x_wconf 76' lang='grc' dir='ltr'>γὰρ</span> <span class='ocrx_word' id='word_1_798' title='bbox 1732 5794 1793 5848; x_wconf 73' lang='grc' dir='ltr'>δὴ</span> <span class='ocrx_word' id='word_1_799' title='bbox 1822 5795 1974 5864; x_wconf 72' lang='grc' dir='ltr'>παρὰ</span> 
     </span>
    </p>
   </div>
   <div class='ocr_carea' id='block_1_105' title="bbox 2068 4609 3652 4686">
    <p class='ocr_par' dir='ltr' id='par_1_105' title="bbox 2068 4609 3652 4686">
     <span class='ocr_line' id='line_1_105' title="bbox 2068 4609 3652 4686; baseline 0.006 -29"><span class='ocrx_word' id='word_1_800' title='bbox 2068 4621 2230 4675; x_wconf 91' lang='lat' dir='ltr'><strong>quam</strong></span> <span class='ocrx_word' id='word_1_801' title='bbox 2271 4623 2390 4676; x_wconf 74' lang='lat' dir='ltr'><strong>qua:</strong></span> <span class='ocrx_word' id='word_1_802' title='bbox 2446 4624 2547 4662; x_wconf 92' lang='lat' dir='ltr'><strong>nos</strong></span> <span class='ocrx_word' id='word_1_803' title='bbox 2613 4609 2868 4663; x_wconf 90' lang='lat' dir='ltr'><strong>dicimus.</strong></span> <span class='ocrx_word' id='word_1_804' title='bbox 2915 4612 3273 4686; x_wconf 64' lang='lat' dir='ltr'><strong>Quapropter,</strong></span> <span class='ocrx_word' id='word_1_805' title='bbox 3314 4612 3358 4665; x_wconf 89' lang='lat' dir='ltr'><strong>si</strong></span> <span class='ocrx_word' id='word_1_806' title='bbox 3408 4615 3537 4681; x_wconf 89' lang='lat' dir='ltr'><strong>quid</strong></span> <span class='ocrx_word' id='word_1_807' title='bbox 3598 4614 3652 4667; x_wconf 86' lang='lat' dir='ltr'><strong>in</strong></span> 
     </span>
    </p>
   </div>
   <div class='ocr_carea' id='block_1_106' title="bbox 2070 4696 3649 4767">
    <p class='ocr_par' dir='ltr' id='par_1_106' title="bbox 2070 4696 3649 4767">
     <span class='ocr_line' id='line_1_106' title="bbox 2070 4696 3649 4767; baseline 0.004 -18"><span class='ocrx_word' id='word_1_808' title='bbox 2070 4696 2254 4750; x_wconf 87' lang='lat' dir='ltr'><strong>animo</strong></span> <span class='ocrx_word' id='word_1_809' title='bbox 2291 4696 2459 4750; x_wconf 87' lang='lat' dir='ltr'><strong>habes</strong></span> <span class='ocrx_word' id='word_1_810' title='bbox 2492 4697 2557 4749; x_wconf 91' lang='lat' dir='ltr'><strong>de</strong></span> <span class='ocrx_word' id='word_1_811' title='bbox 2607 4696 2759 4750; x_wconf 83' lang='lat' dir='ltr'><strong>Eden</strong></span> <span class='ocrx_word' id='word_1_812' title='bbox 2807 4698 3012 4761; x_wconf 88' lang='lat' dir='ltr'><strong>dicere,</strong></span> <span class='ocrx_word' id='word_1_813' title='bbox 3042 4698 3151 4765; x_wconf 89' lang='lat' dir='ltr'><strong>jatn</strong></span> <span class='ocrx_word' id='word_1_814' title='bbox 3213 4714 3358 4751; x_wconf 89' lang='lat' dir='ltr'><strong>nunc</strong></span> <span class='ocrx_word' id='word_1_815' title='bbox 3414 4700 3649 4767; x_wconf 79' lang='lat' dir='ltr'><strong>explica.</strong></span> 
     </span>
    </p>
   </div>
   <div class='ocr_carea' id='block_1_107' title="bbox 2069 4788 3653 4858">
    <p class='ocr_par' dir='ltr' id='par_1_107' title="bbox 2069 4788 3653 4858">
     <span class='ocr_line' id='line_1_107' title="bbox 2069 4788 3653 4858; baseline 0.004 -18"><span class='ocrx_word' id='word_1_816' title='bbox 2069 4788 2201 4854; x_wconf 71' lang='lat' dir='ltr'><strong>Quae</strong></span> <span class='ocrx_word' id='word_1_817' title='bbox 2226 4788 2555 4842; x_wconf 87' lang='lat' dir='ltr'><strong>cum&#39;Persa</strong></span> <span class='ocrx_word' id='word_1_818' title='bbox 2584 4788 2832 4853; x_wconf 82' lang='lat' dir='ltr'><strong>dixisset,</strong></span> <span class='ocrx_word' id='word_1_819' title='bbox 2875 4789 3018 4843; x_wconf 86' lang='lat' dir='ltr'><strong>ﬁlius</strong></span> <span class='ocrx_word' id='word_1_820' title='bbox 3048 4788 3190 4857; x_wconf 88' lang='lat' dir='ltr'><strong>ejus,</strong></span> <span class='ocrx_word' id='word_1_821' title='bbox 3253 4805 3281 4841; x_wconf 88' lang='lat' dir='ltr'><strong>a</strong></span> <span class='ocrx_word' id='word_1_822' title='bbox 3341 4804 3493 4858; x_wconf 90' lang='lat' dir='ltr'><strong>patre</strong></span> <span class='ocrx_word' id='word_1_823' title='bbox 3555 4807 3653 4846; x_wconf 89' lang='lat' dir='ltr'><strong>ac-</strong></span> 
     </span>
    </p>
   </div>
   <div class='ocr_carea' id='block_1_108' title="bbox 2072 4879 3654 4950">
    <p class='ocr_par' dir='ltr' id='par_1_108' title="bbox 2072 4879 3654 4950">
     <span class='ocr_line' id='line_1_108' title="bbox 2072 4879 3654 4950; baseline 0.001 -16"><span class='ocrx_word' id='word_1_824' title='bbox 2072 4890 2227 4949; x_wconf 85' lang='lat' dir='ltr'><strong>cepta</strong></span> <span class='ocrx_word' id='word_1_825' title='bbox 2258 4881 2518 4948; x_wconf 87' lang='lat' dir='ltr'><strong>loquendi</strong></span> <span class='ocrx_word' id='word_1_826' title='bbox 2552 4879 2835 4941; x_wconf 83' lang='lat' dir='ltr'><strong>facultate.</strong></span> <span class='ocrx_word' id='word_1_827' title='bbox 2874 4880 3168 4933; x_wconf 80' lang='lat' dir='ltr'><strong>barbarum</strong></span> <span class='ocrx_word' id='word_1_828' title='bbox 3236 4882 3363 4950; x_wconf 92' lang='lat' dir='ltr'><strong>quid</strong></span> <span class='ocrx_word' id='word_1_829' title='bbox 3394 4894 3448 4936; x_wconf 88' lang='lat' dir='ltr'><strong>et</strong></span> <span class='ocrx_word' id='word_1_830' title='bbox 3479 4886 3654 4937; x_wconf 85' lang='lat' dir='ltr'><strong>auda-</strong></span> 
     </span>
    </p>
   </div>
   <div class='ocr_carea' id='block_1_109' title="bbox 2072 4972 3655 5040">
    <p class='ocr_par' dir='ltr' id='par_1_109' title="bbox 2072 4972 3655 5040">
     <span class='ocr_line' id='line_1_109' title="bbox 2072 4972 3655 5040; baseline 0.001 -13"><span class='ocrx_word' id='word_1_831' title='bbox 2072 4973 2190 5027; x_wconf 89' lang='lat' dir='ltr'><strong>cius</strong></span> <span class='ocrx_word' id='word_1_832' title='bbox 2226 4973 2488 5039; x_wconf 87' lang='lat' dir='ltr'><strong>clamans,</strong></span> <span class='ocrx_word' id='word_1_833' title='bbox 2518 4972 2710 5027; x_wconf 88' lang='lat' dir='ltr'><strong>Nonne</strong></span> <span class='ocrx_word' id='word_1_834' title='bbox 2736 4981 2818 5037; x_wconf 91' lang='lat' dir='ltr'><strong>tu,</strong></span> <span class='ocrx_word' id='word_1_835' title='bbox 2854 4973 3051 5040; x_wconf 89' lang='lat' dir='ltr'><strong>inquit,</strong></span> <span class='ocrx_word' id='word_1_836' title='bbox 3112 4973 3270 5027; x_wconf 86' lang='lat' dir='ltr'><strong>nobis</strong></span> <span class='ocrx_word' id='word_1_837' title='bbox 3309 4986 3465 5030; x_wconf 88' lang='lat' dir='ltr'><strong>antea</strong></span> <span class='ocrx_word' id='word_1_838' title='bbox 3512 4978 3655 5030; x_wconf 79' lang='lat' dir='ltr'><strong>dixi-</strong></span> 
     </span>
    </p>
   </div>
   <div class='ocr_carea' id='block_1_110' title="bbox 2074 5064 3656 5127">
    <p class='ocr_par' dir='ltr' id='par_1_110' title="bbox 2074 5064 3656 5127">
     <span class='ocr_line' id='line_1_110' title="bbox 2074 5064 3656 5127; baseline 0.001 -9"><span class='ocrx_word' id='word_1_839' title='bbox 2074 5064 2164 5127; x_wconf 92' lang='lat' dir='ltr'><strong>sti,</strong></span> <span class='ocrx_word' id='word_1_840' title='bbox 2203 5064 2274 5119; x_wconf 91' lang='lat' dir='ltr'><strong>ob</strong></span> <span class='ocrx_word' id='word_1_841' title='bbox 2322 5064 2493 5119; x_wconf 90' lang='lat' dir='ltr'><strong>solam</strong></span> <span class='ocrx_word' id='word_1_842' title='bbox 2552 5066 2852 5119; x_wconf 87' lang='lat' dir='ltr'><strong>bonitatem</strong></span> <span class='ocrx_word' id='word_1_843' title='bbox 2907 5065 3074 5116; x_wconf 89' lang='lat' dir='ltr'><strong>Deum</strong></span> <span class='ocrx_word' id='word_1_844' title='bbox 3129 5066 3309 5119; x_wconf 91' lang='lat' dir='ltr'><strong>omnia</strong></span> <span class='ocrx_word' id='word_1_845' title='bbox 3375 5069 3656 5121; x_wconf 80' lang='lat' dir='ltr'><strong>creasse?</strong></span> 
     </span>
    </p>
   </div>
   <div class='ocr_carea' id='block_1_111' title="bbox 2070 5153 3656 5224">
    <p class='ocr_par' dir='ltr' id='par_1_111' title="bbox 2070 5153 3656 5224">
     <span class='ocr_line' id='line_1_111' title="bbox 2070 5153 3656 5224; baseline 0.003 -17"><span class='ocrx_word' id='word_1_846' title='bbox 2070 5153 2228 5210; x_wconf 87' lang='lat' dir='ltr'><strong>Nunc</strong></span> <span class='ocrx_word' id='word_1_847' title='bbox 2256 5171 2386 5209; x_wconf 88' lang='lat' dir='ltr'><strong>vero</strong></span> <span class='ocrx_word' id='word_1_848' title='bbox 2416 5156 2685 5210; x_wconf 86' lang='lat' dir='ltr'><strong>celebrata</strong></span> <span class='ocrx_word' id='word_1_849' title='bbox 2712 5156 2858 5210; x_wconf 89' lang='lat' dir='ltr'><strong>illius</strong></span> <span class='ocrx_word' id='word_1_850' title='bbox 2878 5156 3088 5224; x_wconf 81' lang='lat' dir='ltr'><strong>justitia</strong></span> <span class='ocrx_word' id='word_1_851' title='bbox 3120 5158 3186 5211; x_wconf 92' lang='lat' dir='ltr'><strong>de</strong></span> <span class='ocrx_word' id='word_1_852' title='bbox 3235 5159 3479 5214; x_wconf 81' lang='lat' dir='ltr'><strong>bonitate</strong></span> <span class='ocrx_word' id='word_1_853' title='bbox 3496 5160 3656 5211; x_wconf 82' lang='lat' dir='ltr'><strong>Stlni-</strong></span> 
     </span>
    </p>
   </div>
   <div class='ocr_carea' id='block_1_112' title="bbox 2074 5245 3653 5318">
    <p class='ocr_par' dir='ltr' id='par_1_112' title="bbox 2074 5245 3653 5318">
     <span class='ocr_line' id='line_1_112' title="bbox 2074 5245 3653 5318; baseline 0.002 -17"><span class='ocrx_word' id='word_1_854' title='bbox 2074 5246 2185 5301; x_wconf 86' lang='lat' dir='ltr'><strong>sti:</strong></span> <span class='ocrx_word' id='word_1_855' title='bbox 2218 5247 2313 5300; x_wconf 79' lang='lat' dir='ltr'><strong>sed</strong></span> <span class='ocrx_word' id='word_1_856' title='bbox 2371 5245 2461 5300; x_wconf 92' lang='lat' dir='ltr'><strong>hic</strong></span> <span class='ocrx_word' id='word_1_857' title='bbox 2491 5260 2602 5300; x_wconf 93' lang='lat' dir='ltr'><strong>non</strong></span> <span class='ocrx_word' id='word_1_858' title='bbox 2648 5248 2827 5301; x_wconf 91' lang='lat' dir='ltr'><strong>minus</strong></span> <span class='ocrx_word' id='word_1_859' title='bbox 2868 5247 3047 5302; x_wconf 86' lang='lat' dir='ltr'><strong>bonus</strong></span> <span class='ocrx_word' id='word_1_860' title='bbox 3105 5256 3189 5302; x_wconf 90' lang='lat' dir='ltr'><strong>est</strong></span> <span class='ocrx_word' id='word_1_861' title='bbox 3227 5264 3390 5318; x_wconf 86' lang='lat' dir='ltr'><strong>quam</strong></span> <span class='ocrx_word' id='word_1_862' title='bbox 3446 5250 3653 5318; x_wconf 85' lang='lat' dir='ltr'><strong>justus.</strong></span> 
     </span>
    </p>
   </div>
   <div class='ocr_carea' id='block_1_113' title="bbox 2074 5337 3656 5408">
    <p class='ocr_par' dir='ltr' id='par_1_113' title="bbox 2074 5337 3656 5408">
     <span class='ocr_line' id='line_1_113' title="bbox 2074 5337 3656 5408; baseline 0 -19"><span class='ocrx_word' id='word_1_863' title='bbox 2074 5338 2253 5404; x_wconf 86' lang='lat' dir='ltr'><strong>Quare</strong></span> <span class='ocrx_word' id='word_1_864' title='bbox 2300 5337 2345 5392; x_wconf 88' lang='lat' dir='ltr'><strong>si</strong></span> <span class='ocrx_word' id='word_1_865' title='bbox 2410 5338 2481 5391; x_wconf 89' lang='lat' dir='ltr'><strong>ob</strong></span> <span class='ocrx_word' id='word_1_866' title='bbox 2537 5351 2677 5400; x_wconf 83' lang='lat' dir='ltr'><strong>eam,</strong></span> <span class='ocrx_word' id='word_1_867' title='bbox 2724 5354 2818 5407; x_wconf 87' lang='lat' dir='ltr'><strong>per</strong></span> <span class='ocrx_word' id='word_1_868' title='bbox 2846 5354 3006 5408; x_wconf 83' lang='lat' dir='ltr'><strong>quam</strong></span> <span class='ocrx_word' id='word_1_869' title='bbox 3068 5354 3258 5394; x_wconf 91' lang='lat' dir='ltr'><strong>omnes</strong></span> <span class='ocrx_word' id='word_1_870' title='bbox 3307 5342 3530 5399; x_wconf 63' lang='lat' dir='ltr'><strong>creavit,</strong></span> <span class='ocrx_word' id='word_1_871' title='bbox 3561 5342 3656 5390; x_wconf 81' lang='lat' dir='ltr'><strong>lm—</strong></span> 
     </span>
    </p>
   </div>
   <div class='ocr_carea' id='block_1_114' title="bbox 2073 5426 3654 5494">
    <p class='ocr_par' dir='ltr' id='par_1_114' title="bbox 2073 5426 3654 5494">
     <span class='ocr_line' id='line_1_114' title="bbox 2073 5426 3654 5494; baseline -0.002 -14"><span class='ocrx_word' id='word_1_872' title='bbox 2073 5428 2298 5483; x_wconf 89' lang='lat' dir='ltr'><strong>nitatem</strong></span> <span class='ocrx_word' id='word_1_873' title='bbox 2335 5470 2349 5494; x_wconf 91' lang='lat'><strong>,</strong></span> <span class='ocrx_word' id='word_1_874' title='bbox 2380 5443 2569 5482; x_wconf 86' lang='lat' dir='ltr'><strong>omnes</strong></span> <span class='ocrx_word' id='word_1_875' title='bbox 2596 5429 2758 5482; x_wconf 88' lang='lat' dir='ltr'><strong>etiam</strong></span> <span class='ocrx_word' id='word_1_876' title='bbox 2791 5444 3009 5483; x_wconf 88' lang='lat' dir='ltr'><strong>servare</strong></span> <span class='ocrx_word' id='word_1_877' title='bbox 3051 5428 3302 5490; x_wconf 88' lang='lat' dir='ltr'><strong>voluerit,</strong></span> <span class='ocrx_word' id='word_1_878' title='bbox 3326 5443 3391 5481; x_wconf 89' lang='lat' dir='ltr'><strong>an</strong></span> <span class='ocrx_word' id='word_1_879' title='bbox 3453 5426 3654 5478; x_wconf 84' lang='lat' dir='ltr'><strong>idcirco</strong></span> 
     </span>
    </p>
   </div>
   <div class='ocr_carea' id='block_1_115' title="bbox 2076 5516 3658 5574">
    <p class='ocr_par' dir='ltr' id='par_1_115' title="bbox 2076 5516 3658 5574">
     <span class='ocr_line' id='line_1_115' title="bbox 2076 5516 3658 5574; baseline -0.003 -2"><span class='ocrx_word' id='word_1_880' title='bbox 2076 5520 2366 5573; x_wconf 88' lang='lat' dir='ltr'><strong>reddendis</strong></span> <span class='ocrx_word' id='word_1_881' title='bbox 2395 5520 2659 5574; x_wconf 89' lang='lat' dir='ltr'><strong>factorum</strong></span> <span class='ocrx_word' id='word_1_882' title='bbox 2713 5534 2937 5573; x_wconf 88' lang='lat' dir='ltr'><strong>suorum</strong></span> <span class='ocrx_word' id='word_1_883' title='bbox 2992 5519 3294 5573; x_wconf 79' lang='lat' dir='ltr'><strong>rationibus</strong></span> <span class='ocrx_word' id='word_1_884' title='bbox 3341 5516 3446 5570; x_wconf 88' lang='lat' dir='ltr'><strong>erit</strong></span> <span class='ocrx_word' id='word_1_885' title='bbox 3486 5516 3658 5568; x_wconf 82' lang='lat' dir='ltr'><strong>obno-</strong></span> 
     </span>
    </p>
   </div>
   <div class='ocr_carea' id='block_1_116' title="bbox 2074 5606 3658 5682">
    <p class='ocr_par' dir='ltr' id='par_1_116' title="bbox 2074 5606 3658 5682">
     <span class='ocr_line' id='line_1_116' title="bbox 2074 5606 3658 5682; baseline -0.003 -17"><span class='ocrx_word' id='word_1_886' title='bbox 2074 5613 2237 5666; x_wconf 77' lang='lat' dir='ltr'><strong>xius?</strong></span> <span class='ocrx_word' id='word_1_887' title='bbox 2274 5612 2356 5665; x_wconf 89' lang='lat' dir='ltr'><strong>Dii</strong></span> <span class='ocrx_word' id='word_1_888' title='bbox 2400 5613 2647 5676; x_wconf 88' lang='lat' dir='ltr'><strong>meliora,</strong></span> <span class='ocrx_word' id='word_1_889' title='bbox 2679 5613 2926 5682; x_wconf 87' lang='lat' dir='ltr'><strong>inquam,</strong></span> <span class='ocrx_word' id='word_1_890' title='bbox 2983 5612 3295 5664; x_wconf 82' lang='lat' dir='ltr'><strong>adolescens</strong></span> <span class='ocrx_word' id='word_1_891' title='bbox 3326 5625 3339 5659; x_wconf 90' lang='lat'><strong>:</strong></span> <span class='ocrx_word' id='word_1_892' title='bbox 3370 5606 3501 5660; x_wconf 90' lang='lat' dir='ltr'><strong>nulli</strong></span> <span class='ocrx_word' id='word_1_893' title='bbox 3537 5621 3658 5661; x_wconf 89' lang='lat' dir='ltr'><strong>om-</strong></span> 
     </span>
    </p>
   </div>
   <div class='ocr_carea' id='block_1_117' title="bbox 2077 5698 3659 5759">
    <p class='ocr_par' dir='ltr' id='par_1_117' title="bbox 2077 5698 3659 5759">
     <span class='ocr_line' id='line_1_117' title="bbox 2077 5698 3659 5759; baseline -0.004 -3"><span class='ocrx_word' id='word_1_894' title='bbox 2077 5704 2205 5757; x_wconf 87' lang='lat' dir='ltr'><strong>nino</strong></span> <span class='ocrx_word' id='word_1_895' title='bbox 2248 5705 2299 5756; x_wconf 92' lang='lat' dir='ltr'><strong>in</strong></span> <span class='ocrx_word' id='word_1_896' title='bbox 2338 5705 2604 5759; x_wconf 87' lang='lat' dir='ltr'><strong>factorum</strong></span> <span class='ocrx_word' id='word_1_897' title='bbox 2636 5721 2858 5759; x_wconf 87' lang='lat' dir='ltr'><strong>suorum</strong></span> <span class='ocrx_word' id='word_1_898' title='bbox 2916 5702 3223 5756; x_wconf 88' lang='lat' dir='ltr'><strong>rationibus</strong></span> <span class='ocrx_word' id='word_1_899' title='bbox 3246 5698 3537 5751; x_wconf 88' lang='lat' dir='ltr'><strong>reddendis</strong></span> <span class='ocrx_word' id='word_1_900' title='bbox 3560 5702 3659 5750; x_wconf 71' lang='lat' dir='ltr'><strong>oli-</strong></span> 
     </span>
    </p>
   </div>
   <div class='ocr_carea' id='block_1_118' title="bbox 2079 5790 3655 5866">
    <p class='ocr_par' dir='ltr' id='par_1_118' title="bbox 2079 5790 3655 5866">
     <span class='ocr_line' id='line_1_118' title="bbox 2079 5790 3655 5866; baseline -0.001 -17"><span class='ocrx_word' id='word_1_901' title='bbox 2079 5796 2275 5851; x_wconf 83' lang='lat' dir='ltr'><strong>noxius</strong></span> <span class='ocrx_word' id='word_1_902' title='bbox 2306 5812 2425 5852; x_wconf 89' lang='lat' dir='ltr'><strong>esse</strong></span> <span class='ocrx_word' id='word_1_903' title='bbox 2464 5806 2639 5866; x_wconf 87' lang='lat' dir='ltr'><strong>potest</strong></span> <span class='ocrx_word' id='word_1_904' title='bbox 2662 5797 2803 5852; x_wconf 82' lang='lat' dir='ltr'><strong>Deus</strong></span> <span class='ocrx_word' id='word_1_905' title='bbox 2840 5815 2852 5849; x_wconf 91' lang='lat'><strong>:</strong></span> <span class='ocrx_word' id='word_1_906' title='bbox 2890 5795 3106 5849; x_wconf 88' lang='lat' dir='ltr'><strong>cuinam</strong></span> <span class='ocrx_word' id='word_1_907' title='bbox 3175 5791 3320 5844; x_wconf 89' lang='lat' dir='ltr'><strong>enim</strong></span> <span class='ocrx_word' id='word_1_908' title='bbox 3355 5806 3411 5845; x_wconf 89' lang='lat' dir='ltr'><strong>se</strong></span> <span class='ocrx_word' id='word_1_909' title='bbox 3460 5790 3655 5860; x_wconf 81' lang='lat' dir='ltr'><strong>majori</strong></span> 
     </span>
    </p>
   </div>
  </div>
