4144 6282
501 336 602 403 167

1703 324 2104 386 MANUELIS
2130 319 2584 384 PALIEOLOGI

3656 310 3758 375 l68

501 453 772 508 rationem
838 443 1136 500 redderet?
1205 441 1402 495 lnsana
1462 439 1776 509 hujusmodi
1847 437 2072 506 opinio:

2201 433 2317 489 9:06
2349 433 2494 489 καλά
2519 449 2580 486 τε
2613 431 2790 484 πάντα
2821 430 2915 484 καὶ
2945 425 3146 496 ἀγαθά.
3181 427 3548 496 Πειρωμένοις
3575 425 3758 494 μέντοι

501 544 670 612 impia
707 540 982 610 cogitatio.
1026 535 1162 588 Nam
1222 549 1342 604 quae
1425 549 1452 586 a
1502 531 1612 587 Deo
1635 530 2077 601 proﬁciscuntur,

500 636 728 706 pulchra
753 643 883 687 sunt
918 630 1100 681 omnia
1125 638 1175 681 et
1201 628 1362 682 bona.
1383 627 1483 690 Qui
1520 639 1700 677 autem
1726 621 2081 676 nihilominus

503 728 570 780 de
603 727 786 794 aliquo
817 740 879 778 ex
937 722 1109 791 ipsius
1137 720 1295 773 lactis
1359 731 1625 786 quau-ere,
1672 716 1994 785 investigare
2028 721 2086 763 cs

501 818 684 871 dicere
708 824 1000 874 conantur,
1036 813 1136 864 hoc
1168 811 1318 879 justa
1373 809 1579 862 ratione
1612 817 1668 860 ut
1691 808 1890 860 faciant
1924 820 2084 874 opor-

503 915 600 969 tet,
637 921 738 960 nec
768 907 818 957 id
863 906 935 957 illi
973 903 1294 961 attribuere.
1339 899 1482 968 quod
1515 916 1580 952 ne
1611 898 1816 952 homini
1861 898 2080 966 quidem

506 999 681 1065 probo
711 998 1054 1049 conveniret.
1090 995 1356 1058 Quoniam
1420 993 1582 1060 igitur
1607 991 1658 1044 id
1690 991 1837 1062 quod
1874 990 2085 1044 dixistis

509 1093 602 1144 Dei
667 1091 896 1159 justitite
966 1101 1268 1158 repugnare
1342 1086 1773 1140 demonstratum
1828 1093 1930 1148 est,
1979 1099 2082 1137 non

509 1194 674 1248 recte,
703 1183 918 1250 Opinor,
962 1180 1256 1241 dit-eretur,
1317 1175 1507 1239 Deum,
1567 1186 1752 1244 utpote
1794 1175 2084 1243 benignum

509 1290 640 1342 erga
689 1273 958 1333 homines,
1013 1268 1277 1333 ejusmodi
1318 1283 1402 1321 res
1461 1267 1639 1320 facere
1678 1267 1898 1318 debere.
1931 1263 2085 1317 Nulla

511 1381 574 1416 ex
619 1373 772 1433 parte
804 1362 944 1414 enim
977 1361 1199 1427 justiti.e
1223 1360 1545 1412 adversatur
1576 1357 1695 1426 ejus
1759 1357 2085 1425 benignitas.

512 1455 624 1508 Hoc
656 1453 749 1507 tibi
785 1452 948 1506 simul
999 1466 1062 1505 ac
1092 1451 1228 1519 patri
1285 1464 1602 1516 persuasum
1640 1462 1762 1502 esse
1802 1447 2087 1517 opinabar,

510 1548 578 1601 ad
615 1547 830 1614 aliaque
863 1558 1086 1620 pergere
1135 1541 1430 1596 volebam:
1485 1552 1536 1593 tu
1597 1549 1777 1593 autem
1829 1538 2086 1609 quoniam

510 1648 700 1692 contra
734 1651 817 1689 me
848 1633 1156 1699 surrexisti,
1220 1631 1424 1700 aliquid
1447 1647 1610 1700 supra
1663 1631 1824 1685 dictis
1880 1629 2090 1682 adden-

510 1728 640 1782 dum
695 1743 818 1782 esse
850 1727 1110 1789 arbitror,
1160 1725 1779 1791 demonstrandumque,
1808 1737 1903 1775 eos
1926 1723 2091 1776 etiam

511 1821 604 1889 qui
645 1820 696 1870 in
728 1817 952 1870 meliore
998 1815 1264 1883 religione
1304 1813 1657 1868 deﬂexissent
1687 1811 1754 1866 de
1811 1812 1950 1882 legis
1982 1811 2092 1874 via,

511 1910 763 1979 punitum
797 1907 860 1960 iri
895 1906 1033 1974 ξηιιί
1066 1913 1248 1958 utrum
1303 1903 1458 1958 multi
1495 1918 1561 1956 an
1593 1902 1751 1970 pauci
1783 1901 1913 1963 sint,
1963 1900 2097 1954 nihil

511 2000 579 2053 ad
622 2013 758 2052 rem.
785 1995 900 2050 lloc
919 1997 1061 2048 enim
1095 1994 1264 2051 semel
1319 1993 1719 2056 demonstrato,
1760 1990 1968 2044 inutilis
1993 1990 2098 2044 erit

510 2087 834 2157 capillorum
913 2086 1089 2137 virtus
1159 2081 1454 2137 Moamethi
1512 2091 1700 2136 sancte
1772 2079 2096 2135 venerandi.

583 2179 670 2232 16.
706 2176 983 2246 Sapientia
1044 2185 1273 2246 praestas
1305 2185 1384 2241 tu,
1447 2189 1774 2245 eorumque,
1832 2174 1924 2242 qui
1957 2171 2097 2242 juris

510 2268 727 2322 dicendi
781 2274 1052 2334 potestate
1103 2266 1343 2320 decorati
1398 2273 1552 2330 sunt,
1608 2264 1812 2319 nemini
1867 2264 2098 2318 fortasse

511 2359 718 2428 primas
741 2359 997 2411 concedis
1031 2375 1044 2412 :
1084 2357 1135 2410 id
1160 2373 1188 2410 a
1220 2367 1372 2426 patre
1405 2357 1736 2411 audivimus.
1757 2355 1816 2411 Si
1843 2358 1969 2426 quis
1999 2357 2098 2424 igi-

514 2459 606 2503 tur
624 2450 843 2519 peccati
858 2448 1137 2502 convictus
1154 2447 1355 2510 ,i’uerit,
1386 2447 1494 2512 dic,
1516 2463 1726 2516 quaeso,
1755 2463 1884 2501 num
1904 2462 2096 2516 ptenas

512 2537 716 2607 repetis
750 2538 819 2591 ab
847 2538 986 2591 illo?
1037 2537 1150 2608 Ego
1210 2553 1340 2592 vero
1384 2549 1592 2608 repeto,
1655 2540 1853 2609 inquit.
1887 2537 1951 2590 Et
1989 2539 2097 2592 Deo

512 2639 748 2698 gratum,
777 2637 1072 2698 sancteque
1097 2644 1218 2683 esse
1257 2628 1454 2682 factum
1489 2639 1667 2700 putas,
1713 2630 1931 2684 necne?
1965 2630 2094 2695 Qui,

513 2736 727 2791 quaeso,
787 2720 1044 2786 facerem,
1102 2720 1403 2789 respondit,
1447 2721 1552 2774 nisi
1608 2721 1966 2790 intelligerem
2021 2721 2096 2776 ita

511 2817 673 2868 esse?
707 2811 1051 2878 Rectissime,
1093 2813 1311 2881 inquam
1344 2831 1357 2867 :
1389 2825 1441 2866 et
1463 2813 1642 2882 ipsum
1668 2813 1888 2882 quidem
1925 2813 2093 2866 Deum

513 2905 623 2975 jam
660 2905 712 2958 in
739 2903 841 2957 hac
872 2906 981 2959 vita
1031 2904 1337 2974 complures
1390 2903 1636 2959 videmus
1693 2905 1890 2973 punire
1921 2920 1987 2958 ex
2028 2905 2094 2959 iis

2185 527 2388 594 λέγειν,
2438 526 2533 580 καὶ
2585 523 2790 593 ζητεῖν,
2843 523 2939 575 καὶ
2994 520 3221 591 ἐρευνᾷν
3274 518 3402 589 περί
3449 535 3597 578 τινος
3650 518 3762 571 τῶν

2187 620 2335 689 αὑτῷ
2355 618 2781 690 πεπραγμένων,
2799 615 2878 687 τῷ
2904 615 3214 684 γιγνομένῳ
3235 612 3309 683 (l)
3331 613 3414 664 δεῖ
3433 611 3592 665 τοῦτο
3615 610 3762 682 λόγῳ

2188 714 2383 771 ποιεῖν.
2425 710 2521 763 καὶ
2568 709 2644 780 μὴ
2696 707 3022 773 περιάπτειν
3063 705 3277 775 ἐκείνῳ,
3333 703 3369 756 ἃ.
3411 705 3535 772 μηδ’
3566 703 3632 756 διν
3667 703 3762 756 ἀν-

2191 801 2394 870 θρώπῳ
2435 799 2657 870 χρηστῷ
2689 797 2987 869 προσῆκεν.
3018 797 3147 849 Ὅτε
3188 795 3367 848 τοίνυν
3397 792 3666 847 δέδεικται
3703 794 3765 845 τὸ

2191 892 2281 958 ὑφ’
2314 890 2468 960 ὑμῶν
2498 891 2788 961 εἰρημένον
2840 891 2907 958 τῇ
2939 886 3034 940 τοῦ
3070 887 3206 939 Θεοῦ
3237 886 3560 956 δικαιοσύνῃ
3599 885 3766 952 μαχό-

2194 1000 2377 1053 μενον,
2414 983 2514 1037 οὐκ
2562 981 2804 1048 εὕλογον,
2851 977 3033 1049 οἶμαι,
3087 980 3283 1042 εἰπεῖν,
3333 979 3409 1040 ὡς
3455 979 3563 1031 ἔδει
3609 976 3767 1029 τοῦτο

2194 1077 2399 1146 πρᾶξαι
2426 1075 2517 1128 τὸν
2555 1074 2710 1138 Θεὸν,
2738 1074 2832 1126 ἀτε
2864 1074 2928 1142 δὴ
2969 1071 3354 1141 φιλάνθρωπον
3379 1069 3528 1123 ὄντα.
3551 1069 3630 1137 Τῇ
3661 1068 3769 1134 γάρ

2195 1168 2405 1221 ἐκείνου
2436 1165 2758 1238 δικαιοσύνῃ
2791 1163 3090 1231 οὐδαμόθεν
3119 1161 3435 1215 ἀντιπίπτει
3478 1159 3539 1212 τὸ
3581 1157 3773 1225 φιλάνο

2195 1262 2414 1328 θρωπον
2450 1258 2545 1328 (Ξ).
2597 1257 2739 1325 Ἐγὼ
2775 1257 2872 1324 μέν
2905 1254 2997 1309 οῦν
3029 1253 3196 1324 ᾤμην
3224 1250 3520 1306 πεπεῖσθαί
3562 1267 3621 1302 σε
3652 1251 3771 1316 ἅμα

2193 1351 2271 1420 τῷ
2315 1351 2507 1419 πατρὶ,
2541 1349 2637 1402 καὶ
2668 1348 2969 1418 ἐϐουλόμην
3010 1347 3210 1415 χωρεῖν
3249 1345 3337 1395 ἐπ’
3365 1342 3538 1396 ἀλλα·
3592 1341 3688 1394 σοῦ
3727 1340 3771 1393 δ’

2197 1444 2636 1513 ἐπιπηδήσαντπ
2685 1443 2799 1503 τοῖς
2847 1441 3024 1508 ἐμοῖς,
3059 1439 3175 1491 δεῖν
3223 1436 3410 1506 ᾠήθην
3455 1433 3774 1503 προσθεῖναι

2198 1539 2314 1597 τοῖς
2345 1534 2684 1605 εἰρημένοις,
2720 1533 2816 1587 καὶ
2849 1531 3018 1596 δεῖξαι
3066 1526 3507 1598 κολασθήσεσθαι
3545 1525 3774 1593 μέλλον-

2198 1643 2297 1688 τας
2327 1625 2425 1678 καὶ
2464 1624 2590 1685 τοὺς
2630 1625 2687 1678 ἐν
2729 1625 2794 1692 τῇ
2829 1621 3099 1692 κρείττονι
3143 1619 3326 1670 πίστει
3365 1619 3466 1686 τῆς
3509 1616 3632 1669 ὁδοῦ
3677 1615 3772 1668 τοῦ

2201 1718 2367 1784 νόμου
2402 1715 2896 1783 παρατραπένταςο
2931 1710 3162 1772 πολλοὺς
3192 1709 3250 1762 δέ
3280 1708 3312 1776 ἢ
3346 1706 3587 1776 ὀλίγους,
3619 1706 3776 1759 οὐδὲν

2127 1785 2170 1842 Β
2199 1811 2337 1880 πρὸς
2387 1809 2448 1862 τδ
2492 1806 2828 1878 ζητούμενον
2876 1804 3152 1873 διαφέρει.
3189 1800 3395 1855 Τούτου
3441 1795 3776 1871 γὰρ,οἷμαι,

2197 1901 2530 1973 δειχθέντος,
2559 1899 2790 1970 μάταιος
2819 1898 2856 1970 η
2881 1898 2992 1951 τῶν
3017 1894 3224 1966 τριχῶν
3264 1892 3436 1965 ἀρετὴ
3460 1891 3553 1946 τοῦ
3581 1908 3776 1962 σιμνο·

2197 1993 2362 2047 τάτου
2392 1988 2662 2060 Μωάμεθ.

2272 2168 2368 2233 ις’.
2396 2167 2565 2238 Σοφδς
2612 2161 2665 2220 εἴ
2697 2167 2796 2233 σὺ,
2827 2166 2924 2221 καὶ
2986 2165 3094 2220 τῶν
3139 2166 3232 2220 ἐπὶ
3274 2165 3336 2218 τὺ
3379 2165 3624 2228 δικάζειν
3687 2179 3778 2217 σε·

2205 2261 2560 2332 μνυνομένων
2600 2259 2777 2312 οὐδενί
2823 2273 2927 2312 που
2973 2258 3083 2312 τῶν
3114 2257 3402 2330 πρωτείων
3434 2257 3565 2318 ῐσως
3599 2271 3780 2322 παρα·

2199 2353 2428 2424 χωρῶνο
2459 2351 2618 2404 τοῦτο
2651 2350 2807 2422 παρά
2853 2350 2947 2404 τοῦ
2992 2350 3200 2420 πατρὸς
3254 2348 3596 2418 ἀκηκόαμεν.
3625 2349 3776 2415 Δαμ·

2200 2446 2383 2508 ὁάνεις
2411 2440 2507 2498 οὖν
2537 2443 2716 2513 δίκην,
2739 2441 2804 2513 ἢν
2829 2444 3162 2514 ἁμαρτάνων
3211 2459 3291 2506 τις
3333 2440 3596 2511 ἐλεγχθῇς
3626 2438 3778 2494 Πάνυ

2197 2555 2284 2606 γε.
2314 2538 2468 2607 φησί.
2510 2537 2623 2590 Καὶ
2667 2534 2913 2605 θεοφιλὲς
2948 2531 3090 2588 εῐναι
3133 2534 3378 2600 νομίζεις
3419 2533 3513 2588 καὶ
3546 2533 3715 2600 ὅσιον,
3741 2531 3776 2601 ἢ

2197 2628 2290 2694 οὓς
2343 2628 2467 2691 Πῶς
2520 2629 2630 2700 γὰρ
2679 2627 2746 2681 ἂν
2783 2627 2932 2682 τουτὶ
2980 2627 3386 2696 κατέπραττον,
3419 2624 3548 2695 ἔφη.
3598 2625 3645 2676 σί
3703 2622 3780 2692 μὴ

2196 2719 2441 2774 τοιοῦτον
2467 2718 2770 2786 ἐγίνωσκον
2795 2735 2809 2786 ;
2849 2717 3055 2786 Ὀρθῶς
3081 2717 3282 2786 λέγεις,
3317 2711 3470 2769 εἷπον
3493 2731 3509 2747 ο
3546 2715 3641 2769 καὶ
3669 2714 3779 2784 γάρ

2199 2813 2295 2868 καὶ
2323 2814 2351 2864 ὁ
2382 2811 2513 2873 Θεδς
2549 2811 2712 2872 αὐτὸς
2747 2809 2978 2873 πολλοὺς
3031 2810 3272 2864 ἐνταῦθα
3318 2809 3572 2880 φαίνεται
3607 2825 3779 2874 τιμω-

2201 2902 2467 2973 ρούμενος
2511 2902 2620 2955 τῶν
2656 2902 2736 2960 είς
2785 2902 2950 2955 αὑτὸν
2993 2901 3382 2966 πιστευόντων,
3425 2900 3500 2970 μὴ
3539 2901 3678 2954 κατά
3718 2899 3782 2950 τὸ

515 2995 609 3064 qui
648 2995 700 3046 in
733 2996 910 3063 ipsum
939 2994 1195 3054 credunt.
1216 2993 1262 3048 si
1301 2994 1480 3048 minus
1510 2994 1576 3047 ad
1613 2995 1732 3063 ejus
1757 2995 2090 3048 voluntatem

2201 2995 2348 3066 αὐτῷ
2377 2992 2569 3048 δοκοῦν
2605 2993 3125 3064 πεπολιτευμένους.
3152 2996 3222 3047 Ἢ
3257 2994 3354 3063 οὔχ
3393 2989 3605 3056 οὓτως;
3638 2989 3778 3043 Ἀλλ’

516 3086 776 3140 vixerint.
806 3086 885 3138 An
915 3099 1020 3138 non
1041 3085 1114 3139 ita
1173 3085 1300 3140 est?
1335 3083 1435 3143 Est
1482 3101 1632 3150 vero,
1678 3085 1878 3155 inquit.
1921 3085 2090 3150 Adeo,

2201 3086 2394 3150 οὕτως,
2425 3086 2554 3154 ἔφη.
2592 3087 2742 3140 ”Ωσθ’
2790 3087 2937 3139 ὅσιόν
2991 3104 3044 3140 τι
3098 3085 3382 3158 πράττεις,
3442 3081 3596 3138 εἷπον
3649 3083 3778 3150 ἐγὼ,

518 3178 770 3248 inquam,
805 3187 862 3229 ut
915 3177 996 3230 vel
1031 3177 1117 3244 pie
1140 3185 1198 3231 et
1245 3187 1433 3231 sancte
1454 3185 1503 3230 te
1551 3193 1734 3246 geras,
1783 3187 2097 3246 peccatores

2201 3177 2618 3249 τιμωρούμενος
2663 3180 2791 3234 τοὺς
2836 3177 3354 3248 ἐξαμαρτάνοντας;
3398 3179 3495 3241 Τις
3541 3179 3641 3230 οὐκ
3673 3176 3780 3230 οἶδε

521 3271 753 3340 puniens
781 3269 804 3321 ‘l
837 3268 926 3322 Illo
947 3305 964 3332 ,
999 3268 1152 3333 Quis,
1178 3284 1384 3339 quaeso,
1435 3270 1549 3323 lucc
1596 3284 1703 3324 non
1763 3272 1864 3324 scit
1895 3268 2103 3333 ἵδρυσε-

520 3378 645 3418 nam
679 3372 761 3416 est
792 3362 978 3430 igitur,
1033 3361 1277 3429 inquam,
1339 3369 1430 3413 tua
1493 3362 2099 3417 consuetudo?Ulrum

522 3456 568 3510 si
608 3454 699 3522 qui
731 3461 1096 3522 peccaverunt
1119 3453 1257 3509 alios
1297 3453 1508 3520 plectis,
1555 3454 1700 3508 etab
1742 3453 1865 3508 aliis
1915 3468 2104 3522 pmnas

523 3561 631 3601 non
683 3545 905 3599 sumis?
960 3559 1028 3598 an
1086 3559 1276 3599 omnes
1326 3545 1526 3613 injuria
1569 3545 1791 3601 aﬂ‘ectos
1841 3546 2103 3613 vindicas,

521 3646 575 3689 ct
611 3637 814 3704 injuste
848 3634 1133 3702 agentibus
1173 3647 1476 3702 congruum
1517 3633 1845 3704 supplicium
1895 3634 2104 3690 infers?

522 3724 1256 3795 Atjustautlegitimamque
1284 3724 1352 3777 de
1375 3725 1633 3779 omnibus
1689 3725 1913 3780 omnino
1982 3741 2105 3778 sen-

523 3820 748 3872 tentiam
794 3816 938 3870 lerre
971 3826 1020 3870 te
1067 3831 1392 3886 semperque
1448 3817 1684 3871 laturum
1743 3833 1867 3874 esse
1924 3819 2103 3887 palam

525 3919 628 3973 est,
655 3907 766 3963 nisi
801 3907 939 3961 forte
961 3907 1094 3960 velis
1117 3915 1176 3960 ut
1207 3923 1565 3976 personarum
1614 3921 1866 3980 acceptor
1915 3913 1968 3965 in
2016 3913 2106 3978 jus

528 4001 735 4052 vocari.
761 3999 941 4064 Quare
983 3999 1256 4067 quomodo
1282 3999 1468 4068 justus
1497 4000 1602 4054 erit
1660 4002 1823 4064 Deus,
1852 4001 1897 4056 si
1966 4003 2106 4057 alios

524 4089 749 4157 quidem
771 4090 825 4141 in
862 4091 961 4142 hac
1003 4089 1108 4142 vita
1161 4092 1341 4157 punit,
1365 4090 1434 4144 de
1486 4092 1609 4144 aliis
1675 4107 1850 4158 neque
1913 4091 1967 4146 in
2003 4095 2108 4150 hoc

526 4181 786 4249 uequcin
840 4180 933 4233 illo
987 4182 1186 4234 sacculo
1237 4197 1424 4250 poenas
1491 4183 1702 4237 sumit?
1757 4186 1920 4252 idque
1980 4201 2105 4240 cum

524 4271 795 4340 aequalem
827 4278 888 4324 tu
919 4273 1107 4340 teipse
1131 4274 1385 4328 omnibus
1431 4275 1692 4328 exhibeas
1721 4291 1736 4327 :
1795 4277 1946 4341 item,
1982 4293 2105 4331 cum

525 4371 820 4428 «~0nstet,a
861 4365 1044 4417 multis
1094 4364 1206 4432 jus,
1251 4375 1310 4417 et
1373 4364 1569 4431 legem,
1612 4375 1665 4419 et
1725 4365 1839 4434 ipsa
1897 4377 2107 4422 naturae

2202 3269 2402 3333 ταῦτα;
2435 3269 2589 3337 φησί.
2625 3269 2689 3321 Τί
2716 3269 2792 3332 δὲ,
2821 3269 2981 3340 ἔφην,
3001 3273 3262 3341 πράττων
3289 3271 3591 3338 διατελεῖςς
3621 3270 3781 3331 ἐνίοις

2206 3363 2307 3433 μὲν
2358 3363 2626 3433 ἐπεξέρχῃ
2680 3362 2789 3415 τῶν
2852 3363 3202 3428 ἀδικούντων,
3258 3361 3409 3431 παρὰ
3463 3361 3521 3414 δέ
3569 3361 3680 3413 τῶν
3720 3362 3780 3413 οὐ

2204 3456 2502 3526 λαμϐάνεις
2562 3457 2749 3525 δίκην;
2795 3456 2826 3523 ἢ
2880 3457 2994 3516 τοῖς
3050 3457 3148 3523 μέν
3204 3455 3555 3522 ἠδικημένοις
3614 3453 3786 3506 πᾶσιν

2206 3549 2455 3620 ἀμύνεις,
2480 3552 2592 3614 τοῖς
2626 3550 2680 3601 δέ
2716 3550 2900 3619 ἀδικίᾳ
2943 3548 3149 3610 συζῶσι
3178 3547 3515 3615 κατάλληλον
3551 3545 3786 3611 ἐπάγεις

2206 3642 2268 3694 τὸ
2308 3643 2566 3712 τίμημα;
2599 3642 2768 3709 Δῆλον
2818 3641 2898 3692 ὅτι
2947 3641 3111 3692 πᾶσιν
3141 3639 3270 3712 ἑξῆς
3305 3638 3404 3707 τὴν
3453 3637 3786 3706 γιγνομένην

2207 3733 2386 3803 ψῆφον
2435 3733 2707 3802 ἐκφέρεις,
2740 3732 2834 3784 καὶ
2882 3729 3114 3795 ἐξοίσεις
3157 3747 3219 3797 γε
3272 3733 3383 3794 ἀεὶ,
3419 3730 3533 3797 εἴγε
3569 3729 3787 3800 μέλλεις

2212 3825 2474 3896 μηδαμῶς
2503 3823 2975 3894 προσωποληπτου
3018 3822 3239 3892 γραφὴν
3278 3823 3628 3877 ἀποίσεσθαι.
3665 3820 3786 3881 Πῶς

2208 3914 2300 3967 οῦν
2341 3915 2547 3976 δίκαιος
2602 3916 2628 3964 ό
2676 3912 2830 3978 Θεὸς,
2875 3913 2924 3964 εί
2970 3912 3096 3976 τοῦς
3151 3912 3247 3980 μὲν
3301 3911 3493 3964 ἐνθάδε
3541 3911 3785 3975 κολάζει,

2211 4007 2366 4073 παρὰ
2394 4006 2448 4057 δε
2476 4006 2583 4057 τῶν
2615 4005 2737 4074 μήτ’
2767 4003 3003 4058 ἐνταῦθα
3032 4004 3161 4075 μήτ’
3194 4007 3309 4058 ἐκεῖ
3333 4005 3490 4073 δίκην
3521 4003 3786 4071 λήψετσιις

2211 4097 2522 4159 καὶταῦτα,
2553 4097 2647 4149 σοῦ
2676 4113 2737 4164 γε
2773 4095 2968 4150 σαυτὸν
3003 4097 3337 4166 παρέχοντος
3370 4095 3576 4148 ἅπασιν
3629 4095 3744 4145 ἴσον
3771 4107 3785 4121 ⁸

2208 4181 2354 4256 ἦπου
2385 4203 2446 4253 γε
2481 4187 2711 4248 πολλοὺς
2758 4188 2918 4256 ῐσμεν
2947 4186 3038 4237 ἐπὶ
3085 4184 3340 4237 τοσοῦτον
3388 4182 3788 4252 ὀλιγωροῦντας

2210 4277 2304 4329 τοῦ
2351 4277 2583 4342 δικαίου,
2632 4277 2726 4329 καὶ
2778 4278 2873 4330 τοῦ
2919 4278 3107 4345 νόμου,
3135 4276 3230 4328 καὶ
3270 4275 3377 4329 τῶν
3424 4274 3642 4346 θεσμῶν
3687 4273 3785 4343 τῆς

2214 4367 2454 4437 φύσεως,
2511 4367 2586 4429 ὼς
2639 4367 2730 4420 διὰ
2784 4366 3100 4431 πλεονεξίαν
3165 4367 3366 4436 πολλὴν
3431 4365 3636 4418 Μυσῶν
3690 4365 3788 4433 μὲν

528 4461 797 4520 ιιι-ευσεβιο
826 4454 960 4506 adeo
985 4455 1282 4517 contemni,
1325 4464 1382 4509 ut
1414 4455 1484 4508 ob
1511 4456 1786 4509 ardentem
1818 4459 2097 4514 avaritiam

2210 4459 2362 4511 λείαν
2415 4457 2490 4529 (5)
2544 4460 2612 4512 τά
2677 4461 3051 4528 προστυχόντα
3107 4461 3400 4524 ποιεῖσθαι,
3467 4459 3672 4529 θηρίων
3732 4456 3788 4508 δὲ

522 4544 685 4613 obvia
719 4559 952 4613 qumque
1001 4545 1224 4614 impune
1255 4546 1532 4615 diripiant,
1560 4545 1902 4620 ferinamque
1946 4553 2102 4620 quasi

529 4645 751 4705 pr0pter
788 4651 942 4691 suam
966 4652 1093 4706 erga
1127 4638 1423 4690 humanum
1457 4653 1626 4707 genus
1652 4640 2102 4697 inhumanitatem

531 4729 694 4780 sitam
737 4727 940 4792 vivant,
977 4738 1141 4796 utque
1182 4729 1248 4782 ad
1276 4741 1613 4786 monstrosas
1656 4747 1828 4800 ttsque
1853 4733 2105 4789 libidines

531 4833 722 4868 corum
773 4820 978 4870 malitia
1034 4818 1381 4883 extendatur,
1431 4821 1689 4890 quoniam
1740 4820 2107 4891 voluptatibus

531 4909 917 4974 omniuqsunt
977 4911 1144 4964 dediti
1203 4921 1256 4965 et
1300 4912 1464 4966 veluti
1521 4913 1704 4970 aﬂixi:
1766 4918 1858 4987 qui
1926 4927 2106 4971 tamen

533 4999 711 5050 nullas
738 5008 905 5066 tantte
937 5003 1310 5068 perversitatis
1343 5018 1531 5072 pmnas
1565 5006 1834 5062 dederint.
1873 5009 1936 5062 Et
1962 5009 2107 5078 quod

533 5094 622 5147 hic
645 5103 805 5161 caput
833 5103 934 5157 est,
967 5096 1040 5148 illi
1082 5097 1179 5165 ipsi
1221 5099 1468 5153 homines
1515 5101 1565 5152 in
1599 5098 1774 5155 beatis
1815 5100 1972 5172 vulgo
2015 5099 2113 5153 ha-

532 5185 653 5248 biti,
683 5195 922 5238 extrema
947 5199 1228 5242 senectute
1255 5193 1306 5243 in
1354 5207 1486 5259 pace
1525 5206 1848 5262 summoque
1901 5193 2112 5244 honoro

532 5287 640 5329 vzta
677 5289 1049 5343 excesserunt,
1100 5280 1417 5352 alienasque
1465 5297 1661 5351 Operas
1717 5299 1959 5353 opesque
1995 5282 2111 5337 suis

603 5461 679 5529 (l)
723 5455 766 5513 i.
815 5474 866 5512 e.
920 5462 1094 5527 justa,
1126 5468 1291 5521 recta,
1363 5462 1711 5516 convenienti.
1757 5461 1853 5517 Est
1899 5462 2101 5517 locutio

531 5541 724 5586 nostro
757 5529 1067 5592 familiaris,
1094 5533 1234 5583 sicut
1265 5531 1377 5594 illa,
1418 5533 1537 5593 πῶς
1591 5532 1716 5599 οτει,
1767 5542 1821 5587 et
1878 5535 2102 5588 verbum

530 5601 876 5675 dnopatystv,
911 5601 1031 5656 Vid.
1063 5600 1224 5668 paulo
1259 5610 1379 5668 post
1409 5601 1506 5656 litt.
1541 5602 1632 5667 36,
1667 5604 1768 5673 τὴν
1807 5604 2108 5675 γινομένην

529 5672 709 5740 ψῆφον
727 5671 1015 5743 ᾲέκρέρεις.

608 5742 680 5808 t2)
714 5741 1048 5798 Cuttl'finl't'a
1090 5741 1194 5798 col.
1235 5741 1327 5795 l7l
1371 5741 1435 5794 A.

2215 4549 2329 4619 βίον
2367 4550 2463 4620 ζῇν
2503 4553 2568 4620 τῇ
2607 4551 2742 4619 πρὸς
2768 4548 2831 4602 τὸ
2866 4533 3442 4623 γένοςάπανθρωπίᾳ,
3481 4552 3790 4605 ἐπεκτείνε-

2213 4640 2340 4693 σθαι
2385 4642 2461 4708 (4)
2515 4640 2570 4693 δέ
2618 4657 2734 4701 πως
2779 4640 2993 4703 τούτοις
3041 4642 3110 4693 τὰ.
3144 4642 3245 4709 τῆς
3293 4642 3492 4702 κακίας
3535 4641 3663 4709 ἄχρι
3701 4639 3791 4689 καὶ

2212 4731 2321 4783 τῶν
2349 4731 2654 4785 ἀλλοκότων
2687 4733 3108 4802 άσελγημάτων,
3143 4733 3220 4802 τῷ
3250 4736 3367 4796 ταῖς
3399 4732 3615 4802 ἡδοναῖς
3650 4747 3788 4780 παν-

2211 4828 2417 4878 τάπασι
2448 4824 2855 4896 προσηλῶσθαι,
2885 4825 2976 4877 καὶ
3006 4825 3278 4894 μηδεμίαν
3299 4822 3603 4882 δεδωκότας
3635 4822 3791 4890 δίκην

2213 4919 2313 4988 τῆς
2365 4918 2701 4988 τηλικαύτης
2753 4919 3142 4990 παρατροπῆς.
3184 4919 3296 4972 Καὶ
3339 4918 3399 4970 τὸ
3452 4915 3794 4985 ὑπερϐάλλον

2213 5009 2476 5074 ἐνταῦθα,
2502 5010 2583 5061 ὅτι
2612 5010 2706 5063 καὶ
2748 5009 3184 5078 μακαριζόμενα
3221 5009 3373 5078 παρά
3405 5007 3517 5059 τῶν
3552 5004 3791 5068 πολλῶν,

2214 5103 2273 5159 ἐν
2299 5103 2446 5172 γήρᾳ
2479 5119 2538 5153 τε
2571 5102 2714 5155 πάνυ
2746 5101 2921 5170 βαθεῖ,
2959 5105 3051 5154 καί
3087 5103 3146 5152 ὲν
3179 5103 3392 5172 είρήνῃ,
3431 5100 3522 5151 καὶ
3554 5100 3612 5150 ἐν
3658 5099 3792 5165 τιμῇ

2215 5193 2308 5246 τοῦ
2344 5194 2471 5263 τῇδε
2517 5195 2633 5264 βίου
2693 5195 3056 5263 μετέστησαν,
3099 5195 3293 5255 πόνους
3329 5191 3644 5262 ἀλλοτρίους
3701 5189 3797 5241 καὶ

2215 5284 2526 5356 θησαυροὺς
2573 5289 2685 5348 τοῖς
2719 5286 2929 5337 ἑαυτῶν
2978 5285 3373 5349 καταλιπόντες
3418 5283 3618 5338 παισί·
3672 5280 3794 5334 τού-

2285 5464 2363 5534 (3)
2394 5462 2565 5518 Codd.
2605 5465 2767 5518 ambo
2826 5464 2966 5519 λίαν.
3000 5463 3134 5517 Cod.
3191 5464 3416 5534 Coislin.
3455 5465 3638 5534 μισεῖν
3693 5465 3796 5533 μὲν

2216 5534 2365 5656 iactv,-
2400 5545 2456 5585 ιιι
2483 5537 2554 5588 sit
2586 5548 2818 5589 sensus:
2854 5543 2912 5586 ut
2957 5535 3197 5602 vulgares
3239 5533 3421 5602 culpas
3457 5533 3796 5589 committere

2219 5620 2251 5656 ο
2293 5611 2451 5656 εηιιι.

2219 5611 2451 5658 oderint.

2312 5676 2390 5742 (ιι)
2427 5673 2564 5728 Cod.
2597 5673 2768 5731 Coisl.
2790 5673 3236 5728 ἀπεκτείνεσθαι.
