4144 6282
370 318 473 381 169

366 458 488 499 τους
525 453 585 501 γε
638 432 857 504 βιαίους
914 429 1072 488 ὂντας
1114 422 1214 475 οὐκ
1264 417 1602 489 εὐαρίθμητο

365 532 457 584 ὑπ’
487 502 671 593 ,αὐτῶν
715 520 1067 591 ἠδικημένων
1110 513 1177 566 τὰ
1227 512 1461 579 μέγιστα
1512 502 1948 574 προσκυνοῦντες

363 622 696 678 διετέλεσαν,
729 612 904 680 λύτρα.
942 626 1001 661 τε
1034 602 1191 675 οἶμαι
1221 603 1319 655 καὶ
1352 606 1573 669 σῶστρα
1603 598 1698 662 τῆς
1738 592 1949 646 ἑαυτῶν

364 709 682 776 ἐλευθερίας
713 722 770 757 τε
803 701 897 757 καὶ
943 699 1086 766 ζωῆς
1115 696 1304 763 ὥσπερ
1347 690 1805 770 ἀντεισφὲροξας
1848 686 1948 751 τὴν

366 802 533 869 τιμήν
564 814 577 827 ο
609 796 786 861 καίτοι
832 789 1064 851 πολλοὺς
1120 787 1185 840 ἂν
1236 785 1421 852 εὕροις
1469 783 1563 833 καὶ
1611 778 1720 829 τῶν
1754 777 1949 847 ἠδικη-

373 868 553 960 μένων
592 885 744 955 παρά
799 883 1097 943 κακίστων,
1131 876 1458 935 σπουδαίους
1505 890 1565 924 τε
1597 870 1823 961 ,ἄνδρας
1854 868 1951 920 καὶ

368 981 633 1047 ἀγαθοτγ,
672 978 765 1030 καὶ
797 973 1072 1041 ἐπιεικείᾳ
1104 970 1269 1038 πολλῇ
1303 966 1675 1035 συζήσαντας.

445 1068 527 1134 ιζ’.
573 1070 701 1120 Ὅτε
753 1066 933 1119 τοίνυν
971 1062 1123 1114 ταῦθ’
1181 1060 1354 1121 οὕτως
1404 1059 1538 1127 ἔχει,
1587 1060 1682 1109 καὶ
1736 1054 1799 1106 σὺ
1854 1055 1950 1122 μὲν

373 1166 539 1215 πᾶσιν
563 1161 859 1227 ἀπονέμεις
894 1155 960 1207 τὰ
981 1155 1194 1222 δίκαια,
1219 1152 1351 1212 Θεὸς
1380 1150 1425 1201 δ’
1454 1151 1515 1200 ού
1562 1148 1722 1199 τοῦτο
1760 1146 1949 1213 φαίνε-

371 1271 461 1305 ται
487 1253 547 1304 τὸ
581 1253 820 1320 τήμερον
851 1246 1132 1316 πράττων,
1160 1246 1207 1295 εί
1237 1242 1347 1294 οὐδ’
1387 1242 1503 1292 ἐκεῖ
1553 1240 1710 1303 δίκην
1743 1238 1953 1288 τίσειαν

370 1345 420 1397 οἱ
446 1345 536 1395 τὸν
566 1344 698 1395 Θεὸν
724 1340 1092 1408 ἀτιμάσαντες
1123 1337 1188 1405 τῇ
1218 1334 1533 1404 παραϐάσει
1561 1332 1671 1383 τῶν
1698 1326 1950 1388 ἐντολῶν,

374 1434 436 1487 σύ
465 1451 528 1502 γε
558 1432 696 1485 Θεοῦ
740 1429 1104 1497 δικαιότερος.
1147 1424 1311 1494 Ὁρᾷς
1356 1424 1455 1490 τῆς
1497 1420 1728 1481 ἀτοπίας
1764 1420 1824 1470 τὸ
1855 1417 1954 1486 μέ-

370 1525 552 1595 γεθος,
574 1525 672 1577 καὶ
698 1517 755 1575 οἷ
785 1522 859 1591 (1)
894 1517 1085 1572 κακῶν
1119 1533 1214 1568 σου
1249 1514 1464 1582 προῦϐη
1495 1513 1555 1564 τὸ
1591 1511 1805 1577 δόγμας
1842 1509 1956 1576 Τὴν

374 1619 433 1670 δέ
467 1618 649 1670 αἰτίαν
699 1615 750 1677 εί
788 1615 966 1674 Θέλεις
1016 1609 1231 1677 μαθεῖν,
1264 1607 1367 1676 ἤδη
1409 1606 1663 1673 πάρεστι.
1701 1601 1822 1652 Τισὶ
1855 1601 1955 1668 μὲν

378 1712 487 1781 γὰρ
534 1711 927 1780 ἁμαρτήμασιν
956 1701 1133 1756 ἐνθάδ’
1157 1699 1424 1767 ἐπάγεται
1446 1696 1512 1748 τὰ
1541 1696 1709 1754 δεινά,
1754 1692 1837 1744 ἵνα
1879 1690 1954 1759 μὴ

375 1806 442 1870 τῇ
489 1801 709 1855 κολάσει
763 1796 1141 1863 διαπιστῶμεν
1167 1808 1181 1822 ’
1215 1793 1348 1843 ὅπου
1382 1787 1489 1856 γάρ
1532 1787 1634 1837 ’καὶ
1676 1782 1770 1836 νῦν
1812 1784 1952 1833 εἰσιν

376 1897 425 1947 oi
464 1895 541 1963 μὴ
569 1892 852 1946 πιστεύειν
884 1888 1224 1958 βουλόμενοι,
1254 1883 1303 1934 εί
1334 1880 1524 1950 μηδεὶς
1568 1878 1742 1931 ἐδίδου
1792 1876 1948 1942 δίκην

374 1986 631 2048 ἐνταῦθα,
666 1985 749 2046 τίς
776 1983 842 2035 ἂν
868 1980 1128 2033 ἐπίστευε
1161 1974 1356 2027 δώσειν
1397 1970 1819 2039 ἐξαμαρτήσας,
1854 1969 1950 2020 καὶ

373 2078 555 2139 ἄλλοις
602 2075 648 2127 δ’
694 2077 772 2135 είς
820 2071 882 2123 τὸ
939 2068 1135 2137 μέλλον
1192 2064 1351 2121 ταυτὶ
1401 2059 1796 2130 ταμιεύεσθαι;
1842 2058 1953 2112 Καὶ

373 2166 533 2219 τοῦτο
581 2165 786 2226 πάντες
836 2158 1209 2229 πιστεύουσιν.
1260 2156 1354 2207 Ἐκ
1385 2153 1494 2220 γὰρ
1532 2152 1595 2219 δὴ
1626 2152 1720 2202 τοῦ
1766 2167 1954 2220 φαινα

375 2258 539 2325 μένου
570 2255 666 2308 καὶ
693 2252 934 2319 ταφανὲς
956 2250 1055 2302 οὐκ
1086 2245 1413 2317 ἀμφίϐολον.
1448 2242 1644 2294 Ἔσται
1672 2241 1782 2311 ἄρα
1829 2242 1951 2310 κρί-

374 2367 460 2410 σις
498 2348 594 2401 καὶ
639 2349 852 2408 ἐκτισις
907 2341 1195 2411 ἁμαρτιῶν
1244 2337 1645 2405 ἀπαραίτητος.
1695 2333 1950 2402 καθάπερ

373 2441 436 2510 δὴ
465 2442 560 2493 καὶ
579 2437 805 2505 ἀμοιϐαὶ
835 2438 947 2498 τοῖς
970 2432 1199 2499 ἀγαθοῖς
1230 2426 1371 2497 μετὰ
1404 2429 1504 2496 τὴν
1538 2424 1749 2477 ἐνθένδε
1780 2424 1946 2494 ζωήν.

387 2533 529 2587 Ἀλλ’
565 2531 682 2596 ἐρεῖ
714 2545 797 2589 τις
828 2528 959 2584 ἴσως
990 2522 1175 2593 ὑμῶν,
1203 2520 1277 2581 ὡς
1310 2520 1376 2572 ἂν
1418 2517 1517 2586 μὲν
1543 2518 1591 2567 ol
1621 2514 1817 2583 φαῦλοι
1849 2532 1952 2569 κα-

377 2624 511 2691 κῶν,
542 2623 591 2673 οἱ
621 2621 679 2672 δὲ
727 2617 1004 2671 σπουδαῖοι
1056 2612 1313 2685 χρηστῶν
1357 2608 1734 2668 ἀπολαύσωσι,
1770 2606 1830 2658 τὸ
1855 2608 1955 2675 μὲν

376 2714 586 2764 δίκαιον
629 2708 724 2762 τοῦ
783 2706 972 2774 κριτοῦ
1029 2702 1302 2773 φανερὸν,
1354 2700 1416 2753 τὸ
1468 2699 1523 2751 δὲ
1566 2696 1957 2769 φιλάνθρωπον

378 2803 512 2866 ποῦς
547 2802 656 2854 Καὶ
684 2802 716 2869 ἡ
748 2802 1020 2867 ἐρώτησις
1050 2796 1187 2865 αὕτη
1225 2796 1325 2848 οὐκ
1369 2794 1473 2856 ἔξω
1500 2792 1660 2859 λόγου
1696 2791 1792 2845 τοῦ
1822 2791 1956 2861 πρέ-

380 2911 593 2954 ποντος.
631 2893 723 2945 Δεῖ
751 2889 1070 2962 γ-ὰρηαύτὺν
1114 2886 1370 2956 ἐνεργείᾳ
1412 2881 1553 2937 εἶναι
1595 2886 1736 2953 ὅπερ
1776 2884 1953 2945 ἐστὶν,

379 2981 832 3050 αῦτοδικαιοσύνη
878 2998 937 3032 τε
985 2978 1081 3032 καὶ
1132 2976 1575 3044 αὐτοαγαθότης*
1613 2975 1733 3026 ἐπεὶ
1779 2972 1835 3025 δὲ
1875 2973 1958 3025 δεῖ

1374 298 1760 362 DIALOGUS
1784 260 1855 353 ἠ
1893 293 2049 351 erm
2079 285 2629 349 MOHAMETANO.

1611 416 1625 466 ί
1667 428 1810 472 τινες
1848 410 1952 462 τῶν
1991 414 2025 465 Α
2058 405 2244 457 liberis
2280 403 2617 469 reliquerunt
2653 416 2665 451 :
2710 397 2915 463 hosque
2944 396 3210 447 violentos
3243 407 3350 444 non
3381 394 3535 458 pauci
3565 393 3632 443 de

3526 267 3628 333 1Ἲο

2057 498 2140 559 iis,
2170 510 2306 565 quos
2355 494 2609 547 maximis
2662 489 2876 555 injuriis
2931 486 3244 547 affecerant,
3295 484 3631 553 perameiose

2055 598 2274 656 semper
2306 584 2617 646 coluerunt,
2660 583 2801 634 hunc,
2829 579 2894 630 iis
2921 577 3208 631 honorem.
3256 576 3471 642 opinor,
3506 589 3635 625 eon-

2055 688 2287 732 scrvatze
2310 677 2466 745 quasi
2495 675 2765 730 libertatis
2795 684 2845 725 et
2871 671 2992 723 vitm
3018 668 3302 738 prmmium
3336 668 3631 735 rependen-

2054 784 2172 837 tes;
2216 774 2362 841 atqui
2397 772 2597 823 mullos
2629 784 2690 821 ex
2728 767 2852 825 illis,
2887 764 3083 831 quibus
3108 777 3136 813 a
3169 760 3419 827 pessimis
3460 758 3633 809 homi-

2061 868 2223 919 nibus
2259 866 2420 917 illatae
2452 862 2663 931 injuriae
2687 870 2831 923 sunt,
2864 858 3122 910 honestos
3149 853 3459 920 probosque
3491 850 3636 902 viros

2055 972 2357 1025 magnaque
2388 954 2756 1024 aequabilitate
2785 952 2982 1003 vixisse
3021 946 3282 1016 reperias.

2128 1051 2210 1101 17.
2240 1048 2372 1114 Qum
2398 1064 2520 1101 cum
2559 1048 2630 1100 ita
2663 1046 2791 1107 sint,
2827 1042 3085 1112 quoniam
3135 1050 3187 1093 tu
3215 1038 3433 1107 quidem
3476 1034 3637 1102 justi-

2055 1140 2183 1192 tiam
2218 1140 2459 1206 aliquam
2492 1138 2748 1191 omnibus
2788 1136 3005 1198 tribuis,
3041 1134 3181 1186 Deus
3215 1142 3396 1183 autem
3440 1141 3639 1180 secun-

2055 1228 2183 1279 dum
2208 1244 2267 1279 ca
2292 1244 2413 1296 quae
2444 1228 2602 1279 hodie
2650 1226 2783 1279 ﬁunt
2816 1241 3000 1293 parum
3031 1223 3180 1291 juste
3222 1238 3383 1290 agere
3404 1221 3637 1278 videtur,

2056 1319 2100 1369 si
2137 1333 2311 1386 neque
2343 1318 2395 1369 in
2452 1318 2633 1369 futura
2694 1319 2802 1367 vita
2865 1330 3055 1383 paruas
3112 1315 3300 1375 luunt,
3351 1312 3443 1380 qui
3515 1328 3647 1362 eum.

2059 1418 2455 1477 prmeeptorum
2481 1423 2705 1462 suorum
2747 1408 3039 1460 violatione
3077 1405 3352 1473 aspernati
3398 1413 3546 1464 sunt,
3585 1414 3636 1452 tu

2061 1498 2307 1568 profecto
2347 1514 2405 1553 es
2436 1498 2784 1567 Deojustior.
2827 1497 2985 1549 Vides
3018 1511 3161 1547 nunc
3213 1504 3415 1563 quanta
3467 1507 3529 1543 ex
3557 1491 3641 1543 his

2059 1600 2320 1658 sequatur
2370 1590 2703 1651 absurditas,
2740 1597 2794 1641 et
2846 1603 3084 1656 quonam
3143 1586 3269 1639 mali
3313 1586 3643 1653 processerit

2058 1682 2242 1751 opinio
2274 1681 2600 1749 lua?Cujus
2638 1682 2713 1732 rei
2766 1694 2987 1733 causam
3049 1678 3261 1730 discere
3289 1668 3333 1730 Si
3394 1676 3550 1738 velis,
3584 1675 3637 1727 in

2058 1784 2304 1844 promptu
2342 1782 2441 1827 est.
2466 1773 2801 1838 Quibusdam
2852 1771 3088 1839 peccatis
3124 1771 3233 1838 jam
3262 1768 3315 1821 in
3372 1767 3473 1820 hac
3531 1769 3637 1817 vita

2055 1881 2233 1935 poena:
2262 1866 2596 1936 inﬂiguntur,
2652 1880 2843 1932 nempe
2871 1879 2938 1916 ne
2992 1863 3217 1916 omnino
3241 1862 3307 1916 de
3361 1861 3639 1929 punitione

2055 1960 2395 2013 dillidamus:
2429 1973 2551 2012 cum
2578 1958 2723 2011 enim
2751 1958 2831 2009 vel
2890 1972 3032 2009 nune
3064 1957 3191 2016 sint,
3242 1955 3334 2023 qui
3386 1955 3515 2007 illud
3576 1959 3641 2006 de

2056 2052 2236 2104 futura
2274 2050 2507 2103 Vindicta
2540 2050 2761 2102 credere
2797 2049 2993 2109 nolint,
3022 2049 3065 2102 si
3120 2063 3281 2101 nemo
3338 2047 3478 2100 ullas
3539 2049 3643 2098 line

2056 2146 2106 2196 in
2138 2144 2339 2198 saeculo
2369 2142 2561 2204 lueret,
2594 2142 2738 2209 quis,
2761 2141 3011 2206 obsecro,
3038 2150 3093 2195 et
3124 2157 3183 2194 se
3218 2139 3495 2194 commissi
3516 2156 3642 2209 per-

2051 2234 2157 2288 cati
2182 2249 2375 2303 pmnas
2406 2249 2527 2288 esse
2582 2235 2859 2297 daturum,
2895 2241 2947 2286 (ιι
2981 2234 3102 2287 aliis
3152 2248 3246 2286 eas
3292 2233 3344 2285 in
3397 2232 3638 2285 futurum

2055 2334 2272 2395 tempus
2300 2326 2568 2381 reservari
2598 2327 2843 2377 crederet
2873 2324 2895 2376 ?
2927 2323 3046 2377 Jam
3081 2340 3208 2376 vero
3258 2323 3384 2376 illud
3447 2339 3640 2377 omnes

2051 2415 2169 2475 fere
2215 2419 2462 2473 credunt.
2510 2414 2645 2469 Nam
2701 2398 2898 2469 intuitu
2928 2417 3241 2485 apparentis
3265 2419 3339 2470 rei
3371 2416 3641 2472 dubitatio

2056 2516 2267 2569 tollitur
2289 2515 2354 2566 de
2392 2526 2448 2564 re
2474 2524 2580 2562 non
2612 2520 2928 2577 apparente.
2982 2510 3094 2562 Erit
3142 2511 3306 2578 igitur
3343 2510 3640 2577 judicium,

2060 2608 2333 2674 nullisque
2378 2605 2633 2672 precibus
2684 2602 3020 2669 deprecanda
3077 2604 3340 2654 malorum
3407 2604 3640 2670 punitio,

2058 2705 2184 2757 item
2216 2712 2268 2749 ιιι
2300 2697 2485 2766 probis
2519 2695 2910 2754 remuneratio,
2944 2702 3064 2761 post
3095 2694 3233 2746 lianc
3281 2694 3464 2746 vitam.
3493 2694 3641 2746 Dii-ct

2061 2789 2199 2843 torte
2225 2790 2425 2859 aliquis
2455 2799 2696 2843 vestrum
2721 2803 2739 2840 :
2764 2786 2830 2840 At
2858 2787 2901 2839 si
2936 2785 3186 2840 scelerati
3222 2788 3379 2840 malis
3403 2787 3640 2841 allicien-

2058 2895 2169 2945 tnr,
2195 2883 2322 2938 boni
2374 2882 2554 2948 bouis,
2587 2881 2797 2947 justitia
2849 2880 3067 2949 quidem
3110 2877 3309 2946 jnditis
3351 2880 3525 2947 palam
3560 2881 3642 2944 ﬁt,

2058 2973 2347 3028 clementia
2377 2956 2559 3026 autem
2589 2970 2708 3038 ejus
2736 2984 2863 3039 erga
2903 2970 3151 3024 homines
3171 2970 3258 3022 ubi
3321 2971 3643 3039 apparebit?

379 3077 499 3127 κατ’
526 3075 695 3143 ἄμφω
745 3072 836 3123 τὴν
878 3069 1011 3122 Θεὸν
1058 3067 1283 3135 ἐνεργὸν
1342 3060 1505 3128 εἶναι,
1537 3063 1782 3132 ἐξεῦρεν,
1808 3063 1955 3126 ὅπως

2063 3065 2171 3120 Nec
2205 3082 2235 3121 a
2262 3066 2470 3120 ratione
2502 3066 2678 3119 aliena
2719 3073 2800 3117 est
2843 3064 2958 3118 limc
3010 3063 3384 3132 interrogatio.
3417 3062 3642 3133 Oportet

377 3167 439 3218 τὸ
464 3165 854 3235 φιλάνθρωπον
884 3161 1071 3225 δείξας
1121 3161 1215 3213 καὶ
1247 3159 1309 3210 τὸ
1351 3157 1565 3209 δίκαιον
1600 3154 1955 3230 ἐπιδείξεται.

379 3256 473 3316 Hic;
512 3256 612 3324 μὲν
643 3250 739 3306 οὖν
762 3251 914 3304 τόνδε
942 3250 1033 3301 τὸν
1068 3248 1275 3317 κόσμον
1307 3245 1557 3315 ἀφθόνως
1588 3263 1645 3297 τε
1680 3245 1775 3296 καὶ
1803 3244 1961 3314 δαψι-

379 3345 485 3407 λῶς
512 3345 609 3416 τὴν
637 3345 876 3416 ἄρρητον
925 3341 1009 3393 ὕει
1057 3336 1474 3407 φιλανθρωπίαν
1525 3338 1694 3389 πᾶσιν
1744 3337 1957 3400 ἁπλῶς,

378 3436 451 3499 ὡς
478 3436 688 3501 ἔξεστιν
717 3438 780 3487 ἐκ
806 3433 917 3485 τῶν
947 3430 1295 3501 πραγμάτων
1339 3428 1504 3480 αὑτοῦ
1550 3430 1776 3481 σκοπεῖν
1800 3443 1816 3460 ·
1860 3428 1958 3497 τὴν

377 3527 729 3595 δικαιοσύνην
753 3525 809 3577 δέ
832 3527 898 3593 τῇ
928 3521 1321 3590 παλιγγενεσία
1341 3520 1417 3589 (2)
1441 3521 1765 3591 τετήρηκεν.
1788 3519 1956 3571 Οὔπω

316 3608 333 3616 ⁸
380 3620 548 3686 λέγω,
579 3617 655 3679 ὡς
702 3616 797 3667 καὶ
829 3617 862 3684 ἡ
898 3615 1123 3674 κόλασις
1162 3613 1299 3681 αὑτὴ
1340 3612 1511 3679 πολλῇ
1556 3609 1954 3683 φιλανθρωπίᾳ

378 3725 436 3759 τε
492 3707 586 3758 καὶ
625 3705 957 3775 χρηστότητι
1010 3703 1106 3754 καὶ
1154 3700 1624 3771 κατεσκεύασται,
1663 3701 1759 3754 καὶ
1798 3700 1958 3769 ﬁmi-

380 3815 561 3867 Αηται.

2063 3159 2207 3210 enim
2232 3155 2398 3208 Deum
2420 3165 2542 3210 actu
2568 3165 2619 3209 et
2649 3154 2844 3208 eﬂ'ectu
2873 3169 2994 3208 esse
3044 3154 3095 3207 id
3139 3156 3281 3224 quod
3340 3165 3445 3221 est,
3486 3173 3641 3210 sum-

2064 3264 2209 3301 mam
2236 3250 2519 3317 ipsamque
2550 3247 2818 3315 justitiam
2849 3256 2904 3301 et
2925 3248 3219 3302 bonitatem
3257 3265 3269 3300 :
3300 3249 3638 3318 etquoniam

2064 3341 2364 3394 SCCtttltlltm
2390 3341 2579 3394 ambas
2614 3340 2713 3394 bas
2756 3340 2989 3393 virtutes
3013 3355 3173 3409 agerc
3228 3356 3350 3394 eum
3416 3357 3641 3396 necesse

2061 3442 2164 3498 est,
2205 3434 2348 3485 viam
2383 3433 2607 3498 invenit,
2632 3449 2738 3501 qua
2773 3433 2856 3486 via
2877 3440 2929 3486 et
2961 3434 3258 3487 bonitatem
3303 3436 3636 3498 ostenderet,

2060 3533 2116 3578 et
2144 3526 2500 3579 nihilominus
2526 3528 2860 3596 patelaceret
2885 3525 3175 3595 justitiam.
3220 3527 3277 3580 lu
3312 3528 3456 3580 hunc
3482 3544 3640 3578 mun-

2061 3617 2189 3670 dum
2216 3618 2361 3670 enim
2380 3618 2486 3672 dici
2521 3634 2629 3671 non
2662 3626 2839 3687 potest
2867 3633 3031 3687 quam
3061 3618 3277 3672 abunde
3302 3627 3354 3670 et
3403 3618 3641 3672 liberali-

2060 3715 2140 3758 ter
2171 3721 2326 3759 suam
2353 3722 2480 3775 erga
2514 3707 2766 3762 homines
2796 3709 3186 3778 benignitatem
3230 3710 3486 3763 omnibus
3538 3709 3639 3762 im-

2062 3794 2177 3849 bris
2204 3798 2377 3849 instar
2402 3797 2705 3865 profundit,
2754 3807 2813 3853 ut
2842 3815 2908 3854 ex
2952 3801 3124 3869 ipsius
3171 3801 3428 3868 operibus
3482 3802 3639 3853 intel-

381 3895 472 3963 ligi
513 3891 1011 3962 potest:jnstitiam
1042 3907 1195 3944 novae
1216 3900 1340 3959 post
1372 3901 1605 3945 mortem
1652 3889 1777 3942 vita:
1832 3890 2154 3941 reservavit.
2205 3889 2385 3958 Atque
2434 3905 2546 3944 non
2603 3907 2846 3947 memoro
2895 3908 3063 3960 ntmc,
3126 3904 3332 3963 quanta
3400 3893 3641 3949 bonitate

377 3997 431 4040 et
460 3986 752 4039 clementia
781 3984 895 4050 ipsa
919 3984 1126 4051 punitio
1148 3993 1203 4036 et
1239 3984 1535 4039 constituta
1583 3995 1687 4048 est,
1717 3994 1770 4039 et
1818 3986 2200 4054 praenuntiata.

455 4074 544 4145 ιη’.
577 4076 745 4129 Ταῦτ’
777 4074 912 4147 ἐμοῦ
947 4076 1257 4145 είρηκότος,
1291 4078 1624 4145 σιγήσαντος
1668 4078 1762 4130 τοῦ
1807 4078 1955 4148 πρώ-

378 4189 496 4234 του,
529 4169 730 4239 βλέψας
765 4172 793 4222 ὁ
831 4169 1096 4240 νεώτερος
1126 4169 1240 4232 υίὸς
1274 4170 1355 4230 είς
1405 4171 1497 4223 τὸν
1538 4170 1704 4224 αὑτοῦ
1738 4174 1956 4243 πατέρα

381 4261 501 4315 εἶπέ
533 4280 582 4314 τι
612 4263 748 4334 πρὸς
784 4262 946 4314 αὑτὸν
976 4264 1045 4333 τῇ
1089 4262 1199 4314 τῶν
1240 4262 1490 4331 Ἀράϐων
1538 4266 1687 4334 φωνῇ
1714 4279 1729 4295 ’
1774 4265 1869 4316 καὶ
1898 4263 1956 4326 ὃς

381 4352 802 4423 ἀποδεξάμενος,
833 4353 910 4415 ὼς
956 4350 1124 4414 ἔοικε,
1159 4353 1221 4404 τὸ
1265 4351 1455 4421 ῥηθὲν,
1489 4354 1627 4422 πρὸς
1673 4355 1823 4423 ἡμᾶς
1867 4353 1958 4406 διὰ

381 4445 479 4510 τῆς
508 4446 613 4496 τῶν
636 4444 905 4515 Τούρκων⁴
921 4444 1219 4513 μετέδωκε,
1237 4446 1349 4503 τοῖς
1376 4444 1681 4513 ἑρμηνεῦσι
1710 4445 1956 4515 συνήθως

383 4538 463 4598 είς
493 4536 651 4588 τοῦτο
689 4535 1061 4605 χρησάμενος.
1093 4535 1167 4587 Τὸ
1220 4535 1278 4587 δὲ
1320 4532 1388 4604 ἢν
1432 4538 1613 4588 ἐκεῖνο
1665 4537 1722 4588 τὸ
1771 4537 1961 4606 λεχθὲν

384 4627 514 4693 παρ’
538 4616 698 4694 ἐμοῦ,
726 4626 801 4688 ὡς
846 4625 955 4695 ἄρα
986 4626 1261 4693 παρέλκον
1296 4627 1362 4679 ἂν
1417 4629 1504 4694 εἴη
1551 4628 1647 4679 καὶ
1677 4630 1959 4700 περιττὸν,

382 4717 445 4768 τὸ
467 4700 560 4770 τὸν
586 4716 822 4785 Χριστὸν
842 4716 999 4786 ἥξειν
1048 4716 1348 4783 κρινοῦντα
1393 4718 1578 4771 πᾶσαν
1613 4719 1712 4789 τὴν
1755 4720 1882 4788 γῆν,
1914 4722 1964 4772 εἰ

387 4802 571 4876 μέλλοι
620 4808 825 4873 πάντας
861 4796 1060 4860 σώσειν
1091 4807 1217 4877 ἑξῆς
1238 4823 1251 4837 °
1284 4810 1380 4861 καὶ
1410 4809 1492 4862 δτι
1541 4811 1634 4861 κα)⁸
1665 4810 1721 4862 τὸ
1754 4810 1963 4874 δίκαιος

383 4897 525 4951 εἶναι
567 4899 656 4952 τὸν
707 4900 909 4968 τρόπον
955 4896 1144 4948 τοῦτον
1183 4898 1473 4953 ἀπόλλυσι.
1506 4900 1694 4952 Ταῦτα
1739 4901 1819 4965 δὲ,
1853 4900 1957 4970 ἔφη

383 4994 612 5056 ἐκεῖνος,
642 4993 740 5061 οὐχ
773 4988 974 5051 ἱκανῶς
1006 4989 1412 5047 ἀποδέδεικται.
1450 4994 1647 5061 Κρινεῖ
1681 4994 1789 5063 γὰρ
1818 4995 1958 5065 ἁμέ-

380 5084 507 5159 λειι
505 5085 600 5135 καὶ
626 5079 943 5152 παραδώσει
973 5079 1232 5135 κολάσεσι
1261 5084 1383 5144 τοὺς
1411 5082 1960 5152 ἀντινομοθετοῦντας

382 5178 503 5238 ταῖς
550 5174 643 5226 τοῦ
682 5172 929 5242 Μωάμεθ
973 5172 1347 5242 παραδόσεσιν
1387 5174 1657 5237 ἅπαντας.
1696 5173 1838 5243 Πρὸς
1868 5174 1958 5225 6v-

386 5285 490 5337 περ
540 5266 677 5335 ἔφην
726 5265 924 5326 αὐτός’
970 5265 1230 5319 Ἥδιστόν
1282 5282 1375 5333 μοι
1426 5267 1592 5329 δοκεῖ,
1641 5267 1739 5318 καὶ
1789 5265 1960 5317 πολὺν

385 5359 599 5430 καρπὸν
625 5359 925 5428 δυνάμενον
953 5358 1225 5425 ἐνεγκεῖν,
1259 5357 1320 5409 τὸ
1352 5356 1442 5409 τὸν
1492 5357 1961 5425 προσδιαλεγόμε-

385 5469 477 5505 νον
531 5451 708 5503 είπεῖν
766 5449 828 5502 τὸ
879 5449 1342 5519 παριστάμενον*
1402 5447 1504 5500 κᾶν
1567 5448 1741 5512 ἄλλως
1801 5448 1960 5501 τοῦτο

459 5599 536 5667 (1)
566 5596 702 5651 Cod.
728 5595 893 5651 Coisl.
928 5598 1002 5649 εί.

460 5665 536 5737 (2)
566 5668 971 5734 Ιιαλιγγενεσία
1014 5668 1100 5719 Itlc
1135 5681 1240 5720 non
1285 5666 1571 5734 baptisma,
1612 5665 1728 5723 sed
1786 5666 1965 5722 futura

391 5752 512 5809 post
542 5739 1003 5793 resurrectionem
1031 5737 1159 5802 vita,
1183 5752 1247 5790 ex
1275 5737 1465 5790 Matth.
1507 5752 1619 5799 xix,
1651 5736 1741 5802 ‘28,
1787 5738 1873 5789 Ἐν
1897 5742 1967 5807 τῇ

698 5832 971 5896 Ρλτιιοι.
1014 5831 1130 5893 Gn.
1182 5830 1313 5893 CLV
1335 5830 1363 5891 Ι

2136 4080 2225 4135 18.
2258 4080 2389 4147 Quae
2418 4095 2542 4135 eum
2573 4095 2672 4151 ego
2701 4082 2987 4148 dixissem,
3035 4084 3285 4156 ﬁliusque
3306 4096 3437 4143 natu
3466 4089 3640 4161 major

2064 4172 2272 4237 sileret,
2304 4172 2484 4227 minor
2514 4173 2567 4227 in
2600 4184 2808 4244 patrem
2835 4176 3055 4231 intuens
3088 4178 3296 4247 aliquid
3328 4181 3375 4234 ei
3408 4182 3638 4235 Arabico

2042 4273 2313 4318 'sermone
2338 4264 2511 4329 dixit;
2541 4267 2689 4335 quod
2707 4267 2817 4332 ille,
2837 4275 2894 4320 ut
2917 4267 3217 4333 videbatur,
3239 4272 3635 4340 comprobavit,

2065 4353 2132 4407 ad
2161 4370 2366 4423 nosque
2387 4354 2620 4410 Turcica
2654 4357 2839 4428 lingua
2895 4360 3218 4424 transmisit,
3253 4360 3640 4431 interpretibus

2062 4461 2125 4500 ex
2162 4463 2311 4502 more
2338 4448 2616 4503 adhibitis.
2650 4451 2704 4504 ld
2740 4459 2857 4504 erat
2884 4451 3010 4505 illud
3060 4453 3237 4522 ipsum
3290 4455 3435 4522 quod
3488 4454 3642 4508 dixe-

2059 4554 2199 4604 ram,
2236 4540 2484 4594 inutilem
2528 4557 2751 4609 prorsus
2808 4542 3011 4596 Clu-isti
3068 4545 3134 4596 ad
3187 4559 3386 4599 omnen
3437 4553 3639 4600 terram

2056 4628 2406 4698 judieandam
2430 4642 2484 4686 et
2507 4649 2907 4703 supervacuum
2942 4650 3064 4691 esse
3086 4639 3400 4703 adventum,
3437 4639 3485 4692 si
3515 4638 3642 4707 qui-

2061 4725 2185 4775 dem
2216 4738 2410 4777 omnes
2439 4725 2661 4777 omnino
2689 4726 2777 4778 ille
2823 4726 2895 4780 sit
2915 4739 3232 4783 servaturos
3261 4747 3278 4795 ;
3319 4732 3641 4787 verendum-

2063 4827 2167 4887 que
2196 4828 2343 4879 eSse,
2368 4830 2436 4868 ne
2463 4813 2598 4887 justi
2632 4832 2827 4870 nomen
2880 4817 2984 4873 hoc
3030 4822 3193 4873 modo
3244 4823 3476 4876 amittat.
3516 4823 3642 4877 llazc

2066 4880 2232 4963 enim,
2266 4904 2441 4972 inquit
2473 4907 2581 4969 ille,
2637 4924 2745 4960 non
2776 4909 2909 4961 satis
2960 4912 3331 4965 demonstrata
3369 4923 3514 4968 sunt.
3546 4890 3643 4969 Ju-

2070 4994 2273 5049 dicabit
2307 5006 2453 5051 certe
2471 4997 2740 5063 videlicet,
2773 5002 3165 5073 suppliciisque
3186 5019 3280 5058 eos
3303 5020 3494 5060 omnes
3526 5017 3641 5060 tra-

2068 5086 2178 5148 det,
2200 5086 2293 5156 qui
2320 5089 2656 5156 disciplinam
2688 5092 2977 5147 Moametbi
3011 5097 3276 5153 institutis
3305 5101 3638 5155 contrariam

2067 5177 2371 5232 docuerint.
2391 5180 2471 5232 Ad
2501 5197 2661 5248 quem
2684 5194 2812 5238 tunc
2833 5199 2934 5254 ego
2960 5202 2973 5240 :
3000 5186 3102 5242 l'er
3120 5192 3276 5256 milii,
3294 5207 3391 5261 per
3413 5193 3654 5263 inquam.

2068 5282 2281 5340 gratum
2318 5280 3093 5342 est,magnumqueutilitatis
3138 5281 3378 5338 fructum
3424 5286 3642 5340 videtur

2069 5364 2329 5430 praebere,
2360 5365 2403 5418 si
2464 5382 2695 5431 quocum
2748 5370 3030 5437 colloquor
3057 5374 3103 5426 is
3158 5376 3424 5444 quidquid
3461 5376 3643 5428 sitiiin

2070 5463 2304 5506 mentem
2339 5456 2483 5509 venit
2517 5457 2827 5527 eloquitur:
2863 5465 3005 5532 quod
3030 5465 3071 5517 si
3102 5463 3257 5518 aliter
3289 5464 3464 5519 facere
3489 5467 3644 5517 volu-

2070 5601 2503 5679 παλιγγενεσία,
2558 5606 2685 5660 ὅταν
2721 5608 2921 5679 καθίσῃ
2962 5611 2987 5659 ὸ
3031 5609 3158 5673 Υἱὸς
3200 5608 3293 5661 τσῦ
3355 5607 3646 5678 άνθρώπτυ

2075 5673 2165 5724 ἐπὶ
2194 5674 2386 5744 θρόνου
2413 5673 2570 5745 δόξης
2598 5680 2790 5735 αὐτοῦ.

3259 5834 3296 5888 6
