4144 6282
550 313 647 379 171

1707 311 2106 372 MANUELIS
2147 306 2600 369 PAL.EOL()GI

3701 290 3810 357 172

547 438 676 500 erit,
711 447 822 487 non
846 429 1069 492 videbit,
1109 425 1495 494 disputationis
1542 423 1745 479 frustra
1772 441 1802 479 a
1833 441 1889 479 se
1921 423 2125 492 suscipi

2247 426 2410 476 ποιεῖν
2465 421 2722 492 βουληθῇ,
2755 420 2910 489 λήσει
2956 419 3081 480 τοὺς
3140 415 3335 478 πόνους
3387 412 3674 473 ἀναλώσας
3708 411 3806 463 ἐπὶ

546 524 812 596 laborem.
847 520 984 574 Nam
1016 515 1214 571 vulnus
1237 514 1379 583 quod
1398 512 1703 568 occultatur
1727 515 1792 566 ad
1834 514 2125 566 sanitatem

545 616 830 698 perv’enire
856 611 1065 680 nequit.
1103 607 1225 662 Tibi
1255 616 1435 660 autem
1464 596 1830 672 de‘ejusmodi
1858 605 1978 658 [iliis
2009 619 2131 672 gra-

548 694 723 762 tulor:
753 704 950 759 etenim
985 701 1232 770 pulchre,
1267 713 1387 768 qua:
1452 697 1538 751 hic
1574 698 1856 759 dicuntur,
1909 694 2125 762 assequi

547 799 766 849 videtur
791 793 1113 847 adolescens
1145 804 1160 841 :
1195 790 1372 856 ipsum
1434 796 1613 838 tamen
1658 784 1798 837 scire
1857 783 1998 844 volo,
2030 783 2131 833 im-

545 890 659 940 vios
688 889 740 939 in
769 885 978 953 judicio
1003 898 1105 935 non
1140 896 1246 932 esse
1278 890 1685 936 resurrecturos,
1739 884 1794 926 ut
1821 873 1892 926 ait
1941 872 2126 924 David.

546 987 719 1048 Quem
758 983 802 1035 si
834 979 1080 1032 admittis
1115 985 1332 1036 testem,
1368 988 1540 1024 vanus
1563 971 1667 1024 erit
1705 970 1789 1021 hic
1811 981 2013 1030 sermo,
2043 967 2128 1034 jn-

546 1087 692 1129 stnm
722 1073 962 1144 judicem
993 1070 1369 1138 judicaturun:
1399 1078 1521 1118 esse
1546 1076 1801 1130 paganos,
1828 1058 2133 1127 suppliciis-

547 1181 651 1233 que
705 1179 798 1218 eos
850 1176 969 1216 esse
1019 1159 1344 1213 traditurum
1392 1175 1404 1210 :
1471 1162 1889 1208 atservatutum
1944 1165 2132 1204 omnes

549 1259 670 1312 sine
699 1235 1043 1312 discrimine,
1118 1251 1211 1318 qui
1276 1249 1413 1301 male
1460 1247 1692 1299 vixerint
1749 1245 1990 1311 quidem,
2038 1242 2131 1295 sed

550 1359 696 1402 recta
723 1358 901 1399 tamen
941 1344 992 1396 in
1019 1342 1123 1394 iide
1147 1341 1364 1394 fuerint.
1403 1338 1557 1403 Quod
1585 1340 1625 1389 si
1650 1336 1868 1389 Davidis
1896 1335 2134 1388 auctori-

551 1451 721 1492 tatem
764 1437 973 1505 rejicis,
999 1433 1145 1503 quod
1203 1431 1472 1497 reliquum
1513 1440 1592 1482 est
1622 1428 1912 1491 faciamus,
1935 1424 2134 1479 armis-

550 1548 659 1602 que
723 1528 926 1583 nostris
953 1524 1354 1595 (probabilibus
1373 1521 1644 1575 rationntn
1680 1519 1974 1571 momentis
1991 1514 2133 1585 dico)

552 1639 653 1693 pro
689 1632 875 1677 nostra
907 1617 1183 1674 sententia
1218 1629 1647 1684 propugnemus.
1698 1610 1964 1675 Quocirca
2020 1609 2134 1676 ple-

552 1729 724 1783 raque
752 1712 937 1766 dicere
972 1707 1199 1762 ontitto:
1240 1705 1370 1758 illud
1406 1720 1570 1756 uttutn
1598 1703 1740 1756 addo
1765 1718 1928 1771 supra
1953 1700 2133 1758 dictis.

2231 515 2393 584 κενῷ.
2425 514 2660 584 Τραῦμα
2710 513 2818 580 γὰρ
2848 510 3268 578 κεκαλυμμένον
3313 505 3506 574 ὑγείας
3535 505 3638 556 οὐκ
3680 503 3810 554 ἐπιυ

2230 607 2500 672 τεύξεται.
2529 608 2620 660 Σοὶ
2651 607 2708 658 δὲ
2738 607 3018 674 συγχαίρω
3055 602 3330 663 τοιούτους
3362 599 3595 668 φύσαντι
3615 611 3630 624 ⁸
3662 596 3814 649 δοκεῖ

2236 717 2325 770 μοι
2352 701 2458 770 γᾶῖο
2489 692 2642 760 οὗτος
2668 702 2694 750 ὁ
2730 699 2848 758 νέος
2897 696 3080 756 καλῶς
3124 713 3187 762 γε
3238 693 3552 746 ἐπιϐάλλειν
3580 691 3693 752 τοῖς
3720 690 3814 740 λε-

2232 793 2520 862 γομένοιςο
2571 791 2712 862 πλὴν
2761 789 3054 857 γινώσκειν
3107 787 3273 840 αὐτὸν
3315 785 3521 860 ¹ὲθεῖλω,
3571 781 3646 844 ὡς
3707 781 3815 834 οὐκ.

2233 886 2634 953 ἀναστήσονται
2687 883 2906 945 ἀσεϐεῖς
2940 883 2996 932 ἐν
3031 881 3211 946 κρίσει
3263 877 3342 945 (1)
3366 894 3380 908 ο
3422 877 3448 927 ὁ
3478 874 3644 926 Δαϐὶδ
3671 873 3816 924 οὓτω

2233 976 2403 1043 λέγει.
2443 978 2537 1028 Ὃν
2569 978 2616 1028 εί
2673 975 2928 1045 μάρτυρα
2969 973 3275 1043 παραδέχῃ,
3311 971 3540 1039 μάταιος
3586 970 3612 1019 ὁ
3654 966 3812 1032 λόγος

2233 1060 2412 1132 οὗτος,
2467 1071 2548 1121 ὅτι
2599 1069 2726 1129 τοὺς
2778 1068 3042 1128 ἀπίστους
3095 1067 3294 1133 κρινεῖ,
3353 1064 3448 1115 καὶ
3497 1059 3814 1128 παραδώσει

2235 1161 2458 1221 τούτους
2500 1161 2794 1213 κολάσεσιν
2825 1161 2852 1211 ό
2881 1157 3090 1218 δίκαιος
3122 1158 3316 1226 κριτής
3338 1169 3351 1183 ⁸
3388 1153 3551 1205 σώσει
3584 1151 3641 1203 δέ
3676 1151 3815 1202 πάν-

2234 1269 2330 1313 τας
2373 1251 2499 1320 ἑξῆς
2529 1252 2658 1313 τοὺς
2683 1249 2902 1317 φαύλως
2944 1251 3019 1318 ('2)
3061 1249 3160 1317 μὲν
3204 1247 3555 1317 βεϐιωκότας,
3593 1241 3728 1312 ὀρθῇ
3759 1241 3817 1292 δὲ

2238 1345 2419 1396 πίστει
2459 1343 2822 1412 συζήσαντας.
2857 1339 2920 1393 Εἰ
2960 1340 3015 1392 δὲ
3053 1343 3146 1392 τὸν
3192 1339 3354 1393 Δαεῖδ
3394 1337 3758 1406 παραγρὰφῃ.
3789 1331 3820 1382 ὓ

2236 1435 2421 1488 λοιπόν
2453 1437 2568 1486 ἐστι
2602 1433 2872 1502 ποιῶμεν,
2907 1435 3003 1485 καὶ
3036 1433 3100 1484 ἐκ
3128 1433 3237 1484 τῶν
3267 1429 3391 1483 καθ’
3415 1429 3561 1497 ἡμᾶς
3591 1427 3821 1495 (τούτων

2237 1528 2382 1598 φημὶ
2416 1527 2481 1597 δὴ
2518 1528 2628 1579 τῶν
2661 1527 2909 1593 εἰκότων)
2967 1523 3352 1593 συμμαχῶμεν
3403 1522 3503 1590 ἤδη
3541 1518 3818 1589 τῷλόγῳ.

2239 1621 2443 1690 Παρεὶς
2489 1615 2582 1671 οὖν
2615 1618 2797 1684 λέγειν
2839 1618 2906 1668 τά
2938 1615 3130 1679 πλείω,
3176 1611 3353 1666 ἐκεῖνό
3403 1628 3468 1678 γε
3521 1607 3821 1679 προσθήσω

2240 1713 2351 1772 τοῖς
2395 1710 2730 1778 εἰρημένοις,
2755 1706 2783 1759 ὃ
2813 1708 2876 1776 δὴ
2906 1709 2999 1759 καὶ
3033 1705 3194 1776 μόνον
3226 1703 3388 1774 ῥηθὲν
3414 1700 3598 1754 ἱκανὸν
3630 1700 3819 1750 πεῖσαι

551 1804 698 1873 quod
731 1804 811 1856 vel
836 1801 1010 1855 solum
1053 1797 1262 1851 homini
1302 1811 1412 1849 non
1458 1795 1616 1863 plane
1647 1791 2011 1847 contentionis
2033 1805 2131 1844 cu-

2247 1804 2328 1855 τὺν
2366 1777 2654 1871 μὴγπᾶντη
2687 1800 3006 1868 φιλόνεικον.

549 1897 676 1966 pido
708 1895 1032 1964 persuadere
1063 1890 1258 1958 possit.

630 1989 716 2042 £9.
751 1985 859 2039 Fac
930 1984 1168 2052 aliquem
1232 1990 1568 2034 structarnm
1627 1976 1740 2046 regi
1813 1974 2131 2029 insidiarum

551 2095 703 2133 reum
740 2093 860 2132 esse
896 2095 908 2130 :
948 2076 993 2130 si
1022 2089 1110 2128 res
1142 2075 1193 2127 in
1216 2073 1382 2127 dubio
1406 2079 1676 2132 versetur,
1722 2066 2056 2122 defensionis
2087 2065 2135 2117 ei

550 2175 767 2226 dabitur
796 2170 948 2224 locus
981 2185 996 2220 :
1034 2165 1209 2220 actori
1242 2174 1293 2217 et
1325 2178 1416 2217 reo
1445 2162 1694 2216 eumdem
1721 2161 2133 2229 clepsydrarum

555 2276 842 2316 numerum
872 2256 1155 2318 concedet,
1188 2253 1458 2306 ambobus
1488 2264 1643 2319 asque
1678 2265 1840 2303 aures
1871 2246 2132 2317 praebebit

551 2361 742 2427 judex,
773 2368 874 2407 nec
910 2353 1020 2405 ulla
1052 2364 1108 2402 re
1134 2347 1382 2415 superior
1405 2345 1510 2400 erit
1530 2345 1575 2398 is
1593 2345 1685 2413 qui
1713 2359 1812 2411 pro
1831 2357 1956 2412 rege
1983 2341 2136 2395 dicit.

557 2450 652 2502 Sil]
689 2457 872 2501 autem
926 2441 1435 2496 manifestissimum
1487 2438 1695 2492 crimen
1733 2443 1837 2497 est,
1897 2434 2032 2487 adeo
2082 2439 2140 2485 ut

558 2553 736 2606 neque
777 2533 1115 2602 argumentis
1145 2543 1324 2599 neque
1355 2528 1460 2581 ullo
1508 2526 1828 2579 testimonio
1876 2522 2138 2589 indigeat,

557 2633 762 2683 nullam
797 2625 1025 2678 omnino
1064 2622 1512 2690 deprecationem
1561 2617 1792 2672 tentabit
1838 2630 1986 2680 reus,
2048 2613 2142 2667 sed

557 2732 748 2775 contra
782 2718 973 2786 seipse
1010 2719 1119 2768 lata
1151 2698 1423 2768 sententia
1454 2712 1519 2765 ad
1563 2712 1822 2778 laqueum
1859 2706 2144 2762 festinabit

560 2811 880 2883 aliquando,
907 2817 1248 2875 mortemque
1279 2813 1497 2857 tantum
1530 2819 1637 2856 non
1669 2801 1947 2855 invocabit
1986 2799 2143 2852 :ideo

560 2905 709 2975 quod
763 2903 1051 2972 pudorem,
1114 2897 1580 2966 gravissimasque
1641 2893 1988 2947 conscientiae
2056 2904 2142 2943 re—

561 2994 954 3066 prehensiones
978 2998 1032 3044 et
1058 2987 1427 3044 intolerabiles
1449 2985 1701 3041 stimulos
1722 2987 1865 3038 lcrre
1885 2990 2139 3050 nequeat.

2311 1982 2396 2037 ιθ’.
2438 1983 2538 2034 Ἢν
2587 1981 2679 2034 οὖν
2726 1998 2808 2043 τις
2853 1979 3120 2049 βασιλέως
3157 1976 3452 2044 ἐπιϐουλῆς
3485 1975 3687 2044 φεύγῃ,
3723 1973 3820 2024 καὶ

2239 2073 2379 2148 ᾖίτδ
2427 2075 2657 2144 πρᾶγμα
2711 2072 3036 2143 ἀμφίϐολον,
3083 2071 3384 2136 ἀπολογίας
3436 2069 3602 2130 τόπος
3644 2065 3823 2132 τούτῳ

2238 2169 2526 2238 δοθήσεται
2551 2182 2565 2196 ⁸
2600 2168 2696 2218 καὶ
2755 2169 2872 2219 ἴσον
2917 2167 3120 2235 ἀμφοῖν
3155 2165 3309 2217 ἔσται
3354 2163 3414 2214 τὺ
3443 2161 3607 2230 ὕδωρ,
3643 2160 3735 2213 καὶ⁸
3763 2161 3826 2211 τδ

2242 2261 2502 2327 ὑποσχεῖν
2531 2257 2597 2309 τά
2627 2251 2742 2310 ὦτα
2772 2259 2863 2309 τὸν
2896 2257 3182 2327 δικαστὴν,
3217 2258 3295 2324 τῷ
3324 2253 3580 2322 φεύγοντί
3628 2268 3687 2304 τε
3730 2252 3824 2304 καὶ

2241 2351 2318 2420 τῷ
2352 2350 2604 2403 διώκοντι
2631 2366 2645 2381 ο
2693 2349 3083 2417 πλεονεκτήσει
3132 2347 3189 2398 δὲ
3237 2347 3487 2413 οὐδαμῶς
3525 2347 3552 2396 ό
3591 2342 3682 2395 τοῦ
3722 2341 3823 2410 βα-

2245 2443 2437 2503 σιλέως
2464 2441 2824 2511 ὑπερμαχῶν.
2845 2443 2949 2494 Ἦν
2967 2435 3066 2512 δ’ᾖ
3103 2440 3444 2508 σαφέστατον
3474 2436 3819 2506 τοῦγκλημα,

2239 2536 2316 2598 ὡς
2363 2535 2488 2606 μήτ’
2536 2534 2770 2604 ἐλέγχων
2801 2535 3007 2589 δεῖσθαι
3045 2535 3186 2603 μήτε
3227 2533 3533 2603 μαρτυρίας
3562 2535 3822 2601 ἡστινοσ-

2244 2628 2375 2690 οὖν,
2426 2627 2547 2679 οὐδέ
2599 2626 2729 2695 γοῦν
2787 2627 3109 2696 πειράσεται
3156 2627 3256 2696 τὴν
3303 2628 3480 2697 ἀρχὴν
3545 2626 3822 2694 παραιτή-

2247 2718 2469 2784 σασθαιξ
2500 2721 2635 2773 ἀλλὰ
2687 2719 2812 2772 καθ’
2847 2718 3013 2772 αὐτοῦ
3069 2719 3167 2787 τὴν
3209 2721 3393 2788 ψῆφον
3443 2720 3573 2782 ἴδοις
3620 2719 3685 2772 ἂν
3729 2720 3824 2772 τὸν

2245 2813 2484 2865 τοιοῦτον
2513 2811 2871 2878 ἐξενεγκόντα
2902 2810 3050 2862 ἐστιν
3080 2805 3163 2874 οὗ,
3196 2814 3290 2864 καὶ
3321 2813 3416 2865 ἐπὶ
3447 2811 3644 2882 βρόχον
3670 2812 3824 2864 ἐπει-

2247 2905 2511 2972 γόμενον,
2558 2902 2652 2955 καὶ
2714 2902 2938 2972 μονονοὺ
2995 2901 3094 2972 τὴν
3145 2903 3401 2974 τελευτὴν
3452 2904 3825 2974 ἐπικαλούμε-

2246 3013 2334 3048 νον
2371 2995 2472 3065 (5),
2502 2995 2580 3065 τῷ
2614 2996 2712 3065 τὴν
2763 2997 3026 3065 αἰσχύνην
3074 2998 3148 3066 μὴ
3201 2997 3418 3067 φέρειν,
3447 2998 3542 3051 καὶ
3577 3000 3700 3061 τοὺς
3729 2997 3826 3066 βα-

563 3089 906 3155 Quapropter
961 3095 1121 3135 nemo
1175 3094 1416 3148 unquam
1452 3078 1505 3130 itt
1577 3076 1834 3130 tribunali
1874 3074 2141 3138 consedit,

2253 3091 2364 3160 ρεῖς
2412 3089 2669 3158 ἐλέγχους
2717 3087 2810 3140 τοῦ
2861 3091 3182 3154 συνειδότος,
3221 3090 3318 3144 καὶ
3361 3091 3486 3153 τοὺς
3518 3091 3824 3159 ἀφορήτους

568 3192 625 3235 ιιι
682 3181 893 3234 hostem
919 3184 1136 3244 captum
1195 3176 1562 3243 redargueret,
1623 3171 1924 3237 mortisque
1985 3182 2145 3236 pteua

565 3276 787 3343 dignum
811 3285 932 3326 esse
963 3268 1334 3322 convinceret.
1394 3265 1518 3318 llaac
1551 3265 1694 3318 enim
1751 3277 1907 3332 poena
1943 3261 2150 3330 peccati

567 3374 818 3419 naturam
869 3362 1141 3431 sequitur,
1177 3368 1230 3413 et
1253 3360 1372 3427 lege
1399 3373 1466 3412 ac
1495 3367 1738 3423 tempore
1769 3356 2144 3408 eontirmatur.

566 3456 832 3509 'l‘ribunal
857 3463 1062 3517 autem,
1104 3451 1460 3520 etjudiciutn,
1485 3456 1898 3514 etargutnenta,
1926 3453 1978 3497 et
2006 3447 2147 3496 mul-

566 3558 621 3602 ta
653 3550 714 3600 de
747 3547 863 3614 ipsa
899 3560 957 3598 re
998 3542 1285 3611 inquisitio
1331 3554 1397 3594 eo
1450 3540 1745 3607 pertinent,
1805 3551 1869 3588 ne
1915 3535 2148 3588 ferenda:

569 3639 852 3693 sententiae
881 3636 1161 3698 dominus,
1183 3635 1346 3687 homo
1367 3647 1490 3684 cum
1509 3629 1599 3693 sit,
1623 3628 1948 3682 benevolum
1969 3626 2148 3679 virum

571 3747 670 3801 pro
700 3731 924 3785 inimico
978 3728 1299 3797 imprudens
1345 3723 1660 3777 interﬁciat.
1723 3726 1790 3776 At
1821 3725 1963 3775 enim
2021 3723 2144 3786 hoc,

571 3826 777 3895 optime
808 3819 1358 3885 adolescens,locum
1387 3831 1496 3870 non
1539 3814 1757 3869 habebit
1815 3812 1954 3882 apud
1997 3812 2146 3865 illum

571 3921 831 3993 iudicem,
862 3914 955 3986 qui
1020 3927 1121 3983 pro
1181 3910 1412 3966 testibus
1463 3908 1990 3978 probationibusque
2017 3906 2147 3958 nulli

573 4009 878 4079 cxceptioni
911 4005 1166 4059 obnoxiis
1200 4001 1637 4071 uniuscujusque
1671 3999 2005 4053 conscientia
2041 4000 2150 4050 uti-

574 4113 686 4158 tur.
724 4100 916 4155 Omnia
949 4100 1094 4150 nuda
1127 4098 1179 4158 l,
1205 4094 1387 4148 omnia
1407 4103 1594 4162 aperta
1617 4101 1746 4145 sunt
1777 4092 1952 4165 oculis
1982 4090 2149 4154 illius,

577 4194 673 4264 qui
699 4208 764 4247 eo
787 4194 841 4244 in
873 4187 1136 4244 tribunali
1167 4187 1419 4243 sedebit:
1458 4185 1608 4239 illum
1647 4197 1806 4236 nemo
1838 4193 1970 4236 tunc
2007 4183 2153 4235 deci-

577 4302 708 4358 pere
739 4284 1047 4340 conabitur.
1074 4280 1340 4336 Omnibus
1357 4279 1526 4342 enitn,
1555 4275 1914 4346 quibusnunc
1939 4277 2152 4342 ignotus

573 4389 682 4446 est,
716 4375 1041 4431 manifestus
1068 4373 1195 4426 erit.
1233 4373 1416 4438 Itaque
1453 4367 1695 4420 futurum
1724 4365 1988 4434 judicium
2043 4381 2151 4418 non

2250 3179 2441 3233 τούτου
2479 3179 2742 3250 νυγμούς.
2775 3181 2874 3234 Διά
2913 3199 2995 3235 τοι
3027 3183 3186 3238 τοῦτο
3233 3181 3432 3235 οῡκονν
3461 3183 3552 3236 ἐπὶ
3585 3184 3826 3253 βήματος

2251 3273 2471 3326 πώποτὲ
2519 3290 2604 3336 τις
2657 3273 2934 3339 ἐκάθισεν,
2962 3273 3104 3327 ὥστε
3153 3273 3245 3326 τὸν
3286 3274 3477 3343 ἐχθρὸν
3524 3273 3827 3341 ἐξελέγξαι,

2249 3365 2325 3428 ὡς
2383 3365 2491 3434 ἄρα
2547 3365 2752 3428 δίκαιός
2811 3367 2926 3418 ἐστι
2987 3365 3218 3418 θανάτου
3273 3363 3526 3427 δέξασθαι
3582 3363 3830 3434 τίμημα.

2251 3458 2421 3510 Τοῦτο
2447 3457 2555 3526 γὰρ
2590 3459 2656 3527 τῇ
2696 3457 2856 3525 φύσει
2908 3455 3002 3508 τοῦ
3044 3454 3390 3522 πταίσματος
3423 3454 3639 3524 ἕπεται,
3673 3457 3830 3525 νόμῳ

2250 3569 2308 3604 τε
2342 3553 2434 3605 καὶ
2461 3553 2642 3622 χρόνῳ
2675 3550 2996 3622 βεϐαιωθέν.
3037 3549 3195 3618 Βῆμα
3227 3548 3302 3614 δὲ,
3346 3549 3442 3600 καὶ
3484 3549 3688 3618 κρίσις,
3726 3552 3825 3604 καὶ

2253 3645 2487 3714 ἔλεγχοι,
2516 3645 2611 3697 καὶ⁹
2651 3646 2684 3713 ἡ
2731 3643 2899 3712 πολλὴ
2947 3641 3040 3694 τοῦ
3089 3641 3414 3711 πράγματος
3448 3641 3702 3712 βάσανος,
3739 3644 3825 3696 ἵνα

2255 3736 2330 3805 μὴ
2363 3737 2453 3788 τὸν
2486 3734 2677 3788 εὔνουν
2733 3733 2856 3787 ἀντὶ
2891 3730 2984 3784 τοῦ
3032 3731 3336 3798 δυσμενοῦς
3386 3730 3527 3802 λάθῃ
3557 3731 3829 3798 φονεύσας

2253 3827 2540 3899 ἄνθρωπος
2578 3824 2654 3884 ὢν
2682 3825 2710 3875 ὁ
2742 3823 2842 3892 τῆς
2872 3822 3055 3893 ψήφου
3088 3820 3300 3891 κύριος.
3344 3821 3517 3875 Τοῦτο
3541 3822 3605 3888 δ’,
3628 3815 3672 3874 ὦ
3699 3823 3830 3875 καλὲ

2257 3925 2462 3984 νεανία,
2498 3919 2685 3988 χώραν
2727 3916 2826 3984 οὐχ
2873 3913 2985 3980 ἕξιι
3034 3913 3166 3984 παρ’
3210 3914 3409 3984 ἐκείνῳ
3438 3913 3518 3984 τῷ
3548 3917 3732 3984 κριτῇ,
3770 3915 3831 3978 ὃς

2255 4014 2376 4066 ἀντὶ
2433 4010 2728 4080 μαρτύρων
2779 4007 2890 4078 ἔχει
2945 4007 3040 4059 καὶ
3083 4006 3542 4076 ἀπαραγράπτων
3591 4007 3832 4076 ἐλέγχων

2255 4103 2487 4157 ὲκάστου
2535 4101 2596 4153 τὸ
2655 4101 2918 4162 συνειδός.
2959 4100 3142 4150 Πάντα
3180 4098 3291 4166 γὰρ
3338 4100 3520 4166 γυμνά
3569 4101 3662 4150 καὶ
3695 4101 3831 4164 δηλα

2254 4198 2365 4257 τοῖς
2399 4195 2699 4264 ὀφθαλμοῖς
2760 4194 2854 4246 τοῦ
2908 4195 2999 4246 ἐπὶ
3047 4191 3140 4245 τοῦ
3177 4191 3420 4261 βήματος
3473 4192 3679 4245 ἐκείνου
3737 4210 3837 4245 και»

2259 4288 2492 4340 θιεῖσθαι
2533 4285 2821 4352 μέλλοντος
2846 4297 2859 4311 ⁸
2895 4283 2955 4335 ὃν
3000 4281 3110 4334 οὐδ’
3156 4283 3222 4335 ἂν
3264 4277 3344 4344 εἷς
3375 4282 3680 4351 τηνικαῦτα
3713 4299 3833 4333 πει-

2259 4377 2448 4447 ραθείη
2480 4376 2556 4445 (4)
2592 4372 3091 4442 παραλογίσασθαι.
3128 4367 3269 4425 litim
3302 4369 3418 4442 ’γὰρ
3459 4373 3612 4426 ἐσται
3647 4374 3831 4443 δῆλος,

585 4470 997 4525 incredulorutn
1031 4478 1201 4518 causa
1227 4464 1337 4514 lict.
1370 4457 1489 4512 Jatn
1524 4472 1653 4512 vero
1676 4461 1721 4511 si
1749 4472 1869 4526 qua:
1918 4457 2143 4510 diximus

2263 4464 2346 4532 οἷς
2399 4470 2493 4523 νῦν
2549 4470 2698 4521 ἐστιν
2750 4466 3130 4534 ἀγνοούμενος.
3199 4463 3262 4517 Ἦ
3327 4464 3507 4535 κρίσις
3567 4467 3744 4518 τοίνυν
3798 4469 3830 4537 ἡ

579 4559 674 4613 tibi
708 4555 1060 4628 persuadent,
1094 4565 1192 4606 nec
1218 4556 1280 4602 ea
1299 4549 1826 4619 prorsusnugatoria
1850 4550 2152 4618 existimas,

578 4653 726 4720 quod
763 4654 1013 4717 superest
1043 4657 1184 4698 nunc
1219 4642 1466 4697 dicamus
1500 4658 1512 4694 :
1547 4639 1632 4694 vel
1659 4641 2156 4711 llilIlil'Ulllpl‘OlllL’l‘

578 4743 789 4806 ﬁdeles,
827 4741 1029 4808 lapsos,
1065 4735 1150 4789 vel
1188 4735 1414 4789 omnino
1456 4733 1666 4786 nullutn
1720 4733 1835 4787 l‘or’e
1865 4733 2156 4802 judicium.

578 4836 743 4904 Atqui
772 4834 1018 4886 futurum
1060 4825 1474 4897 essejudicium
1499 4825 1570 4894 jin
1601 4825 1857 4882 confesso
1891 4837 1976 4882 est
2011 4847 2024 4882 :
2059 4831 2160 4897 igi-

583 4935 670 4977 tur
701 4925 818 4977 lieri
854 4939 961 4977 non
1017 4928 1216 4990 petest,
1277 4928 1338 4972 ut
1384 4932 1577 4971 omnes
1629 4919 1724 4987 qui
1788 4920 1930 4987 piam
1996 4921 2155 4975 ﬁdem

583 5020 774 5073 colunt
819 5027 1104 5072 set-ventur
1146 5034 1160 5070 :
1213 5015 1454 5083 alioquin
1501 5016 1754 5071 Christus
1805 5033 1913 5071 non
1980 5028 2161 5084 posset

659 5115 674 5144 ¹
712 5112 879 5164 Hebr.
911 5124 986 5176 tv,
1017 5111 1105 5164 15.

656 5204 734 5275 (1)
754 5201 898 5275 Psal.
921 5217 958 5264 ι,
983 5201 1035 5255 5.
1061 5201 1149 5275 Sic
1168 5202 1328 5275 paulo
1348 5209 1494 5275 post,
1511 5215 1565 5270 p.
1583 5199 1707 5275 5_80,
1728 5201 1825 5255 lin.
1844 5200 1914 5252 2'2
1936 5200 2031 5275 :fH
2050 5206 2164 5274 κρίο

585 5270 732 5342 σιςή
767 5272 1038 5342 μέλλουσα
1070 5272 1130 5322 οὺ
1159 5270 1268 5321 τῶν
1299 5272 1551 5342 ἀπίστων
1571 5273 1767 5342 εἵνεκα
1794 5287 1807 5300 ·
1841 5271 1984 5340 quod
2015 5270 2148 5327 vide.

584 5354 676 5400 tur
700 5341 766 5396 ad
794 5341 924 5394 illud
958 5341 1233 5411 Evangelii
1258 5341 1496 5394 alludere
1519 5359 1532 5394 :
1555 5341 1659 5404 Qui
1685 5341 1820 5394 enim
1853 5358 1954 5393 non
1972 5345 2158 5411 credit,

573 5416 691 5486 jam
714 5414 990 5483 judicatus
1023 5408 1303 5486 cst,Joan.
1328 5426 1410 5474 ιιι,
1443 5411 1531 5464 l8.
1577 5413 1700 5486 _Ncc
1738 5411 1902 5476 enim,
1936 5408 2155 5486 opinor,

585 5479 1396 5556 impio-t‘uttt__resurrectionem
1443 5479 1667 5556 omnino
1718 5493 1877 5547 negat
1920 5479 2155 5549 Illanuel,

585 5549 678 5611 sed
706 5556 839 5608 illud
872 5553 1004 5606 dicit
1031 5570 1042 5602 :
1073 5550 1153 5603 Ad
1190 5549 1458 5616 integram
1504 5552 1912 5604 damnationem
1972 5568 2157 5606 resur-

580 5639 709 5694 gent
761 5625 978 5692 quidem
1033 5620 1233 5694 impii:
1285 5622 1350 5671 ad
1403 5621 1667 5694 judicium
1688 5628 1884 5694 autem
1938 5625 2154 5692 proprie

584 5690 808 5755 dictum,
851 5698 973 5747 iueo
1013 5695 1154 5760 quod
1177 5691 1287 5755 jam
1319 5701 1448 5742 sunt
1473 5690 1721 5757 judicati,
1752 5703 1857 5740 non
1909 5690 2146 5747 venient.

657 5767 731 5833 ((2)
755 5765 892 5818 Cod.
925 5762 1058 5833 Reg.
1096 5762 1362 5830 φαύλους.

2271 4561 2542 4631 μέλλουσα
2601 4559 2662 4610 οὐ
2705 4559 2815 4610 τῶν
2869 4557 3115 4611 ἀπίστων
3165 4557 3372 4610 εἵνεκα.
3407 4557 3518 4610 Καὶ
3567 4558 3621 4609 si
3665 4574 3722 4610 σε
3759 4559 3838 4626 ,τὰ

2264 4653 2534 4722 λεγόμενα
2570 4650 2767 4715 πείθει,
2792 4650 3013 4712 πάντως
3050 4648 3107 4701 δὲ
3133 4650 3193 4700 οὺ
3225 4648 3392 4718 λῆρον
3423 4649 3598 4700 ταῦτα
3631 4651 3839 4721 ἡγήσῃ,

2257 4743 2287 4796 ὃ
2314 4744 2500 4796 λοιπὸν
2534 4742 2636 4812 ἠδη
2693 4743 2975 4809 λέγωμεν
3012 4743 3087 4803 ώς
3121 4741 3154 4810 ἢ
3205 4739 3293 4792 διὰ
3338 4739 3464 4802 τοὺς
3513 4742 3840 4802 ἐπταικότας

2261 4838 2507 4900 πιστοὺς,
2562 4835 2596 4904 ἦ
2655 4832 2910 4900 οὐδαμῶς
2974 4833 3127 4885 ἐσται
3185 4832 3330 4900 δίκη.
3380 4832 3540 4885 Ἀλλὰ
3602 4834 3709 4902 μὴν
3763 4833 3839 4894 ὡς

2261 4927 2414 4980 ἐσται
2456 4927 2639 4996 κρίσις
2700 4926 3190 4996 προωμολόγηται·
3224 4926 3284 4976 τὸ
3333 4926 3543 4988 πάντας
3595 4927 3701 4996 ἀρα
3735 4943 3842 4978 σω-

2263 5021 2420 5090 θῆναι
2450 5021 2572 5083 τοὺς
2605 5019 2944 5088 εὐσεϐεῖς(5)
2969 5021 3068 5071 οὐκ
3095 5019 3389 5088 ἐνδέχεταιο
3426 5016 3463 5090 ἦ
3495 5022 3604 5089 γὰρ
3639 5021 3704 5074 ἂν
3737 5021 3837 5074 οὐκ

2335 5205 2408 5273 (5)
2440 5206 2573 5261 Cod.
2609 5209 2744 5276 Reg.
2775 5207 3244 5276 προκαλούμενον,
3273 5210 3601 5272 provocabit.

2333 5279 2409 5345 (ί)
2457 5279 2590 5330 (Iud.
2618 5279 2785 5330 Getsl.
2821 5283 3121 5345 παραθείη.

2295 5417 2303 5426 _
2335 5350 2410 5416 (ὃ)
2446 5349 2704 5426 Εὺσὲδξῖς
2735 5363 2876 5414 δίειμι
2906 5351 3245 5415 appellantur
3275 5364 3304 5402 a
3371 5345 3642 5416 theologis
3689 5345 3838 5398 Gne-

2260 5417 2341 5470 cis
2369 5420 2586 5486 nonqui
2627 5421 2947 5469 innocenter
2972 5429 3243 5479 Vixerunt,
3282 5421 3373 5472 sed
3414 5423 3506 5486 qui
3544 5432 3723 5471 veram
3787 5416 3842 5465 ti-

2257 5487 2380 5538 dem
2413 5498 2541 5540 sunt
2579 5486 2834 5554 professi,
2880 5491 3155 5554 perversis
3192 5490 3319 5542 licet
3352 5489 3596 5540 metibus
3635 5509 3645 5540 :
3709 5489 3840 5537 ἀσε-

2258 5556 2373 5632 (ξείς
2401 5567 2589 5608 contra
2623 5555 2864 5632 haeretici
2897 5568 2969 5632 et‘
3007 5559 3224 5632 pagani,
3295 5557 3650 5632 quantumvis
3705 5555 3841 5632 justi

2262 5625 2399 5743 {orte
2443 5636 2516 5745 Iet
2569 5625 2746 5746 pgobi.
2827 5625 2986 5680 Conf.
3051 5629 3259 5680 buiceri
3322 5625 3577 5680 Thesaur.
3653 5624 3837 5679 eccles.

2287 5711 2395 5746 om.
2470 5710 2565 5746 .c.
2645 5711 2734 5746 40.

2287 5711 2395 5746 om.
2444 5710 2484 5757 I,
2517 5710 2565 5748 ο.
2608 5710 2734 5746 040.
