4144 6282
375 353 393 410 l
409 352 479 413 73

1155 354 1554 414 TlIEODURI
1582 349 1946 414 DESPOTE
1983 350 2372 411 LAUDATIO
2430 352 2839 413 FUNEBRIS.

3525 341 3628 405 174

365 459 435 530 ἦν
465 463 556 513 τὸν
606 462 850 531 Χριστὸν
888 461 1084 531 κριτὴν
1131 458 1295 528 εἶναι,
1346 437 1442 520 καὶ
1492 467 1710 536 άληθῶς
1755 464 1952 536 ὀνομά-

2053 459 2217 528 judex
2247 478 2390 523 esse,
2419 478 2653 530 vereque
2691 460 2976 530 appellari.
2999 459 3077 513 Ad
3109 459 3222 514 haec
3255 472 3378 514 cum
3401 455 3630 513 Silerent

365 553 577 616 ζεσθαι.
615 556 736 608 Τῶν
761 553 946 606 τοίνυν
970 555 1104 607 νέων
1136 557 1231 608 ἐπὶ
1271 557 1447 628 τούτῳ
1482 559 1642 629 σιγὴν
1672 561 1939 624 ἀγόντων,

369 646 473 716 ἔφη
507 647 534 698 ὁ
568 647 777 717 γέρων·

442 737 512 793 κ’.
563 739 970 807 Ἀποδεδεῖχθαί
1031 757 1120 809 μοι
1177 743 1337 795 τοῦτο
1377 744 1559 796 δοκεῖ’
1590 744 1718 810 λέγε
1762 743 1944 796 τοίνυν

366 831 436 883 τὰ
470 830 552 882 σοὶ
593 831 854 884 δοκοῦντα
906 833 1037 900 περί
1066 851 1123 886 τε
1174 834 1268 887 τοῦ
1320 837 1684 905 παραδείσου,
1715 837 1807 890 καλ⁸
1846 838 1942 904 τῆς

369 922 428 973 ὲν
481 922 630 990 αὐτῷ
687 925 1070 988 καταστάσεως
1117 926 1213 978 καὶ
1252 929 1484 998 τρυφῆς.
1521 930 1741 992 Πάντως
1777 930 1854 996 δὲ,
1895 932 1942 982 εί

321 1065 326 1071 .
375 1016 473 1084 μὲν
506 1015 668 1086 ὀρθοῦ
705 1034 784 1070 σοι
819 1019 977 1088 λόγου
1025 1021 1093 1073 τὰ
1123 1024 1368 1091 ἡμέτερα
1397 1027 1632 1095 ἐχόμενα
1663 1030 1940 1094 φαίνεται,

371 1110 469 1161 οὐκ
511 1111 574 1163 ἂν
612 1112 839 1180 μακρῶν
864 1115 1003 1165 δέοιο
1041 1115 1246 1181 λόγων·
1286 1118 1464 1181 ἄλλως
1495 1121 1552 1172 δέ
1605 1139 1686 1172 σοι
1719 1121 1942 1174 δοκούν-

371 1218 497 1265 των,
536 1204 609 1272 μὴ
654 1205 836 1271 φείδου
870 1207 1152 1275 ῥημάτων,
1189 1209 1311 1278 μηδ’
1339 1211 1690 1279 ὑπολογίσαιο
1726 1213 1945 1276 πόνους,

369 1293 500 1345 ἔνθα
553 1296 918 1363 προσδόκιμός
966 1300 1080 1350 ἐστι
1138 1301 1348 1368 καρπὸς
1401 1303 1686 1370 ἀληθείας,
1722 1303 1781 1354 ὂν
1835 1299 1946 1354 οἶδε

371 1389 559 1458 φέρειν
604 1389 836 1454 διάλεξις
889 1392 1108 1462 καθαρὰ
1153 1395 1488 1460 φιλονεικίας
1524 1397 1764 1462 ἁπάσης.
1805 1397 1947 1447 Ἀλλ’

369 1482 534 1548 ἡμεῖς
594 1499 674 1534 σοι
736 1482 898 1546 ξένοι,
953 1483 1049 1536 καὶ
1106 1489 1258 1553 παρά
1299 1504 1382 1539 σοι
1429 1487 1602 1554 καλὴν
1651 1488 1949 1557 ειῦρηκὸτες

370 1573 662 1641 ὑποδοχὴν,
701 1576 795 1627 καὶ
837 1576 1067 1644 γνώμην
1108 1579 1207 1647 τὴν
1245 1580 1440 1648 αὐτὴν,
1479 1581 1572 1631 καὶ
1621 1581 1787 1649 τιμὴν
1832 1582 1950 1650 (καὶ

369 1663 526 1715 οὐδὲν
551 1665 662 1716 οὐδ’
686 1667 745 1716 ἐν
778 1667 961 1733 λόγοις
993 1669 1106 1719 οὐδ’
1136 1671 1194 1722 ὲν
1223 1671 1406 1739 ἔργοις
1435 1672 1580 1739 ἡμᾶς
1625 1672 1947 1743 παρελύπη-

377 1756 522 1820 σας),
555 1755 635 1808 δεῖ
668 1753 764 1810 οὖν
805 1760 949 1826 ἡμᾶς
993 1762 1104 1822 τοῖς
1138 1762 1294 1824 ἴσοις,
1335 1761 1408 1826 ὡς
1452 1764 1650 1828 ἔνεστι,
1684 1767 1742 1816 σὲ
1774 1767 1941 1818 σπεύ-

373 1844 485 1896 δειν
533 1846 876 1915 ἀμείϐεσθαι.
921 1851 1073 1918 Ἐμοὶ
1113 1851 1157 1902 δ’
1191 1854 1437 1907 ὑπονοεῖν
1467 1855 1697 1922 ἔπεισιν,
1726 1857 1802 1920 ὡς
1831 1861 1941 1930 ἄρα

376 1935 436 1988 σέ
488 1954 593 1989 που
646 1941 739 1992 καὶ
777 1941 1098 1994 ἁποκναίσει
1159 1943 1225 1996 τά
1283 1945 1414 2014 παρ’
1467 1949 1601 2016 ἐμοῦ
1648 1947 1943 2017 λεγόμενα.

384 2026 567 2088 Ἀνίας
612 2030 872 2098 πλησθεὶς
917 2033 1090 2102 ἐφάνη
1125 2038 1242 2096 τοῖς
1289 2039 1603 2106 εἰρημένοις
1640 2044 1668 2094 ὁ
1703 2044 1938 2112 Πέρσης,

373 2115 470 2169 καὶ
501 2118 722 2185 μηνύων
756 2121 832 2190 τῷ
884 2124 1164 2194 προσώπῳ
1196 2129 1296 2196 τὴν
1341 2128 1443 2197 τῆς
1473 2129 1655 2201 ψυχῆς
1700 2135 1944 2189 διάθεσιν

371 2207 510 2298 ἔφη·
545 2210 619 2262 Οὐ
661 2212 771 2282 χρὴ
819 2215 1061 2268 τοιοῦτον
1106 2220 1354 2273 ὑπονοεῖν
1376 2239 1390 2253 ο
1423 2224 1516 2274 ἐπὶ
1548 2227 1802 2278 τοσοῦτον
1836 2231 1945 2298 γάρ

369 2297 517 2367 αὑτῷ
555 2303 623 2353 τά
652 2303 751 2371 τῆς
791 2305 1132 2379 εὐφροσύνης
1181 2312 1546 2378 ἑκτείνεσθαι,
1575 2318 1662 2384 ἐφ’
1709 2319 1834 2371 ὅσον
1877 2297 1945 2389 με

370 2392 470 2460 τῆς
513 2393 772 2464 ἀληθείας
817 2399 1074 2466 ἐχόμενον
1118 2402 1331 2474 καθορᾷ
1357 2423 1370 2435 ·
1412 2407 1492 2457 δεῖ
1522 2407 1586 2476 δὴ
1622 2411 1788 2476 μηδὲν
1817 2413 1948 2464 ὑπο-

373 2482 729 2552 στειλάμενον
763 2487 967 2554 λέγειν.
1005 2491 1114 2543 Καὶ
1157 2493 1264 2560 γὰρ
1299 2495 1550 2557 κάκεῖνος
1577 2501 1742 2551 ταυτὸ
1777 2505 1949 2553 ποιεῖν

375 2568 476 2622 καὶ
514 2574 686 2625 ποιῶν
715 2575 1046 2631 διατελέσειν
1075 2580 1482 2651 διαλεγόμενος,
1513 2587 1601 2639 ὅτε
1647 2589 1702 2640 δέ
1741 2607 1806 2657 με
1855 2595 1949 2644 καὶ

376 2660 852 2734 ἐπαγγειλάμενον
894 2670 1027 2739 ἔχει,
1059 2673 1149 2724 καὶ
1201 2676 1426 2729 ἀπαιτεῖ
1470 2676 1568 2748 τὴν
1606 2682 1948 2752 παρρησίαν,

375 2754 494 2806 ἀλλ’
535 2757 636 2810 οὐκ
693 2760 855 2827 αἰτεῖ,
883 2761 1095 2826 δίκαιος
1145 2764 1212 2818 ἂν
1259 2767 1383 2843 εἴην
1425 2769 1523 2839 (1),
1570 2774 1664 2827 καὶ
1695 2775 1856 2838 αὐτὸς
1883 2778 1951 2830 τὰ

378 2846 735 2918 ὑπεσχημένα
776 2853 1086 2920 φυλάττειν,
1125 2859 1221 2911 καὶ
1273 2860 1350 2928 μὴ
1401 2861 1779 2932 δυσχεραίνειν
1813 2869 1950 2936 πρὸς

377 2937 476 3032 τὴν
531 2942 671 3008 μετὰ
718 2943 955 3014 θάρρους
999 2949 1329 3018 ἀπόκρισινο
1393 2954 1421 3005 δ
1477 2955 1540 3026 δὴ
1598 2958 1721 3009 κατ’
1775 2961 1951 3032 ἀρχὰς

378 3031 767 3122 ἐπαγγείλαντι
812 3037 1006 3093 δώσειν
1046 3041 1206 3104 αὐτὸς
1250 3044 1591 3118 ὑπεσχόμην.
1625 3052 1838 3104 Οὐκοῦν
1883 3072 1948 3122 γε

2046 555 2297 623 juvenes,
2331 555 2423 609 illo
2453 555 2612 609 modo
2640 569 2804 609 senex
2833 554 3046 606 locutus
3071 562 3155 604 est
3185 567 3198 603 :

2122 728 2208 782 20.
2238 730 2682 784 Demonstratum
2706 729 2843 782 mihi
2871 719 3084 783 videtur
3111 739 3212 781 nec
3241 728 3458 794 quidem
3499 745 3512 780 :
3544 729 3631 782 dic

2050 837 2180 890 ergo
2214 822 2398 883 sodes,
2441 822 2570 889 quid
2610 832 2664 874 tu
2700 821 2766 873 de
2795 821 3048 888 paradiso
3088 819 3316 884 sentias,
3349 830 3403 870 et
3447 817 3512 871 de
3545 817 3631 870 fu-

2051 925 2172 967 tura
2197 910 2482 968 hominum
2518 913 2568 966 in
2609 915 2702 966 illo
2739 914 3055 967 conditione
3084 923 3136 966 et
3182 912 3412 966 deliciis.
3472 911 3627 977 Quod

2049 1007 2092 1058 si
2130 1017 2288 1060 rectae
2319 1017 2686 1060 consentanea
2721 1008 2918 1060 rationi
2946 1015 3132 1059 nostra
3164 1006 3260 1058 tibi
3299 1005 3632 1059 videbuntur

2051 1101 2326 1169 dogmata.
2360 1117 2467 1153 non
2511 1103 2667 1166 long-.1
2705 1102 2886 1153 hercle
2923 1116 3061 1170 opus
3097 1100 3311 1153 tihierit
3346 1097 3629 1150 matione:

2053 1199 2138 1250 sin
2163 1199 2228 1250 de
2262 1201 2345 1252 his
2387 1200 2546 1253 aliter
2583 1200 2679 1252 tibi
2719 1200 2989 1262 videatur,
3024 1200 3203 1250 verbis
3251 1213 3354 1250 non
3417 1209 3630 1264 parcas,

2055 1303 2156 1340 nec
2196 1289 2360 1340 ullam
2396 1291 2643 1342 laborum
2684 1291 2949 1342 rationem
2995 1290 3217 1351 habeas,
3266 1302 3458 1354 nempe
3491 1286 3636 1338 unde

2055 1394 2185 1447 Spes
2241 1390 2326 1434 est
2390 1396 2514 1434 eum
2566 1381 2811 1433 veritatis
2859 1378 3098 1432 fructum
3161 1391 3480 1446 perceptum
3545 1379 3633 1435 iri.

2056 1488 2216 1539 quem
2266 1472 2606 1538 colloquium
2644 1487 2671 1523 a
2725 1473 2985 1539 pertinaci
3048 1472 3458 1525 concertatione
3508 1471 3639 1524 libe-

2055 1579 2172 1616 rum
2199 1562 2339 1616 farre
2364 1572 2566 1631 potest.
2600 1562 2709 1615 Nos
2743 1579 2888 1625 vero,
2928 1564 3177 1632 inquam,
3237 1564 3481 1632 hospites
3532 1564 3632 1625 tui,

2051 1661 2277 1714 liberale
2307 1661 2446 1727 apud
2479 1669 2529 1712 te
2562 1659 2880 1725 hospitium,
2915 1674 3218 1728 paremque
3251 1660 3306 1711 in
3373 1671 3422 1712 te
3464 1661 3634 1712 animi

1999 1806 2016 1820 ,
2051 1755 2343 1806 candorem
2385 1762 2436 1805 et
2469 1751 2784 1820 dignitatem
2820 1752 2960 1804 nacti
2985 1753 3106 1819 (nec
3145 1751 3290 1805 enim
3324 1752 3503 1804 verbis
3535 1767 3635 1803 nec

2003 1828 2019 1850 ³
2051 1842 2206 1897 factis
2253 1844 2698 1896 honorificentius
2725 1839 2962 1906 ;tractari
3031 1842 3446 1910 potuissemus),
3498 1841 3626 1910 quil

2046 1947 2127 1987 est
2155 1937 2371 2000 hosties,
2407 1949 2576 2003 quare
2609 1949 2712 1986 non
2749 1942 3015 2002 quantum
3045 1935 3321 2000 possimus
3353 1948 3448 2000 par
3513 1929 3631 2000 pari

2049 2031 2270 2084 reddere
2313 2043 2599 2082 conemur.
2635 2027 2742 2080 Sed
2778 2025 2923 2079 enim
2949 2025 3282 2078 submoleste
3323 2023 3461 2077 forte
3497 2024 3638 2075 latu-

2048 2137 2166 2174 runt
2203 2132 2253 2175 te
2281 2122 2533 2188 suspicor
2566 2133 2753 2172 meum
2792 2118 3202 2171 sermocinandi
3269 2130 3465 2186 genus.
3504 2114 3635 2178 Qua:

2047 2232 2170 2269 cum
2200 2232 2302 2283 ego
2337 2218 2623 2280 dixissem,
2659 2213 3093 2270 contristabatur
3141 2208 3328 2272 Persa,
3372 2209 3636 2278 vultuque

2049 2324 2272 2363 sensum
2310 2311 2478 2362 animi
2515 2310 2837 2378 iudicante,
2894 2303 3044 2357 Nihil
3095 2300 3388 2368 ejusmodi,
3433 2300 3630 2369 inquit,

2058 2403 2236 2454 vereri
2267 2411 2770 2470 oportet:eatenus
2813 2396 3256 2454 benevolentiam
3299 2410 3466 2463 ,suam
3505 2410 3634 2464 por-

2057 2495 2182 2562 rigi,
2234 2506 2512 2562 quatenus
2563 2511 2647 2549 me
2707 2497 2922 2550 veritati
2991 2497 3269 2549 adluerere
3321 2500 3630 2548 cerneret:

2055 2590 2436 2649 quamobrem,
2473 2589 2670 2656 inquit,
2730 2587 2881 2655 loqui
2945 2588 3078 2640 nihil
3144 2603 3252 2655 prae
3304 2585 3633 2638 verecundia

2057 2677 2359 2732 reticendo.
2392 2678 2513 2746 Ipse
2548 2679 2710 2731 etiam
2751 2678 2903 2732 idem
2924 2690 2978 2733 et
3006 2679 3188 2732 facere
3221 2692 3279 2731 se
3318 2685 3372 2729 et
3406 2677 3460 2728 in
3492 2678 3635 2730 serie

2055 2772 2484 2840 disputationum
2512 2769 2733 2838 'semper
2777 2771 3048 2825 factorum
3079 2769 3381 2824 afﬁrmabat
3413 2786 3426 2822 :
3476 2783 3636 2822 cum-

2059 2882 2164 2933 que
2203 2882 2346 2927 eam,
2382 2882 2546 2934 quam
2605 2866 2683 2920 illi
2740 2881 2893 2920 eram
2953 2865 3247 2935 pollicitus,
3313 2862 3636 2932 plenamlo-

2056 2959 2256 3028 quendi
2308 2959 2634 3014 libertatem‘
2656 2973 2764 3012 non
2803 2967 3010 3027 peteret
3064 2964 3303 3019 tantum,
3363 2965 3634 3026 quantum

2059 3053 2298 3107 vicissim
2337 3061 2654 3126 .repeteret,
2678 3068 2896 3122 aequum
2927 3067 3052 3106 esse
3077 3051 3342 3117 intellexi,
3378 3065 3465 3104 me
3495 3063 3635 3120 quo-

375 3116 530 3214 είπον
575 3125 670 3176 καὶ
699 3127 861 3179 αὑτὸν
906 3129 1096 3200 πράως
1125 3133 1346 3188 ἀκούειν
1368 3116 1592 3191 λοιπόν·
1629 3142 1688 3194 οὺ
1726 3143 1834 3213 γὰρ
1883 3116 1948 3200 iv’

2054 3161 2160 3214 que
2191 3145 2459 3214 promissa
2486 3159 2728 3207 servare,
2765 3158 2867 3198 nec
2919 3144 3147 3199 moleste
3200 3142 3345 3199 ferre
3400 3144 3632 3198 liberum

378 3210 643 3280 ἐξελέγξω
691 3218 770 3279 είς
805 3219 1024 3286 ἀγῶνας
1075 3225 1314 3292 ἐμαυτὸν
1349 3228 1569 3298 καθῆκα
1600 3232 1746 3301 ἄλλῳ
1783 3210 1952 3304 προσ·

375 3304 609 3397 ηκοντας
642 3312 903 3378 σχήματι,
922 3313 1037 3365 ἀλλ’
1064 3316 1213 3381 ὅπως
1243 3335 1324 3371 σοι
1352 3321 1554 3375 τελέσω
1585 3325 1645 3377 τὸ
1676 3325 1946 3397 βούλημα·

375 3393 458 3446 ὅτι
515 3396 612 3449 καί
669 3417 754 3462 τις
813 3403 1098 3459 ὑποσαίνει
1156 3409 1264 3464 τῶν
1322 3393 1705 3484 χρηστοτέρων
1770 3393 1946 3482 ἐλπίς.

378 3485 544 3542 Ὅθεν
597 3492 820 3545 πάντων
876 3497 1064 3552 εἵνεκα
1112 3501 1222 3555 οὐδ’
1271 3504 1582 3560 οὑτινοσοῦν
1625 3508 1689 3561 ἂν
1720 3512 1840 3582 εἴην
1870 3514 1949 3566 δί-

375 3595 529 3642 καιος
581 3584 898 3651 φείσασθαι,
929 3589 1139 3660 ὅσαπερ
1191 3595 1326 3664 πρὸς
1377 3595 1534 3652 τοῦτο
1577 3602 1764 3668 φέρειν
1811 3604 1948 3656 ὑπο-

373 3668 660 3740 λαμϐάνω.
694 3675 913 3738 Δίκαια,
952 3682 1152 3746 πάντες
1193 3686 1423 3754 ἔφασαν,
1464 3689 1644 3758 λέγεις
1669 3709 1684 3724 ο
1721 3695 1813 3748 καί
1852 3713 1946 3749 σου

372 3761 630 3856 δεόμεθα,
666 3769 920 3841 καθάπερ
954 3773 1374 3848 ἔφης,ποιῆσαι.
1423 3782 1687 3838 Ἐνταῦθα
1722 3788 1821 3856 μὲν
1852 3785 1946 3842 οὖν

375 3855 485 3923 πρὸ
529 3855 714 3928 δείλης
759 3859 902 3930 ἑῴας
924 3865 992 3918 τὰ
1024 3866 1126 3934 τῆς
1165 3869 1426 3941 δευτέρας
1476 3876 1610 3944 ἡμῖν
1658 3877 1950 3943 διαλέξεως

373 3946 750 4019 ἐτελεύτησεν.

371 4051 431 4096 tu
469 4045 690 4113 quidem
729 4050 897 4115 istud,
947 4055 1200 4124 inquiunt
1232 4073 1422 4115 omnes

2052 3253 2376 3307 responsum
2415 3257 2428 3292 :
2458 3237 2730 3307 quodjam
2756 3237 2808 3290 in
2841 3237 3275 3306 principio,cum
3293 3251 3354 3295 se
3371 3236 3630 3291 daturum

2051 3333 2279 3395 diceret,
2317 3330 2746 3400 spoponderam.
2777 3329 3042 3399 Deinceps
3061 3329 3251 3398 igitur,
3283 3329 3531 3399 inquam,
3573 3337 3632 3382 tu

2054 3436 2269 3491 quoque
2297 3421 2526 3488 benigne
2565 3434 2651 3474 me
2670 3420 2861 3475 audies
2889 3439 2904 3475 :
2939 3437 3040 3474 nec
3069 3423 3215 3475 enim
3250 3429 3307 3474 ut
3338 3421 3636 3488 redargue-

2051 3525 2166 3564 rem
2196 3521 2246 3565 te
2269 3511 2527 3566 descendi
2558 3511 2613 3565 in
2649 3512 2752 3566 hoc
2781 3521 3081 3577 certamen,
3116 3511 3455 3566 conveniens
3488 3511 3634 3564 alius

2054 3619 2295 3672 personae
2326 3606 2487 3674 paulo
2529 3603 2767 3660 fortasse
2799 3605 2975 3673 magis
3008 3618 3171 3673 quam
3199 3598 3332 3657 mihi
3383 3620 3398 3656 :
3447 3613 3501 3656 at
3539 3601 3633 3654 de-

2053 3698 2240 3751 scendi
2271 3706 2329 3750 ut
2351 3711 2559 3752 morem
2591 3697 2685 3752 tibi
2729 3713 2973 3768 gererem
2999 3717 3014 3752 :
3037 3706 3091 3752 et
3127 3704 3391 3766 praetcrea
3445 3696 3632 3751 nescio

2053 3805 2174 3858 quae
2208 3791 2540 3857 optimarum
2591 3803 2771 3843 rerum
2799 3806 2925 3860 spes
2960 3791 3091 3844 mihi
3129 3789 3393 3858 injicitur.
3421 3787 3632 3852 Quibus

2053 3882 2308 3936 oumibus
2351 3883 2414 3935 de
2458 3881 2644 3936 causis
2681 3897 2793 3937 non
2842 3883 3036 3937 attinet
3091 3883 3186 3935 ulli
3254 3882 3330 3934 rei
3367 3889 3629 3950 marcere,

2059 3988 2225 4042 quam
2250 3973 2443 4026 adhoc
2472 3971 2726 4028 conferre
2777 3989 2942 4044 posse
2991 3974 3249 4028 arbitror.
3303 3973 3633 4029 Rectissime

1473 4079 1487 4116 :
1544 4065 1892 4136 petimusque
1924 4082 2054 4138 ate,
2115 4080 2175 4125 ut
2221 4069 2368 4140 quod
2421 4069 2698 4139 pollicitus
2751 4086 2831 4136 es,
2881 4079 3256 4140 repraesentes.
3323 4073 3454 4136 Qua:
3503 4086 3630 4126 cum

373 4145 558 4192 essent
588 4140 752 4205 dicta,
775 4157 902 4201 ante
934 4152 1264 4206 matutinum
1297 4157 1680 4224 crepusculum
1710 4165 1984 4221 secundus
2009 4163 2367 4234 dialogus-sic
2391 4163 2687 4219 conclusus
2713 4173 2818 4220 est.

450 4343 901 4436 |(‘1‘)“Videturhic
941 4351 1098 4422 ἔφην,
1147 4354 1266 4410 sive
1331 4356 1471 4426 πρὸς
1548 4359 1793 4430 ἐμαυτὸν
1867 4361 2226 4436 ἐλογισάμην,

376 4411 592 4469 debere.

2285 4367 2402 4422 sive
2465 4365 2573 4422 tale
2623 4365 2851 4436 aliquid,
2913 4366 2982 4421 ab
3039 4367 3242 4422 lectore
3294 4364 3632 4438 subintelligi

1669 4769 2342 4938 MONlTUM

1965 5069 2049 5110 AD

619 5244 1024 5332 MANUELiS
1088 5252 1573 5315 PALIEOLOGI
1606 5255 1688 5314 ΙΝ
1720 5253 2116 5316 FRATREM
2169 5257 2382 5319 SUUM
2431 5259 2913 5325 ORATIONEM
2937 5265 3386 5330 FUNEBREM.

1536 5402 1828 5463 (Constans.
1892 5405 2035 5454 Auct.
2105 5403 2231 5457 Bibl.
2299 5409 2453 5470 PP.)

437 5667 892 5756 Luculeutissima
921 5673 1193 5739 oratione,
1232 5689 1355 5727 eum
1391 5689 1545 5729 suam
1567 5676 1868 5747 fratrisque
1888 5681 2144 5750 pietatem
2177 5679 2914 5750 egregietestatam,meliori
2943 5701 3059 5741 ιονο
3089 5702 3154 5742 ac
3177 5687 3392 5741 fortuna
3423 5687 3629 5756 dignus

367 5756 687 5825 imperator,
712 5755 862 5824 facit,
895 5758 1126 5828 ejusque
1154 5758 1290 5813 alias
1317 5759 1546 5815 virtutes
1565 5763 1831 5833 celebrat,
1858 5775 1972 5822 tum
1996 5767 2301 5825 occidentis
2335 5770 2628 5844 inOriente
2655 5771 2888 5828 Romani
2922 5758 3158 5843 inﬁmi-ii,
3176 5755 3525 5846 Orientisque
3551 5793 3619 5837 ac
