4144 6282
603 365 706 430 175
1779 368 2167 428 MANUELIS
2201 370 2213 426 l

2252 368 2640 429 amoma
2835 331 2842 338 ί
2886 339 2900 354 ”
3405 343 3465 440 ἰ
3719 374 3828 439 176

593 482 796 536 mirum
835 488 1103 550 quantum
1135 482 1507 552 promoventis
1541 480 1843 544 Osmaniei,
1875 480 2112 549 speciem
2149 481 2426 548 proponit.
2464 482 2630 536 Plura
2679 482 2935 536 edisserit
2964 497 3027 536 ex
3059 483 3259 550 quibus
3301 481 3556 552 politicus
3582 483 3825 552 imperio

595 581 871 634 regnoque
904 568 1077 634 possit
1101 568 1404 631 consulere,
1429 566 1610 634 eique,
1638 581 1668 618 a
1693 565 1989 620 Christiani
2023 565 2272 619 nominis
2291 569 2567 622 connnuni
2596 572 2783 622 eodem
2818 570 2994 631 hoste,
3029 583 3160 636 'quo
3195 570 3432 625 deletum
3463 579 3547 625 est
3609 569 3823 625 Orien-

595 655 700 705 tale
731 652 1042 720 imperium,
1065 653 1149 707 vel
1179 654 1338 706 modo
1372 667 1590 712 cavere,
1623 668 1745 705 cum
1771 653 1815 704 is
1850 653 2050 706 bellum
2078 653 2131 703 in
2161 650 2506 704 Christianos
2537 652 2925 714 instauratum,
2958 653 3116 706 novis
3153 652 3264 718 jam
3297 653 3567 717 victoriis,
3629 668 3694 705 ac
3749 656 3821 704 ab

591 750 736 787 anno
768 735 959 797 altero,
995 734 1278 788 celebrare
1310 735 1493 801 erepit.
1526 732 1746 799 Fecere,
1774 749 1898 787 cum
1932 733 2246 787 Grmcorum
2269 735 2557 790 discordize
2583 748 2803 799 nmtme,
2833 747 3106 804 tantaeque
3134 737 3326 803 illmﬁde
3349 754 3560 792 summa
3597 741 3817 807 imperii

589 820 1046 884 concertationes,
1089 830 1201 873 turn
1236 821 1591 889 dynastarunr
1633 821 1893 883 aliorum,
1931 819 2124 874 iisdem
2165 834 2231 872 ac
2259 820 2361 872 sibi
2413 829 2601 872 mutuo
2637 820 2778 872 haud
2807 821 2944 872 satis
2973 820 3435 882 convenientium,
3467 823 3604 874 mala
3633 823 3818 875 studia

590 913 649 955 ut
677 918 741 956 ne
781 903 1010 955 aliorum
1042 903 1344 969 neglectum
1378 901 1580 964 dicam,
1617 903 1760 955 haud
1791 903 2099 970 putantium
2128 903 2376 971 ipsorum
2403 922 2513 959 rem
2550 906 2658 974 agi,
2693 922 2817 960 cum
2852 907 3072 959 arderet
3097 905 3380 972 proximus
3412 907 3610 972 paries,
3641 919 3698 959 ut
3735 924 3819 959 stc

587 991 789 1044 nostris
809 990 1000 1044 accisis
1026 990 1208 1051 rebus,
1232 998 1528 1057 eoactaque
1558 990 1609 1041 in
1633 1004 1762 1044 easa
1790 991 2031 1060 ngustias
2053 991 2358 1044 Christiana
2386 989 2682 1056 republica,
2704 987 3048 1040 formidabile
3071 985 3206 1040 adeo
3240 988 3526 1056 imperium
3557 989 3819 1041 inmundi

591 1084 775 1141 partes
797 1086 990 1126 omnes
1020 1071 1189 1125 bestia
1223 1072 1512 1139 proferret,
1544 1085 1606 1125 ac
1637 1083 1746 1126 tam
1778 1075 1964 1128 multis
1994 1076 2291 1143 provinciis
2315 1077 2611 1131 Christiani
2639 1073 2853 1141 imperii
2883 1074 3068 1128 lumen
3100 1073 3496 1142 exstingueret.
3521 1073 3565 1128 Ο
3597 1075 3810 1128 utinam

590 1161 676 1214 vel
707 1176 829 1215 sero
867 1160 1106 1224 tandem,
1137 1157 1348 1212 funesta
1381 1160 1518 1212 adeo
1553 1159 1753 1228 imago,
1776 1168 2040 1216 terrorem
2074 1178 2236 1232 quem
2263 1169 2344 1214 est
2377 1170 2525 1221 nata,
2551 1159 2756 1212 nostris
2806 1157 3105 1226 imprimat,
3147 1158 3488 1224 multamque
3519 1155 3690 1218 illam,
3713 1155 3818 1208 sed

592 1244 888 1297 tardiorem
914 1242 968 1296 in
1002 1242 1210 1294 hostem
1248 1241 1495 1293 nonnihil
1523 1243 1790 1296 hactenus
1825 1247 2202 1313 remotiorem,
2235 1263 2424 1302 eorum
2455 1248 2712 1299 virtutem
2746 1245 3038 1313 provocet!
3080 1242 3192 1296 Hoc
3223 1243 3343 1306 tibi,
3377 1242 3580 1304 Gallia,
3633 1241 3814 1295 Ludo-

589 1330 693 1382 vici
731 1327 868 1381 Justi
897 1342 960 1381 ac
992 1327 1258 1380 Adeodati
1295 1328 1372 1378 tui
1402 1328 1688 1395 auspiciis,
1719 1330 1907 1400 gloria:
1939 1335 2107 1388 tantis
2131 1333 2390 1390 cumulis,
2427 1339 2696 1397 tantaque
2725 1327 2940 1394 imperii
3001 1328 3324 1393 prolatione,
3387 1325 3577 1378 divina
3631 1325 3815 1379 virtus

587 1410 927 1482 pugnaverit,
961 1418 1289 1478 pugnetque,
1323 1424 1430 1476 quo
1455 1409 1571 1476 ipsa
1604 1411 1823 1475 iterum,
1852 1414 1905 1467 in
1939 1416 2183 1484 ejusdem
2221 1435 2284 1475 ae
2333 1417 2634 1474 Christiani
2663 1415 2898 1470 nominis
2931 1416 3111 1468 hostes
3148 1414 3289 1476 illos,
3323 1421 3411 1466 tua
3442 1413 3527 1465 illa
3571 1413 3814 1465 victricia

586 1502 762 1568 signa,
793 1496 1020 1552 inferas.
1058 1493 1129 1549 Ut
1162 1495 1559 1559 subhlilanuele,
1598 1512 1663 1551 ac
1696 1514 1761 1552 eo
1787 1501 1886 1554 abs
1914 1515 1967 1556 te
1991 1515 2222 1574 rogante
2269 1503 2556 1564 auxilium,
2590 1502 2670 1554 sic
2706 1499 3010 1560 habuisses,
3044 1512 3248 1566 parque
3284 1496 3412 1548 illud
3450 1505 3598 1547 tuum
3627 1511 3656 1548 a
3707 1496 3821 1548 Deo

584 1586 835 1638 datorum
857 1595 920 1634 ac
943 1589 1390 1633 conservaturum
1417 1580 1669 1646 fratrum,
1700 1581 1776 1635 υιί
1804 1585 1963 1638 ῐηοάο
1983 1588 2080 1642 tibi
2115 1592 2488 1660 praefulsisset,
2525 1590 2749 1644 haberet
2779 1588 2920 1642 forte
2951 1602 3080 1641 suos
3121 1587 3301 1638 adhuc
3331 1583 3540 1638 Graecia
3575 1585 3816 1653 impera-

586 1680 752 1732 tores,
789 1668 1038 1734 luiizeque
1066 1665 1156 1717 illa
1188 1679 1420 1728 cornua,
1457 1667 1644 1720 bestim
1671 1668 1930 1725 domitrix
1955 1679 2339 1736 contrivisses.
2385 1675 2546 1729 Nunc
2575 1674 2761 1740 itaque
2803 1670 2986 1724 fauste
3035 1678 3309 1732 conieras.
3340 1668 3647 1738 maiorique
3699 1669 3820 1737 Βίου

589 1754 667 1808 ria
701 1749 975 1805 ihstaures
1009 1747 1310 1816 deperdita,
1342 1764 1506 1816 quam
1540 1764 1666 1805 eras
1692 1754 2031 1820 sospiratura
2064 1759 2331 1817 hactenus
2369 1761 2602 1825 integra.

661 1835 834 1902 llujus
860 1834 913 1884 in
943 1830 1323 1899 PeIOponneso
1354 1847 1382 1882 a
1413 1831 1657 1885 Manuele
1687 1833 1884 1889 habita:
1911 1837 2158 1894 funebris
2185 1840 2474 1903 orationis,
2503 1839 2592 1892 ubi
2621 1835 2687 1890 ad
2737 1833 3172 1889 confirmandum
3239 1829 3531 1885 Theodoro
3592 1829 3806 1897 iuniori

586 1919 872 1989 imperium
903 1931 932 1969 a
961 1916 1187 1968 deceSSu
1231 1915 1408 1983 patrui
1445 1929 1511 1968 eo
1542 1921 1929 1981 concessisset,
1960 1922 2014 1974 in
2041 1912 2155 1977 haec
2190 1923 2352 1975 verba
2381 1919 2633 1973 meminit
2693 1916 2964 1968 Laonicns
2990 1915 3245 1967 Historiis
3298 1911 3536 1965 Turcica:
3587 1911 3686 1966 lib.
3713 1927 3765 1964 iv
3799 1929 3812 1964 :

599 2001 883 2066 Ἐπὰνειμι
913 1997 1004 2048 ἐπὶ
1032 1995 1344 2064 ’Θεόδωρον,
1379 1994 1472 2047 τὸν
1508 1996 1778 2063 βασιλέως
1807 2003 1994 2064 παῖδα,
2052 2005 2300 2074 ἡγεμόνα
2326 2003 2584 2070 Σπάρτης
2632 2014 2690 2048 τε
2733 1997 2828 2049 καὶ
2854 1998 2954 2064 τῆς
2977 1996 3144 2064 ἄλλης
3175 1994 3603 2062 Πελοποννήσου,
3637 1993 3816 2056 ὃςύπὺ

585 2082 864 2152 Θεοδώρου
901 2079 996 2132 τοῦ
1026 2079 1280 2149 πατρώου
1317 2081 1660 2151 ἑξετρέφετο,
1689 2080 1804 2150 ἅμα
1851 2084 1948 2135 καὶ
1977 2085 2296 2155 ἐπαιδεύθη.
2329 2083 2554 2137 Mariae
2578 2081 2772 2142 ταῦτα,
2815 2077 3145 2147 κατελείφθη
3180 2079 3234 2139 ἐς
3261 2079 3362 2148 τὴν
3416 2077 3590 2147 ἀρχὴν
3649 2077 3815 2129 αὑτοῦ

585 2165 828 2238 ἡγεμών.
863 2163 951 2226 Ἐς
976 2162 1136 2215 τοῦτο
1170 2162 1227 2215 δὲ
1263 2164 1594 2230 ἀφικόμενος
1616 2165 1642 2214 ὁ
1679 2166 1864 2234 πατὴρ
1897 2167 2060 2219 αὑτοῦ
2109 2166 2460 2237 Ἐμμανουὴλ
2485 2167 2512 2218 ὁ
2552 2164 2846 2227 Βυζαντίου
2890 2162 3167 2232 βασιλεὺς,
3201 2163 3294 2214 τόν
3331 2178 3390 2213 τε
3429 2162 3596 2214 παῖδα
3645 2159 3813 2212 -καθεκ-

587 2241 688 2319 ατη
729 2252 783 2312 ἐς
821 2248 917 2317 τὴν
949 2248 1145 2315 ἀρχὴν,
1170 2247 1261 2299 καὶ
1280 2247 1372 2297 ἐπὶ
1407 2246 1482 2314 τῷ
1504 2247 1720 2313 ἀδελφῷ
1751 2249 1850 2315 ἤδη
1871 2250 2282 2319 τετελευτηκότι
2323 2252 2482 2317 λόγον
2519 2249 2829 2316 ἐπιτήδειον
2883 2245 3268 2314 ὲξετραγῴδει,
3319 2244 3537 2308 διεξιὼν
3592 2245 3688 2296 ἐπὶ
3734 2243 3814 2312 τῷ

582 2337 739 2402 τάφῳ
767 2329 954 2396 αὑτοῦ,
984 2329 1468 2399 ἁπολοφυρόμενός
1498 2346 1556 2380 τε
1581 2329 1699 2397 ἅμα
1722 2329 1815 2381 τὸν
1862 2331 2168 2401 ἐπιτήδειον
2191 2335 2213 2385 ὁ

2252 2332 2421 2399 ςελφόν
2443 2345 2460 2360 ·
2495 2329 2665 2382 Porro
2699 2330 2854 2382 redeo
2888 2329 2955 2380 ad
2989 2326 3326 2380 Theodorum
3356 2326 3692 2392 imperatoris
3746 2327 3814 2392 ﬁ-

586 2421 738 2483 lium,
775 2417 985 2481 Sparta:
1011 2430 1072 2465 ac
1104 2413 1317 2481 reliquie
1367 2410 1715 2480 Peloponnesi
1741 2414 2048 2481 principem,
2103 2417 2192 2484 qui
2223 2433 2254 2466 a
2294 2414 2562 2468 Theodoro
2591 2423 2781 2482 patruo
2813 2414 3090 2474 educatus,
3115 2428 3175 2464 ac
3204 2413 3494 2478 disciplinis
3519 2411 3815 2475 institutus,

584 2502 696 2568 ejus
739 2509 920 2568 postea
975 2497 1240 2548 demortui
1260 2494 1622 2562 principatum
1657 2497 1877 2560 accepit.
1910 2494 2026 2558 Qua
2053 2496 2114 2549 de
2138 2513 2191 2551 re
2225 2497 2540 2550 Emmanuel
2561 2507 2713 2564 pater
2732 2496 3056 2565 Byzantinus
3079 2500 3366 2564 imperator
3393 2495 3812 2562 Peloponnesum

584 2583 797 2635 ueniens
828 2596 945 2632 cum
969 2579 1144 2647 ﬁlium
1177 2577 1411 2646 pra’fccil
1436 2575 1738 2644 provincia),
1769 2579 2132 2646 egregiamque
2151 2595 2305 2647 super
2328 2581 2492 2646 fratre
2515 2579 2630 2648 iam
2657 2579 2904 2646 defuncto
2934 2580 3220 2632 orationem
3251 2577 3519 2646 funebrem
3550 2577 3815 2630 declama-

585 2665 676 2728 rit,
730 2678 844 2714 eam
878 2663 1104 2714 recitans
1132 2661 1200 2713 ad
1232 2661 1344 2728 ejus
1371 2659 1690 2727 sepulcrum,
1721 2657 2044 2726 fratremque
2069 2675 2132 2711 ac
2155 2663 2505 2714 necessarium
2539 2661 2741 2730 lugens.
2765 2661 2927 2714 l’lura
2957 2660 3185 2714 subinde
3235 2662 3299 2711 de
3324 2674 3507 2713 uestro
3529 2673 3591 2713 ac
3616 2659 3815 2713 seniori

587 2741 887 2796 Theodoro
919 2741 1254 2809 perstringit,
1295 2756 1364 2795 ne
1395 2741 1522 2794 vitia
1556 2737 1773 2809 quidem
1805 2741 2180 2804 dissimulans,
2215 2744 2410 2810 quibus
2437 2745 2528 2799 ille
2560 2761 2667 2798 non
2705 2744 2928 2797 omnino
2972 2747 3169 2798 caruit.
3218 2743 3391 2798 liabet
3430 2755 3671 2798 creatum
3717 2745 3816 2797 de-

587 2834 795 2894 spotam
815 2840 877 2878 ac
903 2826 1093 2879 ducem
1118 2823 1501 2893 Peloponnesi,
1528 2838 1652 2875 cum
1672 2822 1782 2888 jam
1809 2821 2281 2880 llliiCantacuzeni
2308 2831 2570 2884 obiissent
2591 2833 2648 2882 ὲν
2679 2828 2931 2902 Σπάρτῃ,
2952 2829 3159 2899 δραι-ηε
3192 2849 3210 2884 ;
3238 2834 3380 2900 quod
3408 2831 3678 2898 interpres
3705 2846 3816 2882 ma~

588 2915 638 2966 le
664 2913 869 2970 omisit.
895 2913 1108 2966 Manuel
1148 2912 1379 2966 alterum
1404 2921 1636 2973 tantum,
1664 2923 1716 2963 et
1739 2911 1833 2977 qui
1863 2921 2011 2964 esset
2051 2913 2350 2979 przefectus
2380 2914 2772 2982 Peloponneso,
2824 2916 3094 2987 signiﬁcat
3136 2929 3424 2968 mortuum
3455 2918 3574 2970 sine
3629 2914 3815 2968 uberis

587 2993 697 3048 alio
731 2997 1049 3065 superstite,
1081 2994 1241 3063 cujus
1263 3002 1448 3048 essent
1470 2993 1682 3062 probati
1711 3007 1910 3056 mores,
1929 2993 2026 3046 sed
2057 3009 2222 3060 quem
2253 2994 2419 3057 filius,
2448 3009 2512 3046 ac
2540 2994 2908 3049 consobrinus
2963 2994 3247 3050 Theodori
3300 3011 3486 3052 rerum
3543 3009 3815 3053 summanr

589 3087 710 3144 post
741 3087 995 3149 patruum
1033 3077 1088 3131 in
1115 3075 1495 3144 Peloponneso
1519 3075 1792 3140 ambiens,
1817 3088 1974 3130 secus
1999 3085 2206 3146 ageret.

2957 3291 2961 3296 .
3439 3291 3748 3317 ...Ι

1039 3464 1672 3556 ΠΡΟΘΕΩΡΙΑ
1761 3463 1990 3550 ΤΟΥ
2069 3463 2213 3550 HA

2252 3461 2658 3548 PONTOE
2752 3425 3392 3548 ΑΟΓΟΥ(Ἳ.’

1374 3770 2205 3878 A-BGUMENTUM
2319 3779 3031 3911 OBATIONIS.

653 4100 949 4158 Exordium
982 4094 1201 4167 quidem
1230 4094 1604 4152 vehementius
1644 4095 1976 4164 lugubre,'ac
2008 4110 2148 4166 qua-
2173 4104 2213 4160 Α

2320 4096 2629 4169 Περιπαοὲς
2661 4097 2759 4167 μὲν
2803 4095 2863 4149 τὸ
2894 4097 3200 4168 προοίμιον,
3251 4099 3345 4150 καὶ
3373 4091 3486 4152 οἷον
3519 4098 3718 4167 γίνοιτ’
3738 4098 3814 4152 ’ἂν

581 4197 632 4253 le
671 4195 906 4250 maxime
935 4189 1186 4255 fratrem,
1235 4202 1400 4258 super
1433 4185 1617 4240 fratris
1647 4185 1839 4242 funere
1872 4196 2143 4254 orantem,

582 4291 791 4345 deceat.
823 4282 927 4338 Ubi
984 4289 1164 4336 autem
1221 4289 1494 4332 oratorem
1534 4292 1719 4343 agens,
1778 4276 2150 4333 divinissimus

548 4383 914 4449 -imperator,
970 4387 1159 4444 parum
1225 4369 1352 4439 quid
1411 4368 1574 4422 etiam
1631 4368 1844 4434 generis
1879 4369 2146 4433 meminit,

581 4473 724 4527 haud
765 4471 818 4522 in
849 4483 913 4521 eo
941 4465 1144 4519 diutius
1173 4469 1435 4516 moratur.
1454 4460 1628 4511 Porro
1663 4459 1920 4513 devectus
1951 4472 2153 4516 somno-

583 4582 650 4618 ne
689 4563 754 4616 ad
789 4559 888 4612 viri
915 4565 1054 4619 acta,
1089 4567 1189 4607 nec
1248 4565 1418 4620 pauca
1456 4549 1568 4614 illa,
1610 4563 1710 4602 nec
1735 4557 1791 4602 ut
1829 4549 1977 4604 brevi
2024 4567 2149 4605 ora-

582 4655 730 4708 tione
760 4648 1081 4719 explicanda
1112 4644 1311 4707 forent,
1365 4655 1654 4706 excusans,
1689 4651 1743 4693 ut
1793 4641 1923 4708 quia
1956 4658 2144 4696 eorum

584 4745 844 4817 Splendor
875 4739 1131 4796 omnibus
1166 4745 1366 4804 pateat,
1405 4748 1504 4788 nec
1531 4749 1562 4785 a
1594 4748 1863 4800 quoquam
1906 4743 2150 4801 negetur,

585 4835 724 4889 haud
758 4847 979 4886 necesse
1034 4829 1104 4883 sit
1131 4825 1342 4894 singula
1386 4838 1662 4887 enarrare,
1717 4839 1781 4878 eo
1817 4823 1932 4892 ipso
1984 4825 2148 4877 etiam

583 4927 738 4978 Valde
786 4929 1054 4975 exornat:
1121 4917 1308 4984 sicque
1371 4915 1625 4982 deinceps
1683 4914 1801 4981 ejus
1843 4917 2151 4982 ‘aggressus

583 5012 789 5074 laudes,
822 5013 1051 5078 primum
1082 5008 1149 5061 de
1174 5009 1289 5077 ejus
1315 5006 1538 5074 pueritia
1567 5004 1810 5068 disserit,
1840 5013 2005 5074 utque
2037 5019 2151 5057 om-

583 5103 714 5157 nino
753 5101 1003 5154 habuerit
1032 5098 1293 5162 moribus,
1343 5111 1406 5151 ac
1435 5096 1614 5165 qualis
1639 5097 1720 5148 vir
1753 5099 1948 5157 factus,
1990 5096 2152 5148 fuerit

588 5191 890 5247 universis:
921 5203 1033 5244 tum
1055 5204 1182 5244 vero
1213 5189 1281 5244 ad
1301 5198 1417 5242 aeta
1455 5203 1518 5242 ac
1547 5202 1635 5241 res
1652 5196 1832 5256 gestas
1865 5187 2107 5254 procedit
2133 5204 2146 5239 :

586 5291 927 5360 primumque
960 5298 1169 5342 eorum
1201 5285 1530 5340 mentionem
1557 5282 1707 5347 facit,
1731 5283 2147 5351 qum‘quond'am

587 5385 638 5437 in
671 5389 900 5450 patrem,
930 5377 1288 5446 eumdemque
1316 5377 1513 5442 ipsum,
1537 5387 1600 5427 ac
1631 5373 1961 5442 prepiuquos
1994 5373 2178 5456 alios,

2253 4189 2467 4259 ἀδελφῷ
2497 4189 2736 4257 μάλιστα
2767 4190 3002 4258 πρέπον,
3027 4190 3314 4258 ἐπιτάφιον
3345 4189 3432 4242 ἐπ’
3463 4190 3675 4260 ἀδελφῷ
3709 4190 3816 4243 διε-

2253 4284 2454 4350 ξιόντιο
2488 4281 2748 4350 πατρίδος
2777 4279 2835 4334 δὲ
2869 4280 2960 4332 καὶ
2997 4281 3187 4347 γένους
3239 4279 3413 4349 βραχύ
3447 4297 3497 4332 τι
3530 4280 3812 4350 μνησθεὶς,

2251 4373 2433 4428 ὁ·τάδε
2468 4371 2642 4438 λέγων
2672 4371 2944 4429 (isititate;
2982 4370 3254 4438 βασιλεὺς,
3284 4371 3384 4424 οὐκ
3415 4373 3507 4424 ἐπὶ
3534 4372 3697 4424 πλέον
3725 4372 3813 4422 ὲν-

2252 4463 2513 4534 διοιτρίὸει
2548 4462 2625 4530 τῷ
2687 4463 2812 4530 περὶ
2867 4461 3072 4515 τούτων
3133 4462 3341 4533 χωρίῳ.
3393 4462 3810 4532 Ἐπιγενόμενος

2254 4559 2354 4629 μὲν
2379 4561 2467 4611 ἐπὶ
2496 4561 2590 4619 τὰς
2623 4560 2716 4610 τοῦ
2765 4559 3156 4627 ἐπαινουμένου
3210 4557 3459 4626 πράξεις,
3497 4558 3663 4620 οὔσας
3712 4560 3813 4614 οὐκ

2251 4649 2460 4718 ὀλίγας,
2495 4649 2612 4701 οὐδὲ
2643 4649 2888 4718 βραχέων
2933 4649 3039 4700 τῶν
3073 4649 3246 4715 λόγων
3275 4649 3538 4718 δεομένας
3564 4665 3578 4680 ·
3613 4651 3813 4702 ἀπολο-

2252 4741 2376 4810 γίαν
2401 4739 2456 4792 δὲ
2478 4741 2870 4807 πορισάμενος,
2910 4738 2984 4802 ὡς
3031 4741 3120 4790 διὰ
3148 4739 3207 4792 τὸ
3251 4741 3384 4792 πᾶσι
3415 4740 3618 4793 τούτων
3661 4757 3816 4809 περι-

2254 4832 2442 4901 φανὲς,
2469 4833 2564 4884 καὶ
2599 4830 2720 4900 μηδ’
2756 4830 2844 4898 ὑφ’
2872 4830 2988 4891 ἑνὸς
3014 4830 3370 4900 ἀρνούμενον,
3400 4831 3498 4882 οὐκ
3521 4831 3815 4898 ἀναγκαῖον

2253 4924 2337 4990 εἴη
2373 4921 2709 4974 καθὲκαστον
2748 4920 2999 4985 διεξιέναι
3052 4923 3174 4988 περὶ
3229 4921 3430 4983 αὐτῶν,
3455 4922 3602 4991 αὑτῷ
3641 4922 3816 4990 τούτῳ

2253 5015 2345 5067 καὶ
2381 5013 2526 5082 μάλα
2564 5013 2844 5080 σεμνύνει.
2895 5011 3113 5063 Ἔπειθ’
3145 5011 3288 5064 οὕτω
3341 5012 3450 5065 τῶν
3500 5010 3618 5064 κατ’
3653 5012 3814 5064 αὐτὸν

2253 5105 2342 5155 τδν
2373 5101 2765 5170 ἐπαινούμενον
2793 5101 2964 5168 λόγων
2996 5102 3295 5170 ἁψάμενος,
3320 5101 3536 5171 πρῶτον
3567 5101 3665 5170 μὲν
3688 5101 3814 5169 περὶ

2253 5197 2351 5261 τῆς
2374 5197 2436 5245 ἐκ
2469 5194 2656 5254 παιδος
2689 5194 2915 5260 τροφῆς,
2947 5193 3040 5244 καὶ
3091 5192 3185 5244 τοῦ
3214 5194 3338 5244 ὅλου
3374 5194 3541 5263 ῆΘους
3567 5191 3811 5254 διέξεισι,

2255 5286 2349 5336 καὶ
2372 5281 2612 5345 οἷος-’τοῖς
2651 5282 2789 5345 ὅλοις
2818 5278 2885 5350 ἦν
2912 5284 2939 5334 ὁ
2975 5283 3113 5352 ἀνὴρ
3134 5299 3147 5311 ·
3181 5278 3280 5336 εἴτ’
3309 5284 3402 5335 ἐπὶ
3446 5281 3542 5342 τὰς
3587 5281 3815 5350 πράξεις

2253 5392 2310 5426 τε
2348 5378 2440 5426 καὶ
2493 5377 2562 5426 τὰ
2608 5373 2745 5442 ἔργα
2799 5375 2984 5442 χωρεῖ.
3035 5375 3142 5425 Καὶ
3179 5375 3397 5442 πρῶτον
3439 5371 3539 5441 μὲν
3589 5373 3816 5423 ἐκείνων

582 5443 708 5528 cum
743 5471 779 5525 li
815 5471 976 5525 rebus
1004 5443 1254 5522 adversis
1301 5473 1603 5528 uterentur,
1635 5463 1701 5517 ab
1728 5478 1793 5516 co
1817 5473 1964 5531 gesta
1996 5443 2213 5530 snutfli

2256 5467 2552 5533 μέμνηται,
2592 5465 2623 5516 ἆ
2656 5479 2784 5515 ποτε
2823 5463 2950 5531 περί
2983 5480 3041 5515 τε
3076 5467 3166 5516 τὸν
3200 5466 3432 5534 πατέρα,
3468 5463 3562 5516 καὶ
3593 5462 3812 5523 ἑαυτὸν,

583 5571 876 5630 narratquc
903 5569 961 5614 ut
987 5558 1077 5613 ille
1125 5556 1177 5610 in
1235 5556 1397 5610 rebus
1426 5553 1713 5609 habuerit:
1775 5561 1886 5604 tum
1920 5553 2143 5618 gradum

2254 5558 2348 5608 καὶ
2382 5555 2488 5606 τῶν
2538 5554 2710 5605 ἄλλων
2742 5553 2954 5605 οἰκείων
3007 5556 3132 5617 τοὺς
3166 5555 3283 5607 τότε
3329 5552 3817 5623 δεδυστυχηκότας,

643 5746 706 5811 Γ)
731 5708 961 5806 Auctore,
979 5747 1115 5809 juxta
1138 5736 1327 5822 02d.'88
1357 5751 1432 5798 ap.
1459 5733 1790 5792 Lambecinm,
1828 5734 2068 5784 Gemistio
2091 5735 2353 5788 Plethbne.
