4144 6282
337 338 437 399 177

1114 341 1917 413 ΤΗΕΟΠΟΒΙξΒΕΞΡΟΤίΕ
1968 350 2353 411 LAUDATIO
2392 333 2798 414 FUNEBRIS.

3504 359 3612 424 178

329 454 429 506 ἐπέ
440 470 650 525 πρακτο
674 456 843 526 αὐτῷ,
866 457 962 519 καὶ
980 457 1056 518 ὡς
1080 457 1567 538 προσηνέχθηξτοῖς
1587 461 1707 513 τότε
1736 463 1910 531 πράγ-

2023 459 2220 516 l'aciens
2252 463 2316 515 ad
2354 463 2841 532 Peloponnesiaca,
2900 469 3136 537 primum
3178 471 3424 525 meminit
3475 473 3597 540 ejus

331 564 466 614 μασι
497 565 509 576 ·
545 547 685 616 μετά
705 547 761 600 δὲ
809 548 1005 611 ταῦτα,
1053 549 1145 601 ἐπὶ
1183 551 1248 603 τά
1279 553 1765 620 Πελοποννησιακά
1798 554 1900 626 ἤδη

327 637 606 705 χωρήσας,
644 639 870 722 πρώτης
907 638 1006 707 μὲν
1059 640 1158 708 τῆς
1190 643 1271 705 εἰς
1300 645 1401 712 τὴν
1453 644 1639 716 χῲραν
1667 646 1904 722 ἀφίξεως

330 727 629 795 μέμνηται,
662 729 738 789 ὡς
774 717 868 782 καί
903 733 1339 803 προσδοκηθεῖσα
1375 737 1536 806 μόνον
1559 738 1735 808 ὢνησε
1775 743 1904 810 πρὶν

326 818 614 890 γενέσθαι,
648 821 742 871 καὶ
790 819 864 882 ὡς
903 822 1124 890 ἀφῖκτο,
1157 826 1250 878 καὶ
1305 827 1380 890 ᾡς
1415 829 1565 897 παρὰ
1589 831 1695 881 τῶν
1731 833 1906 904 ἐγχω-

333 909 466 975 ρίων
495 911 752 976 ἀσμένως
790 913 1085 984 ὑπεδέχθη.
1129 911 1203 970 Οὐ
1236 918 1322 989 δὴ,
1353 921 1451 981 κα).
1486 923 1605 982 τῶν¹
1637 924 1767 994 περὶ
1812 925 1905 978 τοῦ

329 1017 388 1051 τε
422 1001 574 1070 σφῶν
604 1003 774 1070 Οείου,
804 1007 896 1058 καὶ
930 993 1152 1076 ἀνεψιοῦ
1184 1010 1462 1080 ἁψάμενος
1487 1013 1686 1081 λόγων,
1715 993 1775 1069 εὖ
1809 1018 1909 1086 μά-

329 1091 397 1142 λα
437 1093 794 1162 φυλάττεται,
844 1098 906 1149 τὸ
960 1101 1127 1169 μηδὲν
1167 1103 1226 1164 ἐς
1271 1105 1476 1169 αὐτοὺς
1521 1109 1737 1178 ἀπηχὲς
1788 1109 1908 1162 καθ’

329 1183 453 1237 ὅσον
493 1179 604 1239 οἶόν
640 1205 720 1251 τε,
770 1191 906 1260 μηδὲ
963 1195 1225 1263 φορτικὸν
1265 1199 1464 1253 εἰπεῖν.
1527 1201 1764 1254 Ἔπειτα
1811 1204 1912 1271 τῆς

341 1273 618 1346 Ἰλλυριῶν
647 1281 835 1335 αὐτόΟι
867 1286 1246 1352 μετοικίσεως,
1284 1289 1360 1353 ὡς
1410 1289 1706 1360 δύσκριτόν
1735 1308 1800 1358 γε
1826 1291 1913 1356 ὃν,

328 1366 437 1421 εἴτε
474 1372 850 1435 παραδεκτέον
882 1375 1084 1438 αὐτοὺς
1112 1379 1169 1440 ἐς
1210 1380 1307 1448 τὴν
1346 1381 1555 1450 χώραν,
1592 1385 1703 1435 εἴτε
1743 1385 1853 1450 μήο
1889 1385 1916 1435 ὁ

327 1461 373 1512 δ’
397 1461 616 1526 ὲδέξατό
641 1480 700 1514 τε
732 1466 793 1516 οὐ
819 1465 1012 1519 δοκοῦν
1035 1469 1181 1522 οὕτω
1198 1473 1312 1532 τοῖς
1328 1473 1570 1538 πολλοῖς,
1596 1473 1758 1535 αὐτὸς
1774 1473 1918 1542 μάλα

327 1555 604 1623 εὐστόχως
642 1555 1074 1629 βεϐουλευμένος
1104 1563 1236 1630 περ)⁸
1288 1564 1386 1615 τοῦ
1429 1569 1791 1629 συνοίσοντος,
1823 1569 1919 1621 καὶ

333 1643 387 1704 ἐς
409 1643 526 1696 δέον
562 1645 778 1709 τούτοις
826 1648 1106 1717 ἐχρήσατο
1127 1666 1140 1679 ⁸
1177 1653 1273 1703 καὶ
1309 1655 1451 1720 μετὰ
1484 1653 1644 1706 τοῦτο
1670 1655 1772 1722 τῆς
1804 1655 1916 1708 τῶν

333 1736 649 1800 προσοίκων
711 1738 926 1807 ἐχθρῶν
957 1741 1147 1818 ἥττης,
1198 1743 1293 1797 καὶ
1325 1745 1426 1813 τῆς
1457 1745 1758 1814 πρίγκιπος
1793 1736 1917 1798 συλ-
1948 1783 1991 1841 Β

332 1824 572 1895 λήψεως,
605 1828 674 1888 δι’
707 1823 782 1883 ὧν
812 1831 1256 1904 ἐγκρατεστέραν
1305 1837 1597 1905 ἀποφαίνει
1633 1841 1913 1910 καταστή-

336 1935 511 1979 σαντα
541 1920 641 1990 τὴν
676 1922 874 1994 ἀρχήν.
914 1921 1048 1981 Εἶτα
1073 1928 1366 1996 παρελθὼν
1406 1929 1500 1988 ἐπὶ
1526 1932 1653 1992 τοὺς
1683 1931 1758 1993 ὡς
1786 1935 1912 1996 τοὺς

335 2009 646 2081 βαρϐάρους
695 2016 1030 2092 αὐτομόλους
1063 2017 1322 2086 ἥκοντας,
1369 2021 1465 2074 καὶ.
1500 2021 1718 2091 πρῶτον
1754 2027 1909 2093 κοινῇ

331 2100 466 2170 περὶ
494 2100 603 2154 τῶν
655 2103 916 2158 τοιούτων
951 2087 1278 2172 ἐπεξελθὼν,
1334 2111 1509 2177 φειδοῖ
1541 2087 1638 2163 τοῦ
1677 2087 1910 2181 μηδενὸς

332 2190 396 2242 ἂν
431 2191 690 2261 ὀνομαστὶ
720 2195 1096 2266 καθάψασθαι,
1131 2200 1308 2254 ἔπειτ’
1343 2203 1431 2254 ἐπ’
1458 2204 1623 2256 αὐτὸν
1654 2204 1747 2257 τὸν
1775 2205 1910 2276 βάρι

331 2282 497 2350 ϐαρον
528 2289 717 2361 χωρεῖ,
741 2289 832 2342 καὶ
860 2287 942 2354 οἷς
971 2295 1094 2344 κατ’
1122 2295 1330 2364 ἀμφοῖν
1361 2297 1750 2366 ἐπεχείρησεν,
1808 2298 1912 2351 ὑπὸ

329 2373 439 2425 τῶν
454 2371 525 2435 ὡς
552 2374 714 2427 αὐτὸν
741 2377 982 2445 ἡκόντων
1005 2381 1326 2450 αὐτομόλων
1357 2386 1682 2453 ὲναγόμενος
1709 2405 1723 2417 ·
1752 2389 1912 2441 ἐνίων

330 2464 388 2516 δὲ
419 2467 513 2522 καὶ
547 2467 754 2528 οἴκοθεν
786 2472 1298 2540 μετακαλουμένων.
1325 2477 1556 2529 Ἔπειτα
1583 2479 1680 2545 τῆς
1712 2479 1784 2540 ὡς
1815 2481 1914 2530 αὐ-

334 2556 425 2606 τὸν
459 2557 700 2632 ἀφίξεως
738 2561 1040 2629 μέμνηται,
1092 2566 1190 2633 τῆς
1251 2582 1310 2617 τε
1345 2565 1538 2621 τούτου
1569 2569 1666 2620 καὶ
1691 2570 1914 2633 ἑαυτοῦ,

334 2648 584 2719 ἀνάγκης
634 2667 692 2702 τε
725 2654 1124 2723 γεγενημένης,
1179 2656 1273 2708 καὶ
1324 2658 1476 2729 παρὰ
1526 2661 1592 2712 τά
1620 2661 1917 2729 δεδογμένα

339 2741 549 2814 σφίσιν,
581 2743 724 2795 οὕτω
753 2744 816 2816 δὴ
845 2749 1322 2815 συμπεπτωκυῑας
1345 2765 1362 2780 ·
1397 2751 1492 2818 τοῦ
1519 2770 1577 2804 τε
1604 2753 1753 2822 παρὰ
1788 2753 1919 2807 ταύ-

337 2849 440 2901 την
472 2833 742 2900 κινδύνου,
777 2838 870 2889 καὶ
903 2839 1010 2890 τῶν
1033 2839 1212 2894 ἄλλων
1241 2842 1350 2894 τῶν
1373 2845 1555 2896 ἐκεῖσε
1595 2846 1915 2914 ἀπηντηκό-

338 2941 449 2977 των
481 2924 760 2996 δυσχερῶν
784 2944 797 2957 ·
845 2933 939 2984 καὶ
971 2930 1041 2992 ὠς
1081 2932 1244 2993 αὐτὸς
1281 2934 1382 3002 μὲν
1428 2936 1684 3012 βασιλεὺς
1717 2941 1913 3012 γνώμῃ

338 3015 433 3067 τοῦ
468 3016 746 3088 βαρϐάρου
799 3021 892 3074 ἐπὶ
927 3020 1023 3092 τὴν
1081 3025 1325 3094 μεγάλην
1361 3027 1428 3079 αὖ
1462 3029 1615 3090 πόλιν
1647 3033 1798 3101 παρὰ
1827 3033 1914 3086 δό-

341 3106 439 3169 ξαν
473 3109 845 3174 ἀνασώζεται·
896 3114 924 3164 ὁ
960 3113 1004 3164 δ’
1035 3113 1134 3183 ἤδη
1187 3115 1357 3178 δοκῶν
1412 3121 1470 3172 ὲν
1499 3121 1766 3188 ἀφύκτοις
1799 3124 1918 3193 ἔχε·
1947 3132 1992 3187 C

343 3199 492 3263 σθαι,
527 3202 674 3269 μάλα
714 3204 976 3278 ἀνδρείως
1006 3224 1064 3259 τε
1092 3208 1188 3272 καὶ
1219 3210 1547 3282 εὐμηχάνως
1583 3217 1795 3276 ἐκεῖθεν
1824 3219 1918 3273 ἐπὶ

342 3291 747 3365 Πελοπόννησον
772 3296 1184 3366 ἀποδιδράσκει,
1219 3301 1311 3364 καὶ
1336 3302 1411 3365 ὡς
1441 3306 1472 3374 ἡ
1507 3306 1764 3374 ἐπάνοδος
1792 3311 1915 3367 τού,-

339 3397 435 3432 του
469 3383 644 3436 πάντα
673 3385 795 3454 ἤδη,
833 3387 892 3438 οὐ
921 3388 988 3440 τά
1025 3390 1083 3440 ἐν
1126 3391 1523 3466 Πελοποννήσῳ
1558 3398 1743 3468 μόνον,
1773 3401 1912 3456 ἀλλὰ

341 3471 436 3522 καὶ
466 3472 573 3524 τῶν
603 3474 700 3526 ὅσα
732 3477 880 3540 ἐντὸς
913 3479 1119 3545 πυλῶν,
1159 3483 1226 3534 τά
1263 3484 1501 3540 πλεῖστα
1533 3489 1916 3547 κινδυνεύοντα

273 3569 277 3571 ’
340 3563 563 3616 διέσωσε
588 3580 599 3593 '
637 3567 732 3619 καὶ
755 3569 830 3632 ὡς
865 3574 958 3622 τοῦ
1018 3571 1302 3646 βαρϐάρου
1341 3579 1405 3630 ἐκ
1447 3579 1547 3648 μὲν
1576 3586 1675 3650 τῆς
1730 3585 1916 3639 Ἐλλά-

342 3654 432 3716 δος
453 3655 967 3730 άνακεχωρηκότος,
1018 3664 1338 3733 πέμψαντος
1374 3669 1431 3721 δὲ
1477 3672 1572 3724 ἐπὶ
1617 3675 1717 3744 τὴν
1752 3677 1916 3729 Πελο-

343 3746 612 3812 πόννησον
639 3751 739 3802 οὐκ
784 3751 972 3823 ὀλίγην
1013 3757 1136 3809 οὐδὲ
1176 3761 1390 3830 φαύλην
1424 3766 1706 3834 στρατιάν,
1735 3770 1763 3819 ό
1786 3769 1829 3820 δ’
1855 3772 1916 3822 οὐ

345 3836 538 3902 πλήθει
577 3839 856 3908 ἀντιπάλῳ
911 3849 1192 3914 στρατιᾶς,
1257 3852 1470 3922 ἐπινοίᾳ
1505 3854 1560 3908 δὲ
1612 3859 1921 3929 στρατηγίᾳ

345 3927 635 4000 πρεπούσῃ
657 3933 1018 3999 κεχρημένος,
1052 3936 1352 3991 κεκωλύκει
1378 3942 1580 4010 ταύτην
1605 3945 1705 4013 τῆς
1737 3927 1921 4014 χώρας

345 4018 606 4088 ἐπιϐῆναι
629 4035 642 4050 ⁶
682 4024 776 4075 καί
820 4023 896 4086 ὡς
931 4025 1022 4078 διὰ
1053 4026 1209 4080 τοῦτο
1243 4029 1474 4100 τοῦργον
1498 4033 1594 4085 καὶ
1639 4034 1706 4088 τά
1741 4052 1921 4105 παρα-

345 4111 710 4180 κεχωρημένα
744 4112 823 4182 τῷ
869 4113 1154 4186 βαρϐάρῳ,
1191 4119 1290 4172 καὶ
1323 4121 1424 4191 ἤδη
1474 4122 1734 4192 ἐχόμενα,
1767 4127 1922 4179 ἀπει-

345 4199 508 4269 λήφει
536 4219 594 4254 τε
626 4204 720 4257 καὶ
765 4205 1084 4259 ἐπανέσωσε
1108 4212 1175 4278 τῇ
1209 4211 1374 4280 ἀρχῇ.
1409 4207 1524 4266 Εἶτ’
1553 4214 1647 4266 ἐπὶ
1675 4215 1763 4268 τὸν
1808 4234 1921 4269 κοι-

349 4294 441 4344 νὸν
490 4293 582 4346 τοῦ
616 4295 894 4366 βαρϐάρου
947 4298 1190 4370 πόλεμον
1254 4303 1662 4372 μετεληλυθὼς,
1719 4309 1813 4360 καὶ
1842 4309 1918 4371 ὡς

352 4385 575 4447 πολλαῖς
618 4385 718 4454 μὲν
751 4387 1094 4458 Χριστιανῶν
1125 4396 1459 4464 συμφοραῖς,
1507 4397 1730 4460 πολλαῖς
1751 4399 1796 4451 δ’
1824 4401 1920 4454 ἄλο

2009 544 2062 599 in
2098 549 2428 617 provinciam
2465 551 2751 619 adventus,
2781 564 2837 608 ut
2875 556 2990 610 sola
3026 561 3358 626 exspectatio
3398 559 3604 627 iuverit

2007 654 2130 692 cum
2163 656 2249 693 res
2285 647 2496 695 tantum
2527 643 2578 696 in
2633 644 2914 711 procinctu
2966 661 3086 714 esse
3129 663 3144 698 :
3193 657 3358 717 utque
3422 650 3596 718 reipsa

2008 731 2315 797 advenerit,
2352 735 2538 802 sitque
2594 735 2838 792 laetanter
2867 737 2935 792 ab
2965 739 3235 808 indigenis
3263 751 3555 809 susceptus
3581 761 3596 796 :

2009 838 2118 894 quo
2150 825 2293 888 loco,
2331 838 2454 879 cum
2488 827 2748 896 coepisset
2775 827 2840 882 de
2865 829 3136 884 avunculo
3166 846 3229 888 ac
3262 832 3598 894 consobrino

2008 915 2210 982 dicere,
2260 917 2463 985 optime
2517 927 2691 982 cavet,
2728 933 2795 972 ne
2830 921 3043 988 quidlin
3102 937 3220 985 eos,
3257 923 3436 990 quoad
3473 922 3586 976 fieri

2011 1018 2211 1076 potest,
2238 1011 2528 1078 absonum,
2559 1025 2654 1067 aut
2675 1029 2837 1083 grave
2868 1015 3034 1068 dicat.
3072 1014 3428 1070 Postmodnm
3464 1012 3594 1083 Illy-

2011 1101 2110 1154 riis
2145 1101 2211 1154 ad
2235 1117 2358 1156 eum
2383 1103 2893 1174 eommigrantibus,
2927 1114 2988 1160 ut
3015 1121 3142 1160 cum
3173 1106 3397 1161 dubium
3428 1117 3596 1170 esset,

2014 1207 2144 1244 num
2175 1200 2358 1247 essent
2408 1196 2706 1263 recipiendi
2745 1198 2798 1250 in
2853 1198 3220 1266 provinciam,
3272 1214 3468 1262 necne,
3497 1214 3594 1256 eos

2015 1279 2153 1349 ipse,
2192 1297 2314 1337 cum
2346 1284 2498 1336 multi
2535 1300 2692 1340 secus
2716 1297 2985 1354 putarent,
3023 1289 3230 1357 optime
3254 1290 3596 1357 coniectans,

2019 1385 2084 1424 ac
2116 1372 2261 1440 quod
2285 1373 2598 1428 conducens
2627 1385 2793 1437 esset,
2816 1377 3130 1442 consulens,
3156 1382 3445 1446 receperit,
3489 1383 3592 1434 sit-

2023 1475 2128 1527 que
2155 1475 2346 1514 eorum
2385 1477 2548 1531 opera
2584 1475 2890 1532 opportune
2937 1483 3110 1524 usus:
3141 1481 3261 1537 post
3282 1485 3432 1533 vero,
3463 1471 3596 1526 rela-

2021 1561 2129 1605 tam
2196 1551 2263 1606 de
2313 1541 2506 1608 v’icini‘s
2558 1557 2805 1613 hostibus
2850 1559 3128 1615 victoriam
3225 1574 3510 1627 memorat,
3537 1580 3600 1620 ac

2025 1652 2245 1710 captum
2284 1645 2604 1714 principem,
2639 1649 2842 1717 quibus
2900 1649 3145 1705 ostendit
3200 1655 3594 1710 corroborasse

2025 1727 2338 1798 imperium.
2365 1733 2503 1788 Tum
2533 1737 2804 1792 transiens
2836 1739 2900 1796 ad
2937 1754 3051 1802 eos,
3111 1741 3204 1811 qui
3228 1744 3294 1798 ad
3328 1741 3598 1808 Barbaros

2022 1822 2409 1890 perfugissent,
2445 1840 2507 1879 ac
2540 1827 2629 1881 ubi
2659 1828 2891 1896 primum
2912 1829 3093 1899 aliqua
3118 1831 3184 1886 de
3213 1831 3324 1900 illis
3346 1848 3596 1902 09“th-

2021 1913 2072 1964 ni
2107 1927 2355 1968 sermone
2380 1915 2595 1970 locutus
2628 1927 2792 1977 esset.
2849 1919 3060 1974 nullum
3111 1936 3179 1975 et
3248 1924 3471 1976 nomine
3500 1938 3598 1992 pro

2021 2006 2287 2074 modestia
2319 2018 2468 2072 notat
2494 2024 2507 2060 :
2530 2010 2814 2079 pergitque
2845 2011 3043 2065 deinde
3079 2013 3145 2065 ad
3178 2012 3357 2082 ipsum
3395 2001 3599 2084 Barba.-

2021 2113 2166 2163 rum,
2196 2114 2260 2154 ac
2290 2114 2350 2151 ea
2382 2115 2501 2169 quae
2524 2100 2614 2155 ille
2649 2104 2710 2170 in,
2734 2103 2926 2158 ambos
2958 2103 3180 2160 molitus
3217 2115 3402 2174 esset,
3434 2104 3597 2174 indu-

2020 2187 2269 2254 centibus
2304 2189 2567 2270 perfugis,
2601 2207 2723 2256 cum
2755 2195 3072 2263 etquatdam
3102 2210 3131 2248 a
3164 2210 3223 2252 se
3252 2197 3421 2267 etiam
3445 2194 3596 2272 illum

2029 2290 2412 2348 provocarent.
2446 2268 2522 2335 Ad
2564 2285 2700 2349 haec,
2735 2285 3005 2352 meminit,
3040 2296 3100 2342 ut
3139 2303 3264 2344 cum
3303 2291 3436 2366 ipse,
3485 2269 3601 2360 tum

2021 2367 2186 2423 frater
2217 2371 2372 2440 illum
2408 2376 2786 2440 convenerint,
2845 2391 2968 2431 eum
3041 2381 3340 2436 necessitas
3367 2381 3597 2445 tulisset,

2024 2473 2087 2511 ac
2125 2476 2284 2514 secus
2323 2462 2400 2514 illi
2433 2464 2788 2518 constitutum
2851 2467 3150 2534 haberent;
3214 2471 3438 2538 periculi
3474 2473 3600 2526 item

2027 2549 2153 2602 inde
2203 2552 2445 2615 conﬂati,
2492 2570 2554 2608 ac
2582 2556 2816 2627 tristium
2873 2559 3110 2613 aliorum
3182 2578 3304 2630 qua:
3357 2563 3470 2616 illic
3504 2578 3598 2618 oc-

2025 2655 2312 2698 currerunt
2338 2662 2351 2709 ;
2377 2657 2564 2716 utque,
2589 2650 2702 2717 ipse
2725 2650 2941 2717 quidem
2968 2652 3264 2720 imperator
3281 2671 3348 2724 cx
3378 2654 3602 2710 Barbari

2025 2733 2326 2800 voluntate,
2365 2738 2893 2810 Constantinopolim
2933 2741 3129 2798 iterum
3164 2756 3360 2810 praeter
3394 2747 3603 2813 opinio-
3675 2737 3681 2742 ‘

2024 2835 2147 2874 nem
2178 2838 2365 2892 sospes
2432 2841 2683 2883 reversus
2731 2830 2842 2896 sit;
2902 2831 3072 2886 frater
3102 2846 3306 2902 autem,
3357 2839 3447 2906 qui
3489 2837 3598 2906 jam

2024 2912 2353 2969 ineluctabili
2379 2917 2571 2984 laqueo
2598 2922 2765 2994 teneri
2791 2923 3083 2995 videretur,
3103 2943 3315 2982 sununa
3344 2909 3466 2982 inde
3489 2927 3603 2983 for-

2024 3009 2256 3065 titudine
2321 3028 2383 3066 ac
2437 3015 2658 3084 solertia
2710 3018 3011 3090 profugerit
3061 3023 3597 3093 ini’elopomtesun‘t,

2022 3113 2196 3169 eoque
2227 3117 2502 3186 reversus,
2543 3108 2725 3160 omnia
2753 3109 2890 3176 jam,
2925 3112 3122 3180 nedum
3177 3129 3299 3183 qua:
3350 3117 3404 3170 in
3447 3116 3600 3170 Pelo—

2030 3207 2294 3260 ponneso,
2319 3198 2410 3248 sed
2437 3208 2490 3250 et
2521 3198 2565 3251 si
2598 3213 2702 3268 qua
2730 3201 2870 3255 intra
2894 3203 3089 3273 jannas
3114 3215 3268 3259 erant
3295 3206 3396 3276 (I),
3424 3209 3605 3262 maxi-

2025 3299 2166 3338 mam
2201 3299 2404 3356 partem
2460 3291 2511 3344 in
2571 3293 2874 3361 periculum
2905 3281 3186 3367 adducta,
3221 3303 3594 3369 sospitaverit.

2029 3388 2196 3445 utque
2220 3395 2342 3433 cum
2379 3369 2677 3444 Barbarus.
2711 3385 2825 3455 ipse
2855 3389 3074 3458 quidem
3109 3394 3176 3443 ab
3211 3391 3432 3446 Hellade
3487 3409 3604 3446 mo-

2023 3483 2177 3536 vens,
2210 3487 2318 3527 non
2345 3475 2597 3543 exiguum
2648 3487 2743 3532 aut
2777 3479 3047 3534 imbellem
3084 3485 3383 3536 exercitum
3423 3485 3474 3536 in
3503 3483 3604 3538 Pe-

2026 3559 2389 3625 loponnesum
2426 3566 2686 3632 misisset,
2749 3570 3093 3637 prohibuerit
3125 3571 3237 3635 ille,
3273 3587 3380 3626 non
3413 3583 3604 3628 utime-

2025 3668 2155 3708 roso
2185 3655 2405 3722 quidem
2434 3663 2673 3714 exercitu
2695 3661 2833 3716 hosti
2862 3676 3146 3728 oceurens,
3176 3665 3269 3719 sed
3294 3666 3416 3718 duci
3443 3681 3607 3721 exer—

2026 3744 2167 3799 citus
2199 3763 2446 3814 congruo
2487 3762 2898 3819 stratagemate,
2936 3771 3049 3808 rem
3091 3757 3414 3818 conficiens.
3447 3769 3601 3810 utne

2027 3824 2081 3885 in
2117 3838 2454 3899 provinciam
2479 3841 2798 3908 invaderet;
2843 3852 3012 3912 utque
3043 3847 3260 3897 demum
3293 3859 3358 3897 eo
3395 3845 3602 3899 facino—

2026 3938 2106 3990 re,
2127 3927 2240 3996 jam
2276 3944 2538 3985 concessa
2579 3932 2817 3987 Barbaro
2848 3944 2900 3988 et
2946 3937 3013 3987 ab
3037 3950 3102 3988 eo
3125 3946 3411 4005 occupata,
3447 3953 3601 3992 rece-

2027 4016 2189 4083 perit,
2229 4032 2290 4070 ae
2341 4018 2568 4088 imperio
2594 4023 2900 4077 vindicarit.
2941 4025 3066 4080 Post
3101 4027 3210 4079 ha-e
3241 4043 3490 4083 reversus
3531 4031 3598 4082 ad

2031 4121 2324 4165 commune
2355 4112 2485 4167 illud
2539 4115 2739 4168 bellum
2772 4114 3018 4184 Barbari,
3045 4117 3295 4186 factaque
3320 4122 3595 4173 mentione

2029 4208 2088 4251 ut
2117 4215 2180 4256 ex
2210 4202 2418 4255 crebris
2471 4205 2715 4261 cladibus
2748 4221 2813 4261 eo
2836 4209 3038 4261 victore
3077 4224 3198 4260 cum
3235 4207 3589 4271 Christianis,

2029 4310 2142 4354 tum
2178 4295 2430 4350 Barbaris
2485 4296 2607 4349 aliis
2664 4295 2852 4358 illatis,
2910 4310 2998 4352 res
3051 4297 3420 4350 ltotnanorum
3471 4312 3597 4366 ενοι

2029 4391 2168 4444 viter
2196 4388 2403 4442 affeth
2447 4396 2651 4449 essent,
2679 4403 2778 4441 nec
2805 4404 2910 4440 non
2948 4399 3215 4456 suscepta:
3248 4390 3316 4443 ab
3355 4389 3472 4457 ipso
3505 4405 3602 4441 na-

348 4473 455 4526 λων
486 4474 776 4547 βαρϐάρων
803 4481 1248 4552 ὲνευτυχηκότος,
1284 4485 1537 4554 χαλεπῶς
1565 4489 1814 4543 ἐντεῦθεν
1849 4493 1918 4545 τὰ

2028 4481 2321 4550 \‘igalionis
2374 4494 2438 4531 ac
2474 4478 2686 4531 itineris
2742 4479 2806 4531 ad
2871 4479 3135 4533 Occiduas
3180 4488 3386 4548 partes,
3421 4491 3604 4534 narrat
3659 4497 3678 4500 "

362 4567 653 4634 Ῥωμαίων
685 4570 993 4641 πράγματα
1046 4573 1194 4642 ἔσχε,
1250 4576 1516 4646 μνησθεὶς
1557 4582 1654 4634 καὶ
1693 4582 1919 4650 προσέτι

349 4659 448 4711 τοῦ
477 4677 538 4728 γε
584 4654 779 4717 ἑαυτοῦ
803 4665 891 4719 διά
919 4667 1094 4722 ταῦτα
1121 4670 1368 4723 άπόπλου
1401 4688 1462 4724 τε
1489 4674 1583 4726 καὶ
1613 4675 1924 4745 ἀποδημίας

350 4753 548 4817 τῆςεῖς
582 4754 649 4807 τά
669 4756 923 4827 ἑσπέρια,
951 4758 1144 4811 ἔπειτα
1171 4761 1238 4813 τά
1261 4764 1437 4832 τούτῳ
1464 4766 1520 4816 ὲν
1547 4767 1776 4828 ἐκείνοις
1813 4771 1924 4829 τοῖς

354 4849 567 4914 καιροῖς
597 4851 964 4919 πεπραγμένα
1017 4851 1270 4915 διέξεισι·
1301 4855 1395 4907 καὶ
1434 4857 1651 4925 πρῶτον
1687 4859 1808 4927 μὲν,
1852 4860 1927 4923 ὡς

355 4939 621 5005 Κόρινθον
646 4941 705 4992 ἐν
739 4945 1010 5009 προφανεῖ
1029 4942 1194 4996 οὖσαν
1224 4948 1451 5016 κινδύνῳ
1469 4949 1718 5020 Φρερίοις
1745 4954 1923 5021 ἐγχει-

361 5030 541 5095 ρίσας,
571 5029 744 5099 αὐτήν
774 5048 834 5083 τε
889 5030 1063 5082 ἔσωσε
1089 5032 1187 5100 τῆς
1223 5034 1333 5085 τῶν
1379 5034 1672 5104 βαρϐάρων
1715 5038 1922 5107 χειρὸς,

358 5122 452 5174 καὶ
495 5122 608 5184 τοῖς
633 5122 775 5184 ὅλοις
803 5124 1126 5191 πράγμασιν
1157 5124 1217 5178 οὐ
1271 5129 1512 5196 σμικράν
1535 5128 1785 5181 ἐντεῦθεν
1823 5132 1924 5194 τὴν

359 5210 616 5280 βοήθειαν
649 5211 1036 5281 ἐμηχανήσατο
1087 5230 1102 5244 ·
1154 5213 1327 5269 ἔπειθ’
1361 5217 1436 5279 ὡς
1465 5218 1642 5288 χρόνῳ
1674 5218 1924 5289 ὕστερον,

357 5308 451 5359 καὶ
489 5307 589 5375 τῆς
621 5303 790 5374 ἄλλης
818 5306 1039 5375 ἀπάσης
1067 5308 1241 5377 ἀρχῆς
1272 5310 1385 5369 τοῖς
1414 5311 1597 5370 αὐτοῖς
1637 5310 1793 5375 δόξας
1822 5329 1926 5362 πα-

362 5399 652 5466 ραχωρεῖν,
687 5397 778 5449 τὸν
818 5398 952 5468 πρὸς
993 5399 1082 5451 τὸν
1107 5399 1384 5470 βάρϐαρον
1410 5401 1668 5468 πόλεμον.
1706 5402 1924 5454 κάλλιον

358 5489 390 5558 ἦ
419 5489 492 5550 ὡς
524 5490 589 5542 ἀν
620 5505 704 5549 τις
752 5490 1119 5558 προσεδόκησε
1154 5492 1431 5556 κατέθετο,
1490 5495 1584 5546 καὶ
1613 5493 1708 5564 τὴν
1740 5495 1924 5564 χώραν

356 5581 648 5633 ἀπολαϐὼν
701 5578 857 5643 αὖθις
914 5583 1278 5651 κατέστησεν,
1337 5583 1457 5635 οὐδὲ
1490 5584 1751 5652 Φρερίους
1798 5565 1932 5635 οὗτε

2019 4583 2234 4648 postea,
2263 4579 2413 4642 gesta
2449 4570 2664 4622 interim
2698 4586 2725 4621 a
2761 4570 2928 4623 fratre
2954 4585 3049 4624 :ac
3089 4572 3324 4640 primum
3361 4571 3600 4640 quidem,

2022 4680 2079 4718 ut.
2107 4661 2393 4721 Corintho.
2421 4676 2542 4731 quas
2575 4670 2886 4714 versaretur
2933 4662 2986 4714 in
3023 4662 3312 4717 manifesto
3335 4663 3602 4731 periculo,

2022 4755 2337 4810 concredita
2377 4754 2660 4814 fratribus.
2693 4768 2816 4807 eum
2847 4756 3094 4808 eamdem
3131 4757 3303 4825 ipsam
3337 4771 3364 4808 a
3400 4755 3602 4809 Barba-

2027 4860 2210 4898 rorum
2243 4843 2472 4897 salvarit
2532 4857 2717 4904 manu,
2771 4853 2885 4896 tum
2950 4844 3076 4897 inde
3127 4845 3290 4896 rebus
3329 4846 3600 4899 universis

2027 4957 2135 4993 non
2170 4938 2434 4991 modicam
2475 4951 2627 5003 opem
2685 4937 3014 5003 compararit
3046 4955 3058 4988 :
3089 4940 3152 4988 ad
3189 4930 3320 4998 haec,
3375 4950 3431 4991 ut
3476 4955 3600 4991 cum

2032 5046 2217 5103 postica
2283 5033 2433 5086 visus
2501 5043 2664 5091 esset,
2728 5033 2992 5100 reliquam
3020 5042 3189 5086 totam
3257 5036 3598 5102 provinciam

2030 5126 2138 5178 illis
2155 5125 2368 5188 cedere,
2399 5138 2484 5177 res
2513 5139 2637 5177 cum
2673 5123 2907 5178 Barbara
2932 5127 3078 5178 omni
3111 5125 3301 5180 melius
3333 5142 3428 5194 spe
3455 5142 3605 5180 com-

2032 5217 2296 5285 posuerit,
2327 5225 2491 5284 utque
2522 5226 2733 5283 recepta
2769 5216 3065 5282 provincia,
3106 5219 3302 5269 iterum
3328 5233 3414 5268 res
3475 5216 3599 5284 ejus

2033 5307 2345 5368 stabilierit,
2403 5321 2521 5358 cum
2589 5307 2736 5359 nulla
2789 5307 2988 5376 injuria
3050 5307 3262 5361 Fratres
3310 5307 3600 5365 affecisset,

2034 5409 2195 5450 autve
2223 5397 2450 5450 omnino
2478 5397 2663 5450 damni
2693 5400 2894 5467 aliquid
2933 5401 3228 5454 intulisset.
3263 5399 3316 5451 In
3353 5400 3438 5452 his
3476 5413 3604 5464 por-

2037 5506 2096 5540 ro
2129 5489 2332 5542 diutius
2363 5499 2610 5541 versatur
2627 5504 2828 5553 sermo,
2863 5493 3007 5557 quod
3041 5493 3292 5545 tollenda:
3323 5491 3601 5558 opinionis

2033 5597 2216 5644 causa,
2250 5597 2346 5649 per
2396 5582 2758 5648 ignorantiam
2820 5586 3062 5639 veritatis
3119 5585 3218 5645 rei,
3287 5592 3344 5633 ut
3373 5583 3600 5636 omnino

433 5769 509 5839 (εὶ)
543 5769 645 5838 Ipsi
679 5767 915 5838 Bajazeti
942 5767 1267 5824 assistentves
1303 5769 1466 5838 inque
1500 5767 1620 5837 ejus
1656 5765 1980 5821 exsistcntes
2013 5767 2184 5820 curia.
