4166 6270
557 412 662 478 179

1745 412 2143 476 MANUELIS
2185 414 2633 479 PAL/EOLOGI

3624 376 3627 385 “
3711 404 3811 470 180

557 517 863 579 habuisset,
898 516 1043 585 apud
1078 516 1366 574 nonnullos
1401 520 1717 587 obtinentis,
1772 525 1928 590 plane
1980 544 2117 595 pra:-

2238 532 2517 601 Ξιδικήσας,
2551 528 2675 582 οὔτε
2710 544 2762 581 τι
2799 524 3009 595 βλάψας
3041 522 3198 585 ὅλως.
3245 520 3371 576 Ἐπὶ
3409 519 3574 575 πλέον
3600 520 3657 574 δέ
3699 538 3807 575 που

559 615 750 670 staret,
787 609 981 662 borum
1016 625 1234 679 quoque
1279 615 1612 680 meminisse,
1638 618 1834 671 nedum
1872 621 2126 683 aliorum,

558 714 681 766 quae
703 709 889 754 essent
923 702 1209 770 perspicue
1273 704 1438 770 bona,
1497 722 1660 775 quam
1713 709 1930 763 silentio
1964 711 2129 764 dissi-

560 790 788 845 mulare.
832 790 1111 860 Siquidem
1144 796 1289 847 enim
1323 813 1468 852 nunc
1533 806 1865 866 lacerentur,
1917 814 1975 855 ut
2006 805 2126 871 quis

555 883 901 950 postmodum
930 892 1161 937 tentaret
1192 887 1508 942 meminisse
1539 890 1603 943 ad
1644 890 1993 957 calumniam,
2028 893 2132 947 uti-

554 988 660 1039 que
683 983 867 1041 posset
892 975 1031 1042 apud
1056 976 1269 1044 aliquos
1298 989 1461 1046 gesta:
1496 981 1835 1050 reiignaros,
1871 994 2128 1052 tanquam

551 1080 680 1118 vera
714 1066 905 1121 dicens
944 1068 1145 1121 habere
1185 1070 1368 1134 fidem,
1434 1072 1582 1125 velut
1611 1088 1715 1125 non
1774 1074 2011 1127 fuissent
2049 1084 2128 1129 ta-

552 1156 723 1210 cenda
758 1158 865 1223 hic,
896 1168 954 1212 ut
994 1176 1099 1228 qua
1138 1162 1201 1213 de
1258 1162 1342 1215 his
1375 1163 1479 1216 dici
1510 1165 1854 1229 potuissent:
1882 1181 2004 1218 eum
2040 1182 2125 1219 re-

496 1264 523 1323 ]
553 1246 685 1311 lata,
711 1262 774 1301 ac
810 1250 986 1318 palam
1026 1252 1268 1319 exposita
1301 1261 1358 1305 ut
1387 1262 1536 1322 gesta
1565 1264 1768 1316 essent,
1799 1254 1851 1307 in
1897 1256 2125 1323 gloriam

502 1334 510 1349 '
553 1340 757 1407 potius,
790 1354 853 1392 ex
898 1355 963 1393 eo
988 1344 1131 1409 quod
1167 1341 1349 1394 forsan
1385 1356 1544 1395 secus
1575 1343 2128 1406 videbatur,ccssura

554 1440 765 1485 essent.
830 1430 1039 1486 Deinde
1112 1434 1362 1501 procedit
1422 1434 1486 1487 ad
1549 1435 1980 1504 comparandum
2008 1453 2128 1489 cum

552 1522 813 1590 antiquis,
842 1523 1060 1592 quando
1116 1531 1171 1576 et
1221 1523 1396 1577 morbi
1425 1526 1698 1579 mentione
1733 1526 1898 1589 facta,
1932 1529 2127 1580 iterum

552 1613 1177 1683 lugubrior,orationem
1207 1617 1485 1683 componit
1510 1634 1525 1679 ;
1554 1617 1829 1687 simulque
1862 1618 2130 1681 ostendit,

563 1710 701 1762 nihil
763 1708 1031 1761 minorem
1066 1700 1446 1760 fortitudinem
1484 1709 1537 1761 in
1588 1709 1778 1762 morbo
1798 1710 2128 1771 ostendisse,

556 1813 720 1866 quam
750 1797 914 1850 rebus
940 1796 1231 1865 gerendis:
1262 1813 1497 1865 cumque
1530 1797 1617 1851 hic
1646 1798 1863 1851 subdito
1914 1813 2130 1867 quoque

557 1889 869 1945 auditorum
914 1891 1077 1943 coetui
1111 1890 1413 1953 annuisset,
1458 1898 1601 1943 utet
1634 1890 1737 1959 ipsi
1778 1890 1984 1957 aliquid
2031 1889 2135 1943 sibi
2163 1873 2210 1931 Β

555 1977 879 2052 congruum,
934 1994 1033 2048 pro
1068 1979 1316 2048 pluribus
1355 1994 1417 2033 ac
1444 1980 1656 2048 magnis
1685 1980 1985 2042 beneﬁciis,
2011 1978 2134 2047 qni-

553 2074 656 2128 bus
687 2074 779 2127 ille
801 2088 895 2127 eos
923 2071 1305 2133 demeruisset,
1334 2073 1710 2141 loquerentur,
1744 2077 1988 2125 eamdem
2016 2088 2136 2125 rur-

556 2183 651 2221 sus
678 2168 911 2221 naaniam
949 2166 1199 2221 resumit.
1236 2165 1290 2218 Id
1324 2181 1487 2232 porro
1518 2164 1669 2230 facit,
1698 2179 1823 2217 cum
1853 2162 2136 2215 remissio-

557 2275 625 2313 ne
672 2259 856 2327 aliqua
880 2273 1064 2327 egens,
1118 2256 1382 2325 impedita
1443 2270 1574 2308 voce
1635 2271 1743 2323 prae
1793 2253 1999 2307 doloris
2034 2252 2130 2315 vi;

560 2365 675 2406 tum
718 2366 871 2414 vero,
922 2352 1049 2419 quia
1081 2349 1244 2402 etiam
1284 2349 1485 2401 multos
1548 2347 1685 2401 alios
1709 2346 1893 2413 cupiat
1946 2346 2139 2400 audire

560 2448 940 2506 lamentantes,
1004 2444 1073 2497 ob
1130 2440 1428 2510 impensius
1484 2439 1616 2492 illud
1676 2454 1741 2492 ac
1792 2439 2045 2492 insanum
2081 2439 2136 2491 in

560 2539 782 2592 fratrem
822 2538 1105 2606 philtrum,
1163 2534 1408 2603 pluribus
1435 2547 1499 2585 ac
1560 2533 1771 2601 magnis
1829 2532 1895 2585 de
1928 2533 2136 2595 causis,

558 2647 694 2701 quas
725 2632 839 2697 ipse
861 2630 1130 2683 edisserit.
1169 2626 1532 2693 Quamobrem
1591 2626 1753 2679 etiam
1789 2624 2139 2680 affectuosius

558 2740 777 2795 quoque
810 2737 872 2777 ac
903 2721 1188 2790 lugubrius
1220 2721 1414 2773 iterum
1465 2717 1695 2781 orditur,
1733 2726 1990 2784 tanquam
2017 2732 2140 2770 om-

565 2818 700 2871 nino
724 2831 903 2883 neque
931 2814 1326 2873 narrationem,
1346 2825 1522 2879 neque
1553 2809 1742 2874 Iaudes
1776 2809 2015 2877 potuerit
2041 2824 2138 2877 ago

559 2909 733 2980 gredi,
762 2908 1081 2976 priusquam
1116 2904 1313 2957 fuisset
1366 2902 1636 2955 indultum
1666 2901 1948 2954 lamentis.
1983 2897 2141 2955 Post-

560 3003 783 3058 modum
817 3012 995 3055 tamen
1025 3002 1091 3055 ad
1143 2998 1536 3053 consolandum
1582 2995 1940 3059 descendens,
1978 2994 2138 3048 tinent

560 3094 775 3151 dicendi
802 3094 951 3158 facit,
982 3093 1239 3161 congruis
1261 3106 1324 3145 ac
1350 3091 1490 3159 aptis
1519 3089 1773 3143 laudibus
1803 3087 2141 3157 cuiqueloco

2232 624 2441 684 τούτοις
2466 624 2492 674 ὁ
2524 621 2680 688 λόγος
2711 616 3036 687 ἐνδιατρίϐει
3061 615 3201 684 ὑπὲρ
3230 613 3322 668 τοῦ
3349 613 3448 683 τὴν
3469 612 3561 666 ὑπ’
3589 614 3811 681 ἀγνοίας

2230 716 2325 768 τοῦ
2361 714 2594 782 ἀληθοῦς
2641 714 2718 772 ὡς
2773 708 2947 763 ταῦτα
3014 706 3263 776 ἐπράχθη
3325 705 3641 776 κρατοῦσαν
3680 706 3809 773 παρ’

2234 809 2396 870 ἐνίοις
2428 806 2588 870 δόξαν
2640 805 2869 868 ἀνελεῖν,
2903 803 3125 868 ἄμεινον
3153 800 3214 853 ὃν
3246 799 3681 868 ἐπιμνησθῆναι,
3715 799 3811 850 καὶ

2233 898 2442 951 τούτων
2475 898 2612 966 πρὸς
2635 899 2748 958 τοῖς
2773 894 2955 956 ἄλλοις
2983 895 3097 956 τοῖς
3124 895 3187 945 ὲκ
3214 890 3309 944 τοῦ
3343 890 3583 960 φανεροῦ
3626 891 3812 951 καλοῖς

2234 990 2266 1059 ἦ
2325 990 2697 1057 σεσιγηκέναι.
2735 985 2845 1037 Καὶ
2899 984 3009 1053 γὰρ
3060 982 3126 1036 ἂν
3176 982 3271 1035 νῦν
3311 980 3722 1049 σεσιγημένων,
3764 979 3813 1030 εῑ

2235 1084 2366 1135 ποτέ
2401 1100 2482 1144 τις
2510 1082 2603 1133 ἐπὶ
2635 1080 2858 1148 διαϐολῇ
2894 1077 3201 1147 μνησθῆναι
3237 1075 3556 1143 τολμήσειε,
3590 1072 3706 1142 τάχ’
3750 1071 3813 1122 ἄν

2233 1191 2345 1226 τισι
2375 1174 2484 1225 τῶν
2515 1172 2727 1241 τάληθῆ
2765 1171 2839 1240 μὴ
2879 1169 3119 1228 εἰδότων,
3175 1167 3269 1220 καὶ
3323 1162 3689 1233 ἐπαληθεύειν
3729 1163 3815 1215 δός

2236 1266 2401 1331 ξειεν,
2437 1264 2512 1323 ὡς
2545 1264 2644 1315 οὐκ
2689 1262 2755 1317 ἂν
2790 1265 2855 1319 ὲν.
2881 1261 2958 1331 τῷ
2993 1260 3225 1328 παρόντι
3259 1257 3659 1327 σεσιγημένων,
3688 1255 3815 1305 εἴτι

2235 1357 2363 1425 ὲνῆν
2396 1357 2577 1422 λέγειν
2608 1356 2738 1425 περὶ
2777 1354 2978 1408 αὐτῶν.
3039 1352 3325 1422 Είρημένα
3357 1349 3414 1400 δὲ
3464 1347 3561 1399 καὶ
3601 1346 3827 1414 φανερὰ⁸

2235 1451 2586 1504 καταστάντα
2624 1448 2699 1510 ὡς
2730 1446 3003 1517 ἐπράχθη,
3040 1445 3135 1497 καὶ⁹
3175 1444 3258 1507 είς
3309 1439 3559 1505 εὐδοξίαν
3612 1437 3815 1505 μᾶλλον

2235 1546 2298 1597 ἐκ
2329 1543 2423 1596 τοῦ
2460 1544 2534 1605 ὡς
2560 1542 2761 1612 ἑτέρως
2793 1541 2922 1603 ἴσως
2949 1537 3235 1598 δοκοῦντος
3280 1534 3667 1604 περιέστηκεν.
3699 1527 3814 1581 Εἶτ’

2235 1637 2329 1688 ἐπὶ
2359 1637 2454 1699 τὰς
2490 1635 2625 1705 πρὸς
2653 1634 2783 1695 τοὺς
2812 1631 3077 1693 παλαιοὺς
3105 1627 3441 1698 παραθέσεις
3474 1624 3665 1693 χωρεῖ,
3692 1623 3815 1692 ἡνί-

2236 1743 2309 1778 κα
2345 1726 2438 1778 καὶ
2468 1725 2567 1793 τῆς
2622 1725 2783 1777 νόσου
2831 1721 3113 1792 μνησθεὶς,
3168 1720 3224 1780 ἐς
3256 1717 3318 1770 τὸ
3348 1713 3815 1784 περιπαθέστερον

2239 1811 2305 1868 αὖ
2336 1815 2653 1867 ἀποκλίνει·
2684 1811 3005 1878 ἀποφαίνων
3034 1808 3151 1876 ἆμα
3183 1805 3337 1859 οὐδὲν
3388 1802 3599 1855 ἐλάττω
3635 1799 3732 1867 τῆς
3757 1797 3814 1849 ὲν

2239 1908 2350 1968 τοῖς
2381 1906 2566 1974 ἔργοις
2593 1901 2813 1972 ἀνδρίας
2838 1899 2934 1970 τὴν
2965 1898 3117 1969 παρά
3144 1895 3243 1965 τὴν
3270 1895 3423 1946 νόσον
3446 1886 3815 1954 ἐπιδεδειγμέ-

2238 2015 2347 2050 νον.
2378 1994 2675 2048 Κάνταῦθα
2702 1992 2826 2055 δούς
2861 2008 2914 2043 τι
2960 1991 3057 2042 καὶ
3106 1988 3220 2049 τοῖς
3257 1983 3493 2054 παροῦσι
3528 1979 3638 2033 τῶν
3670 1979 3815 2043 ὑπη-

2239 2094 2382 2143 κόων
2415 2084 2755 2155 φθέγξασθαι
2789 2081 3066 2154 προσῆκον
3105 2078 3334 2139 ἐκείνοις
3362 2074 3570 2133 αὐτοῖς,
3604 2068 3816 2122 πολλῶν

2240 2181 2336 2233 καὶ
2388 2176 2642 2247 μεγάλων
2700 2174 3036 2240 εὐεργεσιῶν
3078 2170 3247 2221 ἕνεκα
3284 2160 3360 2219 ὧν
3404 2164 3464 2216 εὖ
3509 2160 3818 2214 πεπόνθασι

2242 2271 2373 2340 παρ’
2404 2267 2591 2333 αὐτοῦ,
2620 2267 2710 2318 τὸν
2742 2265 2906 2316 αὐτὸν
2941 2262 3094 2324 αὖθις
3118 2255 3567 2325 ὲπαναλαμϐάνει
3595 2250 3817 2321 θρῆνον.

2241 2362 2411 2415 Τοῦτο
2440 2362 2495 2413 δὲ
2524 2360 2688 2422 ποιεῖ,
2722 2358 2838 2427 ἆμα
2864 2355 2982 2425 μὲν,
3013 2354 3088 2415 ὡς
3119 2348 3436 2417 ἀναπαύλης
3463 2344 3700 2416 δεηθεὶς,
3729 2343 3817 2394 διὰ

2240 2456 2299 2507 τὸ
2331 2452 2424 2506 τοῦ
2454 2452 2659 2512 πάθους
2689 2448 2922 2517 μέγεθος
2958 2446 3286 2515 ὲπεχόμενος
3326 2441 3424 2509 τὴν
3460 2436 3665 2505 φωνὴν,
3703 2434 3817 2501 ἅμα

2240 2547 2319 2612 δὲ,
2363 2546 2458 2598 καλ⁸
2489 2545 2561 2605 ὡς
2598 2541 2947 2609 ἐπιθυμήσας
2970 2538 3065 2590 καὶ
3096 2537 3301 2602 ἐτέρων
3329 2531 3539 2584 πολλῶν
3557 2526 3817 2597 θρηνούν-

2241 2656 2349 2692 των
2392 2634 2645 2696 ἀκοῦσαι,
2677 2632 2763 2683 διὰ
2793 2630 2854 2683 τὸ
2887 2629 3016 2698 περὶ
3068 2628 3160 2680 τὸν
3181 2624 3408 2690 ἀδελφὸν
3441 2621 3668 2690 μανικὸν
3701 2616 3817 2685 φίλ-

2241 2747 2393 2800 τρον,
2430 2723 2640 2779 πολλῶν
2680 2723 2772 2774 καὶ
2804 2720 3056 2789 μεγάλων
3105 2715 3297 2771 αίτιῶν
3338 2714 3523 2771 ἕνεκα,
3558 2710 3633 2770 ὼς
3656 2708 3817 2767 αὐτὸς

2243 2821 2466 2885 διέξεισι
2495 2814 2771 2888 βασιλεύς.
2797 2808 2870 2865 Οῦ
2903 2812 3064 2881 χάριν
3093 2811 3186 2862 καὶ
3216 2806 3322 2859 ἀπὸ
3367 2799 3704 2873 περιπαθοῦς
3731 2799 3817 2850 εὐ-

2246 2915 2342 2975 θὺς
2376 2910 2642 2981 ἐνήρξατο
2673 2905 2988 2977 προοιμίου,
3019 2904 3095 2964 ὡς
3150 2899 3224 2970 μὴ
3268 2899 3328 2950 τὸ
3362 2895 3626 2963 παράπαν
3657 2892 3817 2981 δυνηέ

2247 3000 2361 3058 θεὶς
2396 2980 2501 3050 τῶν
2525 3013 2584 3047 τε
2611 2995 2938 3063 διηγήσεων,
2968 2990 3075 3042 τῶν
3092 3006 3153 3040 τε
3186 2986 3425 3039 ἐπαίνων
3445 2982 3685 3051 ἅψασθαι
3716 2980 3820 3047 πρδι

2246 3090 2353 3143 τῶν
2395 3089 2630 3158 θρήνων.
2687 3086 2761 3137 Οὐ
2819 3085 2927 3153 μὴν
2965 3082 3078 3135 ἀλλ’
3125 3081 3220 3133 ἐπὶ
3278 3075 3633 3146 παραμυθίαν
3668 3074 3820 3141 ὅμως

562 3191 803 3252 intextis,
839 3197 896 3241 ut
927 3202 1102 3255 neque
1136 3183 1363 3239 excedat
1411 3169 1557 3251 quod
1587 3183 1658 3236 sit
1692 3182 1993 3250 probabile,
2023 3196 2128 3235 nec

2250 3181 2515 3251 μεταϐὰς,
2569 3175 2939 3238 ἀποπαύεται,
2969 3170 3416 3239 ἐπιπλεκομένων
3462 3169 3678 3232 ἑκάστῳ
3707 3182 3820 3234 χω-

564 3297 753 3336 eorum
787 3280 992 3349 aliquid
1019 3278 1253 3343 deficiat,
1287 3291 1407 3345 quae
1439 3276 1585 3331 dicto
1612 3290 1770 3344 opus,
1799 3289 1863 3328 ac
1898 3287 2142 3344 congrua

565 3381 745 3437 erant,
777 3382 837 3425 ut
884 3370 940 3425 in
963 3368 1195 3439 singulis
1244 3368 1482 3437 quisque
1526 3372 1643 3419 arte
1698 3364 1883 3432 legens
1922 3377 2145 3433 perspe-

575 3477 735 3533 xerit.

2250 3273 2350 3344 ρίῳ
2387 3273 2499 3325 τῶν
2538 3272 2627 3324 ἀεὶ
2658 3267 3045 3339 προσηκόντων
3081 3281 3139 3317 τε
3172 3262 3268 3315 καὶ
3299 3256 3821 3331 προσαρμοττόντων

2249 3368 2508 3430 ἐπαίνων,
2547 3364 2620 3425 ὡς
2650 3364 2788 3431 μήτε
2830 3361 2891 3413 τὸ
2948 3356 3177 3410 πιθανὸν
3240 3350 3625 3422 ὑπερϐάλλειν,
3681 3346 3823 3416 μήτε

2251 3460 2517 3513 ἐλλείπειν
2542 3474 2594 3508 τι
2620 3455 2729 3507 τῶν
2769 3455 2998 3507 ἐνόντων
3028 3466 3086 3502 τε
3116 3448 3212 3501 καὶ
3250 3446 3367 3516 ἅμα
3396 3444 3624 3496 δεόντων
3654 3438 3823 3510 ρηθῆο

2232 3568 2364 3616 ναι,
2387 3549 2462 3611 ὡς
2495 3549 2586 3603 ἐπὶ
2615 3545 2723 3598 τῶν
2773 3543 2894 3595 καθ’
2920 3542 3151 3595 ἕκαστον
3186 3538 3302 3591 ἔστι
3348 3533 3425 3604 τῷ
3456 3533 3597 3588 κατά
3628 3532 3823 3600 τέχνης

2254 3638 2683 3708 ἀναγινώσκοντι
2724 3635 2969 3703 θεωρεῖν.
