4166 6270
341 369 436 436 181

1150 376 1545 439 THEODORI
1579 378 1937 468 DE§POT£
1980 379 2365 439 LAUDATIO
2401 379 2810 442 FUNEBRIS.
3467 382 3568 446 192

363 524 3546 557 Μ

1115 671 1251 728 ΤΟΥ
1279 676 1815 732 ΕΥΣΕΒΕΣΤΑΤΟΥ
1837 680 1956 732 ΚΑΙ
1981 681 2440 736 ΦΙΛΟΧΡΙΣΤΟΥ
2465 683 2794 738 ΒΑΣΙΛΕΩΣ
2857 681 2860 684 ’

1838 818 2045 868 ΚΥΡΟΥ

649 948 1479 1088 ΜΑΝΟΥΗΛ
1555 960 1898 1091 ΤΟΥ

1981 959 3230 1102 ΠΑΛΑΙΟΛΟΓΟΥ

1647 1178 1866 1232 ΛΟΓΟΣ
1900 1177 2264 1233 ΕΠΙΤΑΦΙΟΣ

620 1305 727 1358 ΕΙΣ
814 1307 953 1361 TON
1048 1312 1502 1367 ΑΥΤΔΔΕΛΦΟΝ
1582 1315 1814 1366 ΑΥΤΟΥ
1908 1317 2276 1371 ΔΕΣΠΟΤΗΝ
2359 1321 2497 1374 ΤΟΝ
2583 1322 3277 1383 ΠΟΡΦΥΡΟΓΕΝΝΠΤΟΝ

886 1453 1260 1537 ΚΥΡΟΝ
1300 1454 1901 1543 ΘΕΟΔΩΡΟΝ
1931 1463 2157 1546 ΤΟΝ
2231 1464 3040 1558 ΠΑΛΑΙΟΛΟΓΟΝ

1016 1612 1251 1680 Ῥηθεὶς
1281 1616 1656 1687 ἐπιδημήσειν
1670 1637 1769 1686 τος
1797 1623 1884 1686 είς
1915 1625 2393 1694 Πελοπόννησον
2431 1631 2537 1686 τοῦ
2565 1633 2894 1701 βασιλέως.

1197 1895 1466 1970 ru'ssun
1498 1913 1584 1969 AC
1615 1913 1885 1969 cumsr:
1919 1914 2225 1970 AMANTIS
2254 1915 2721 1974 lMPERATORlS

1841 2051 2066 2102 DOMlNl

2843 2115 2868 2136 ο

847 2211 1252 2368 MAN
1261 2215 1812 2371 UELIS
1901 2211 3046 2368 PALZEOLOGI

1617 2473 1961 2529 FUNEBRIS
1985 2471 2242 2528 ORATIO

784 2612 854 2668 1N
889 2611 1245 2669 PROPRIUM
1282 2613 1444 2670 EJUS
1506 2611 1834 2666 FRATREM
1909 2611 2275 2667 DESPOTAM
2339 2610 3094 2668 PORPllYROGENNETA.“

952 2770 1448 2846 DOMINUM
1489 2769 1763 2849 ΤΗΕο
1779 2768 2133 2846 DOBUM
2187 2769 2903 2846 PALIEOLOGUM

1202 2931 1386 2991 Dicta
1415 2949 1550 2992 eum
1588 2935 1928 3010 imperator
1959 2945 2111 2996 esset
2143 2935 2209 2995 in
2237 2929 2681 3008 Peloponneso.

403 3191 565 3244 Ἀλλὰ
592 3193 645 3244 τί
678 3194 770 3246 καὶ
808 3184 1104 3266 φθέγξομαι
1137 3199 1272 3268 πρὸς
1306 3199 1471 3268 ὑμᾶς,
1503 3195 1546 3254 ὦ
1583 3200 1881 3268 παρόντεςς

2054 3197 2346 3251 Enimvero
2366 3195 2494 3264 quid
2525 3195 2590 3249 ad
2623 3209 2718 3250 vos
2762 3193 2924 3248 etiam
2980 3193 3191 3262 loquar,
3251 3195 3550 3253 auditores,

322 3285 447 3357 μήτ’
485 3285 648 3348 αὐτὸς
673 3285 850 3354 λέγειν
874 3290 1096 3359 ἰσχύων,
1139 3291 1268 3360 μήθ’
1300 3294 1442 3362 ὑμᾶς
1471 3295 1609 3363 ὀρῶν
1648 3295 1883 3362 δυναμέ-

317 3389 438 3440 νους
469 3378 722 3448 καθαρὰν
743 3381 843 3451 τὴν
867 3381 1037 3447 ἀκοὴν
1068 3384 1326 3453 ὑποσχεῖν
1347 3388 1460 3448 τοῖς
1489 3386 1667 3452 λόγοις
1696 3402 1712 3450 ;
1750 3386 1880 3455 Ἐμέ

316 3487 374 3521 τε
405 3470 516 3538 γὰρ
543 3470 760 3536 ἀφωνία
807 3473 1072 3543 κατέσχεν
1101 3476 1206 3528 ὑπὸ
1250 3478 1348 3544 τῆς
1383 3479 1643 3546 μεγίστης
1675 3466 1882 3547 ταύτης

317 3560 626 3628 συμφορᾶς,
665 3560 809 3627 ὑμᾶς
847 3578 908 3613 τε
932 3562 1074 3615 τοῦτ’
1110 3559 1225 3616 οἶδα
1259 3566 1554 3631 παθόντας,
1598 3567 1692 3630 οὓς
1723 3571 1749 3621 ὁ
1785 3568 1880 3620 νῦν

315 3649 686 3718 θρηνούμενος
713 3651 1028 3719 διαγέγονεν
1061 3651 1120 3708 εὖ
1153 3657 1343 3710 ποιῶν.
1389 3659 1537 3710 Ἐπεὶ
1564 3659 1618 3710 δὲ
1661 3661 1880 3723 πάντως

313 3742 371 3792 οὐ
393 3743 787 3810 συγχωρήσετε
822 3747 1053 3813 σιωπᾷν,
1106 3746 1421 3811 ἐλπίζοντες
1455 3767 1511 3802 τε
1545 3751 1878 3820 ῥηθήσεσθαι

313 3829 662 3898 παρ’ήμῶν,
716 3831 852 3900 ὅπερ
915 3835 979 3885 ἂν
1018 3838 1150 3897 ῐσως
1207 3839 1448 3908 συμϐαίη
1509 3821 1572 3908 τῇ
1628 3840 1880 3910 παρούσῃ

313 3921 590 3989 συμφορᾷ,
645 3920 880 3988 ἐροῦμεν
926 3924 999 3985 ὡς
1028 3928 1250 3992 ἐφικτόν
1273 3945 1285 3958 ·
1319 3931 1443 3981 ἐπεὶ
1473 3931 1568 3980 καὶ
1618 3930 1775 3981 τοῦτό
1816 3946 1880 3994 γε

309 4013 746 4082 τεκμαιρόμεθα,
789 4014 864 4076 ὡς
893 4018 1014 4085 ἐμοί
1065 4019 1127 4082 γέ
1159 4036 1232 4088 πη
1269 4021 1651 4087 χαλεπαίνετε,
1695 4021 1770 4087 τῷ
1805 4020 1880 4087 μὴ

313 4106 400 4155 καὶ
430 4105 625 4157 θᾶττον
658 4105 911 4174 εἰρῆσθαι
947 4109 1269 4175 γιγνόμενόν
1303 4126 1379 4162 τι.
1413 4111 1573 4179 Δῆλοι
1619 4113 1725 4180 γάρ
1754 4117 1877 4164 ἐστε

310 4199 417 4257 τοῖς
455 4195 619 4259 ὅλοις,
656 4196 754 4264 τὴν
791 4197 884 4248 τοῦ
920 4198 1080 4264 λόγου
1117 4200 1380 4268 μέλλησιν
1423 4202 1584 4271 μόνον
1620 4205 1736 4272 οὐχὶ
1764 4204 1879 4254 δια-

311 4284 609 4354 ϐάλλοντες,
653 4292 715 4357 τῇ
754 4289 964 4359 γλώττῃ
1005 4291 1102 4358 μὲν
1138 4293 1406 4361 οὐδαμῶς,
1434 4297 1494 4346 οὐ
1525 4297 1631 4364 γὰρ
1661 4315 1874 4365 συγχω-
1906 4280 1911 4285 ⁸

313 4377 392 4438 ρεῖ
410 4376 467 4428 τὸ
494 4379 691 4440 πάθος,
717 4381 1029 4446 ὲνακμὰζον
1053 4385 1173 4443 ταῖς
1226 4384 1446 4454 ψυχαῖς,
1483 4387 1558 4454 τῷ
1590 4387 1644 4438 δὲ
1689 4389 1873 4448 ἀτενὲς

310 4464 386 4527 είς
412 4468 552 4534 ἡμᾶς
583 4469 743 4537 όρᾷν,
793 4471 888 4521 καὶ
916 4474 1026 4532 τοῖς
1058 4477 1335 4538 κοπετοῖς,
1380 4475 1474 4527 καὶ
1514 4475 1870 4544 ὀλοφυρμοῖς,

311 4559 400 4607 καὶ
425 4561 536 4620 τοῖς
566 4561 751 4623 ἄλλοις
774 4561 1000 4614 ἅπασιν.

393 4737 452 4788 Ἦ
486 4738 583 4804 μὲν
613 4735 708 4792 οὖν
733 4739 1030 4807 ἀπαίτησις
1066 4739 1284 4806 εὔλογος
1318 4743 1382 4795 ἂν
1421 4746 1513 4796 καὶ
1560 4747 1691 4814 παρ’
1719 4747 1872 4814 ὑμῶν

310 4829 530 4891 γένοιτο,
582 4830 678 4882 καὶ
724 4831 854 4897 παρ’
905 4832 1060 4898 ἡμῶν
1092 4833 1243 4894 τέλος
1295 4834 1482 4886 λάϐοι·
1519 4835 1700 4888 δικαία
1767 4838 1874 4906 γὰρ

309 4918 540 4994 δοθῆναι,
591 4923 1075 4989 πρὶναίτηθῆναι·
1139 4926 1340 4990 μᾶλλον
1399 4927 1454 4978 δὲ
1515 4929 1864 4996 ἀποδοθῆναι,

1985 3289 2076 3358 qui
2107 3303 2209 3344 nec
2233 3289 2349 3357 ipse
2394 3290 2598 3341 valeam
2657 3286 2859 3348 dicere,
2921 3301 3126 3356 vosque
3173 3287 3382 3342 videam
3439 3305 3542 3341 non

1983 3381 2223 3434 valentes
2252 3394 2440 3448 puram
2486 3378 2826 3433 sermonibus
2876 3393 3060 3432 aurem
3098 3380 3550 3433 accommodare?

1979 3470 2114 3527 Cum
2147 3485 2234 3524 me
2289 3472 2432 3524 enim
2468 3469 2790 3522 calamitatis
2823 3468 2986 3536 hujus
3017 3468 3382 3541 immensitate
3407 3478 3548 3520 alto-

1983 3563 2156 3616 nitum
2181 3577 2282 3614 vox
2313 3560 2450 3629 fugit
2484 3577 2498 3623 ;
2532 3571 2640 3613 tum
2691 3545 2788 3613 vos
2838 3562 3024 3613 eadem
3075 3573 3293 3628 quoque
3343 3559 3551 3612 ratione

1981 3653 2094 3708 scio
2121 3652 2283 3711 allici,
2305 3667 2441 3720 quos
2482 3652 2562 3703 vir
2597 3651 2647 3704 in
2676 3651 3084 3719 prmsentiarum
3126 3649 3376 3703 lamentis
3423 3665 3550 3715 pro-

1981 3742 2318 3810 sequendus,
2351 3741 2608 3810 pneclare
2659 3742 2792 3795 adeo
2838 3742 3125 3796 demeruit.
3179 3741 3316 3806 Quia
3367 3751 3546 3793 latum

1983 3834 2122 3885 haud
2150 3832 2374 3884 omnino
2407 3834 2538 3884 estis
2569 3831 2769 3883 silentii
2819 3831 3131 3884 facultatem
3189 3831 3407 3894 facturi,
3452 3832 3547 3897 qui

1981 3925 2120 3978 forte
2150 3924 2353 3991 aliquid
2388 3925 2638 3989 praesenti
2667 3939 2961 3991 congruum
3005 3924 3299 3978 calamitati
3333 3925 3548 3977 auditu-

1983 4032 2070 4070 ros
2101 4016 2350 4084 speretis,
2387 4014 2574 4080 utiquc
2616 4029 2711 4079 pro
2741 4015 3114 4084 viriliquoque
3135 4016 3422 4070 dicendqu
3453 4019 3541 4070 sit.

1982 4109 2110 4161 Nam
2143 4116 2194 4159 et
2221 4108 2350 4160 mihi
2391 4107 2576 4157 videor
2603 4107 2781 4159 videre
2808 4119 3213 4171 succensentes,
3265 4111 3411 4178 quod
3438 4127 3542 4162 non

1980 4201 2140 4254 citius
2166 4215 2340 4267 opera:
2362 4199 2588 4267 pretium
2626 4199 2829 4266 aliquid
2861 4201 3115 4254 dixerim.
3137 4202 3343 4270 Quippe
3367 4205 3548 4255 omm-

1978 4291 2077 4344 bus
2109 4291 2330 4358 liqueat,
2370 4300 2420 4340 ut
2459 4290 2943 4355 tantumnoudetis
2985 4292 3204 4344 crimini
3232 4308 3540 4345 sermonem

1962 4384 2242 4458 _bactenus
2277 4382 2553 4434 distulisse
2585 4403 2597 4435 :
2629 4379 2772 4436 haud
2814 4384 3031 4450 quidem
3079 4385 3128 4437 id
3181 4385 3396 4450 lingua;
3438 4400 3543 4434 non

1977 4475 2123 4528 enim
2152 4473 2304 4524 dolor
2355 4474 2539 4542 vigens
2588 4475 2804 4533 animis.
2843 4475 2971 4527 sinit
3003 4475 3133 4534 ;sed
3187 4476 3424 4528 vultibus
3491 4475 3541 4526 in

1908 4565 1949 4618 Β
1978 4580 2076 4617 nos
2109 4563 2350 4624 intentis.
2379 4565 2814 4634 βιιιιιοιὶὺυεψιρ,
2847 4577 2900 4619 et
2929 4567 3242 4635 ejulatibus,
3283 4581 3345 4619 ac
3365 4565 3540 4618 omni—

1979 4657 2078 4708 bus
2113 4657 2258 4708 aliis.

2046 4747 2180 4800 Cum
2223 4763 2354 4801 sane
2386 4747 2497 4800 haec
2522 4765 2550 4800 a
2584 4747 2736 4802 vobis
2756 4739 2946 4802 merito
2996 4749 3306 4816 exigantur,
3361 4757 3470 4801 tum
3509 4765 3536 4800 ιι

1976 4839 2134 4891 nobis
2157 4852 2318 4906 opere
2337 4839 2741 4906 compleantur;
2776 4855 2894 4907 quae
2927 4841 2996 4892 sit
3018 4841 3223 4906 justum
3256 4851 3539 4902 praestare,

1977 4930 2056 4981 vel
2099 4929 2142 4983 si
2177 4945 2340 4983 nemo
2367 4932 2585 4999 exigat:
2622 4946 2714 4984 seu
2752 4934 2930 4998 potius
2973 4933 3219 4995 reddere,
3243 4942 3534 5000 antequam

311 5010 397 5057 καὶ
422 5011 524 5078 πρὸ
567 5011 665 5062 τοῦ
698 5010 898 5079 ταύτην
931 5013 1317 5081 ἀπαιτηθῆναι.
1357 5017 1464 5067 Καὶ
1520 5017 1695 5083 ἔγωγε
1759 5020 1862 5085 τὴν

1973 5024 2134 5074 etiam
2169 5023 2366 5090 aliquis
2417 5032 2639 5089 repetat.
2696 5021 2954 5088 Equidem
3005 5039 3032 5075 a
3080 5025 3251 5090 prima
3295 5023 3407 5092 jam
3453 5025 3540 5076 die

310 5098 526 5168 πρώτην
557 5101 621 5153 ἂν
652 5102 1012 5154 ἀποδεδώκειν
1042 5104 1102 5154 τὸ
1124 5107 1300 5172 χρέος,
1327 5109 1370 5158 εί
1402 5105 1511 5169 οἷός
1542 5126 1595 5160 τι
1631 5105 1698 5178 ἦν
1723 5110 1859 5162 ἀπο-

309 5188 480 5242 δοῦναι
502 5205 515 5220 °
551 5191 652 5241 οὐκ
679 5192 917 5259 εὐχερῶς
955 5193 998 5244 δ’
1025 5193 1091 5246 ἂν
1122 5195 1430 5265 δυνηθείην,
1460 5198 1536 5267 τῷ
1573 5199 1671 5266 τῆς
1708 5201 1862 5267 μεγί-

313 5293 435 5347 στης
467 5281 696 5347 ταυτησὶ
747 5285 1029 5350 συμφορᾶς
1067 5284 1398 5354 βεϐλημένος
1421 5290 1605 5341 πάθει.
1653 5291 1769 5358 Ἀφ’
1801 5285 1867 5358 ἧς

311 5369 412 5438 γὰρ
435 5372 810 5440 καταγόμενος
843 5376 958 5434 ταῖς
989 5377 1196 5440 ναυσὶν,
1240 5374 1379 5428 εἶδόν
1410 5396 1460 5430 τι
1511 5381 1677 5447 μέρος
1710 5381 1868 5449 τῆσδε

308 5459 401 5521 τῆς
431 5465 550 5529 γῆς,
593 5465 661 5532 ἦν
693 5465 812 5516 ποτ’
851 5467 1054 5527 ἐκεῖνος
1089 5471 1396 5538 πεπάτηκε,
1430 5471 1612 5538 θηρῶν
1653 5474 1868 5536 πάντως

310 5549 339 5613 ἢ
373 5554 705 5620 στρατηγῶν,
742 5557 800 5608 τὸ
836 5558 934 5623 μὲν
962 5557 1198 5625 δάκρυον
1233 5564 1862 5632 προχεῖταικρουνηδόν·

310 5640 510 5702 ἀφωνία
551 5645 604 5696 δὲ
662 5648 904 5716 κατέχει,
939 5650 1030 5700 καὶ
1081 5650 1180 5700 οὐκ
1210 5653 1270 5719 ἐᾷ
1299 5652 1651 5720 φθέγγεσθαι.
1695 5655 1866 5715 Αὐτὸς

314 5733 411 5796 γάρ
451 5727 596 5798 οὖτος
633 5739 659 5790 ὁ
695 5739 889 5808 χῶρος,
920 5741 975 5792 ὃν
1010 5743 1215 5805 ἐκεῖνος
1246 5742 1302 5796 εὖ
1344 5747 1514 5798 ποιῶν
1560 5748 1863 5800 διατετελέ-

1969 5114 2208 5167 debitum
2232 5115 2548 5167 redditurus
2580 5129 2751 5176 eram,
2798 5123 2854 5165 ut
2881 5130 2970 5180 per
2997 5114 3307 5168 facultatem
3356 5116 3546 5170 licuis-

1973 5211 2108 5257 set:
2162 5204 2303 5256 haud
2358 5218 2508 5266 vero,
2559 5219 2717 5270 quem
2783 5220 2946 5273 grave
3004 5208 3135 5256 adeo
3171 5207 3366 5260 vulnus
3410 5209 3541 5259 dira-,2

1976 5296 2137 5362 hujus
2173 5296 2498 5370 calamitatis
2545 5297 2786 5359 incessit,
2835 5299 3038 5365 possim
3084 5299 3263 5352 facile.
3305 5299 3382 5352 Ex
3431 5315 3542 5365 quo

1977 5387 2120 5439 enim
2206 5387 2492 5454 applicatis
2571 5389 2824 5451 navibus,
2889 5398 3080 5444 vestra:
3164 5392 3324 5458 hujus
3405 5405 3538 5453 orte,

1979 5491 2139 5542 quam
2171 5477 2259 5528 ille
2287 5477 2561 5544 quondam
2589 5487 2681 5531 aut
2714 5479 2940 5530 cinnin
2971 5491 3190 5540 venatu,
3213 5489 3305 5530 aut
3353 5479 3540 5542 copias

1977 5564 2534 5629 ducens,ambulavit,
2557 5568 3016 5636 partem'aliquam
3044 5571 3249 5636 aSpexi,
3269 5568 3540 5634 proﬂuunt

1977 5656 2231 5723 lacrymze
2287 5657 2526 5711 lluiniuis
2606 5659 2798 5721 instar,
2845 5676 3012 5726 osque
3063 5637 3270 5712 mutum
3327 5671 3539 5706 si-rnm-

1976 5764 2040 5800 ne
2074 5748 2364 5801 interdicit.
2418 5749 2506 5801 illa
2563 5751 2704 5805 enim
2767 5753 2878 5805 inec
2945 5752 3088 5816 regio
3149 5765 3307 5814 quam
3341 5748 3414 5798 sic
3451 5748 3538 5801 ille
