4166 6270
444 319 547 379 185

1227 316 1625 378 ΤΠΕΟΒΟΒΙ
1671 301 2038 378 Dusrom
2084 310 2475 376 nummo
2518 318 2926 380 summus.

3609 315 3709 378 18‘}

439 430 500 482 οὐ
541 429 644 496 μὴν
677 425 722 478 δ’
753 426 833 488 εἷς
870 425 1170 496 τοῦσχατον
1216 427 1373 495 δόξης
1401 430 1765 500 ἐληλακὸτων.
1818 434 1911 485 καὶ
1953 434 2012 484 τδ

2125 427 2312 495 patria,
2348 427 2436 494 qui
2478 427 2715 480 illustres
2745 428 2965 495 quidem
2999 437 3063 480 ac
3087 424 3401 491 elari,haud
3435 434 3617 480 tamen
3640 428 3705 480 ad

442 521 647 592 μηδένα⁴
679 517 969 585 λεληθέναι
1006 519 1073 570 τὰ
1101 519 1240 571 κατὰ
1284 524 1442 589 σφᾶς,
1472 522 1671 588 ἁγαθός
1703 541 1765 590 γε
1804 527 2014 585 πάντως

436 615 468 664 6
499 611 696 679 νόμος·
736 611 827 663 ἵνα
871 611 1110 682 τοσαύτη
1143 615 1436 681 περιουσία
1483 593 1900 684 λαμπρότητος,
1939 616 2015 676 ὡς

443 703 640 773 μηδέσι
674 703 786 756 τῶν
814 703 1103 771 πρωτείων
1131 710 1506 778 παραχωρεῖν,
1567 705 1701 784 μηδὲ
1731 708 2016 776 λεληθέναι

437 795 538 860 τῆς
571 796 675 862 γῆς
723 793 795 845 τὰ
844 794 1081 862 πέρατα,
1131 795 1199 847 τὰ
1251 798 1403 864 σφῶν
1437 797 1890 868 πλεονεκτήματα
1921 799 2018 849 καὶ

440 885 541 954 τὴν
571 882 790 952 ἀρετὴν,
828 883 1062 952 μάλιστα
1091 885 1308 939 πάντων
1329 887 1358 938 6
1383 886 1545 956 νόμος
1565 882 1721 952 οὗτος
1748 890 1809 941 οὐ
1832 907 2018 957 περιο-

443 975 609 1036 πτέος
644 972 844 1036 δόξειεν
868 974 953 1026 ἄν.
987 965 1060 1026 Τὸ
1083 976 1194 1046 γὰρ
1228 978 1493 1047 ὑπερέχον
1516 979 1720 1033 τούτων
1755 981 1813 1031 ὲν
1844 975 2014 1034 ἅπασι

444 1067 663 1120 πάντων
717 1066 882 1118 ἓνεκα
920 1061 956 1137 ἦ
987 1066 1089 1118 πού
1115 1085 1178 1136 γε
1209 1067 1485 1138 θαύματος
1516 1071 1686 1136 ἄξιον.
1719 1074 1830 1124 Καὶ
1863 1064 2026 1124 τοῦτό

443 1174 507 1224 γε
541 1160 856 1227 συνίστησιν
886 1161 914 1210 ὁ
945 1161 1124 1212 πάντα
1157 1160 1294 1231 λήθῃ
1327 1163 1603 1230 παραδοὺς
1652 1166 1868 1233 χρόνος,
1893 1163 2019 1216 ἀτο-

441 1252 612 1318 νήσας
648 1242 908 1304 ἐνταυθοῖ
941 1253 1002 1304 τὸ
1041 1251 1234 1316 εἰωθὸς
1283 1255 1433 1323 αὐτῷ
1476 1257 1700 1324 δρᾶσαι.
1758 1245 1871 1306 Κοιῖ
1910 1255 2019 1323 γὰρ

440 1343 682 1414 τοσούτῳ
745 1345 891 1413 μέγα
956 1345 1408 1413 ὑπερηκόντισαν
1462 1349 1642 1415 συχνῇ,
1691 1345 2021 1413 περιφανείᾳ

441 1437 534 1487 καὶ
570 1437 915 1506 κοσμιότητι,
951 1438 1046 1488 καὶ
1072 1440 1138 1507 τῇ
1165 1438 1272 1489 τῶν
1301 1439 1522 1508 τρόπων
1549 1439 1904 1506 χρηστότητι,
1931 1438 2021 1490 καὶ

440 1530 508 1592 τῇ
537 1527 646 1578 τῶν
675 1529 953 1594 τροπαίων
972 1529 1342 1598 λαμπρότητι,
1375 1530 1486 1598 ὅσῳ
1519 1528 1652 1598 μηδὲ
1679 1528 1861 1598 ῥᾴδιον
1882 1524 2022 1580 εἶναι

429 1619 638 1695 δεῖξαι.
672 1621 783 1672 Καὶ
806 1622 966 1673 τοῦτο
986 1621 1177 1689 λέληθε
1201 1622 1298 1689 μὲν
1327 1621 1434 1673 οὐδ’
1457 1623 1695 1673 ὁντινοῦν
1720 1621 1829 1674 τῶν
1854 1623 2022 1674 ἀπάν-

397 1698 553 1761 ”’των
579 1727 592 1740 °
633 1714 870 1780 παρέχει
903 1713 957 1764 δὲ
987 1714 1198 1774 πάντας
1245 1713 1566 1780 θαυμάζειν,
1598 1712 1690 1776 οὖς
1725 1731 1787 1780 γε
1835 1715 1897 1767 οὐ
1933 1714 2018 1766 λέ-

447 1800 633 1867 ληθεν.
683 1803 852 1855 Ἔνθα
887 1803 951 1871 δὴ
996 1804 1170 1857 ταῦτα
1203 1805 1561 1875 συνέδραμεν,
1588 1806 1616 1856 6
1647 1806 1810 1874 νόμος
1859 1807 2024 1874 ἀναγς

448 1889 754 1949 καιότατος.
795 1890 950 1943 Ἔστι
982 1891 1182 1947 ταῦτα.

531 1978 672 2043 Ἐγὼ
697 1980 751 2032 δὲ
785 1981 1047 2051 βούλομαι
1075 1982 1171 2037 νῦν
1201 1985 1376 2038 είπεῖν
1398 1985 1572 2055 βίαιον
1591 1986 1692 2052 μέν
1720 2005 1864 2041 τισιν
1891 1987 2026 2050 ἴσως.

443 2069 620 2134 δόξον,
654 2073 851 2144 ἀληθὲς
880 2074 926 2127 δ’
948 2076 1042 2128 οὖν
1069 2071 1226 2144 οἶμαι
1257 2079 1657 2147 φανησόμενον.
1700 2079 1762 2133 Ὀ
1798 2081 1906 2152 γάρ
1932 2081 2022 2134 νό-

445 2179 545 2230 μος
585 2165 883 2232 ἀναγκαῖος
932 2165 1008 2230 ὡς
1052 2167 1293 2236 ἀληθῶς,
1347 2172 1408 2223 οὐ
1442 2173 1554 2241 μὴν
1598 2173 1648 2225 δ’
1678 2174 1774 2226 ἐπὶ
1802 2175 2022 2228 πάντων

442 2251 615 2315 οὕτως
649 2255 860 2317 ἁπλῶς.
891 2256 1011 2309 Ἵνα
1035 2257 1146 2326 γὰρ
1178 2259 1488 2328 συνέδραμε
1511 2261 1766 2324 τοσοῦτος
1799 2263 1897 2330 μὲν
1921 2280 2023 2316 σω-

445 2345 538 2413 ρὸς
596 2346 838 2412 ἀγαθῶν,
900 2349 997 2401 καὶ
1034 2351 1257 2428 ημηδένα
1306 2351 1501 2421 λέληθε
1549 2354 1661 2406 τῶν
1718 2354 2022 2419 ἁπάντων,

446 2437 678 2506 παρέχει
710 2427 768 2490 δὲ
805 2439 940 2491 πᾶσι
968 2427 1295 2507 θαυμάζειν,
1337 2442 1800 2511 ὲκπληττομένοις
1830 2445 1898 2496 τὰ
1929 2461 2027 2497 καο

445 2527 797 2595 τορθώματα,
831 2529 932 2580 οὐκ
963 2530 1264 2596 ἀναγκαῖος
1316 2531 1343 2583 6
1372 2531 1541 2601 νόμος
1587 2526 1743 2597 οὗτος
1779 2533 1927 2602 αὐτῷ
1961 2551 2027 2602 γε

444 2618 624 2687 τούτῳ
652 2658 667 2683 ,
701 2614 744 2686 ᾧ
769 2637 831 2686 γε
855 2622 967 2682 τοῖς
1001 2622 1184 2684 ἄλλοις
1237 2625 1537 2693 ἀναγκαῖος
1568 2621 1710 2682 εἶναι
1738 2623 1909 2682 δοκεῖ.
1935 2633 2027 2680 Δι-

446 2711 640 2772 καίως.
677 2712 774 2765 Διὰ
803 2712 890 2778 τίς
921 2713 1044 2766 ’Ότι
1074 2715 1166 2767 τὸν
1190 2717 1354 2785 νόμον
1389 2714 1544 2786 οἶμαι
1576 2721 1854 2791 τετάχθαι,
1882 2723 2029 2786 ὅπως

444 2805 494 2854 cl
547 2803 708 2873 ῥίζης
754 2805 968 2871 ἀγαθῆς
1022 2809 1080 2858 ἐν
1137 2808 1327 2878 ἀγαθῴ
1386 2813 1810 2882 πεφυτευμένης
1843 2813 2028 2883 χωρίῳ

445 2898 641 2963 ἀγαθοὶ
672 2899 808 2951 πᾶσι
833 2899 1109 2974 δειχθῶσι,
1151 2901 1245 2956 καὶ
1278 2902 1386 2973 πρὸ
1426 2904 1522 2956 τοῦ
1554 2905 1644 2958 τὸν
1692 2905 1806 2975 βίον
1838 2909 2026 2970 αὐτοῖς

445 2991 702 3056 φανῆναι,
749 2992 846 3042 καὶ
896 2993 1046 3062 παρὰ
1081 2993 1300 3047 πάντων
1355 2997 1736 3067 ἐπαινεθῆναι.
1807 3000 2024 3055 Ὀποῖον

2119 533 2396 573 summum
2433 519 2620 588 gloriae
2666 519 2878 572 culmen
2921 533 3168 580 evasere,
3202 531 3268 570 ac
3312 528 3369 570 ιιι
3421 532 3486 570 ne
3544 533 3705 587 quem

2117 628 2305 666 eorum
2346 627 2433 666 res
2469 613 2716 677 lateant;
2767 613 2901 666 bene
2957 627 3186 681 prorsus
3219 609 3308 664 illa
3354 611 3550 677 habet;
3613 612 3707 666 ubi

2118 713 2299 759 autem
2336 717 2528 756 eorum
2556 703 2744 770 gloria:
2769 710 2954 757 tantus
2979 709 3272 770 exsuperat
3323 701 3600 763 cumulus,
3645 709 3706 754 ut

2118 802 2195 851 ne'
2215 796 2304 850 cui
2341 796 2547 864 primas
2573 805 2754 864 partes
2783 795 3119 857 cedant,nec
3133 794 3709 861 corumprmrogativa‘.

2117 900 2181 939 ac
2231 885 2449 953 virtus.;
2479 885 2628 938 orbis
2669 884 2875 938 lateam
2906 884 3061 937 ’t’ines
3099 899 3113 945 ;
3143 893 3272 935 tunc
3305 882 3544 935 maxime
3600 895 3708 933 non

2117 977 2419 1043 spernenda
2477 977 2747 1029 videatur.
2788 976 2958 1030 Tanta
2993 977 3194 1044 quippe
3215 989 3404 1028 eorum
3438 973 3492 1026 in
3531 974 3713 1025 omni-

2120 1066 2242 1126 bus,
2281 1082 2344 1119 ac
2369 1068 2528 1120 omni
2554 1076 2709 1133 parte
2748 1067 3098 1131 excellentia,
3130 1067 3247 1135 jure
3285 1065 3481 1152 merito
3531 1064 3711 1116 adrni-

2119 1160 2320 1210 rationi
2378 1159 2668 1213 habeatur.
2744 1160 2916 1225 ldque
2977 1174 3111 1212 sane
3174 1160 3342 1213 etiam
3421 1155 3712 1211 conﬁrmat

2122 1255 2361 1314 tempus,
2480 1247 2626 1314 quod
2726 1249 3151 1306 universorum
3212 1245 3548 1299 oblivionem
3628 1245 3710 1297 fa-

2123 1339 2294 1401 ciens,
2362 1338 2449 1390 hic
2517 1346 2700 1390 tamen
2782 1338 3090 1406 nequiverit
3134 1348 3392 1406 prvestare
3439 1335 3586 1406 quod
3631 1347 3715 1388 est
3748 1335 3790 1404 ’ἶ

2124 1432 2524 1498 comparatum.
2556 1427 2734 1483 Tanto
2769 1431 3036 1499 siquidem
3071 1445 3301 1484 excessu
3356 1436 3710 1496 superarunt,

2123 1521 2317 1574 crebra
2343 1523 2515 1589 gloria
2550 1536 2614 1576 ac
2649 1523 2956 1582 honestate,
2987 1535 3317 1590 morumque
3348 1521 3607 1581 bonitate,
3648 1534 3712 1572 ac

2125 1623 2451 1681 lropa‘orum
2488 1613 2806 1682 splendore,
2840 1624 3022 1668 utnec
3057 1613 3217 1667 facile
3249 1614 3460 1668 Ostendi
3513 1613 3708 1682 possit,

2121 1718 2296 1771 eaque
2337 1719 2426 1757 res
2455 1704 2730 1757 neminem
2757 1707 2925 1756 latere
2964 1705 3139 1773 potuit
3183 1705 3613 1770 ;convcrtitque
3657 1703 3710 1755 in

2126 1795 2564 1859 admirationem,
2593 1794 2637 1848 si
2677 1810 2816 1861 quos
2850 1811 2954 1849 non
2991 1795 3170 1850 latuit.
3209 1793 3310 1850 Ubi
3335 1812 3467 1851 sane
3502 1812 3565 1850 ea
3581 1811 3713 1850 con-

2126 1887 2423 1951 currerint,
2459 1887 2712 1940 videatur
2739 1887 2827 1941 lex
2856 1904 3068 1942 summe
3101 1889 3438 1943 necessaria.
3462 1887 3534 1941 lta
3557 1902 3710 1940 vero.

2194 1975 2462 2032 Caeterum
2492 1979 2668 2033 libens
2710 1981 2909 2042 dicam,
2936 1979 3080 2049 quod
3108 1979 3250 2033 forte
3284 1980 3566 2032 nonnullis
3605 1977 3709 2030 du-

2124 2070 2243 2124 rius
2279 2071 2552 2140 videatur,
2579 2084 2637 2124 ιιι
2677 2081 2856 2125 tamen
2907 2073 3157 2124 veritatis
3205 2070 3445 2140 speciem
3491 2071 3713 2122 habitu-

2124 2179 2243 2218 rum
2278 2171 2484 2234 putem.
2531 2161 2699 2217 Plane
2731 2165 2953 2233 quidem
3007 2163 3317 2218 necessuia
3373 2163 3502 2228 lex;
3562 2161 3706 2214 haud

2123 2267 2307 2311 tamen
2342 2257 2666 2326 simpliciter
2697 2260 2854 2320 adeo,
2899 2266 2958 2310 ut
2988 2266 3300 2323 spectemus
3340 2271 3555 2310 omnes.
3609 2253 3712 2308 Ubi

2124 2349 2269 2401 enim
2306 2348 2496 2415 ingens
2531 2348 2664 2401 adeo
2693 2350 2975 2402 concurrit
3010 2349 3276 2402 bonorum
3305 2347 3584 2411 cumulus,
3609 2361 3713 2400 nec

2127 2439 2271 2494 ullos
2293 2440 2516 2492 omnino
2550 2441 2700 2502 latet,
2733 2456 3038 2507 omnesque
3061 2441 3334 2494 Convertit
3361 2442 3414 2493 in
3461 2438 3706 2493 admira-

2131 2532 2363 2594 tionem,
2401 2533 2745 2599 stnpentibus
2787 2533 3046 2585 omnibus
3073 2532 3292 2594 merita;
3318 2531 3460 2584 haud
3487 2545 3712 2598 prorsus

2129 2625 2438 2677 necessaria
2473 2622 2746 2687 videatur,
2777 2639 2840 2676 eo
2871 2623 3013 2690 ipso,
3045 2638 3153 2691 quo
3189 2624 3311 2676 aliis
3345 2625 3594 2676 videatur
3614 2639 3711 2676 nc-

2129 2714 2387 2767 cessaria.
2419 2713 2492 2769 ita
2531 2716 2745 2768 merito.
2775 2713 3048 2780 Quorsum
3069 2731 3199 2769 vero
3221 2715 3244 2768 ?
3265 2715 3422 2780 Quod
3442 2715 3701 2767 nimirum

2130 2825 2190 2862 ea
2221 2796 2435 2862 ratione
2462 2809 2774 2864 existimem
2799 2809 3243 2878 positam,utqui
3266 2826 3330 2862 ex
3359 2809 3499 2863 bona
3521 2807 3708 2861 radice

2128 2902 2274 2956 bono
2307 2914 2422 2956 sa-ta
2457 2904 2576 2958 solo
2605 2902 2948 2972 prodierunt,
2972 2903 3096 2955 boni
3134 2903 3392 2955 omnibus
3412 2900 3710 2954 ostendan-

2129 3003 2240 3059 tur,
2274 3010 2398 3049 cum
2421 2995 2652 3049 necdum
2683 2997 2848 3049 etiam
2878 3011 3068 3050 eorum
3109 2997 3215 3048 vita
3257 2995 3322 3049 sit
3369 2994 3606 3063 prodita,
3646 3008 3712 3045 ac

444 3085 557 3153 γὰρ
587 3081 705 3156 ἂνῇ
745 3086 806 3136 τὸ
839 3087 1026 3152 φυτὸν,
1059 3090 1154 3141 καὶ
1185 3089 1240 3142 τδ
1264 3092 1465 3160 χοιρίον
1493 3095 1550 3144 ὲν
1582 3087 1624 3159 ᾧ
1660 3093 2020 3162 πεφύτευται,

2128 3087 2375 3141 omnium
2427 3103 2523 3141 ore
2579 3087 2824 3143 laudata.
2869 3087 3060 3153 Qualis
3103 3088 3245 3141 enim
3303 3095 3389 3140 est
3433 3088 3616 3147 arbor,
3647 3099 3712 3136 ac

443 3176 686 3228 τοιοῦτον
718 3179 929 3249 ἀνάγκη
964 3180 1055 3231 καὶ
1101 3181 1192 3232 τὸν
1238 3183 1451 3251 καρπὸν
1483 3185 1615 3236 αὐτὸ
1650 3185 1859 3256 φέρειν.
1901 3189 2012 3241 Ἐν-

442 3267 614 3318 ταῦθα
647 3269 823 3320 τοίνυν
860 3270 1130 3338 παρέλκον
1181 3265 1336 3340 οἶμαι
1390 3275 1552 3327 τοῦτο
1587 3279 1685 3330 καὶ
1735 3281 2010 3348 περιττόν.

453 3360 512 3413 ’0
542 3363 649 3430 γὰρ
678 3363 756 3432 τῷ
784 3363 934 3433 νόμῳ
989 3367 1192 3430 σκοπὸς
1241 3366 1432 3439 ὥσπερ
1465 3370 1773 3440 αὐτόματον
1804 3371 2016 3440 φθάσαν

443 3455 657 3522 γέγονε.
693 3456 790 3518 Τίς
838 3459 946 3527 γὰρ
978 3459 1088 3512 τῶν
1121 3461 1341 3514 πάντων
1363 3462 1463 3516 οὐκ
1493 3457 1652 3528 οἶδεν,
1679 3463 1754 3529 ὡς
1795 3465 1879 3536 εῐη
1919 3467 2018 3536 μὲν

445 3547 478 3613 ἠ
504 3547 737 3617 μεγίστη
791 3548 966 3613 πόλις,
1002 3551 1102 3620 τὴν
1154 3554 1571 3607 Κωνσταντίνου
1621 3558 1786 3627 φημὶ,
1818 3564 2018 3628 πατρὶς

448 3637 640 3706 ἐκείνῳ
714 3638 919 3707 τάνδρὶ,
954 3642 1046 3694 καὶ
1088 3644 1151 3709 δὴ
1183 3646 1278 3695 καὶ
1312 3646 1457 3710 γένει
1506 3647 1583 3716 τῷ
1612 3648 1845 3712 ἐκείνου,
1878 3648 2019 3704 ὥστε

448 3729 544 3779 καὶ
581 3729 786 3780 δεῖσθαι
837 3731 968 3800 παρ’
1007 3733 1193 3801 ἑτέρου
1234 3736 1396 3788 τοῦτο
1448 3739 1782 3804 μανθάνειν;
1841 3741 1936 3800 Τίς
1966 3741 2023 3791 δὲ

447 3819 653 3886 ταύτης
679 3818 794 3888 ἔχει
851 3821 1182 3888 μνησθῆναι,
1244 3829 1338 3877 καὶ
1390 3829 1500 3882 τῶν
1554 3831 2024 3896 φυσάντων,ἇνευ

449 3913 744 3981 ἐγκωμίων
778 3913 1090 3981 μεγίστων;
1124 3917 1438 3983 Θαυμάζων
1469 3922 1527 3973 δέ
1565 3939 1650 3984 τις
1707 3925 1808 3992 τήν
1835 3941 1895 3975 τε
1924 3941 2027 3976 παι

448 4005 624 4073 τρέδα,
662 4004 787 4068 τούς
839 4022 899 4057 τε
925 4008 1155 4072 γονέας,
1203 4010 1319 4070 πῶς
1356 4011 1471 4079 οὐχὶ
1510 4014 1605 4065 καὶ
1635 4013 1729 4066 τὸν
1765 4018 1828 4066 ὲκ
1862 4015 2028 4069 τῶνδε

449 4096 658 4159 τούτοις
691 4097 1102 4167 συνεθαύμα-σεν
1130 4101 1230 4167 av;
1267 4103 1393 4155 Ὀτι
1433 4106 1615 4158 τοίνυν
1647 4109 1822 4161 ταῦτα
1860 4108 2026 4173 οὕτω,

454 4189 549 4240 και
585 4187 777 4241 οὐδένα
808 4189 1000 4260 λέληθε
1046 4192 1114 4246 τὰ
1153 4197 1294 4247 κατὰ
1337 4196 1436 4248 τὸν
1458 4197 1555 4249 νῦν
1580 4198 2028 4270 εὐφημούμενον,

459 4279 671 4348 μήποτε
691 4282 985 4350 περίεργον
1100 4288 1532 4349 κατασκευάζειν
1564 4289 1686 4342 λίαν
1719 4292 1911 4358 σαφὲς,
1937 4295 2030 4343 καὶ

451 4371 717 4425 δεικνύειν
740 4377 1037 4443 ἐπιχειρεῖν
1065 4378 1125 4428 τὸ
1179 4379 1366 4448 μηδενὶ
1394 4382 1798 4451 κρυπτόμενον.
1839 4381 1898 4436 ’0
1922 4383 2032 4453 γὰρ

449 4464 743 4530 διδάσκειν,
801 4462 981 4533 οἶμαι,
1029 4469 1378 4537 βουλόμενος,
1412 4473 1488 4534 ὡς
1538 4475 1571 4544 ἡ
1611 4475 2028 4529 Κωνσταντίνου

450 4554 588 4620 τῷδε
620 4560 820 4624 πατρὶς
841 4597 856 4622 ,
893 4561 986 4611 καὶ
1012 4563 1191 4622 γονεῖς
1233 4565 1282 4615 ot
1313 4563 1520 4634 ταύτης
1544 4568 1907 4636 κοσμήτορες,
1933 4568 2026 4620 καὶ

452 4646 628 4716 ἀγαθή
662 4665 724 4714 γε
774 4650 946 4720 τούτῳ
979 4653 1129 4720 καὶὴ
1169 4655 1367 4720 πατρὶς
1399 4657 1492 4708 καὶ
1520 4657 1568 4707 oi
1603 4658 1897 4723 φύσαντες,
1924 4676 2028 4711 πα-

455 4739 757 4808 ραπλήσιον
803 4742 870 4794 ἂν
911 4743 998 4810 εἴη
1033 4745 1226 4807 ποιῶν,
1259 4745 1451 4815 ὥσπερ
1489 4747 1554 4801 ἂν
1587 4750 1635 4799 εἰ
1663 4750 1789 4812 τοὺς
1817 4751 2028 4819 ἀνθρώ-

450 4846 584 4892 πους
607 4833 880 4884 διδάσκειν
906 4833 1180 4900 ἐϐούλετο,
1212 4838 1523 4907 πληθούσης
1552 4840 1654 4908 τῆς
1674 4842 1904 4910 ἀγορᾶς,
1933 4845 2028 4898 καὶ

450 4925 551 4988 τῆς
583 4925 800 4986 ἀκτῖνος
833 4926 1076 4989 ἅπαντας
1131 4930 1560 5002 θερμαινούσης,
1615 4934 1755 5003 ὑπὲρ
1802 4937 1905 5004 γῆν
1935 4938 2026 4988 τὸν

449 5016 605 5084 ἥλιον
638 5014 798 5070 εἶναι.

528 5107 600 5158 Uti
636 5108 739 5178 μὴν
767 5111 901 5163 ἀλλὰ
943 5113 1037 5164 καὶ
1067 5114 1190 5181 τῇδε
1242 5119 1620 5186 παραδραμών
1675 5137 1757 5181 τις
1789 5119 2026 5172 ἐνταῦθα

449 5199 663 5250 τουτονὶ
715 5201 804 5251 τὸν
843 5204 955 5263 τοῖς
1001 5205 1248 5272 ἀρχαίοις
1309 5207 1535 5259 τεθέντα
1593 5209 1756 5274 νόμον
1803 5210 2023 5279 ἄριστον

450 5292 743 5358 ὅντα,οὒτε
785 5295 937 5364 παρὰ
982 5297 1089 5349 τῶν
1125 5297 1369 5364 θεμένων
1407 5297 1562 5367 οἶμαι
1617 5302 1704 5352 τὸν
1741 5303 1926 5370 νόμον.
1976 5307 2022 5354 εἰ

453 5384 534 5435 ἔτι
573 5384 692 5453 μεθ’
725 5386 882 5452 ἡμῶν
930 5382 1103 5454 ἦσαν,
1139 5388 1263 5440 οὒτε
1301 5390 1431 5458 παρ’
1483 5391 1795 5444 οὑτινοσοῦν
1828 5395 2024 5460 εὐστρο-

451 5477 690 5539 νοῦντος,
718 5476 918 5540 δέξαιτ’
941 5479 1006 5531 ἄν
1031 5495 1159 5532 ποτε
1189 5483 1416 5551 μέμψιν.
1450 5483 1586 5535 Οὔτε
1620 5487 1728 5554 γὰρ
1757 5489 1788 5554 ἠ
1823 5486 2022 5554 πατρὶς

451 5567 618 5637 αὐτῷ,
649 5567 763 5622 οὗθ’
785 5572 837 5621 oi
870 5574 1067 5636 γονεῖς,
1101 5574 1336 5635 ἐπιδεεῖς
1370 5575 1465 5644 τῆς
1503 5577 1631 5645 παρ’
1669 5577 1918 5645 ἀλλήλων
1941 5595 2022 5628 τι-

455 5662 560 5722 μὴς
584 5675 596 5689 ’
631 5662 729 5713 ἀλλ
758 5662 894 5714 ὀὐδὲ
931 5664 1094 5727 αὐτὸς
1117 5665 1326 5727 ἐκεῖνος
1356 5666 1455 5734 τῆς
1488 5667 1615 5736 παρ’
1649 5669 1829 5719 αὐτῶν
1854 5670 2023 5734 ἀναγ-

453 5751 640 5818 καίως,
690 5756 736 5809 εἰ
791 5758 882 5810 καὶ
915 5758 1044 5826 παρ’
1071 5757 1315 5829 ἀλλήλων
1363 5760 1507 5829 ὅμως
1539 5761 1882 5831 τετίμηντᾷιι,
1921 5777 2022 5812 και-

2124 3179 2274 3248 quali
2304 3188 2423 3232 orta
2446 3180 2587 3245 sole,
2612 3179 2774 3234 talem
2817 3194 3037 3248 quoque
3079 3193 3305 3232 necosse
3341 3177 3410 3230 sit
3445 3185 3499 3228 ιιι
3552 3175 3705 3227 fruc-

2118 3281 2232 3326 tum
2263 3271 2420 3327 l'crat.
2451 3271 2562 3328 Hac
2587 3289 2728 3342 ergo.
2763 3283 2915 3341 parte
2949 3285 3410 3348 supervacaneam
3455 3283 3518 3322 ac
3567 3267 3710 3318 otiu-

2117 3379 2232 3420 sam
2255 3365 2590 3420 molitionem
2623 3376 2775 3434 puto.
2800 3366 2893 3419 llic
2928 3365 3363 3434 siqttirlettt,vjtts
3388 3365 3524 3430 legis
3562 3361 3709 3418 linis.

2120 3474 2218 3515 sua
2253 3460 2370 3529 ipse
2415 3470 2634 3530 sponte,
2664 3474 2728 3512 ac
2772 3460 2898 3514 tltro
2921 3459 3228 3528 occupavit.
3260 3459 3394 3523 Quis
3420 3460 3565 3510 enim
3613 3471 3709 3506 nr-

2121 3551 2258 3605 sciat
2302 3549 2576 3614 omnium,
2611 3556 2670 3601 ttt
2707 3548 2790 3600 vir
2815 3549 2926 3613 ille,
2983 3551 3075 3601 sed
3109 3556 3162 3600 et
3200 3547 3318 3616 ejus
3359 3559 3557 3613 genus,
3590 3559 3708 3594 tua-

2125 3642 2274 3695 xima
2303 3641 2545 3705 urbium,
2594 3640 2969 3701 Constantini,
3026 3640 3272 3708 inquam,
3317 3636 3477 3698 urbe,
3534 3636 3707 3703 patria

2126 3734 2415 3803 glorietur,
2451 3742 2510 3786 ut
2540 3742 2595 3786 et
2660 3732 2792 3785 illud
2850 3735 2916 3786 ab
2952 3733 3058 3786 alio
3092 3730 3376 3785 docendus
3412 3727 3712 3780 videatur?

2126 3825 2262 3890 Quis
2290 3834 2469 3876 autem
2500 3824 2618 3892 ejus
2644 3834 2930 3891 parentum
2982 3824 3082 3875 nisi
3136 3821 3390 3875 maximis
3455 3819 3708 3872 laudibus

2130 3916 2445 3970 meminisse
2475 3915 2691 3983 possit?
2724 3913 2794 3968 Ut
2826 3915 2948 3980 quis
2973 3929 3123 3978 vero,
3152 3929 3276 3966 cum
3317 3914 3569 3982 patriam,
3591 3922 3704 3966 tum

2129 4015 2381 4073 parentes
2410 4003 2664 4069 miretur,
2719 4003 2810 4070 qui
2847 4019 2956 4058 non
3019 4004 3180 4058 etiam
3216 4003 3321 4056 illis
3366 4015 3546 4056 ortum
3594 4005 3706 4070 pari

2131 4096 2490 4151 admiratione
2525 4105 2884 4166 prosequatur
2913 4095 2936 4148 ?
2965 4097 3102 4150 Cum
3145 4099 3226 4152 sic
3267 4113 3397 4167 ergo
3449 4100 3561 4149 lnrc
3613 4097 3709 4147 ba-

2134 4193 2317 4256 benut,
2391 4205 2494 4244 nec
2553 4190 2653 4244 viri
2702 4191 3195 4258 impraesentiarum
3256 4191 3564 4244 celebrandi
3620 4205 3708 4242 res

2135 4283 2305 4336 ullum
2335 4283 2564 4347 lateant,
2600 4284 2789 4350 utique
2815 4282 3054 4336 otiosum
3082 4283 3152 4335 sit
3197 4291 3256 4335 ut
3304 4282 3352 4335 id
3389 4285 3707 4354 probemus.

2134 4377 2278 4444 quod
2311 4376 2594 4445 perspicue
2624 4376 2832 4426 clarum
2859 4385 2965 4442 est,
3011 4390 3076 4428 ac
3110 4374 3346 4427 nitanmr
3396 4378 3707 4430 ostendere.

2056 4460 2432 4540 unodnulli
2468 4470 2540 4523 sit
2589 4469 2890 4524 occultum.
2946 4467 3049 4534 Qui
3091 4468 3235 4523 enim
3301 4469 3501 4523 docere
3555 4469 3707 4532 velit,

2136 4565 2392 4618 habuisse
2421 4564 2672 4631 patriam,
2693 4561 3038 4616 Constantini
3071 4562 3286 4625 urbem,
3317 4571 3706 4630 parentesque,

2134 4656 2281 4709 viros
2318 4655 2558 4724 ejusdem
2597 4655 2894 4723 principes,
2959 4653 3275 4721 bonamque
3300 4653 3348 4706 ei
3381 4652 3612 4721 patriam
3645 4668 3707 4705 ac

2136 4757 2384 4818 parentes
2418 4748 2608 4808 fuisse,
2670 4746 2811 4798 hand
2847 4745 2996 4800 aliud
3022 4761 3140 4800 mea
3174 4746 3446 4800 sententia
3492 4743 3707 4802 fect-rit.

2134 4857 2297 4910 quam
2335 4849 2394 4894 ut
2427 4841 2584 4907 pleno
2617 4821 2759 4899 foro,
2795 4839 3072 4906 radiisque
3100 4849 3291 4892 :estum
3353 4835 3706 4897 facientibus,

2134 4943 2348 4987 exstare
2385 4933 2552 4986 solent
2599 4948 2760 4999 Sttpnr
2822 4939 3048 4993 terram,
3104 4943 3206 4984 ceu
3267 4929 3471 4985 inscios
3512 4930 3708 4983 docere

2133 5025 2280 5078 velit.

2206 5117 2347 5170 Sane
2370 5125 2425 5168 nt
2453 5133 2514 5168 ea
2551 5116 2674 5184 quis
2702 5116 2930 5174 ratione.
2984 5131 3101 5170 eam
3136 5114 3404 5184 antiquis,
3436 5114 3699 5182 optimam

2133 5207 2312 5267 illam,
2340 5207 2570 5275 positam
2608 5209 2795 5273 legem,
2824 5208 3076 5274 praesenti
3100 5217 3422 5276 argumento
3443 5205 3705 5257 omitten-

2132 5299 2254 5350 dam
2292 5301 2582 5365 putaverit,
2611 5297 2753 5350 haud
2787 5299 2975 5361 ullam,
3007 5299 3074 5351 ab
3107 5299 3174 5352 iis
3207 5300 3341 5366 ipsis
3379 5298 3583 5367 quibus
3633 5297 3708 5350 sit

2131 5401 2325 5457 posita,
2349 5400 2405 5442 ut
2438 5389 2473 5442 ii
2503 5392 2680 5443 adhuc
2715 5391 2765 5441 in
2796 5391 2930 5442 vivis
2961 5385 3206 5458 agerent.
3228 5391 3403 5443 ullove
3423 5387 3699 5454 sapiente,

2134 5479 2606 5546 reprelnmsioxtem
2636 5497 2872 5548 unquam
2910 5483 3116 5535 tulerit.
3164 5479 3351 5548 Neque
3383 5479 3526 5530 enim
3584 5476 3710 5532 talis

2132 5575 2456 5628 celebrando
2489 5574 2604 5626 viro
2649 5576 2844 5641 patria,
2880 5584 2973 5628 aut
3025 5581 3294 5642 parentes,
3333 5580 3391 5624 ιιι
3419 5573 3498 5624 eis
3531 5573 3597 5624 ab
3626 5574 3708 5624 in-

2132 5669 2304 5721 viccm
2337 5669 2597 5721 honorem
2649 5668 2886 5720 mutuari
2935 5681 3158 5719 necesse
3209 5664 3282 5716 sit
3319 5677 3332 5714 :
3366 5672 3421 5715 at
3453 5681 3622 5731 neque
3660 5666 3704 5717 is

2135 5776 2355 5817 necesse
2388 5763 2455 5816 ab
2490 5761 2592 5815 illis
2637 5762 2833 5815 habeat
2868 5777 2883 5825 ;
2923 5759 3134 5812 tametsi
3193 5766 3381 5808 mutuo
3435 5759 3696 5811 honorem

3746 4687 3768 4768 ί
