4166 6270
467 301 566 362 187

1650 307 2041 366 MANUELIS
2084 307 2533 368 PALEOLOGI

3616 301 3720 365 188

467 420 566 473 sibi
618 419 844 485 addunt,
897 419 1171 488 quomodo
1224 424 1412 488 juncta
1489 422 1714 484 lumina,
1783 435 2032 474 mutuum

2152 423 2314 488 )a'map
2346 421 2504 489 φῶτα
2535 418 2865 485 συναύξοντα
2895 422 2992 488 τὴν
3049 421 3105 486 ἐξ
3145 420 3389 489 ἀλλήλων
3423 417 3717 488 ἀστραπήν

469 512 814 579 Splendorem
841 527 902 566 ac
940 512 1138 576 lucem,
1175 514 1416 566 vicissim
1443 515 1755 568 intendunt.
1784 514 1869 568 Uti
1909 529 2038 582 ergo

470 599 677 668 praefati
715 617 924 664 sumus,
956 612 1011 655 ut
1034 603 1105 655 sit
1134 605 1271 656 bona
1303 606 1411 665 lex.
1439 605 1582 657 haud
1614 616 1792 660 tamen
1824 606 2039 674 impne-

472 691 770 744 sentiarum
802 692 1124 746 exornando
1169 693 1285 745 viro
1340 694 1647 746 necessaria
1684 713 1696 746 :
1753 683 1882 762 quin
1923 695 2034 756 ille,

469 794 532 832 ex
568 780 784 847 propria
841 782 1013 848 magis
1073 783 1299 843 virtute,
1357 784 1584 850 suisque
1632 783 1746 850 ipse
1807 783 2035 845 meritis,

468 886 631 937 quam
668 888 731 925 ex
794 875 990 940 patria,
1030 889 1092 926 ae
1125 875 1260 936 avis,
1309 890 1614 944 magnoque
1653 875 1803 930 illinc
1859 876 2040 944 splen-

469 961 621 1024 dore,
645 963 828 1015 clarus
850 965 1038 1018 fuerit.
1060 963 1129 1018 Ut
1149 975 1326 1018 autem
1354 968 1517 1019 etiam
1541 968 1650 1029 illa,
1677 975 2038 1035 parentesque

469 1068 533 1105 ac
561 1055 670 1114 avi,
709 1065 896 1107 notum
927 1056 1106 1122 illum,
1145 1071 1206 1110 ac
1241 1058 1352 1110 suis
1379 1057 1554 1125 ipsum
1595 1059 1803 1111 meritis
1831 1060 2036 1112 clarum

469 1143 734 1197 nOtiorem
769 1146 1249 1214 illustrioremque,
1292 1163 1391 1200 sua
1421 1149 1662 1216 ipsorum
1686 1149 2037 1202 reddiderunt

468 1235 691 1301 virtute,
736 1253 797 1290 ac
824 1239 978 1304 juxta
1012 1242 1173 1292 modo
1213 1242 1442 1306 positam
1493 1240 1804 1309 imaginem,
1851 1241 2038 1310 gloria

466 1327 512 1376 ei
543 1327 795 1382 cumulus
827 1328 1075 1390 fuerint;
1128 1330 1291 1383 iidem
1344 1331 1519 1384 nihilo
1568 1333 1748 1386 secius
1797 1333 1924 1402 ipsi,
1974 1348 2039 1387 ac

471 1419 666 1483 patria,
726 1420 1121 1474 illusn'ioribus
1175 1423 1581 1489 augmentis,ac
1639 1423 1818 1478 omnis
1890 1423 2037 1478 retro

467 1513 600 1557 aetas
630 1505 868 1568 tulisset,
905 1509 1161 1561 omnibus
1184 1509 1384 1574 ubique
1409 1525 1503 1578 per
1531 1511 1680 1563 illum
1702 1513 2035 1567 claruerunt.

468 1595 677 1658 Quibus
726 1597 814 1649 ille
865 1599 1201 1652 ornamentis
1251 1601 1417 1652 claret
1451 1640 1466 1663 ,
1506 1602 1572 1654 iis
1605 1617 1824 1670 quoque
1863 1603 2036 1670 patria

471 1701 536 1738 ac
567 1696 838 1753 parentes.
885 1687 973 1740 Sic
1002 1688 1148 1740 enim
1199 1689 1380 1742 libens
1435 1691 1488 1741 in
1535 1691 1759 1758 optimis
1813 1691 2031 1746 accidit.

473 1774 682 1828 Rursus
706 1791 854 1838 vero,
891 1777 1060 1830 claret
1085 1777 1172 1832 ille
1206 1780 1483 1842 omnibus,
1521 1783 1610 1834 sed
1640 1791 1690 1833 et
1750 1783 1947 1850 patria.
1986 1793 2040 1838 et
2075 1765 2113 1818 Β

474 1877 746 1931 parentes.
791 1868 993 1922 Verum
1045 1870 1153 1923 sint
1205 1871 1387 1924 omnia
1447 1872 1769 1927 ascribcnda
1846 1876 2038 1929 radici.

471 1960 791 2024 Quanquam
823 1961 966 2012 enim
1003 1959 1266 2013 illustrior
1296 1976 1514 2030 quoque
1543 1963 1790 2028 redditur
1837 1965 2037 2032 patria,

474 2059 566 2102 aut
620 2059 892 2116 parentes,
957 2061 1016 2105 ut
1076 2052 1370 2120 ingenuum
1429 2055 1556 2119 quid
1607 2051 2042 2126 prmblarumque

471 2142 738 2196 ediderint
769 2159 784 2196 :
815 2144 956 2212 quod
986 2155 1161 2199 tamen
1193 2146 1356 2200 abeis
1379 2147 1704 2214 productum
1739 2159 1842 2215 est,
1868 2151 1931 2201 ad
1951 2165 2043 2204 eos

474 2235 973 2298 recurril,adomo
999 2237 1049 2289 in
1109 2237 1335 2292 domum
1394 2239 1541 2292 velut
1605 2240 1840 2302 circulo,
1898 2241 2042 2309 quod

473 2326 648 2395 aiunt.
688 2323 812 2379 Haec
837 2327 1118 2381 hactenus.

545 2591 780 2645 Patriam
803 2591 1019 2659 quidem
1065 2591 1250 2644 urbem
1273 2590 1475 2660 regiam
1500 2590 1712 2655 habuit,
1746 2605 1807 2645 ac
1826 2592 2041 2646 urbium

475 2692 726 2736 matrem.
749 2682 874 2750 Ejus
897 2697 958 2736 ea
976 2681 1283 2746 celebritas,
1304 2690 1365 2737 ut
1391 2681 1491 2735 sibi
1519 2683 1631 2748 ipsa
1666 2683 1736 2735 sit
1766 2685 1923 2746 satis,
1948 2698 2048 2738 nec

407 2765 411 2769 ’
477 2775 679 2828 nostris
709 2774 773 2826 ad
800 2772 1022 2839 gloriam
1053 2772 1305 2825 laudibus
1331 2781 1504 2840 egeat.
1537 2771 1710 2826 Tanto
1753 2774 1898 2826 enim
1950 2789 2049 2826 ur-

479 2843 638 2920 biiius
664 2865 940 2929 omnibus,
977 2864 1022 2918 si
1054 2878 1172 2932 qua:
1203 2863 1405 2918 habent
1430 2864 1876 2928 admirationem,
1898 2875 2050 2918 ante-

482 2958 673 3019 fertur,
703 2972 765 3008 ac
798 2967 1041 3025 praestat,
1076 2956 1335 3023 omnique
1360 2955 1630 3008 bonorum
1661 2957 1884 3009 cumulo
1909 2959 2046 3012 citra

2146 531 2205 565 τε
2239 515 2333 566 καὶ
2376 512 2722 580 λαμπηδόνα.
2776 511 2975 572 Καθὼς
3008 510 3117 579 ἄρα
3167 507 3342 575 εἷπον,
3393 510 3467 572 ὡς
3493 512 3520 562 ὁ
3552 512 3716 578 νόμος

2146 604 2370 670 ἀγαθὸς,
2409 603 2642 656 ἐνταῦθα
2689 602 2757 654 δι’
2799 602 2957 654 αὐτὸν
3003 603 3105 654 οὐκ
3137 603 3457 668 ἀναγκαῖος.
3501 601 3576 656 Ού
3609 605 3715 670 μὴν

2146 695 2278 745 ἀλλὰ
2314 693 2407 744 καὶ
2435 695 2461 744 ὁ
2489 693 2612 753 τοὺς
2649 692 2908 753 ἐπαίνους
2952 693 3243 762 δεχόμενος
3276 692 3406 759 παρ’
3431 691 3586 760 ἡμῶν
3611 695 3711 761 ἤδη

2147 785 2210 834 ἐκ
2242 784 2342 851 τῆς
2373 781 2684 851 προσούσης
2709 782 2907 850 ἀρετῆς
2941 782 3033 833 καὶ
3066 782 3173 832 τῶν
3190 779 3335 832 ίδίων
3355 782 3715 849 κατορθωμά-

2145 886 2252 921 των
2300 871 2506 937 μᾶλλον
2537 868 2916 937 λαμπρύνεται
2963 868 2995 938 ἢ
3026 869 3126 934 τῆς
3162 868 3442 936 πατρίδος,
3479 869 3572 920 καὶ
3603 869 3711 919 τῶν

2146 962 2453 1029 φυσάντων,
2493 961 2584 1012 καὶ
2631 961 2729 1023 τῆς
2781 961 2992 1012 ἐκεῖθεν
3027 961 3164 1027 ἄγαν
3207 959 3610 1029 λαμπρότητος.
3651 962 3710 1011 Et

2144 1053 2202 1103 δὲ
2234 1054 2326 1104 καὶ
2346 1053 2506 1121 αὕτη,
2541 1054 2635 1105 καὶ
2663 1053 2714 1103 οἱ
2747 1055 2946 1118 γονεῖς,
2982 1053 3260 1121 γνώριμον
3293 1051 3422 1104 ὄντα
3448 1053 3541 1103 καὶ
3565 1051 3706 1120 λαμ-

2147 1143 2282 1212 πρὸν
2313 1145 2377 1195 ὲκ
2411 1145 2517 1195 τῶν
2569 1144 2694 1196 καθ’
2731 1143 2916 1204 αὑτὸν,
2969 1142 3391 1210 γνωριμώτερον
3423 1142 3512 1194 τὸν
3543 1142 3710 1208 ἄνδρα

2145 1235 2308 1286 πᾶσιν
2339 1233 2623 1303 ἀπέφηναν
2645 1236 2710 1303 τῇ
2733 1233 2861 1303 παρ’
2888 1234 3098 1285 ἑαυτῶν
3129 1235 3320 1302 ἀρετῇ,
3350 1234 3443 1285 καὶ
3475 1233 3711 1300 προσθή-

2145 1342 2214 1394 κη
2242 1324 2417 1394 τούτῳ
2473 1325 2630 1394 δόξης
2685 1327 2935 1393 ἐγένοντο
2990 1326 3130 1377 κατὰ
3175 1325 3273 1392 τὴν
3313 1325 3412 1392 ἥδη
3456 1324 3713 1394 ῥηθεῖσαν

2139 1419 2278 1487 ἡμῖν
2305 1417 2492 1472 εικόνι.
2517 1434 2530 1450 °
2565 1418 2698 1472 ἀλλὰ
2731 1419 2825 1471 καὶ
2850 1413 2997 1472 οὗτοι
3023 1419 3117 1470 καὶ
3143 1419 3176 1483 ἡ
3210 1419 3408 1484 πατρὶς
3437 1417 3618 1481 πολλῷ
3650 1433 3713 1479 γε

2147 1507 2348 1576 μᾶλλον
2387 1510 2746 1580 γνωρίζονται
2791 1511 2860 1562 δι’
2895 1509 3057 1562 αὐτὸν
3103 1511 3213 1570 τοῖς
3251 1509 3566 1576 ἁπανταχοῦ
3607 1509 3712 1574 γῆς

2145 1601 2451 1670 ἀνθρώποις
2479 1603 2510 1669 ἢ
2541 1603 2632 1654 τὸν
2671 1602 2777 1668 πρὸ
2825 1601 2916 1653 τοῦ
2945 1602 3120 1653 πάντα
3153 1600 3371 1669 χρόνον.
3403 1601 3587 1660 Ὄσοις
3616 1601 3713 1666 μὲν

2144 1691 2251 1760 γὰρ
2283 1695 2505 1753 ἐκεῖνος,
2551 1693 2704 1760 καὶὴ
2743 1693 2961 1760 πατρὶς,
2995 1693 3088 1743 καὶ
3138 1693 3184 1742 οἱ
3218 1691 3484 1758 φύσαντες
3509 1704 3524 1718 ⁶
3568 1688 3711 1742 οὕτω

2140 1783 2249 1852 γὰρ
2277 1784 2372 1834 ἐπὶ
2409 1785 2516 1835 τῶν
2541 1785 2779 1852 ἀρίστων
2815 1782 2959 1850 φιλεῖ
2991 1781 3312 1851 συμϐαίνειν
3333 1797 3346 1810 ·
3395 1783 3531 1833 πᾶσι
3575 1781 3618 1832 δ’
3641 1777 3708 1833 αὖ

2140 1874 2344 1935 ἐκεῖνος
2364 1890 2378 1904 ·
2413 1874 2508 1926 καὶ
2529 1873 2591 1942 δὴ
2615 1875 2708 1924 καὶ
2732 1875 2764 1941 ἠ
2797 1873 3014 1941 πατρὶς,
3045 1873 3141 1925 καὶ
3170 1859 3218 1924 oi
3247 1872 3534 1939 φύσαντες.
3566 1873 3711 1943 Πλὴν

2141 1965 2209 2016 τὰ
2238 1966 2410 2016 πάντα
2439 1964 2714 2031 λογιστέον
2744 1967 2808 2033 τῇ
2844 1964 2987 2034 ῥίζῃ.
3021 1964 3081 2015 Εἰ
3109 1961 3215 2032 γὰρ
3238 1964 3302 2032 δὴ
3334 1965 3428 2016 καὶ
3459 1963 3709 2034 λαμπρο-

2140 2055 2274 2125 τέρα
2309 2055 2631 2108 καθίσταταί
2654 2073 2737 2116 τις
2765 2057 3021 2125 πατρὶςῆ
3047 2060 3283 2125 πατέρες
3310 2058 3553 2122 γενναῖον
3577 2057 3714 2121 ἁγα-

2143 2148 2352 2214 γόντες,
2389 2146 2523 2198 ἀλλὰ
2564 2149 2657 2198 καὶ
2713 2145 2872 2198 τοῦτο
2907 2146 3036 2211 παρ’
3077 2148 3260 2200 αὐτῶν
3319 2146 3532 2211 ἐξελθὸν
3559 2185 3572 2205 ,
3635 2149 3714 2207 είς

2143 2238 2338 2299 αὐτοὺς
2382 2238 2708 2305 ἀνατρέχει,
2743 2235 2948 2296 οἴκαδε,
3000 2237 3187 2304 φασιν,
3221 2235 3410 2305 ὥσπερ
3445 2238 3503 2288 ὲν
3531 2235 3713 2302 κύκλῳ

2147 2327 2360 2393 βαδίζον
2385 2343 2398 2356 ⁸
2436 2326 2670 2378 τοσαῦτά
2712 2343 2775 2391 γε
2808 2327 2940 2394 ἡμῖν
2976 2327 3106 2395 περὶ
3135 2326 3339 2378 τούτων
3361 2341 3376 2355 ⁸
3438 2326 3523 2377 ἵνα
3547 2326 3603 2377 δὲ
3638 2327 3712 2393 μὴ

2143 2418 2382 2486 δόξωμεν
2413 2419 2658 2470 ἀπειθεῖν
2688 2416 2764 2485 τῷ
2794 2417 2966 2486 νόμῳ,
3012 2417 3478 2486 ἀφοσιωσάμενοι,
3505 2417 3714 2486 ταχέως

2145 2510 2506 2576 ἀλλαξόμεθα.

2221 2605 2422 2672 Πατρὶς
2454 2604 2551 2671 μὲν
2579 2603 2726 2672 αὑτῷ
2759 2605 2790 2672 ἡ
2817 2602 3181 2672 βασιλεύουσα
3209 2604 3359 2664 πόλις
3391 2619 3452 2654 τε
3482 2606 3577 2657 καὶ
3611 2620 3714 2672 μη-

2147 2697 2429 2764 τρόπολιςυ
2459 2697 2580 2764 ἥτις
2609 2698 2892 2763 αὐταρκὴς
2931 2696 3121 2764 ἑαυτῇ,
3183 2697 3277 2747 καὶ
3334 2696 3396 2746 οὐ
3428 2694 3600 2746 δεῖταί
3650 2711 3713 2761 γε

2148 2788 2256 2838 τῶν
2282 2788 2414 2855 παρ’
2447 2787 2605 2854 ἡμῶν
2641 2786 2880 2838 ἐπαίνων
2906 2787 2986 2847 είς
3020 2785 3289 2848 εὐδοξίαν.
3325 2784 3578 2852 Τοσούτῳ
3609 2787 3714 2852 γὰρ

2149 2878 2384 2930 καλλίων
2417 2877 2536 2930 ἐστὶ
2566 2879 2674 2930 τῶν
2723 2875 3162 2946 θαυμαζομένων
3196 2877 3406 2928 πόλεων
3461 2876 3712 2938 ἀπασῶν,

2151 2969 2246 3020 καὶ
2299 2967 2530 3036 προῦχει
2587 2968 2815 3032 τούτων,
2881 2969 2975 3021 καὶ
3033 2967 3378 3038 ὑπερϐέϐηκε
3421 2968 3556 3038 πρὸς
3607 2970 3716 3020 πᾶν

484 3048 953 3114 comparationem
984 3058 1225 3114 superat,
1251 3054 1458 3115 quanto
1490 3047 1652 3102 etiam
1681 3048 1880 3101 finibus
1927 3049 2047 3101 uni-

2152 3059 2482 3126 ἀσύγκριτον
2511 3058 2736 3125 ἀγαθὸν,
2769 3061 2878 3127 ὅσῳ
2907 3059 3002 3110 καὶ
3031 3057 3316 3128 τερμάτων
3376 3053 3546 3126 ἦρχεν
3589 3057 3714 3124 ἑξῆς

481 3132 675 3204 veisis,
706 3139 1067 3208 gentibusque
1095 3154 1158 3192 ac
1188 3139 1407 3207 regibus
1427 3150 1605 3200 terrae,
1625 3140 1904 3194 dominata
1925 3150 2008 3194 est
2029 3182 2044 3204 ,

484 3250 591 3288 non
620 3242 826 3286 tantum
853 3233 1123 3286 exercitus
1151 3231 1542 3286 numerositate
1573 3248 1634 3286 ac
1661 3232 1828 3294 ferro,
1873 3250 2048 3302 quan-

485 3337 597 3378 tum
626 3326 824 3379 virtute
856 3339 918 3376 ac
940 3322 1150 3378 ratione
1208 3325 1535 3393 praepollens
1568 3341 1584 3390 ;
1611 3325 1865 3395 quodque
1907 3327 2050 3379 Con-

483 3413 727 3468 stantino
772 3412 1056 3483 glorietur,
1119 3428 1280 3466 manu
1328 3419 1546 3466 tenente
1595 3423 1828 3481 sceptra,
1863 3413 2050 3468 eodem

488 3521 693 3566 revera,
719 3520 842 3558 cum
865 3506 1217 3573 imperatore,
1244 3511 1354 3556 tum
1381 3503 1539 3565 duce.
1562 3505 1940 3568 universisque
1960 3504 2054 3556 boa

487 3612 679 3650 norum
713 3596 935 3650 custode
969 3595 1263 3664 ;quodque
1300 3595 1475 3662 majus
1505 3595 1758 3649 omnibus
1789 3605 1894 3659 est,
1940 3595 2054 3649 Deo

486 3689 682 3741 eximie
712 3701 858 3750 caro,
884 3701 1006 3739 cum
1028 3687 1254 3740 sincerae
1276 3685 1492 3754 pietatis
1522 3700 1669 3754 ergo.
1697 3693 1809 3739 tum
1836 3697 2055 3753 propter

489 3779 702 3834 virtutis
734 3779 901 3832 totius
930 3780 1233 3832 cumulum.
1266 3777 1313 3831 is
1347 3779 1534 3846 utique
1587 3778 1740 3832 urbis
1781 3779 2053 3839 conditor,

470 3865 720 3926 'necuisi
772 3872 958 3924 divino
1011 3883 1138 3923 nutu
1186 3885 1248 3924 ac
1295 3871 1830 3939 impulsione;qu0d
1879 3871 2052 3935 ipsum

491 3965 701 4017 abunde
732 3966 819 4030 sit,
848 3975 1231 4018 sexcuntorum
1266 3967 1642 4020 encomiorum
1673 3965 1811 4026 loco,
1834 3981 2058 4019 sexcen-

493 4068 670 4108 tarum
694 4056 808 4108 vice
835 4057 1231 4120 lamlationum,
1261 4060 1460 4126 quibus
1489 4060 1834 4112 innumeram
1866 4074 2058 4126 qnam-

490 4147 613 4198 dam
645 4147 1000 4202 ostendamus
1031 4149 1264 4202 civitatis
1295 4150 1572 4203 virtutem.
1608 4148 1708 4202 Ubi
1740 4150 1886 4202 enim
1938 4149 2058 4203 talis

490 4247 574 4292 est
599 4240 862 4302 conditor,
895 4242 1218 4310 coelitusque
1249 4242 1430 4294 animo
1477 4240 1771 4293 condenda:
1818 4241 2056 4294 studium

491 4333 797 4387 immissum
825 4332 926 4385 fuit
958 4351 970 4385 :
1003 4335 1200 4402 quippe
1231 4333 1444 4387 exstitit
1474 4333 1551 4384 vir
1581 4332 1690 4385 Deo
1729 4331 1958 4394 alllatus,
1995 4347 2058 4384 ac

2155 3152 2430 3210 ἁπάντων.
2463 3153 2562 3204 καὶ
2607 3151 2804 3214 ἐθνῶν,
2848 3152 2945 3204 καὶ
2988 3151 3257 3218 βασιλέων
3306 3150 3417 3200 τῶν
3468 3148 3562 3201 ἐπὶ
3593 3153 3714 3216 γῆς.

2153 3246 2212 3296 οὐ
2243 3243 2499 3296 τοσοῦτόν
2536 3260 2600 3310 γε
2629 3243 2956 3312 πολυχειρίᾳ
2982 3242 3077 3294 καὶ
3101 3242 3304 3310 σιδήρῳ
3335 3240 3564 3304 νικῶσα,
3593 3241 3718 3292 ὅσον

2153 3336 2321 3403 ἀρετῇ
2355 3334 2451 3384 καὶ
2483 3333 2646 3401 λόγῳ,
2704 3332 2798 3384 καὶ
2849 3332 2925 3398 τῷ
2963 3332 3374 3381 Κωνσταντῖνον
3427 3325 3565 3381 εἶναι
3625 3329 3716 3379 τὸν

2153 3427 2272 3475 ταῖν
2297 3425 2478 3492 χεροῖν
2508 3424 2577 3474 τὰ
2609 3423 2866 3490 σκῆπτρα
2896 3422 3220 3488 κατέχοντα,
3255 3420 3480 3488 βασιλέα
3503 3421 3595 3472 τὸν
3619 3421 3719 3471 αὐ-

2153 3516 2244 3567 τὸν
2279 3517 2353 3576 ῶς
2389 3514 2607 3583 ἀληθῶς
2640 3513 2790 3578 ὄντα,
2831 3514 2925 3564 καὶ
2972 3512 3306 3580 στρατηγὸν,
3365 3510 3462 3562 καὶ
3514 3511 3717 3575 ταμίαν

2155 3607 2264 3658 τῶν
2292 3605 2512 3669 ἀγαθῶν
2545 3605 2717 3657 ἅπασι
2749 3621 2763 3635 °

2156 3699 2276 3768 Θεῷ
2351 3698 2720 3767 διαφερόντως

2159 3791 2520 3860 ἀκραιφνοῦς,
2554 3790 2651 3840 καὶ
2684 3789 2886 3856 ἀρετῆς
2912 3788 3079 3839 ἕνεκα
3113 3787 3330 3854 πάσης·
3367 3788 3428 3847 ὃς
3459 3801 3522 3852 γε
3557 3785 3721 3852 δομήο

2158 3902 2270 3952 τωρ
2289 3883 2492 3952 ταύτης
2517 3881 2756 3948 ἐγένετο,
2795 3881 2896 3931 οὐκ
2922 3880 3050 3931 ἄνευ
3105 3879 3256 3939 θείας
3317 3879 3581 3948 κινήσεως
3627 3882 3721 3931 καὶ

2163 3978 2361 4043 ῥοπῆς·
2388 3975 2484 4027 καὶ
2510 3973 2656 4025 τοῦθ’
2690 3974 2817 4042 ἡμῖν
2847 3971 3071 4038 ἐξαρκεῖ
3106 3973 3225 4022 ἀντὶ
3261 3970 3469 4038 μυρίων
3504 3970 3601 4037 μὲν
3630 3972 3723 4036 ὲγ-

2162 4069 2407 4136 κωμίων,
2448 4067 2657 4136 μυρίων
2716 4066 2774 4116 δὲ
2807 4065 3064 4124 ἐπαίνων,
3123 4064 3323 4130 μυρίαν
3354 4062 3552 4131 ἀρετὴν
3583 4063 3722 4113 ἁποο

2160 4159 2482 4211 δεικνύντων
2523 4160 2624 4225 τὴν
2658 4158 2815 4208 πόλιν
2843 4155 3097 4223 ἔχουσαν.
3132 4155 3309 4205 ’Ὅπου
3349 4155 3455 4221 γὰρ
3481 4155 3723 4213 τοιοῦτος

2167 4249 2261 4315 μὲν
2285 4251 2312 4302 ὁ
2340 4249 2687 4316 δειμάμενος,
2727 4250 2759 4312 ἡ
2791 4249 2846 4298 δὲ
2877 4246 3024 4314 ὁρμὴ
3050 4246 3148 4312 τῆς
3188 4244 3504 4311 οἰκοδομίας
3541 4243 3724 4295 θεόθεν

2165 4337 2330 4390 αὐτοῦ
2383 4340 2453 4407 τῇ
2497 4338 2642 4406 ψυχῇ
2691 4337 2886 4404 γέγονε
2910 4353 2924 4368 ο
2955 4337 3255 4402 θεόληπτος
3287 4335 3395 4402 γὰρ
3439 4333 3599 4402 ἀνὴρ,
3634 4335 3728 4385 καὶ

2810 3605 2906 3656 καὶ
2938 3605 2996 3655 τὸ
3028 3605 3247 3657 πάντων
3285 3603 3593 3665 κάλλιστον,
3642 3601 3718 3668 τῷ

2802 3695 3216 3764 πεφιλημένον,
3278 3696 3374 3747 καὶ
3437 3693 3717 3754 εὐσεϐείας

491 4425 576 4476 cui
610 4425 790 4477 omnia
810 4440 932 4477 cum
959 4425 1062 4476 Deo
1082 4433 1401 4492 gererentur
1429 4439 1442 4486 ;
1470 4423 1801 4489 superﬂuum
1846 4423 2051 4489 liquido

2164 4427 2338 4479 πάντα
2362 4427 2539 4494 τούτῳ
2590 4427 2688 4476 σὺν
2720 4426 2839 4492 Θεῷ
2871 4426 3233 4493 διεπράττετο
3260 4440 3273 4453 ·
3331 4425 3620 4492 περίεργον
3661 4424 3726 4475 ἂν

493 4515 585 4578 sit,
617 4524 676 4567 ut
705 4515 806 4566 alia
843 4513 966 4582 quis
993 4514 1204 4566 ratione
1233 4513 1450 4566 studeat
1480 4513 1669 4564 urbem
1701 4511 2061 4571 laudat-cpta-

496 4606 652 4660 ntetsi
700 4605 788 4658 illa
836 4606 1119 4658 innumera
1161 4605 1380 4656 laudum
1429 4611 1747 4669 argumenta
1795 4603 2056 4669 suggerit.

566 4795 819 4849 Parentes
845 4804 1045 4856 autem,
1079 4809 1139 4845 ac
1167 4793 1460 4860 majorum,
1491 4808 1596 4864 qua
1644 4808 1816 4860 genus
1876 4795 2058 4856 traxit,

496 4895 763 4948 catenam,
787 4886 925 4938 haud
943 4901 1037 4954 per
1057 4885 1440 4952 tcmpusl'acile
1474 4886 1673 4953 possint
1698 4900 2019 4952 percensere
2050 4902 2064 4948 ;

499 4991 596 5028 nec
611 4990 737 5028 vero
767 4976 980 5028 illorum
1006 4987 1226 5044 tropaea,
1247 4993 1438 5044 resque
1454 4991 1567 5035 eas,
1590 4977 1787 5044 quibus
1811 4978 1908 5039 illi,
1928 4979 2068 5029 anti—

498 5066 620 5134 quis
652 5063 907 5131 przeclare
930 5073 1102 5130 gesta,
1130 5081 1230 5116 suo
1259 5064 1548 5132 splendore
1571 5064 1889 5117 obscurant.
1927 5065 2068 5118 Sane

500 5165 559 5208 ut
591 5154 714 5221 quis
743 5153 843 5205 hoc
874 5165 1256 5220 pet'anuatur,
1298 5155 1660 5223 impossibilia
1701 5165 1895 5208 tentat.
1936 5156 2066 5209 Mihi

498 5259 628 5297 vero
661 5244 793 5297 satis
830 5241 1090 5293 hactenus
1127 5243 1587 5296 \‘itictttrtlicttiin.
1641 5241 1746 5294 Viri
1799 5245 1981 5312 itaque
2013 5246 2064 5297 in

500 5336 676 5390 laudis
703 5342 1079 5401 argumentum
1112 5333 1265 5385 nobis
1287 5338 1545 5401 propositi
1569 5344 1822 5402 parentes
1855 5337 2066 5403 avique,

502 5427 642 5480 haud
670 5427 821 5489 ullis,
858 5425 900 5476 si
937 5424 1026 5488 qui
1060 5425 1170 5476 ullo
1202 5439 1438 5491 unquam
1469 5442 1584 5477 aevo
1614 5427 1826 5477 laudem
1865 5429 2069 5479 habue-

499 5526 646 5578 runt,
675 5515 929 5570 deteriori
963 5516 1078 5568 loco
1110 5516 1276 5582 ;quin
1311 5525 1365 5569 et
1415 5518 1634 5582 potiori,
1691 5517 2068 5571 universorum

504 5607 762 5676 sull‘ragio
793 5605 1026 5660 habendi
1051 5607 1336 5659 videantur
1391 5623 1403 5658 :
1450 5609 1542 5673 qui
1577 5607 2070 5676 nimirumantiqua

518 5699 864 5753 successione
897 5697 1124 5766 Augusti
1160 5698 1225 5750 ab
1260 5698 1518 5765 Augustis
1550 5699 1789 5766 optimis,
1820 5700 2072 5751 cmrtinua

2161 4520 2244 4587 εῑη
2270 4519 2723 4585 σαφῶς,κοσμεῖν
2757 4519 3054 4584 πειρᾶσθαι
3087 4518 3184 4586 τὴν
3214 4517 3369 4568 πόλιν
3400 4517 3570 4584 ἑτέρῳ
3599 4517 3726 4582 τρό-

2163 4629 2270 4677 πῳ,
2298 4613 2346 4661 εἱ
2378 4612 2475 4662 καὶ
2508 4612 2742 4678 παρέχει
2772 4610 2975 4679 μυρίας
3006 4609 3104 4670 τὰς
3133 4608 3392 4677 ἀφορμὰς
3435 4607 3544 4658 τῶν
3567 4607 3725 4658 ἐπαί-

2162 4719 2288 4754 νων.

2235 4791 2431 4852 Γονέας
2458 4792 2500 4842 δ’
2542 4789 2630 4848 αὖ.
2666 4790 2758 4841 καὶ
2782 4791 2880 4857 τὴν
2907 4791 3090 4857 σειρὰν
3127 4789 3252 4841 ὅθεν
3287 4790 3346 4841 τὸ
3375 4789 3528 4854 γένος
3557 4788 3728 4856 αὐτῷ,

2167 4884 2268 4934 οὐκ
2308 4883 2376 4935 ἂν
2417 4882 2516 4934 σὺν
2565 4881 2642 4951 τῷ
2677 4883 2855 4950 καιρῷ
2912 4882 3319 4949 καταλέγοιμιο
3363 4882 3559 4934 οΰκουν
3614 4883 3734 4934 οὐδὲ

2167 4975 2404 5043 τροπαῖα
2442 4973 2709 5025 τάκείνων
2750 4973 2845 5024 καὶ
2894 4971 3330 5041 κατορθώματα,
3378 4971 3734 5040 ἀμαυροῦντα

2168 5067 2232 5117 τὰ
2267 5065 2373 5116 τῶν
2402 5064 2570 5116 πάλαι
2603 5066 2667 5132 τῇ
2703 5064 2834 5133 παρ’
2862 5065 3073 5115 ἑαυτῶν
3121 5065 3402 5132 ἀστραπῇ.
3457 5057 3578 5114 Εἶεν
3629 5061 3734 5129 γὰρ

2171 5158 2237 5208 ἂν
2293 5157 2606 5222 ἀνεφίκτοις
2661 5156 3070 5223 ἐπιχειροῦντες
3137 5156 3185 5205 οἱ
3215 5155 3372 5207 τοῦτο
3425 5152 3734 5211 διώκοντες.

2171 5250 2323 5300 Δεκῶ
2351 5248 2407 5298 δέ
2441 5265 2529 5314 μοι
2564 5247 2755 5314 ἀρκεῖν
2785 5245 3045 5298 τοσοῦτον
3083 5249 3279 5297 εἰπεῖν.
3311 5245 3373 5297 Oi
3406 5244 3589 5296 τοίνυν
3642 5243 3732 5293 εὐ-

2174 5337 2527 5405 φημούμενον
2558 5337 2825 5402 φύσαντες
2857 5336 3105 5403 οὐδαμῶς
3162 5353 3262 5388 που
3330 5336 3550 5394 πάντως
3585 5332 3738 5383 ὲλόιτ-

2173 5446 2300 5488 τους
2323 5445 2334 5456 ·
2373 5427 2576 5495 μᾶλλον
2613 5429 2710 5495 μὲν
2742 5422 2836 5478 οὖν
2880 5429 2975 5477 καὶ
3002 5427 3262 5495 ἀμείνους
3308 5429 3466 5492 φαῖεν
3496 5424 3564 5476 ἂν
3606 5421 3767 5474 πάν-.

2174 5534 2284 5579 τες,
2311 5513 2491 5584 οἶμαι,
2523 5518 2629 5567 τῶν
2651 5517 2738 5568 διὰ
2764 5516 2963 5579 παντὸς
2995 5518 3355 5585 ὑμνουμένων
3385 5515 3478 5567 τοῦ
3522 5514 3733 5583 χρόνου·

2176 5607 2382 5660 ἄνωθεν
2423 5607 2523 5674 μὲν
2562 5607 2823 5675 βασιλεῖς,
2857 5609 2920 5659 ὲκ
2953 5607 3218 5675 βασιλέων
3257 5607 3500 5674 ἀρίστων
3526 5603 3741 5668 συνεχεῖ

2183 5701 2399 5768 διαδοχῇ
2431 5701 2710 5759 κατιόντες
2737 5717 2747 5730 ·
2787 5700 3005 5767 κόσμιοι
3040 5699 3100 5750 δὲ·
3123 5697 3214 5748 καὶ
3259 5696 3527 5762 λαμπροὶ,
3562 5694 3619 5745 οὐ
3648 5693 3735 5743 διὰ
