4166 6270
384 389 488 455 189

1167 395 1571 458 THEODORI
1613 394 1976 458 DESPOTE
2025 393 2412 456 LAUDATIO
2457 397 2844 456 FUNEBRIS

3535 391 3635 455 190

379 513 439 564 τὸ
472 511 662 581 σχῆμα
697 509 920 580 μᾶλλον,
952 508 984 578 ἢ
1022 511 1100 580 τῷ
1133 509 1276 582 λόγῳ
1302 511 1401 582 ζῇν
1457 511 1689 571 ἐθέλειν,
1722 513 1819 562 καὶ
1849 507 1952 576 τὴν
1985 556 1986 561 η

2075 507 2442 564 lescenderint
2473 511 2634 571 serie,
2668 509 2991 578 honestique
3015 523 3077 562 ac
3123 506 3252 561 clari
3292 506 3632 570 exstiterint,

381 605 664 675 βασιλείαν
696 604 924 669 ἰθύνειν,
963 605 1060 657 καὶ
1089 606 1266 659 ποιεῖν
1294 605 1356 659 εῦ
1414 606 1517 673 τὴν
1551 605 1808 674 πατρίδα,
1860 603 1954 656 καὶ

379 695 488 748 τῶν
523 696 916 765 χρηστοτέρων
939 696 1161 749 πάντων
1195 697 1494 766 πρυτάνεις
1542 692 1684 750 εἶναι
1714 699 1828 759 τοῖς
1849 696 1953 749 ὑπὸ

379 787 563 856 χεῖρα.
594 787 656 838 Ei
684 788 794 856 γάρ
823 789 925 840 καὶ
957 789 1018 840 τὸ
1043 792 1229 860 σχῆμα
1261 790 1486 854 τούτους
1505 791 1599 845 καὶ
1630 793 1663 861 ὴ
1696 790 1953 861 πορφύρα

381 877 811 947 λαμπροτέρους
838 880 1163 946 ἀπέφαινον,
1196 881 1333 934 ἀλλὰ
1374 884 1469 934 καὶ
1518 882 1674 936 αὐτοί
1710 899 1828 945 πως
1858 880 1955 934 αῦ-

385 966 469 1028 θις
496 968 802 1035 ἀπέφαινον
831 971 1017 1023 ἐκεῖνα
1048 971 1405 1044 λαμπρότερα
1427 975 1487 1026 ού
1516 974 1680 1041 μόνον
1711 971 1828 1043 ὥρᾳ
1843 971 1950 1024 σώ-

387 1075 580 1125 ματος,
635 1059 772 1112 ἀλλὰ
827 1062 922 1114 καὶ
978 1061 1159 1133 ψυχῆς
1213 1065 1559 1134 κοσμιότητι.
1627 1065 1956 1135 ᾙσχύνοντο

386 1150 520 1218 γὰρ,
551 1151 601 1202 εί
646 1151 810 1218 μόνον
843 1169 909 1220 γε
962 1157 1075 1216 τοῖς
1136 1154 1334 1218 ἔξωθεν
1385 1156 1818 1221 καλλωπίζοιντο
1860 1156 1956 1208 καὶ

385 1244 772 1313 προσκαίροις,
803 1245 941 1298 ἀλλὰ
968 1248 1062 1298 καὶ
1093 1247 1275 1315 πολλῷ
1306 1265 1371 1313 γε
1410 1249 1617 1319 μᾶλλον
1668 1251 1783 1310 τοῖς
1813 1250 1958 1300 οῐκο-

350 1323 594 1405 ,θεν’καὶ
635 1334 1062 1406 μονίμωτὲροις.
1100 1336 1212 1408 Τῆς
1267 1335 1360 1392 οὖν
1419 1340 1575 1402 θείας
1611 1340 1834 1410 ἀρετῆς,
1899 1336 1958 1390 εῦ

387 1427 692 1492 ποιοῦντες,
717 1429 884 1498 μηδὲν
911 1431 998 1482 ἀεὶ
1045 1435 1450 1500 προτιμῶντες,
1497 1427 1671 1502 ἦρχον
1715 1433 1960 1500 ἐννόμως

385 1518 478 1569 καὶ
541 1518 806 1582 εὐσεϐῶς,
869 1521 1125 1589 πατέρων
1168 1522 1374 1590 μᾶλλον
1420 1523 1453 1593 ἢ
1517 1523 1796 1574 δεσποτῶν
1848 1524 1961 1584 τοῖς

387 1610 650 1680 ὑπηκόοις
679 1611 946 1674 σώζοντες
990 1615 1194 1666 τόπον’
1227 1614 1325 1667 καὶ
1371 1614 1815 1684 προκινδυνεύειν
1859 1615 1958 1667 αύ-

387 1700 495 1754 τῶν
521 1703 842 1770 αἱρούμενοι
872 1704 906 1774 ἢ
940 1704 1212 1775 ῥᾳθυμεῖν
1238 1705 1443 1774 ἕτεροι.
1475 1705 1580 1759 Ἐῶ
1610 1705 1666 1758 δὲ
1697 1704 1960 1774 λέγειντὰ

2058 618 2163 656 non
2211 611 2318 655 tam
2357 603 2634 671 dignitatis
2685 601 3036 671 praerogativa
3067 614 3229 671 quam
3254 599 3396 666 quod
3419 599 3634 653 vitame

2059 692 2270 745 ratione
2298 692 2689 746 instituendam
2724 701 2974 746 sanctum
3003 691 3314 752 habuerint,
3353 690 3632 758 probeque

2060 785 2350 852 regendum
2386 785 2700 852 imperium,
2727 800 2791 838 ac
2816 784 3204 838 demerendam
3235 781 3490 850 patriam,
3537 781 3634 832 bo-

2061 891 2238 944 naque
2272 877 2455 955 omnia
2471 877 2704 932 subditis
2742 875 3112 931 concilianda.
3144 873 3470 941 Quanquam
3488 872 3634 924 enim

2058 969 2222 1022 etiam
2258 984 2287 1022 a
2315 969 2581 1039 dignitate
2603 985 2666 1023 ac
2695 985 2934 1038 purpura
2971 967 3234 1021 clariores
3285 967 3501 1024 tierent.
3554 963 3640 1030 ip-

2061 1062 2104 1116 si
2127 1062 2487 1118 nihilominus
2522 1063 2822 1118 claritatem
2857 1061 3098 1117 vicissim
3121 1060 3516 1128 rependebant,
3545 1072 3638 1108 ue-

2059 1155 2185 1206 dum
2213 1156 2698 1223 eorporisvenusta
2722 1157 2922 1223 specie,
2939 1155 3032 1210 sed
3057 1163 3110 1208 et
3128 1152 3295 1206 animi
3315 1151 3641 1218 cumprimis

2061 1244 2366 1298 honestate.
2388 1242 2443 1297 Id
2464 1245 2661 1313 quippe
2679 1245 2953 1298 ducebant
2982 1244 3254 1311 probrout
3280 1251 3508 1294 externo
3525 1249 3644 1291 tau-

2065 1344 2176 1387 tum
2214 1348 2278 1388 ac
2309 1342 2660 1402 temporaneo
2699 1344 2892 1387 ornatu
2921 1336 3184 1387 ambitum
3213 1331 3553 1400 praeferrent.
3586 1339 3646 1379 ιιι

2067 1441 2172 1479 non
2211 1425 2393 1492 potius
2419 1427 2537 1480 suis
2578 1427 2679 1495 ipsi
2707 1425 2914 1480 meritis
2935 1441 2999 1480 ac
3019 1425 3243 1478 th-miori
3265 1425 3459 1476 decore
3483 1421 3653 1489 polle-

2065 1525 2204 1578 rent.
2233 1516 2371 1576 Cum
2407 1517 2586 1586 itaque
2613 1516 2782 1586 probo
2819 1531 2906 1571 res
2933 1531 3063 1570 suas
3097 1515 3445 1569 instituentes
3466 1512 3653 1565 consi-

2063 1614 2161 1676 lio,
2182 1612 2316 1666 nihil
2347 1610 2545 1664 divinae
2569 1607 2753 1662 virtuti
2779 1605 3286 1676 praehaberentJegi
3299 1604 3426 1657 time
3447 1617 3509 1657 ac
3535 1603 3651 1671 pie,

2063 1714 2246 1775 patres
2297 1702 2493 1771 magis,
2531 1714 2696 1769 quam
2735 1698 3062 1752 dominosin
3103 1695 3353 1751 subditos
3390 1703 3636 1762 agentes,

393 1795 526 1860 περὶ
554 1794 762 1847 τῶνδε·
799 1795 921 1848 οὐδὲ
971 1796 1082 1865 γὰρ
1118 1797 1480 1866 προκείμενον
1521 1796 1590 1866 ἦν
1639 1799 1774 1866 ἡμῖν
1831 1797 1958 1860 τοὺς

2073 1804 2461 1868 regnaverunt;
2487 1793 2880 1862 lulientiusqne
2907 1805 3005 1861 pro
3033 1791 3113 1843 eis
3139 1788 3405 1842 adeuntes
3432 1786 3649 1854 pericu-
3717 1818 3722 1823 -

393 1883 593 1953 ἄνδρας
623 1884 849 1949 τούτους
895 1887 1300 1954 ἐγκωμιάζεινο
1329 1887 1493 1940 αὐτὸν
1541 1887 1602 1940 δὲ
1644 1888 1834 1941 τοῦτον
1868 1889 1961 1941 τδν

393 1974 492 2028 νῦν
517 1977 655 2044 ἡμῖν
686 1979 768 2040 είς
821 1979 1100 2047 εὐφημίαν
1129 1981 1518 2048 προκείμενον,
1549 1979 1608 2042 ἐξ
1636 1979 1816 2034 αὐτῶν
1851 1979 1962 2032 τῶν

391 2068 615 2132 ἑαυτοῦ,
647 2067 843 2138 ἡλίκος’
886 2065 954 2140 ἦν
991 2071 1092 2142 τὴν
1139 2071 1364 2141 ἀρετὴν,
1428 2071 1769 2125 ἐπιδεικτέον
1829 2074 1962 2143 ἡμῖν

389 2158 566 2210 ἐστιν.

461 2338 716 2411 Ἐτράφη
780 2341 877 2411 μέν
911 2341 1236 2410 βασιλικῶς,
1295 2345 1358 2396 ἐκ
1405 2342 1615 2395 παίδων
1646 2342 1702 2394 δέ
1749 2341 1963 2394 ἐδείκνυ

392 2433 493 2503 τὴν
520 2433 785 2499 εὐφυΐαν·
827 2434 1031 2499 μᾶλλον
1055 2433 1136 2496 δέ,
1190 2435 1401 2486 παιδίον
1441 2434 1539 2496 ὢν,
1587 2436 1756 2488 πᾶσιν
1793 2435 1965 2486 ἐδίδου

399 2523 786 2592 μαντεύεσθαι,
808 2525 957 2587 ὅστις
987 2523 1055 2576 ἂν
1088 2524 1173 2594 εἴη
1235 2523 1444 2592 προϊών
1465 2539 1478 2553 ·
1523 2524 1597 2585 ὡς
1629 2524 1738 2592 άρα
1791 2526 1970 2592 πάντη

399 2614 679 2684 βέλτιστος
703 2614 924 2683 πατρίδι
959 2615 1054 2666 καὶ
1080 2613 1299 2681 γονεῦσι
1333 2616 1427 2668 καὶ
1457 2613 1656 2682 φίλοις,
1691 2616 1786 2665 καὶ
1835 2613 1972 2673 ὅλως

400 2700 483 2768 οἷς
511 2706 822 2772 συγ-γένοιτ’
876 2705 942 2758 ἂν
994 2706 1092 2758 καὶ
1126 2706 1380 2775 μεταδοίη
1414 2707 1513 2772 τῆς
1549 2707 1793 2774 ἐμφύτου
1837 2723 1974 2776 χρη-

401 2799 684 2868 στότητος.
713 2797 821 2850 Καὶ
858 2800 964 2867 μὴν
1003 2800 1141 2864 πρὸς
1181 2801 1365 2850 πᾶσαν
1420 2798 1661 2867 μάθησιν
1696 2797 1840 2850 οὕτω
1885 2798 1974 2850 δε-

400 2889 529 2956 ξιῶς
567 2885 707 2957 εἶχε,
734 2890 830 2940 καὶ
896 2889 1016 2957 μετ’
1053 2888 1312 2958 ὀξύτητος
1371 2890 1615 2959 ἔτρεχεν,
1677 2889 1822 2942 ὥστε
1868 2893 1966 2945 καὶ

399 2984 498 3043 τὴν
535 2982 846 3051 προθυμίαν
879 2983 987 3034 τῶν
1024 2983 1322 3050 σοφιστῶν,
1381 2983 1477 3034 καὶ
1536 2982 1647 3035 τῶν
1693 2984 1975 3054 παιδοτρι-

402 3076 538 3139 ϐῶν,
562 3076 657 3128 καὶ
686 3077 796 3127 τῶν
827 3075 1006 3128 ὁτιοῦν
1038 3075 1278 3146 χρηστὸν
1310 3077 1653 3147 ἐπιτήδευμα
1685 3078 1973 3130 διδασκόν-

2066 1891 2139 1956 la,
2165 1906 2326 1959 quam
2351 1888 2472 1943 aliis
2501 1888 2608 1942 otia
2638 1887 2787 1939 adire
2815 1884 2984 1938 moris
3016 1884 3115 1937 sis.
3143 1882 3342 1936 Verum
3378 1889 3646 1948 praetereo

2067 1997 2260 2039 eorum
2301 1997 2411 2037 res.
2440 1979 2554 2034 Nec
2579 1979 2724 2034 enim
2757 1979 2810 2032 id
2843 1977 3002 2032 nobis
3036 1976 3137 2030 fuit
3167 1974 3551 2032 constitutum,
3589 1979 3648 2024 ut

2066 2088 2160 2130 eos
2182 2073 2554 2138 laudaremus,
2584 2073 2678 2126 sed
2703 2079 2761 2124 ut
2784 2071 2969 2140 potius
3017 2070 3196 2122 virum
3228 2067 3388 2120 nobis
3411 2065 3462 2117 in
3483 2079 3638 2131 argu-

2069 2174 2314 2221 mentum
2375 2165 2553 2219 laudis
2594 2163 2963 2233 propositum,
3011 2176 3074 2214 ex
3126 2159 3299 2229 ipsius
3352 2155 3591 2226 propriis
3629 2193 3645 2217 ,

2068 2267 2274 2327 quanta
2304 2255 2564 2309 enituerit
2594 2255 2794 2307 virtute
2836 2251 3218 2306 ostendamus.

2139 2349 2232 2403 llle
2262 2347 2510 2416 equidem
2542 2346 2686 2414 regie
2701 2345 2988 2407 educatus,
3023 2345 3191 2397 multa
3212 2357 3426 2412 apuero
3447 2341 3645 2393 indolis

2071 2440 2318 2493 bonitate
2351 2437 2556 2492 cﬂ'ulsit
2585 2454 2598 2490 :
2634 2447 2797 2505 atque
2830 2440 2964 2491 adeo
2999 2435 3194 2504 puerili
3260 2436 3441 2488 adhuc
3483 2420 3652 2486 aetate

2073 2545 2259 2599 agens,
2285 2528 2408 2596 quis
2425 2543 2684 2596 processu
2715 2528 2978 2595 temporis
2996 2542 3260 2580 evasurus
3280 2533 3444 2582 esset.
3463 2524 3645 2576 omni—

2074 2622 2177 2676 bus
2208 2619 2561 2672 omiuandum
2598 2619 2828 2687 praebuit
2855 2637 2869 2672 :
2895 2629 2952 2671 ut
2981 2620 3206 2671 omnino
3255 2618 3445 2684 utique
3501 2614 3643 2682 Opti-

2075 2727 2220 2775 mus,
2255 2713 2465 2779 patrim,
2500 2710 2837 2780 parentibus,
2873 2711 3085 2774 amicis,
3116 2725 3178 2762 ac
3204 2724 3430 2777 prorsus
3475 2708 3651 2760 omni—

2075 2804 2198 2866 bus,
2227 2804 2551 2873 quibuscum
2577 2813 2722 2856 esset
2746 2812 3088 2866 versaturus,
3111 2817 3173 2856 ac
3189 2816 3328 2871 quos
3349 2800 3532 2853 inuata
3557 2799 3649 2852 illa

2075 2897 2320 2950 bonitate
2354 2905 2495 2950 esset
2541 2895 2941 2964 impertiturus.
2977 2893 3149 2947 Tanta
3182 2910 3314 2948 sane
3346 2893 3654 2961 disciplinis

2076 2989 2335 3044 omnibus
2360 2989 2712 3056 capessendis
2745 2989 3026 3042 habilitate
3048 2988 3166 3053 fuit,
3196 3003 3259 3041 ac
3282 2987 3362 3041 sic
3394 2986 3646 3040 celeriter

2078 3098 2270 3136 omnes
2303 3082 2594 3151 percurrit,
2620 3089 2674 3134 ut
2705 3091 2759 3134 et
2805 3081 3178 3148 sepbistarum
3214 3096 3277 3132 ac
3330 3079 3654 3144 ludimagis-

398 3185 531 3231 των,
556 3167 853 3236 ὑπερφυῶς
875 3167 1278 3237 ύπερήλαυνεν.
1313 3168 1483 3222 Ὀθεν
1533 3169 1760 3232 τούτους
1810 3187 1970 3222 συνε-

2077 3184 2376 3238 trorum,ac
2397 3172 2437 3226 si
2453 3173 2540 3241 qui
2557 3173 2843 3225 honestum
2859 3171 3058 3239 aliquid
3075 3170 3286 3223 docturi
3307 3170 3654 3230 videbantur,

317 3288 327 3296 -
401 3261 515 3328 χῶς
551 3259 874 3326 διαμείϐων,
908 3258 1087 3329 ἐξῄτει
1119 3260 1210 3313 τὸν
1233 3260 1518 3325 διδάξοντα
1547 3280 1601 3315 τι
1635 3263 1973 3332 καινότερον,

400 3351 474 3413 ὡς
513 3349 713 3402 αὐτίκα
745 3351 854 3402 πᾶν
882 3349 1206 3414 λαμϐάνων,
1251 3351 1390 3419 ὅπερ
1417 3351 1480 3405 ἂν
1539 3348 1687 3422 εἶχον
1747 3355 1971 3410 διδόναι,

402 3444 514 3496 Καὶ
557 3438 627 3513 ἦν
655 3443 753 3504 τὰς
785 3442 1004 3512 ἡλικίας
1056 3442 1242 3511 σαφῶς
1279 3443 1542 3513 ἐλέγχων,
1601 3446 1734 3516 ὓλην
1777 3450 1837 3500 ού
1886 3451 1976 3502 τὸν

402 3533 594 3604 χρόνον
633 3534 818 3604 μόνον,
869 3533 1010 3587 ἀλλὰ
1055 3537 1150 3588 καὶ
1210 3535 1307 3606 τὴν
1367 3538 1531 3605 φύσιν
1581 3541 1845 3608 ἐχούσας·
1881 3544 1975 3594 καὶ

399 3626 561 3694 τήνδε
624 3627 826 3696 μᾶλλον
856 3627 1001 3696 ἤπερ
1063 3629 1494 3693 ἐκεῖνον.”Ωσθ’,
1557 3633 1697 3701 ὅπερ
1732 3651 1814 3695 τις
1865 3635 1975 3685 τῶν

402 3718 646 3788 ποιητῶν
680 3717 908 3783 ἐδίδαξε,
944 3722 1013 3789 τῇ
1069 3720 1286 3791 γλώττῃ
1332 3721 1618 3792 ἄνθρωπον
1680 3725 1972 3792 ἀνθρώπου

398 3811 686 3881 διαφέρειν
743 3811 1019 3876 τοσοῦτον,
1077 3815 1204 3866 ὅσον
1268 3817 1417 3868 dero).
1473 3817 1750 3885 κοράκων,
1815 3818 1977 3878 αὐτὸς

402 3902 552 3970 ἔργῳ
579 3899 772 3965 ἔδειξε,
813 3902 893 3968 τῷ
939 3901 1208 3967 πεφυκότι
1268 3905 1406 3974 τοὺς,
1447 3905 1745 3972 ἡλικιώτας
1802 3922 1976 3972 παρε-

401 3988 642 4059 νεγκὼν,
689 3989 814 4043 ὅσον
844 3989 956 4042 οὐδ’
987 3989 1156 4041 ἐδίδου
1178 3991 1410 4056 τούτοις,
1440 3993 1644 4056 ἐρίζειν
1702 3993 1838 4060 πρὸς
1877 3994 1978 4045 αύ-

400 4084 493 4134 τδ»
531 4081 971 4151 ἁμιλλωμένους.
996 4081 1136 4142 Παῖς
1173 4083 1282 4150 γὰρ
1329 4081 1404 4134 ὢν
1451 4082 1553 4146 ἔτι,
1594 4083 1663 4135 τὰ
1719 4086 1828 4134 τῶν
1861 4101 1980 4151 μει-

406 4171 615 4242 ρακίων
645 4170 904 4240 ἐξήσκει·
943 4171 1035 4222 καὶ
1075 4165 1143 4224 αὖ
1201 4173 1260 4222 ἐν
1323 4172 1497 4224 τοῖσδε
1534 4174 1600 4226 τὰ
1651 4175 1976 4239 νεανίσκων,

402 4265 497 4315 καὶ
521 4262 592 4314 τά
618 4261 729 4314 τῶν
758 4261 991 4330 ἀνδρῶν,
1019 4266 1114 4314 καὶ
1135 4261 1203 4314 τὰ
1244 4264 1660 4335 πρεσϐυτέρων,
1709 4268 1807 4318 καὶ
1839 4269 1977 4329 ὅλως

404 4355 474 4407 τὰ
499 4354 598 4423 τῆς
624 4355 932 4422 κρείττονος
983 4355 1202 4422 ἡλικίας
1252 4357 1310 4405 ἐν
1353 4359 1418 4424 τῇ
1456 4357 1560 4426 πρὸ
1589 4359 1814 4429 ταύτης,
1867 4359 1978 4414 ()5-

404 4463 510 4508 τως
536 4446 745 4506 ἐκεῖνος
777 4445 868 4494 ἐπὶ
904 4444 1011 4495 τῶν
1044 4442 1225 4512 ἔργων
1257 4444 1474 4512 φθάνων
1533 4443 1600 4517 ἦν
1635 4452 1722 4502 ἀεὶ
1751 4451 1812 4502 τὸ
1859 4451 1975 4505 δέον

404 4536 666 4606 ἐμπειρίᾳ
697 4536 792 4587 καὶ
824 4534 1032 4604 σπουδῇ
1065 4538 1160 4588 καὶ
1194 4537 1408 4602 φρενῶν
1443 4537 1686 4608 ὀξύτητι.
1722 4536 1831 4592 Ἦν
1878 4544 1976 4610 μὲν

404 4628 654 4692 γονεῦσιν
681 4626 830 4695 ήδύς’
859 4622 927 4691 ἦν
953 4626 1009 4677 δέ
1047 4627 1300 4690 ἀδελφοῖς
1321 4645 1335 4658 ο
1363 4624 1430 4697 ἦν
1485 4630 1538 4680 δέ
1575 4632 1853 4699 ἑταίροις·
1909 4631 1976 4703 ἦν

404 4720 460 4773 δέ
497 4720 744 4780 πολίταις
805 4719 1128 4784 καὶνῗὲνοις,
1161 4721 1306 4788 ἧλιξί
1338 4739 1394 4773 τε
1455 4729 1547 4774 καὶ
1599 4727 1972 4792 πρεσϐύταις·

405 4811 501 4865 καὶ
563 4809 698 4872 ὅλως
748 4812 913 4862 πᾶσιν
975 4812 1031 4862 ἐν
1076 4811 1238 4876 ὅλοις,
1288 4814 1450 4865 παντὶ
1487 4817 1662 4885 καιρῷ
1703 4834 1795 4869 και
1840 4838 1977 4887 σύμ-

404 4901 686 4970 πτώματι.

405 4995 546 5048 libus
581 5011 595 5058 ;
627 5003 743 5048 erat
770 4993 978 5048 civibus
1015 5012 1027 5056 ;

405 5089 554 5142 omni
589 5101 851 5154 tempore.
878 5102 939 5139 ac
978 5102 1156 5140 rerum
1191 5093 1336 5142 omni
1374 5092 1620 5150 incursu.

476 5181 586 5232 Καὶ
643 5180 749 5248 μὴν
807 5181 1060 5233 τοσοῦτον
1092 5183 1403 5249 ύπερνικῶν
1461 5183 1528 5254 ἦν
1589 5195 1691 5242 κὰν
1737 5198 1850 5258 τοῖς
1877 5215 1970 5265 γυ,

405 5269 676 5340 μνασίοις,
708 5270 810 5320 κάν
837 5273 954 5332 ταῖς
987 5272 1260 5339 ἁμίλλαις,
1302 5278 1401 5326 κάν
1454 5276 1678 5342 ἅπασιν,
1716 5284 1790 5345 ὡς
1843 5289 1976 5356 μηδὲ

400 5362 610 5416 δεῖσθαι
638 5361 1120 5430 παραϐεϐλῆσθαι.
1165 5364 1377 5418 Οὔκουν
1420 5370 1471 5434 γ’
1503 5371 1782 5438 ἐφθονεῖτο
1801 5380 1975 5431 τοιοῦ-

399 5473 492 5516 τος
529 5454 626 5515 ῶν,
684 5455 1072 5517 ἀδυνατοῦντος
1129 5456 1223 5508 τοῦ
1251 5459 1447 5524 φθόνου
1484 5462 1619 5532 δρᾷν
1660 5467 1746 5516 ἐπ’
1800 5471 1971 5538 αὐτῷ,

399 5549 536 5616 ὅπερ
582 5546 885 5616 ἐπεφύκει’
927 5547 1044 5598 ἀλλ’
1075 5549 1417 5618 ἐθαυμάζετο
1450 5557 1600 5621 παρὰ,
1640 5559 1748 5609 τῶν
1802 5562 1976 5614 ἁπάν-

399 5655 506 5691 των
565 5640 704 5707 μετὰ
758 5639 1027 5706 τοσαύτης
1100 5641 1429 5712 ὑπερϐολῆς,
1495 5650 1723 5719 ὁπόσης,
1787 5647 1964 5718 οἶμαι.

401 5730 462 5779 το
497 5727 772 5800 νικῶν
811 5727 922 5783 Ἦν
955 5733 1000 5784 δ’
1027 5735 1107 5795 εἰς
1135 5734 1432 5805 τοῦσχατον
1491 5741 1819 5810 ἀφιγμένον.
1858 5747 1966 5796 Καὶ

405 5819 678 5884 ιτῶςείκὺς
729 5823 792 5876 ἂν
826 5827 968 5878 είποι
1000 5843 1082 5888 τις
1128 5827 1216 5881 τὸν
1245 5829 1379 5881 πολὺ
1418 5833 1538 5894 τοὺς
1564 5833 1754 5897 ἄλλους
1786 5836 1952 5904 ὑπερ-

2078 3267 2277 3320 eximia
2347 3266 2581 3334 quadam
2641 3264 2898 3318 laeilitate
2954 3278 3018 3317 ac
3061 3264 3242 3330 genio,
3297 3264 3646 3317 sedulitatem

2080 3361 2438 3429 prteverterit.
2471 3357 2840 3424 Quamobrem
2861 3360 3120 3411 continue
3148 3358 3286 3411 alios
3311 3374 3373 3410 ex
3400 3357 3521 3409 aliis
3544 3372 3658 3408 ma-

2078 3454 2278 3522 gistros
2352 3459 2592 3515 mutans,
2620 3452 2899 3518 quwrebat
2930 3467 2958 3503 a
2991 3465 3100 3518 quo
3148 3451 3271 3502 novi
3321 3449 3528 3516 aliquid
3572 3451 3657 3501 di-

2083 3554 2299 3607 ser-ret;
2331 3552 2587 3609 tanquam
2619 3543 2710 3610 qui
2742 3542 2852 3594 cito
2878 3544 3184 3610 perciperet
3227 3543 3433 3605 omnia,
3459 3542 3502 3594 si
3551 3558 3656 3607 qua

2079 3636 2152 3688 illi
2184 3635 2400 3688 tradere
2433 3645 2660 3702 possent
2694 3650 2706 3684 ι
2740 3633 3028 3701 palamque
3090 3634 3474 3686 alteruautium
3531 3643 3660 3686 teta-

2079 3739 2208 3786 tum,
2244 3727 2440 3779 nedum
2474 3741 2668 3788 anuus,
2703 3726 2795 3778 sed
2827 3733 2881 3777 et
2915 3734 3160 3778 naturam
3183 3740 3246 3778 ac
3279 3724 3541 3785 indolem,
3577 3734 3657 3776 at-

2079 3797 2180 3885 que
2207 3821 2343 3868 hanc
2368 3817 2650 3885 potissimo
2679 3831 2694 3877 ;
2723 3815 3028 3882 subjectum
3056 3816 3339 3884 arguebat.
3384 3815 3659 3880 Quaumb-

2077 3923 2191 3960 rem
2232 3907 2573 3975 poctzeillam
2611 3908 2968 3966 sententiam,
3024 3919 3082 3959 ut
3133 3907 3662 3961 nihilminushomi—

2079 4017 2176 4055 nes
2203 4002 2345 4054 inter
2365 3999 2598 4062 referat,
2629 4007 2687 4052 ut
2715 4001 2985 4052 sermonis
3017 4001 3120 4050 vim
3149 4015 3208 4052 ae
3237 4001 3476 4068 linguam
3509 4017 3662 4070 sper-

2079 4101 2180 4157 tes,
2212 4105 2374 4159 quam
2418 4091 2559 4144 inter
2602 4089 2843 4158 aquilam
2877 4105 2939 4142 ac
2995 4097 3219 4144 canum
3248 4111 3260 4144 :
3291 4109 3471 4146 veram
3538 4096 3658 4160 ipse

2080 4185 2243 4240 rebus
2266 4183 2537 4248 ostendit;
2562 4183 2639 4237 sic
2671 4182 2851 4235 indole
2867 4184 3158 4236 enaetaneis
3184 4193 3469 4251 praestans,
3491 4196 3546 4238 ut
3568 4201 3665 4236 nc-

2078 4293 2182 4344 que
2210 4275 2351 4328 ullus
2381 4275 2717 4328 contentioni
2753 4274 2904 4340 locus
2929 4274 3150 4326 relictus
3205 4275 3502 4326 videretur.
3543 4277 3654 4326 Ad-

2084 4368 2189 4422 huc
2217 4368 2361 4421 enim
2391 4367 2666 4420 exsisteus
2694 4380 2845 4434 puer,
2873 4364 3284 4418 adulescmtum
3312 4366 3523 4418 colebat.
3543 4377 3661 4418 stu-

2081 4459 2204 4523 dia;
2241 4459 2668 4526 adulesceusque
2711 4499 2724 4522 ,
2781 4457 3040 4523 juvenum
3067 4498 3080 4520 ,
3125 4471 3188 4509 ac
3245 4457 3481 4509 virorum
3517 4496 3528 4518 ,
3604 4473 3666 4510 ae

2084 4553 2361 4606 seniorum
2395 4568 2408 4614 ;
2438 4565 2774 4620 prorsusque
2818 4550 3144 4602 anteriorem
3197 4566 3365 4618 agens
3425 4560 3662 4613 :etatem,

2085 4661 2204 4714 qum
2237 4644 2512 4712 sequentis
2562 4657 2626 4695 ac
2662 4641 2976 4695 maturioris
3031 4653 3232 4695 essent.
3268 4642 3416 4693 Adeo
3450 4658 3665 4711 semper

2083 4737 2304 4792 azcudis
2332 4737 2492 4788 rebus
2527 4737 2814 4801 occupavit
2842 4735 2984 4800 quod
3012 4744 3155 4787 esset
3183 4749 3361 4799 opera:
3407 4736 3662 4801 pretium.
3700 4725 3720 4808 ί

2083 4832 2308 4883 scicntia
2346 4829 2434 4881 illa
2461 4844 2523 4881 ac
2555 4828 2757 4890 studio,
2800 4826 3108 4891 mentisque
3155 4824 3471 4892 sagacitate.
3539 4827 3666 4880 Erat

2085 4927 2242 4988 plane
2271 4924 2446 4975 dulcis
2477 4921 2820 4988 parentibus,
2861 4928 2978 4970 erat
3021 4918 3280 4971 fratribus
3317 4934 3329 4981 ;
3362 4929 3477 4972 erat
3511 4919 3667 4974 soda-

1073 5005 1184 5048 crat
1221 4999 1543 5066 peregrinis,
1580 5007 1880 5071 :equalilms
1907 5030 1986 5079 pa:

2073 5035 2128 5078 η’,
2164 5019 2512 5083 ιαίιίιὶιιι-(ιιιυ,
2571 5030 2632 5065 ac
2687 5015 2900 5063 erraretis
2958 5011 3252 5064 nniversim
3303 5012 3352 5064 iu
3409 5014 3666 5068 omnibus

2153 5197 2341 5251 Tantis
2368 5210 2497 5249 sane
2531 5195 2716 5262 gloria:
2735 5194 2970 5247 cumulis
2993 5196 3306 5261 praestabat,
3346 5197 3661 5266 gﬂunasin-

2081 5309 2200 5345 rum
2221 5290 2682 5349 exercitamentis.
2705 5287 3220 5358 certaminibusque,
3245 5305 3306 5342 ac
3330 5289 3528 5341 studiis
3547 5306 3664 5340 om-

2083 5385 2265 5436 nibus.
2286 5393 2342 5433 ut
2363 5396 2537 5448 neque
2557 5394 2693 5447 opus
2715 5378 2933 5432 haberet
2955 5380 3386 5442 comparatione.
3411 5378 3514 5429 Nec
3537 5395 3664 5429 veru

2081 5489 2203 5522 cuin
2232 5471 2539 5528 taliS’esset,
2572 5467 2875 5535 patiebatur
2903 5468 3195 5523 invidiam:
3219 5485 3326 5520 non
3359 5469 3569 5520 valente
3601 5486 3663 5521 ea

2083 5565 2132 5614 in
2162 5563 2469 5630 illumquod
2493 5563 2899 5628 uatacstzquiu
2923 5565 3100 5631 potius
3140 5563 3370 5615 habebat
3417 5563 3661 5614 omnium

2082 5654 2521 5711 :ult'uiratiuuem,
2542 5652 2701 5719 idque
2721 5662 2867 5704 tanta
2885 5652 3287 5719 cxsupcrautia,
3313 5659 3512 5716 quanta
3537 5661 3663 5716 puto

2077 5745 2298 5796 victoria
2318 5761 2361 5795 et
2378 5756 2449 5796 at.
2471 5745 2538 5796 lia
2562 5762 2725 5814 porro
2748 5747 2810 5797 ad
2827 5761 3095 5798 summum
3117 5742 3489 5805 evaserat.Qui
3512 5757 3662 5805 veru,

2077 5837 2308 5904 inquies,
2338 5853 2462 5890 vero
2485 5853 2782 5892 consonum
2810 5838 2895 5901 sit,
2931 5847 2984 5889 ut
3025 5834 3211 5902 grandi
3260 5833 3391 5886 adeo
3430 5849 3661 5904 excessu
