4166 6270
497 361 593 428 191

1674 369 2070 428 MANUELI-S
2111 367 2519 429 PAL.’EOLOG
2529 368 2560 426 I-

3616 365 3724 433 192

485 490 771 544 superans,
798 491 827 531 a
851 476 997 531 nullo
1016 490 1238 546 prorsus
1269 476 1546 532 inividiam
1569 483 1877 548 pateretur?
1904 499 2064 540 secus

2182 484 2443 540 ελὰσαντα.
2472 485 2720 554 phitag”
2764 481 3078 540 οὑτινοσοῦν
3120 482 3228 540 τῶν
3261 485 3518 544 ἁπάντων
3573 485 3735 552 δέξα-

486 567 643 634 plane
661 577 1029 634 comparatum
1045 566 1308 622 dicemus.
1333 567 1434 632 Qui
1463 569 1606 624 enim
1627 587 1792 640 supra
1833 574 2054 628 modum

486 666 729 726 superat,
765 659 896 711 nihil
923 660 1138 714 invidiae
1165 661 1438 716 obnoxius
1461 665 1551 716 sit.
1604 665 1735 728 Quae
1777 667 1922 720 enim
1971 683 2060 721 res

489 751 713 802 multam
747 750 909 804 habet
937 752 1386 816 admirationem,
1418 755 1589 808 multo
1615 771 1832 823 quoque
1881 760 2056 813 amori

483 856 604 895 esse
634 857 857 897 necesse
891 855 996 899 est.
1016 844 1173 910 Quod
1202 855 1386 900 autem
1413 858 1494 899 est
1520 848 1677 902 valde
1710 849 1964 916 charum,
1990 866 2054 906 ac

486 934 658 987 amori
681 936 933 1002 habetur,
953 953 1058 1006 qua
1078 939 1182 994 sibi
1205 941 1416 994 ratione
1441 957 1539 1009 pro
1561 943 1858 1000 accedente
1890 945 2058 1014 glcria
2100 959 2102 961 ’

494 1026 755 1080 invidiam
789 1029 1529 1097 conﬂaverit?Quamobrem
1586 1035 1792 1089 invidia
1839 1037 2060 1101 aberat,

489 1116 693 1184 utquis
723 1117 903 1172 victus
929 1131 1110 1185 esset;
1146 1122 1334 1176 aderat
1367 1138 1495 1176 vero
1529 1125 1732 1180 amoris
1790 1119 2059 1190 accessio,

488 1222 652 1274 quam
678 1208 798 1276 ejus
839 1225 1036 1264 novum
1058 1214 1328 1268 accedens
1351 1214 1641 1271 admiratio
1677 1215 1920 1277 faceret;
1942 1219 2063 1272 uui-

490 1301 746 1368 versique
771 1300 886 1369 eius
917 1303 1228 1367 gaudebant
1254 1306 1528 1360 victoriis.

559 1388 695 1443 Cum
731 1400 858 1442 natu
889 1392 1148 1446 minimus
1206 1395 1429 1448 fratrum
1482 1405 1647 1459 esset,
1704 1397 1838 1453 nulli
1884 1407 2065 1452 tamen

489 1482 846 1546 cessit,utea
872 1493 1106 1550 spectes,
1152 1487 1352 1554 quibus
1397 1488 1520 1556 quis
1578 1488 1924 1547 admirabilis
1972 1493 2064 1546 sit.

488 1572 624 1626 Nam
649 1583 767 1627 erat
791 1574 1048 1642 prudens,
1077 1577 1280 1643 justus,
1344 1577 1501 1632 fortis
1529 1595 1544 1641 ;
1569 1593 1632 1632 ac
1659 1582 1738 1634 vel
1760 1582 1812 1634 in
1838 1583 1924 1648 iis,
1949 1598 2070 1649 qua:

494 1664 732 1718 maxime
759 1667 1014 1720 terrendo
1048 1667 1365 1733 videantur,
1391 1670 1576 1725 inﬂexi
1629 1674 1869 1740 pectoris
1907 1691 1920 1727 ε
1958 1675 2070 1741 ple-

493 1771 693 1824 rasque
711 1757 1017 1826 voluptates
1035 1758 1157 1826 (nec
1188 1761 1332 1814 enim
1353 1777 1526 1830 usque
1549 1763 1693 1817 adeo.
1712 1772 1829 1818 erat
1852 1765 2072 1817 homine

2161 576 2284 630 σθαι
2345 577 2573 645 φθόνονς
2607 575 2932 634 Τούναντίον
2993 574 3228 646 μὲνοῦν,
3280 579 3311 636 ὁ
3347 576 3460 647 γὰρ
3493 577 3731 648 ὑπερδεξ-

2160 669 2346 738 6ηκὼς
2369 669 2580 742 κομιδῆ,
2615 668 2795 738 φθόνῳ
2827 668 2930 738 οὑχ,
2981 669 3299 725 ὑποπίπτει.
3335 668 3410 726 Τὸ
3439 669 3546 738 γὰρ
3594 670 3732 726 πολὺ

2161 760 2581 831 θαυμαζόμενον
2617 760 2759 820 πολὺ,
2818 761 3092 829 φιλεῖσθαι
3147 761 3281 818 δέον-
3319 761 3467 816 ἐστί·
3530 763 3624 817 καὶ
3665 764 3734 816 τὸ

2162 854 2368 923 σφόδρα
2423 852 2649 922 φιλητὸν
2696 852 2815 915 πῶς
2882 853 2950 905 ἂν
3002 851 3336 921 εὐδοκιμοῦν
3394 853 3728 923 φ.θονηθείη;

2163 945 2319 999 Ὠσθ“
2371 945 2621 1014 δφθόνος
2653 946 2754 1015 μὲν
2807 946 2977 1013 ἀπῆν,
3025 945 3187 998 ὁπότε
3237 947 3303 1012 γέ
3359 961 3444 1008 τις
3476 944 3726 1016 ἡττῷτο·

2163 1036 2376 1106 προσῆν
2412 1036 2477 1093 δὲ
2503 1035 2736 1105 φίλτρου,
2758 1037 3073 1105 προσθήκη.
3093 1034 3172 1106 τῷ
3203 1034 3334 1102 περὶ
3357 1035 3569 1087 ἐκεῖνον
3590 1050 3729 1102 συμ-

2164 1128 2429 1184 6αίνουσα
2461 1127 2749 1198 θαύματι,
2774 1128 2868 1186 καὶ
2895 1130 3013 1190 τοῖς¹
3047 1127 3258 1186 ἐκείνου
3290 1125 3729 1204 πλεονεκτήμασι

2165 1221 2370 1282 πάντες
2398 1220 2641 1291 ἔχαιρον.

2245 1397 2340 1447 ’Ὧν
2369 1395 2426 1448 δὲ
2461 1395 2539 1464 τῷ
2563 1396 2744 1468 χρόνῳ
2794 1393 3026 1460 ὕστατος
3064 1396 3172 1448 τῶν
3208 1395 3474 1463 ἀδελφῶν,
3523 1395 3743 1458 οὐδενος¹

2165 1483 2234 1559 ἦν
2272 1488 2521 1557 ὕστερος,
2570 1489 2660 1555 ἐφ’
2690 1483 2773 1553 οἷς
2821 1506 2905 1551 τις
2932 1489 2998 1544 ἂν
3041 1489 3250 1560 φιλοῖτο
3303 1487 3737 1557 θαυμαζόμενος.

2167 1578 2451 1648 Νουνεχής
2476 1595 2536 1631 τε
2569 1577 2681 1649 γὰρ
2707 1574 2797 1649 ἦν,
2825 1579 3061 1642 δίκαιος,
3093 1579 3359 1648 ἀνδρεῖος,
3390 1579 3614 1648 ἀκλινὴς
3648 1579 3741 1642 καὶ

2172 1672 2284 1730 τοῖς
2316 1671 2552 1740 μάλιστα
2593 1670 2874 1740 φοϐεροῖς,
2907 1671 3024 1725 τῶν
3070 1670 3335 1724 πλειόνων
3394 1670 3623 1740 ἡδονῶν,
3679 1671 3739 1722 οὑ

2172 1762 2279 1830 γὰρ
2317 1763 2456 1831 ὑπὲρ
2485 1763 2773 1832 ἄνθρωπον
2817 1760 2916 1832 ἣν,
2959 1765 3035 1824 ὡς
3078 1764 3166 1816 ἀεὶ
3216 1764 3441 1833 κρατεῖν
3491 1762 3742 1826 ἀπασῶν,

496 1848 689 1918 major,
723 1858 781 1902 ut
812 1850 1056 1904 omnium
1109 1867 1322 1920 semper
1341 1862 1484 1908 esset
1526 1855 2071 1925 dominus.).omnino

2182 1852 2462 1922 ὑπερορῶν
2501 1854 2822 1909 παντάπασι
2841 1870 2856 1885 °
2899 1853 3037 1924 πρὸς
3062 1854 3120 1907 δὲ
3149 1853 3246 1916 τὰς
3277 1854 3562 1920 ἐγκρατῶς
3584 1853 3740 1924 ἔχων,

494 1955 756 2005 spernens
786 1958 804 2006 ;
829 1945 974 2012 quod
1001 1952 1209 2011 spectat
1229 1947 1294 1998 ad
1321 1945 1479 2009 alias,
1507 1963 1567 2002 se
1595 1947 1710 2015 ipse
1733 1950 2022 2003 continens
2049 1968 2063 2015 ;

498 2031 638 2085 haud
655 2047 714 2086 se
734 2032 935 2088 dedens
953 2034 1211 2103 pigritiae;
1243 2036 1383 2092 idem
1405 2038 1518 2107 ipse
1542 2042 1854 2096 moderatus
1876 2056 1940 2095 ac
1961 2058 2073 2095 ma-

494 2122 920 2192 gniﬁcus;nihil
949 2127 1231 2193 molestus,
1274 2138 1367 2185 aut
1421 2131 1716 2203 quidquam
1751 2134 2068 2191 intolerabi-

499 2215 589 2279 lis,
619 2217 702 2271 vel
737 2219 869 2286 ipsis
886 2223 1283 2288 quoqueservis
1317 2224 1582 2293 emptitiis
1609 2243 1622 2278 :
1648 2228 1850 2295 gravis,
1901 2229 2073 2282 mitis-

496 2313 951 2376 que;aaconomia
971 2322 1259 2380 praestans,
1285 2330 1350 2371 ac
1401 2318 1815 2384 magnanimis;
1860 2328 1920 2373 ut
1972 2321 2070 2374 ali-

497 2401 716 2468 quando
733 2401 1022 2459 del‘tciente
1047 2405 1264 2460 fortuna
1293 2408 1358 2461 ad
1379 2407 1613 2462 Romani
1641 2409 1852 2477 imperii
1882 2411 2073 2467 hostes

499 2493 604 2561 (sic
631 2496 775 2548 enim
812 2496 901 2550 illa
933 2498 1176 2552 solemne
1195 2499 1402 2570 habet),
1461 2500 1606 2556 idem
1652 2502 1766 2570 ipse
1821 2503 2078 2557 immotus

404 2599 419 2612 ·
497 2589 1115 2656 permanserit;eadem
1168 2591 1234 2643 ad
1293 2592 1472 2660 ipsum
1528 2595 1793 2651 redeunte
1849 2595 2077 2665 (gaudet

497 2675 642 2730 enim
663 2692 882 2748 semper
913 2682 1350 2752 mu'ationibus)
1388 2702 1402 2749 ;
1434 2685 1568 2738 nihil
1602 2685 1727 2742 inde
1759 2686 1927 2742 altum
1987 2701 2078 2740 sa-

433 2802 437 2806 μ
500 2771 698 2836 puerit.
718 2772 894 2842 Atque
923 2790 1046 2827 cum
1081 2775 1300 2841 quidem
1316 2777 1490 2831 victor
1513 2788 1678 2842 eSSet,
1705 2779 1920 2835 alienus
1949 2789 2066 2834 erat

494 2879 528 2915 a
572 2851 738 2924 fas-tu,
764 2867 855 2933 qui
878 2869 1359 2930 lmmanamjvitam
1388 2869 1651 2938 Euripum
1674 2872 1840 2926 sciret
1870 2875 2080 2934 ;vietus

498 2968 652 3018 vero,
683 2954 819 3008 nihil
845 2959 1082 3022 graviori
1111 2960 1269 3011 ruina
1295 2959 1644 3014 labascebat:
1675 2976 1738 3015 ac
1761 2963 1805 3018 si
1838 2964 1942 3028 vis,
1963 2975 2083 3021 erat

502 3045 768 3110 invictus,
797 3047 884 3100 cui
917 3049 1063 3101 nullo
1091 3049 1252 3103 modo
1277 3051 1492 3105 animus
1517 3053 1869 3107 adversorum
1898 3055 2083 3112 incur-

503 3137 657 3190 sione
692 3140 1020 3194 consideret.
1073 3141 1238 3195 Forro
1280 3143 1472 3199 amicis
1525 3145 1570 3200 si
1613 3148 1830 3216 quando
1860 3150 2082 3206 mutatis

2177 1943 2419 2014 ῥᾳθυμία
2453 1961 2513 1996 τε
2568 1945 2732 1999 αὑτὸν
2758 1946 2861 1998 οὐκ
2893 1945 3230 2010 ἐκδεδωκὼς,
3263 1946 3291 1996 ὁ
3323 1944 3485 2007 αὐτὸς
3525 1945 3746 2020 μέτριός

2172 2052 2232 2087 τε
2292 2036 2385 2089 καὶ
2449 2038 2918 2108 μεγαλοπρεπής·
2972 2038 3295 2107 ἀνεπαχθὴς,
3345 2038 3436 2090 καὶ
3481 2038 3746 2107 μηδαμῶς

2175 2127 2472 2196 ἀφόρητος,
2507 2129 2605 2181 καὶ
2627 2131 2810 2192 αὐτοῖς
2846 2131 2959 2193 τοῖς
2993 2129 3221 2199 ὠνητοῖς
3269 2129 3482 2192 δούλοις
3503 2145 3518 2160 ⁶
3552 2129 3748 2198 ἐμϐρι-

2177 2213 2277 2282 θὴς
2310 2217 2401 2273 καὶ
2433 2215 2596 2284 ἤπιος
2625 2232 2640 2247 ·
2675 2215 3027 2286 οἰκονομικός
3072 2234 3134 2270 τε
3186 2217 3280 2271 καὶ
3329 2217 3704 2287 μεγαλόψυχος
3730 2234 3745 2250 ·

2176 2307 2251 2368 ὡς
2285 2308 2380 2358 καὶ
2405 2308 2502 2373 τῆς
2536 2308 2751 2378 ἀγαθῆς
2778 2326 2906 2361 ποτε
2929 2308 3101 2379 τύχης
3131 2309 3588 2378 αὑτομολησάσης
3612 2307 3748 2377 πρὸς

2177 2398 2303 2459 τοὺς
2339 2400 2470 2466 ἡμῖν
2504 2400 2780 2462 ἐναντίους
2828 2400 3010 2468 (τοῦτο
3039 2399 3104 2471 δὴ
3153 2401 3212 2452 τὸ
3240 2400 3434 2472 ἐκείνῃ.
3460 2400 3746 2470 σύνηθεςλ.

2178 2486 2333 2551 οὗτος
2362 2489 2520 2551 αὐτὸς
2547 2491 2818 2556 ἄτρεπτος
2844 2486 2942 2562 ἦν⁶
2976 2489 3127 2560 αὑτῷ
3156 2491 3200 2544 δ’
3226 2490 3296 2544 αὑ
3341 2491 3749 2557 ἐπανελθούσης

2180 2579 2382 2648 (χαίρει
2437 2583 2546 2650 γὰρ
2590 2584 2680 2636 ἀεὶ
2729 2586 2848 2646 ταῖς
2901 2582 3246 2652 μεταϐολαῖς)
3299 2582 3552 2650 οὐδαμῶς
3607 2585 3749 2652 μέγα

2181 2673 2415 2742 φρονῶν.
2457 2675 2567 2726 Καὶ
2599 2678 2656 2727 ὲν
2717 2676 2816 2742 μὲν
2868 2677 3044 2738 νίκαις
3095 2677 3321 2744 ἄτυφος,
3381 2675 3606 2744 εὔριπον
3659 2675 3748 2726 τὸν

2183 2763 2297 2834 βίον
2333 2766 2724 2833 ἐπιστάμενος,
2791 2768 2984 2820 καὶτὸ
3039 2767 3234 2836 μέλλον
3298 2766 3516 2830 δεδιώς·
3589 2769 3645 2818 ὲν
3691 2767 3747 2818 δὲ

2182 2859 2378 2930 ἥτταις
2409 2861 2825 2928 ἀκατάπτωτος,
2863 2863 2911 2914 εί
2958 2863 3014 2915 δὲ
3048 2862 3254 2932 βούλει,
3313 2863 3410 2917 καὶ
3459 2864 3748 2934 ἀήττητος,

2183 2951 2258 3014 ὡς
2289 2953 2388 3020 τῆς
2408 2951 2586 3021 ψυχῆς
2610 2947 2666 3004 οἷ
2689 2953 2959 3023 μηδαμῶς
3008 2955 3498 3017 ὑποπεπτωκυίας.
3527 2954 3650 3018 Τοῖς
3692 2953 3750 3006 δὲ

2184 3042 2295 3095 τῶν
2337 3044 2507 3113 φίλων
2534 3044 2870 3113 εὐδαίμοσιν,
2921 3046 2969 3097 εἰ
3025 3044 3340 3114 δυστυχίαις
3405 3047 3604 3097 ἐκεῖνοι
3657 3062 3753 3097 πε-

2186 3136 2499 3204 πείρανται,
2526 3136 2711 3205 τηρῶν
2741 3136 2840 3206 τὴν
2880 3136 3108 3205 γνώμην
3142 3137 3438 3202 διετέλεσε,
3471 3137 3561 3188 τὸν
3589 3136 3751 3192 αὐτὸν

505 3229 672 3283 rebus
704 3233 960 3299 iniquiori
989 3232 1205 3287 fortuna
1237 3243 1540 3301 uterentur,
1582 3238 1870 3306 pristinam
1916 3239 2078 3296 bene-

2186 3227 2244 3278 ὲν
2275 3227 2482 3281 ἅπασιν
2519 3229 2976 3298 ἐπιδεικνύμενος
3006 3229 3232 3298 τρόπον,
3263 3229 3375 3280 τῶν
3409 3229 3755 3298 πραγμάτων

503 3321 797 3376 Volentiam
835 3323 1102 3393 integram
1125 3325 1360 3390 volebat,
1381 3329 1602 3382 eosdem
1619 3333 1846 3385 omnino
1870 3347 2076 3401 mores,

505 3428 839 3482 quacunque
878 3432 1058 3468 rerum
1080 3417 1457 3473 vicissitudine
1473 3421 1788 3476 ostendens.
1807 3422 1919 3480 Nec
1939 3428 2082 3480 enim

506 3504 738 3561 Proteus
773 3507 899 3575 quis
937 3518 1075 3571 erat,
1112 3518 1168 3562 ut
1197 3525 1292 3575 pro
1332 3521 1633 3580 temporum
1661 3515 1810 3568 varia
1876 3517 2087 3574 ratione

509 3599 866 3654 mutationem
915 3603 1140 3656 subiret.
1176 3603 1411 3657 Noverat
1456 3613 1758 3674 temperare
1819 3610 2084 3674 remedia,

508 3707 571 3745 ac
588 3694 859 3746 contraria
880 3694 1171 3748 contrariis
1192 3696 1503 3752 emendare.
1526 3697 1758 3754 Noverat
1783 3701 1914 3754 nihil
1931 3702 1982 3754 in
2003 3719 2086 3756 re-

508 3783 611 3837 lms
640 3783 895 3839 humanis
933 3785 1150 3840 firmum
1177 3787 1506 3854 consistere,
1564 3805 1628 3844 ac
1687 3773 1964 3846 fortunam
2009 3794 2086 3844 vi-

517 3874 930 3930 :issitudiuihus
947 3879 1189 3946 gaudere
1215 3897 1228 3932 :
1255 3893 1418 3951 atque
1459 3883 1619 3948 adeo,
1641 3883 2084 3952 cum‘tranquillo

509 3962 646 4014 mari
678 3965 983 4033 navigaret,
1015 3967 1286 4025 immanes
1331 3973 1686 4042 exspectabat
1747 3972 1970 4038 ﬂuetus,
2021 3989 2085 4028 ac

509 4053 1211 4137 Cttgilabatlempesthm,
1255 4080 1424 4135 seque
1445 4066 1560 4134 ipse
1602 4067 1668 4120 ad
1718 4066 2084 4120 turbationem

508 4158 847 4213 praeparans,
879 4166 1003 4204 cum
1034 4153 1122 4206 illa
1147 4154 1461 4221 invasisset,
1487 4156 1916 4224 imperturbatus
1939 4164 2084 4212 erat.

507 4234 642 4291 Nam
672 4237 724 4291 in
758 4241 954 4296 mediis
975 4258 1196 4313 quoque
1219 4248 1625 4298 adversantium
1652 4257 1936 4300 ventorum
1962 4257 2086 4300 tur-

506 4329 750 4397 binibus,
780 4347 844 4387 ac
864 4335 1149 4390 minitante
1171 4337 1433 4404 procella,
1461 4345 1519 4389 ut
1538 4338 1943 4405 quamprimum
1964 4352 2084 4390 om-

515 4423 647 4476 nino
672 4427 1005 4492 przevaleret,
1027 4428 1162 4481 nihil
1192 4437 1370 4480 tamen
1403 4428 1492 4480 ille
1518 4428 1759 4482 animum
1778 4429 2084 4496 despondes

2189 3316 2490 3387 ἀνωμάλως
2535 3319 2876 3387 φερομένων.
2911 3321 3046 3372 Οὐδὲ
3092 3321 3198 3388 γὰρ
3247 3315 3314 3390 ἦν
3359 3337 3444 3386 τις
3494 3320 3755 3390 Πρωτεὺς

2184 3405 2415 3469 ἐκεῖνος,
2451 3410 2572 3470 ταῖς
2602 3408 2938 3476 μεταϐολαῖς
2973 3409 3082 3462 τῶν
3115 3409 3326 3479 καιρῶν
3361 3407 3757 3480 συμμεταόἀλ-

2184 3499 2293 3552 λων
2322 3500 2510 3553 αὐτόν.
2550 3501 2704 3572 ᾝδει
2729 3501 3057 3574 κεραννύναι
3082 3501 3149 3554 τὰ
3181 3503 3474 3571 φάρμακα,
3534 3502 3628 3553 καὶ
3659 3502 3756 3552 τά-

2186 3591 2382 3644 ναντία
2416 3590 2770 3662 διορθοῦσθαι
2818 3595 2932 3656 τοῖς
2984 3593 3270 3654 ἐναντίοις.
3304 3593 3456 3666 ’ᾘδει
3493 3593 3658 3660 μηδὲν
3697 3591 3757 3644 δν

2188 3681 2403 3750 βέϐαιον
2433 3683 2543 3734 τῶν
2575 3683 2938 3752 ἀνθρωπίνων
2980 3686 3348 3758 πραγμάτων,
3404 3685 3499 3737 καὶ
3533 3683 3632 3754 τὴν
3660 3684 3755 3736 τύ·

2186 3790 2288 3842 χην
2347 3772 2651 3843 χαίρουσαν
2707 3777 2828 3838 ταῖς
2863 3775 3238 3844 μεταϐολαίςο
3296 3775 3389 3829 καὶ
3423 3776 3512 3828 διὰ
3561 3776 3755 3840 ταῦτα,

2187 3865 2462 3930 εὐπλοῶν,
2511 3867 2822 3937 προσεδόκα
2858 3868 2959 3937 μὲν
2997 3869 3298 3939 τρικυμίαν
3322 3884 3336 3897 ’
3392 3868 3668 3937 ἐλογίζετο
3702 3871 3757 3924 δὲ

2188 3957 2382 4029 ζάλην,
2414 3961 2509 4014 καὶ
2565 3961 2704 4032 πρὸς
2735 3961 2982 4030 ταραχὴν
3011 3961 3174 4013 αὑτὸν
3221 3960 3549 4029 ἑτοιμάζων,
3597 3964 3757 4016 ἐπελ-

2187 4052 2389 4120 θούσης
2421 4053 2520 4106 οὐκ
2547 4053 2899 4125 ἐταράττετο.
2947 4051 3108 4106 Ἐπεὶ
3137 4053 3238 4105 κάν
3289 4055 3484 4122 μέσαις
3531 4054 3758 4124 δυσηνε-

2192 4144 2366 4212 μίαις,
2393 4144 2773 4198 ἀπειλούντων
2805 4144 2914 4196 τῶν
2958 4144 3222 4214 κυμάτων
3257 4143 3628 4216 ὑπερσχήσειν
3664 4147 3761 4198 αὐ-

2187 4233 2314 4286 τίκα
2347 4235 2511 4303 μάλα,
2546 4228 2702 4298 οὗτος
2729 4235 2828 4290 οὐκ
2853 4236 3226 4303 ἀπηγόρευεν
3257 4234 3374 4287 ἀλλ’
3400 4231 3470 4304 ἦν
3519 4237 3757 4305 ἐλπίζων

2191 4325 2394 4394 συχνὴν
2456 4326 2721 4394 γαλήνην.
2798 4326 2962 4380 Ὅθεν
3025 4329 3204 4380 πάντα
3262 4328 3361 4401 μὲν
3420 4327 3632 4399 ἔφερεν,
3694 4331 3756 4382 οὐ

2189 4416 2383 4482 ποιῶν,
2416 4416 2479 4470 οὐ
2526 4417 2898 4486 λογιζόμενος,
2961 4418 3022 4470 οὐ
3058 4419 3232 4486 λέγων
3281 4421 3540 4472 ταπεινὸν
3583 4421 3756 4485 οὐδὲν,

509 4515 631 4580 hat;
660 4516 790 4583 qmn
817 4518 1042 4571 multam
1075 4520 1520 4589 tranquillitatem
1551 4521 1840 4590 sperabat.
1875 4521 2078 4585 Quam-

2188 4508 2310 4559 οὐδὲ
2371 4508 2619 4576 ἀγεννές.
2687 4507 2780 4562 Ἐν
2840 4510 3017 4563 οὐδενὶ
3040 4510 3097 4564 δὲ
3127 4511 3227 4580 τὴν
3255 4512 3426 4582 ὀφρὺν
3448 4508 3606 4582 ἦρεν,
3636 4514 3761 4567 οὐδὲ

511 4604 697 4657 ulurem
755 4605 963 4659 ferebat
1019 4607 1224 4669 Omnia,
1290 4619 1348 4662 ut
1402 4608 1534 4662 nihil
1582 4609 1879 4676 abjectum,
1945 4609 2084 4662 nihil

513 4694 798 4762 degeneris
823 4699 988 4751 animi
1027 4701 1159 4752 vitio
1177 4702 1564 4765 cou'n'nitteret,
1592 4702 1669 4752 vel
1698 4703 1982 4769 cogitaret,
2005 4703 2086 4756 vel

513 4786 739 4840 diceret.
774 4787 936 4844 Nullo
961 4807 1142 4845 rerum
1184 4801 1326 4845 statu
1383 4793 1736 4862 supercilium
1783 4793 2084 4859 attollebat,

517 4892 578 4927 ac
609 4894 704 4930 nec
734 4884 955 4936 verbum
985 4886 1260 4955 jactautize
1284 4887 1507 4948 protulit
1537 4904 1551 4954 ;
1591 4895 1760 4954 utque
1795 4876 1932 4940 alius
1966 4893 2089 4954 quis

517 4966 740 5018 meliora
773 4969 840 5020 de
865 4972 953 5022 illo
985 4973 1211 5037 diceret,
1264 4975 1628 5029 erubesvehat
1674 4979 1884 5038 statim,
1934 4991 2086 5031 actu-

518 5066 741 5128 tumque
783 5075 1092 5121 sermonem
1127 5070 1189 5123 ad
1216 5071 1321 5123 alia
1381 5073 1644 5125 vertebat.
1701 5071 1935 5126 Noverat
1978 5084 2086 5128 tota

515 5151 833 5240 sinceritﬁe
863 5172 1080 5210 servare
1111 5161 1452 5231 dignitatem,
1482 5164 1828 5234 “laesumque
1862 5167 2087 5221 omnino

517 5245 658 5299 tueri
694 5248 942 5303 ordinem
979 5267 994 5317 ;
1022 5252 1156 5306 nihil
1192 5257 1624 5325 praecipitantius
1658 5274 1838 5329 agere,
1871 5260 2089 5327 quodve

516 5350 896 5408 comparatum
930 5352 1075 5395 esset
1127 5344 1428 5399 molestiam
1483 5362 1714 5412 creare;
1746 5357 1972 5415 excepto
2033 5355 2090 5399 ut

514 5435 651 5491 utile
678 5451 836 5489 secus
885 5435 1160 5499 suaderet,
1188 5438 1330 5504 quod
1361 5439 1462 5492 sibi
1497 5456 1710 5507 semper
1741 5440 1884 5493 dulei
1935 5449 2088 5492 ante-

519 5531 831 5596 ponendum
886 5529 1040 5583 duxit
1073 5533 1245 5599 :quin
1289 5531 1461 5598 magis
1495 5543 1707 5599 gratum
1747 5547 1805 5583 se
1835 5531 2088 5582 oinuihus

519 5624 794 5686 aed-aetum
829 5623 1057 5678 miscere
1088 5638 1102 5683 ;
1135 5632 1361 5691 excepto
1395 5635 1452 5676 ut
1476 5625 1636 5692 lupus
1660 5623 1928 5691 :iliquisin
1957 5637 2089 5678 oves

519 5715 758 5777 irruens,
791 5714 910 5781 ejus
941 5713 1413 5768 studioarcendus
1436 5725 1580 5766 esset
1614 5732 1626 5766 :
1664 5714 1853 5765 tardus
1884 5713 1947 5764 ad
1975 5711 2089 5765 vin-

518 5804 738 5874 dictam,
759 5822 818 5857 ac
854 5820 1244 5874 nonnunquam
1273 5819 1494 5872 prorsus
1518 5805 1794 5866 amittens,
1824 5820 1943 5855 cum
1979 5821 2088 5856 ma-

2191 4617 2242 4652 τι
2267 4600 2419 4672 ῥῆμα
2450 4601 2667 4670 κόμπου
2692 4602 3034 4672 προήνεγκεν
3053 4619 3068 4637 ο
3089 4603 3206 4657 ἀλλ’
3232 4605 3280 4657 εί
3303 4604 3400 4658 καὶ
3425 4607 3583 4668 ἄλλος
3607 4606 3760 4674 ἔλεγε

2193 4693 2320 4762 περὶ
2365 4691 2534 4746 αὑτοῦ
2571 4692 2640 4746 τὰ
2668 4692 2886 4764 βελτίω.
2923 4694 2950 4746 ὁ
3000 4694 3044 4744 δ’
3075 4694 3319 4765 ἠρυθρία
3351 4712 3410 4750 τε
3456 4697 3639 4762 εὐθὺς,
3671 4698 3763 4749 καὶ

2195 4783 2523 4851 μετέϐαλλεν
2559 4783 2814 4852 ἐπίτηδες
2840 4782 2932 4836 τὸν
2987 4784 3147 4852 λόγον
3196 4773 3280 4852 tu?
3329 4786 3510 4858 ἕτερα.
3564 4788 3762 4856 Τηρεῖν

2195 4872 2293 4940 μὲν
2331 4873 2472 4940 ἔγνω
2514 4875 2572 4925 τὸ
2609 4875 2796 4943 σχῆμα
2857 4874 3000 4943 μάλα
3058 4876 3320 4943 γνησίως·
3361 4876 3655 4944 φυλάττειν
3705 4878 3762 4930 δὲ

2193 4965 2290 5033 τὴν
2320 4967 2474 5029 τάξιν
2503 4966 2810 5034 ἄθραυστον
2839 4967 2998 5029 ὅλωςο
3040 4967 3209 5037 μηδὲν
3262 4969 3541 5038 προπετὲς
3585 4970 3762 5036 πράτ-

2191 5071 2323 5119 τειν,
2357 5057 2523 5127 μηδὲν
2554 5057 2662 5111 τῶν
2697 5059 2854 5129 ἀνιᾷν
2878 5059 3227 5127 πεφυκότων,
3255 5061 3305 5112 ει
3337 5060 3415 5130 μὴ
3451 5061 3588 5129 πρὸς
3619 5075 3761 5127 συμ-

2193 5146 2359 5214 φέρον
2413 5146 2685 5217 ὑπῆρχεν·
2737 5146 2764 5199 ὅ
2818 5161 2882 5214 γε
2932 5146 3042 5199 τῶν
3101 5145 3270 5217 ἡδέων
3300 5147 3387 5198 ἀεὶ
3443 5144 3758 5214 προύτίθεις

2195 5236 2332 5290 ἀλλὰ
2361 5239 2616 5307 μιγνύναι
2649 5237 2814 5290 πᾶσιν
2847 5236 3008 5291 αὑτὸν
3059 5237 3291 5305 ἄλυπον,
3347 5237 3398 5288 εἰ
3433 5237 3507 5306 μή
3535 5253 3619 5298 τις
3669 5235 3761 5287 ὑπ’

2193 5333 2409 5385 ἐκείνου
2471 5331 2732 5402 ποιμένος
2787 5330 3138 5395 ἀπεσοὸεἶτο,
3171 5329 3336 5391 λύκος
3386 5331 3480 5380 ἐπὶ
3529 5328 3764 5398 ποίμνην

2195 5424 2491 5492 ἁλλόμενος
2517 5440 2531 5455 ·
2564 5426 2723 5492 δίκην
2764 5424 2862 5494 μὲν
2897 5423 3144 5494 βραδέως
3169 5423 3493 5494 λαμϐάνειν,
3528 5425 3623 5474 καί
3657 5441 3762 5475 που

2197 5515 2292 5569 καὶ
2313 5516 2703 5586 παραδραμεῖν
2733 5515 2890 5580 δόξαν
2919 5514 3165 5584 ἄμεινον.
3195 5517 3306 5570 Καὶ
3356 5511 3556 5585 γὰρῆν
3593 5515 3764 5582 δήπου

2193 5612 2330 5681 πρὸς
2355 5611 2424 5664 τὰ
2449 5610 2676 5664 τοιαῦτα
2707 5610 2916 5680 νωθρός
2935 5627 3019 5670 τις
3046 5609 3184 5677 ἄγαν
3210 5626 3224 5641 ο
3259 5608 3394 5677 πρὸς
3420 5607 3479 5660 δὲ
3504 5607 3595 5663 ,τὰ
3631 5608 3765 5677 βρα-

2198 5705 2319 5756 δεῖα
2355 5703 2636 5772 παρέχειν,
2657 5701 2753 5754 καὶ
2777 5701 2916 5772 πρὸς
2947 5702 3156 5762 πάντας
3192 5698 3599 5769 ἐλευθεριότητι
3628 5696 3766 5767 χρῆ-

2200 5797 2346 5861 σθαι,
2381 5793 2663 5858 παντελῶς
2710 5793 3030 5858 ἀκάθεκτος,
3070 5791 3278 5867 Νεῖλος,
3301 5790 3561 5867 ’ἅπαντας
3585 5787 3763 5856 ἄρδων
