  <div class='ocr_page' id='page_1' title='image "/cluster/home/n/w/nwhite01/storage/ocr_20150623/156/mdp.39015078384719/104.png"; bbox 0 0 4166 6270; ppageno 0'>
   <div class='ocr_carea' id='block_1_1' title="bbox 439 360 539 424">
    <p class='ocr_par' dir='ltr' id='par_1_1' title="bbox 439 360 539 424">
     <span class='ocr_line' id='line_1_1' title="bbox 439 360 539 424; baseline 0.04 -4"><span class='ocrx_word' id='word_1_1' title='bbox 439 360 539 424; x_wconf 79' lang='lat'><strong>193</strong></span> 
     </span>
    </p>
   </div>
   <div class='ocr_carea' id='block_1_2' title="bbox 1216 368 2884 446">
    <p class='ocr_par' dir='ltr' id='par_1_2' title="bbox 1216 368 2884 446">
     <span class='ocr_line' id='line_1_2' title="bbox 1216 368 2884 446; baseline 0.012 -20"><span class='ocrx_word' id='word_1_2' title='bbox 1216 368 1612 432; x_wconf 80' lang='lat' dir='ltr'><strong>THEODORI</strong></span> <span class='ocrx_word' id='word_1_3' title='bbox 1657 375 2014 439; x_wconf 70' lang='lat' dir='ltr'><strong>DESPOT/E</strong></span> <span class='ocrx_word' id='word_1_4' title='bbox 2053 381 2444 443; x_wconf 72' lang='lat' dir='ltr'><strong>LAUDATIO</strong></span> <span class='ocrx_word' id='word_1_5' title='bbox 2479 385 2884 446; x_wconf 70' lang='lat' dir='ltr'><strong>FUNEBRIS.</strong></span> 
     </span>
    </p>
   </div>
   <div class='ocr_carea' id='block_1_3' title="bbox 3585 391 3687 456">
    <p class='ocr_par' dir='ltr' id='par_1_3' title="bbox 3585 391 3687 456">
     <span class='ocr_line' id='line_1_3' title="bbox 3585 391 3687 456; baseline 0.02 -2"><span class='ocrx_word' id='word_1_6' title='bbox 3585 391 3687 456; x_wconf 71' lang='grc'><strong>194</strong></span> 
     </span>
    </p>
   </div>
   <div class='ocr_carea' id='block_1_4' title="bbox 431 481 2015 574">
    <p class='ocr_par' dir='ltr' id='par_1_4' title="bbox 431 481 2007 564">
     <span class='ocr_line' id='line_1_4' title="bbox 431 481 2007 564; baseline 0.012 -33"><span class='ocrx_word' id='word_1_7' title='bbox 431 483 545 543; x_wconf 86' lang='grc' dir='ltr'>τοῖς</span> <span class='ocrx_word' id='word_1_8' title='bbox 569 482 709 550; x_wconf 82' lang='grc' dir='ltr'>παρ’</span> <span class='ocrx_word' id='word_1_9' title='bbox 730 481 928 534; x_wconf 70' lang='grc' dir='ltr'>ἑαυτοῦ</span> <span class='ocrx_word' id='word_1_10' title='bbox 959 481 1219 553; x_wconf 89' lang='grc' dir='ltr'>νάμασιν.</span> <span class='ocrx_word' id='word_1_11' title='bbox 1273 489 1431 559; x_wconf 85' lang='grc' dir='ltr'>ᾜδει</span> <span class='ocrx_word' id='word_1_12' title='bbox 1464 490 1544 560; x_wconf 81' lang='grc' dir='ltr'>τῷ</span> <span class='ocrx_word' id='word_1_13' title='bbox 1579 495 1729 564; x_wconf 82' lang='grc' dir='ltr'>μέσῳ</span> <span class='ocrx_word' id='word_1_14' title='bbox 1768 496 1878 547; x_wconf 84' lang='grc' dir='ltr'><strong>τῶν</strong></span> <span class='ocrx_word' id='word_1_15' title='bbox 1909 515 2007 551; x_wconf 83' lang='grc' dir='ltr'>κα-</span> 
     </span>
    </p>
   </div>
   <div class='ocr_carea' id='block_1_5' title="bbox 2101 481 3686 574">
    <p class='ocr_par' dir='ltr' id='par_1_5' title="bbox 2111 501 3686 574">
     <span class='ocr_line' id='line_1_5' title="bbox 2111 501 3686 574; baseline 0.008 -21"><span class='ocrx_word' id='word_1_16' title='bbox 2111 501 2193 569; x_wconf 87' lang='lat' dir='ltr'><strong>gis</strong></span> <span class='ocrx_word' id='word_1_17' title='bbox 2218 517 2247 554; x_wconf 92' lang='lat' dir='ltr'><strong>e</strong></span> <span class='ocrx_word' id='word_1_18' title='bbox 2282 517 2339 556; x_wconf 89' lang='lat' dir='ltr'><strong>re</strong></span> <span class='ocrx_word' id='word_1_19' title='bbox 2368 504 2547 557; x_wconf 78' lang='lat' dir='ltr'><strong>visum</strong></span> <span class='ocrx_word' id='word_1_20' title='bbox 2578 513 2720 558; x_wconf 90' lang='lat' dir='ltr'><strong>esset</strong></span> <span class='ocrx_word' id='word_1_21' title='bbox 2746 524 2758 568; x_wconf 90' lang='lat'><strong>;</strong></span> <span class='ocrx_word' id='word_1_22' title='bbox 2780 505 2978 574; x_wconf 84' lang='lat' dir='ltr'><strong>quippe</strong></span> <span class='ocrx_word' id='word_1_23' title='bbox 3004 505 3194 560; x_wconf 84' lang='lat' dir='ltr'><strong>eratin</strong></span> <span class='ocrx_word' id='word_1_24' title='bbox 3227 508 3496 572; x_wconf 81' lang='lat' dir='ltr'><strong>ejusmodi</strong></span> <span class='ocrx_word' id='word_1_25' title='bbox 3531 511 3686 567; x_wconf 84' lang='lat' dir='ltr'><strong>valde</strong></span> 
     </span>
    </p>
   </div>
   <div class='ocr_carea' id='block_1_6' title="bbox 431 571 2013 656">
    <p class='ocr_par' dir='ltr' id='par_1_6' title="bbox 431 571 2013 656">
     <span class='ocr_line' id='line_1_6' title="bbox 431 571 2013 656; baseline 0.012 -33"><span class='ocrx_word' id='word_1_26' title='bbox 431 571 539 624; x_wconf 84' lang='grc' dir='ltr'>λῶν</span> <span class='ocrx_word' id='word_1_27' title='bbox 564 574 752 644; x_wconf 74' lang='grc' dir='ltr'>ἄκρως</span> <span class='ocrx_word' id='word_1_28' title='bbox 780 575 1072 640; x_wconf 75' lang='grc' dir='ltr'><strong>τυγχάνειν</strong></span> <span class='ocrx_word' id='word_1_29' title='bbox 1093 593 1107 608; x_wconf 71' lang='grc' dir='ltr'>σ</span> <span class='ocrx_word' id='word_1_30' title='bbox 1133 579 1232 642; x_wconf 77' lang='grc' dir='ltr'>τὰς</span> <span class='ocrx_word' id='word_1_31' title='bbox 1281 581 1336 632; x_wconf 81' lang='grc' dir='ltr'><strong>δὲ</strong></span> <span class='ocrx_word' id='word_1_32' title='bbox 1391 584 1702 654; x_wconf 81' lang='grc' dir='ltr'>ἀκρότητας</span> <span class='ocrx_word' id='word_1_33' title='bbox 1741 588 1814 655; x_wconf 77' lang='grc' dir='ltr'>μὴ</span> <span class='ocrx_word' id='word_1_34' title='bbox 1834 604 2013 656; x_wconf 83' lang='grc' dir='ltr'><strong>-προσ-</strong></span> 
     </span>
    </p>
   </div>
   <div class='ocr_carea' id='block_1_7' title="bbox 437 661 2012 746">
    <p class='ocr_par' dir='ltr' id='par_1_7' title="bbox 437 661 2012 746">
     <span class='ocr_line' id='line_1_7' title="bbox 437 661 2012 746; baseline 0.011 -32"><span class='ocrx_word' id='word_1_35' title='bbox 437 661 617 716; x_wconf 80' lang='grc' dir='ltr'>ίεσθαι</span> <span class='ocrx_word' id='word_1_36' title='bbox 659 680 674 695; x_wconf 89' lang='grc'><strong>·</strong></span> <span class='ocrx_word' id='word_1_37' title='bbox 738 666 999 718; x_wconf 73' lang='grc' dir='ltr'><strong>ταυταισὶ</strong></span> <span class='ocrx_word' id='word_1_38' title='bbox 1031 670 1139 736; x_wconf 76' lang='grc' dir='ltr'>γὰρ</span> <span class='ocrx_word' id='word_1_39' title='bbox 1193 671 1461 741; x_wconf 79' lang='grc' dir='ltr'>δήπουθεν</span> <span class='ocrx_word' id='word_1_40' title='bbox 1515 674 1762 728; x_wconf 87' lang='grc' dir='ltr'>κίνδυνον</span> <span class='ocrx_word' id='word_1_41' title='bbox 1816 681 2012 746; x_wconf 90' lang='grc' dir='ltr'>μυρίον</span> 
     </span>
    </p>
   </div>
   <div class='ocr_carea' id='block_1_8' title="bbox 433 755 2010 835">
    <p class='ocr_par' dir='ltr' id='par_1_8' title="bbox 433 755 2010 835">
     <span class='ocr_line' id='line_1_8' title="bbox 433 755 2010 835; baseline 0.012 -29"><span class='ocrx_word' id='word_1_42' title='bbox 433 755 840 824; x_wconf 81' lang='grc' dir='ltr'>ἀνηρτημένον.</span> <span class='ocrx_word' id='word_1_43' title='bbox 899 757 1121 826; x_wconf 81' lang='grc' dir='ltr'>Ἢγάπα</span> <span class='ocrx_word' id='word_1_44' title='bbox 1194 765 1570 834; x_wconf 80' lang='grc' dir='ltr'><strong>τετριμμένην</strong></span> <span class='ocrx_word' id='word_1_45' title='bbox 1645 766 1896 835; x_wconf 78' lang='grc' dir='ltr'>βαδίζων,</span> <span class='ocrx_word' id='word_1_46' title='bbox 1949 771 2010 824; x_wconf 83' lang='grc' dir='ltr'><strong>τὸ</strong></span> 
     </span>
    </p>
   </div>
   <div class='ocr_carea' id='block_1_9' title="bbox 433 844 2010 926">
    <p class='ocr_par' dir='ltr' id='par_1_9' title="bbox 433 844 2010 926">
     <span class='ocr_line' id='line_1_9' title="bbox 433 844 2010 926; baseline 0.011 -31"><span class='ocrx_word' id='word_1_47' title='bbox 433 844 681 910; x_wconf 77' lang='grc' dir='ltr'>ἀσφαλὲς</span> <span class='ocrx_word' id='word_1_48' title='bbox 713 846 771 895; x_wconf 84' lang='grc' dir='ltr'>ὲν</span> <span class='ocrx_word' id='word_1_49' title='bbox 804 845 980 899; x_wconf 75' lang='grc' dir='ltr'>ἅπασι</span> <span class='ocrx_word' id='word_1_50' title='bbox 1006 849 1187 918; x_wconf 80' lang='grc' dir='ltr'>ζητῶν</span> <span class='ocrx_word' id='word_1_51' title='bbox 1243 853 1527 915; x_wconf 78' lang='grc' dir='ltr'>κινδύνους</span> <span class='ocrx_word' id='word_1_52' title='bbox 1579 855 1637 907; x_wconf 83' lang='grc' dir='ltr'>δὲ</span> <span class='ocrx_word' id='word_1_53' title='bbox 1671 858 1869 926; x_wconf 74' lang='grc' dir='ltr'>ῥαδίως</span> <span class='ocrx_word' id='word_1_54' title='bbox 1899 859 2010 912; x_wconf 74' lang='grc' dir='ltr'>ἑδέ-</span> 
     </span>
    </p>
   </div>
   <div class='ocr_carea' id='block_1_10' title="bbox 435 938 2007 1023">
    <p class='ocr_par' dir='ltr' id='par_1_10' title="bbox 435 938 2007 1023">
     <span class='ocr_line' id='line_1_10' title="bbox 435 938 2007 1023; baseline 0.013 -37"><span class='ocrx_word' id='word_1_55' title='bbox 435 952 584 1002; x_wconf 84' lang='grc' dir='ltr'>χετο,</span> <span class='ocrx_word' id='word_1_56' title='bbox 613 938 939 992; x_wconf 59' lang='grc' dir='ltr'>οὔπάντοτε</span> <span class='ocrx_word' id='word_1_57' title='bbox 990 943 1088 994; x_wconf 76' lang='grc' dir='ltr'><strong>καὶ</strong></span> <span class='ocrx_word' id='word_1_58' title='bbox 1147 945 1360 1010; x_wconf 83' lang='grc' dir='ltr'>πάντας</span> <span class='ocrx_word' id='word_1_59' title='bbox 1417 947 1605 1010; x_wconf 82' lang='grc' dir='ltr'>ἁπλῶς</span> <span class='ocrx_word' id='word_1_60' title='bbox 1637 966 1651 981; x_wconf 90' lang='grc'><strong>·</strong></span> <span class='ocrx_word' id='word_1_61' title='bbox 1687 954 1840 1006; x_wconf 78' lang='grc' dir='ltr'>τουτὶ</span> <span class='ocrx_word' id='word_1_62' title='bbox 1898 957 2007 1023; x_wconf 76' lang='grc' dir='ltr'>γὰρ</span> 
     </span>
    </p>
   </div>
   <div class='ocr_carea' id='block_1_11' title="bbox 437 1029 2008 1110">
    <p class='ocr_par' dir='ltr' id='par_1_11' title="bbox 437 1029 2008 1110">
     <span class='ocr_line' id='line_1_11' title="bbox 437 1029 2008 1110; baseline 0.012 -30"><span class='ocrx_word' id='word_1_63' title='bbox 437 1029 822 1102; x_wconf 84' lang='grc' dir='ltr'>παραπλήγων</span> <span class='ocrx_word' id='word_1_64' title='bbox 873 1034 1179 1104; x_wconf 78' lang='grc' dir='ltr'>ἀνθρώπων</span> <span class='ocrx_word' id='word_1_65' title='bbox 1213 1039 1279 1091; x_wconf 80' lang='grc' dir='ltr'><strong>ἂν</strong></span> <span class='ocrx_word' id='word_1_66' title='bbox 1316 1040 1401 1110; x_wconf 83' lang='grc' dir='ltr'>εἴη</span> <span class='ocrx_word' id='word_1_67' title='bbox 1427 1057 1444 1074; x_wconf 79' lang='grc' dir='ltr'><strong><em>ο</em></strong></span> <span class='ocrx_word' id='word_1_68' title='bbox 1479 1043 1592 1095; x_wconf 81' lang='grc' dir='ltr'>ἀλλ’</span> <span class='ocrx_word' id='word_1_69' title='bbox 1639 1045 1729 1098; x_wconf 75' lang='grc' dir='ltr'><strong>ὅτι</strong></span> <span class='ocrx_word' id='word_1_70' title='bbox 1781 1043 2008 1109; x_wconf 79' lang='grc' dir='ltr'>τούτους</span> 
     </span>
    </p>
   </div>
   <div class='ocr_carea' id='block_1_12' title="bbox 436 1121 2010 1206">
    <p class='ocr_par' dir='ltr' id='par_1_12' title="bbox 436 1121 2010 1206">
     <span class='ocr_line' id='line_1_12' title="bbox 436 1121 2010 1206; baseline 0.012 -34"><span class='ocrx_word' id='word_1_71' title='bbox 436 1121 534 1174; x_wconf 82' lang='grc' dir='ltr'><strong>οὐκ</strong></span> <span class='ocrx_word' id='word_1_72' title='bbox 566 1121 692 1193; x_wconf 77' lang='grc' dir='ltr'><strong>ἐξῆν</strong></span> <span class='ocrx_word' id='word_1_73' title='bbox 728 1125 867 1193; x_wconf 82' lang='grc' dir='ltr'>μετὰ</span> <span class='ocrx_word' id='word_1_74' title='bbox 902 1126 998 1178; x_wconf 81' lang='grc' dir='ltr'><strong>τοῦ</strong></span> <span class='ocrx_word' id='word_1_75' title='bbox 1053 1129 1244 1194; x_wconf 82' lang='grc' dir='ltr'>καλοῦ,</span> <span class='ocrx_word' id='word_1_76' title='bbox 1278 1134 1376 1185; x_wconf 76' lang='grc' dir='ltr'><strong>καὶ</strong></span> <span class='ocrx_word' id='word_1_77' title='bbox 1408 1133 1505 1186; x_wconf 81' lang='grc' dir='ltr'>τοῦ</span> <span class='ocrx_word' id='word_1_78' title='bbox 1534 1137 1863 1206; x_wconf 83' lang='grc' dir='ltr'>γιγνομένου</span> <span class='ocrx_word' id='word_1_79' title='bbox 1891 1137 2010 1191; x_wconf 83' lang='grc' dir='ltr'>δια-</span> 
     </span>
    </p>
   </div>
   <div class='ocr_carea' id='block_1_13' title="bbox 435 1214 2005 1292">
    <p class='ocr_par' dir='ltr' id='par_1_13' title="bbox 435 1214 2005 1292">
     <span class='ocr_line' id='line_1_13' title="bbox 435 1214 2005 1292; baseline 0.011 -31"><span class='ocrx_word' id='word_1_80' title='bbox 435 1214 651 1279; x_wconf 82' lang='grc' dir='ltr'>φυγεῖν.</span> <span class='ocrx_word' id='word_1_81' title='bbox 703 1215 993 1282; x_wconf 81' lang='grc' dir='ltr'>Ἐπιεικής</span> <span class='ocrx_word' id='word_1_82' title='bbox 1041 1235 1124 1280; x_wconf 88' lang='grc' dir='ltr'><strong>τις</strong></span> <span class='ocrx_word' id='word_1_83' title='bbox 1159 1219 1300 1288; x_wconf 82' lang='grc' dir='ltr'>ἄγαν</span> <span class='ocrx_word' id='word_1_84' title='bbox 1353 1218 1458 1292; x_wconf 74' lang='grc' dir='ltr'>ἦνς</span> <span class='ocrx_word' id='word_1_85' title='bbox 1517 1221 1691 1288; x_wconf 83' lang='grc' dir='ltr'>Οὗτος</span> <span class='ocrx_word' id='word_1_86' title='bbox 1745 1227 1802 1279; x_wconf 79' lang='grc' dir='ltr'>δὲ</span> <span class='ocrx_word' id='word_1_87' title='bbox 1833 1227 1885 1278; x_wconf 89' lang='grc' dir='ltr'><strong>τί</strong></span> <span class='ocrx_word' id='word_1_88' title='bbox 1944 1228 2005 1279; x_wconf 76' lang='grc' dir='ltr'>οὔ</span> 
     </span>
    </p>
   </div>
   <div class='ocr_carea' id='block_1_14' title="bbox 438 1301 2005 1384">
    <p class='ocr_par' dir='ltr' id='par_1_14' title="bbox 438 1301 2005 1384">
     <span class='ocr_line' id='line_1_14' title="bbox 438 1301 2005 1384; baseline 0.012 -33"><span class='ocrx_word' id='word_1_89' title='bbox 438 1301 578 1367; x_wconf 85' lang='grc' dir='ltr'>μετὰ</span> <span class='ocrx_word' id='word_1_90' title='bbox 603 1303 806 1373; x_wconf 84' lang='grc' dir='ltr'>πολλῆς</span> <span class='ocrx_word' id='word_1_91' title='bbox 828 1309 925 1374; x_wconf 78' lang='grc' dir='ltr'>τῆς</span> <span class='ocrx_word' id='word_1_92' title='bbox 959 1307 1266 1381; x_wconf 77' lang='grc' dir='ltr'>ὑπερϐολῆς</span> <span class='ocrx_word' id='word_1_93' title='bbox 1289 1329 1304 1376; x_wconf 91' lang='grc'><strong>;</strong></span> <span class='ocrx_word' id='word_1_94' title='bbox 1331 1313 1520 1384; x_wconf 80' lang='grc' dir='ltr'>Θυμοῢ</span> <span class='ocrx_word' id='word_1_95' title='bbox 1543 1315 2005 1384; x_wconf 71' lang='grc' dir='ltr'>κρατῶνέτεροςς</span> 
     </span>
    </p>
   </div>
   <div class='ocr_carea' id='block_1_15' title="bbox 434 1393 2008 1478">
    <p class='ocr_par' dir='ltr' id='par_1_15' title="bbox 434 1393 2008 1478">
     <span class='ocr_line' id='line_1_15' title="bbox 434 1393 2008 1478; baseline 0.011 -34"><span class='ocrx_word' id='word_1_96' title='bbox 434 1393 543 1445; x_wconf 71' lang='grc' dir='ltr'>καὶ</span> <span class='ocrx_word' id='word_1_97' title='bbox 596 1395 706 1465; x_wconf 83' lang='grc' dir='ltr'>μὴν</span> <span class='ocrx_word' id='word_1_98' title='bbox 735 1398 791 1448; x_wconf 80' lang='grc' dir='ltr'>ὲν</span> <span class='ocrx_word' id='word_1_99' title='bbox 815 1397 992 1467; x_wconf 81' lang='grc' dir='ltr'>τούτῳ</span> <span class='ocrx_word' id='word_1_100' title='bbox 1034 1402 1516 1475; x_wconf 81' lang='grc' dir='ltr'>φιλοτιμησόμεθα</span> <span class='ocrx_word' id='word_1_101' title='bbox 1579 1408 1799 1472; x_wconf 84' lang='grc' dir='ltr'>μᾶλλον,</span> <span class='ocrx_word' id='word_1_102' title='bbox 1849 1411 2008 1478; x_wconf 77' lang='grc' dir='ltr'>εἴπερ</span> 
     </span>
    </p>
   </div>
   <div class='ocr_carea' id='block_1_16' title="bbox 433 1485 2009 1567">
    <p class='ocr_par' dir='ltr' id='par_1_16' title="bbox 433 1485 2009 1567">
     <span class='ocr_line' id='line_1_16' title="bbox 433 1485 2009 1567; baseline 0.012 -33"><span class='ocrx_word' id='word_1_103' title='bbox 433 1497 516 1545; x_wconf 86' lang='grc' dir='ltr'><strong>τις</strong></span> <span class='ocrx_word' id='word_1_104' title='bbox 541 1485 700 1549; x_wconf 77' lang='grc' dir='ltr'>ἄλλος</span> <span class='ocrx_word' id='word_1_105' title='bbox 729 1488 1058 1558; x_wconf 81' lang='grc' dir='ltr'>ἀνθρώπων.</span> <span class='ocrx_word' id='word_1_106' title='bbox 1098 1489 1338 1547; x_wconf 78' lang='grc' dir='ltr'>Γλῶττα</span> <span class='ocrx_word' id='word_1_107' title='bbox 1383 1496 1602 1558; x_wconf 80' lang='grc' dir='ltr'>πολλοῖς</span> <span class='ocrx_word' id='word_1_108' title='bbox 1634 1500 1731 1566; x_wconf 83' lang='grc' dir='ltr'><strong>μὲν</strong></span> <span class='ocrx_word' id='word_1_109' title='bbox 1783 1501 2009 1567; x_wconf 85' lang='grc' dir='ltr'>γέγονεν</span> 
     </span>
    </p>
   </div>
   <div class='ocr_carea' id='block_1_17' title="bbox 434 1575 2006 1659">
    <p class='ocr_par' dir='ltr' id='par_1_17' title="bbox 434 1575 2006 1659">
     <span class='ocr_line' id='line_1_17' title="bbox 434 1575 2006 1659; baseline 0.011 -33"><span class='ocrx_word' id='word_1_110' title='bbox 434 1575 636 1647; x_wconf 83' lang='grc' dir='ltr'>ἀγαθὴ,</span> <span class='ocrx_word' id='word_1_111' title='bbox 664 1577 843 1648; x_wconf 83' lang='grc' dir='ltr'>τούτῳ</span> <span class='ocrx_word' id='word_1_112' title='bbox 871 1579 927 1632; x_wconf 82' lang='grc' dir='ltr'><strong>δὲ</strong></span> <span class='ocrx_word' id='word_1_113' title='bbox 959 1582 1035 1641; x_wconf 83' lang='grc' dir='ltr'>ὡς</span> <span class='ocrx_word' id='word_1_114' title='bbox 1063 1582 1328 1650; x_wconf 79' lang='grc' dir='ltr'>μάλιστα.</span> <span class='ocrx_word' id='word_1_115' title='bbox 1365 1586 1441 1639; x_wconf 85' lang='grc' dir='ltr'><strong>Οὐ</strong></span> <span class='ocrx_word' id='word_1_116' title='bbox 1497 1587 1607 1656; x_wconf 84' lang='grc' dir='ltr'><strong>γὰρ</strong></span> <span class='ocrx_word' id='word_1_117' title='bbox 1637 1583 1706 1659; x_wconf 81' lang='grc' dir='ltr'>ἦν</span> <span class='ocrx_word' id='word_1_118' title='bbox 1753 1590 2006 1644; x_wconf 80' lang='grc' dir='ltr'>ἀπειθεῖν</span> 
     </span>
    </p>
   </div>
   <div class='ocr_carea' id='block_1_18' title="bbox 434 1665 2002 1746">
    <p class='ocr_par' dir='ltr' id='par_1_18' title="bbox 434 1665 2002 1746">
     <span class='ocr_line' id='line_1_18' title="bbox 434 1665 2002 1746; baseline 0.011 -31"><span class='ocrx_word' id='word_1_119' title='bbox 434 1665 814 1737; x_wconf 85' lang='grc' dir='ltr'>φθεγγομένῳ.</span> <span class='ocrx_word' id='word_1_120' title='bbox 871 1669 1109 1740; x_wconf 86' lang='grc' dir='ltr'>Ἦμέρου</span> <span class='ocrx_word' id='word_1_121' title='bbox 1157 1674 1252 1726; x_wconf 73' lang='grc' dir='ltr'>καὶ</span> <span class='ocrx_word' id='word_1_122' title='bbox 1311 1673 1388 1745; x_wconf 81' lang='grc' dir='ltr'><strong>τῷ</strong></span> <span class='ocrx_word' id='word_1_123' title='bbox 1441 1677 1758 1746; x_wconf 78' lang='grc' dir='ltr'>μειδιάματι</span> <span class='ocrx_word' id='word_1_124' title='bbox 1803 1679 2002 1742; x_wconf 82' lang='grc' dir='ltr'><strong>ἀδίκως</strong></span> 
     </span>
    </p>
   </div>
   <div class='ocr_carea' id='block_1_19' title="bbox 439 1759 2001 1840">
    <p class='ocr_par' dir='ltr' id='par_1_19' title="bbox 439 1759 2001 1840">
     <span class='ocr_line' id='line_1_19' title="bbox 439 1759 2001 1840; baseline 0.01 -32"><span class='ocrx_word' id='word_1_125' title='bbox 439 1759 814 1826; x_wconf 85' lang='grc' dir='ltr'>ἀγριαίνοντα.</span> <span class='ocrx_word' id='word_1_126' title='bbox 839 1760 928 1833; x_wconf 69' lang='grc' dir='ltr'><strong>ίΤῇ</strong></span> <span class='ocrx_word' id='word_1_127' title='bbox 956 1762 1012 1814; x_wconf 83' lang='grc' dir='ltr'><strong>δὲ</strong></span> <span class='ocrx_word' id='word_1_128' title='bbox 1045 1766 1141 1833; x_wconf 83' lang='grc' dir='ltr'>τῆς</span> <span class='ocrx_word' id='word_1_129' title='bbox 1174 1765 1668 1838; x_wconf 66' lang='grc' dir='ltr'>γλώττηςξδυνάμει</span> <span class='ocrx_word' id='word_1_130' title='bbox 1718 1772 2001 1840; x_wconf 83' lang='grc' dir='ltr'>χρησάμε-</span> 
     </span>
    </p>
   </div>
   <div class='ocr_carea' id='block_1_20' title="bbox 436 1841 2074 1931">
    <p class='ocr_par' dir='ltr' id='par_1_20' title="bbox 436 1841 2074 1931">
     <span class='ocr_line' id='line_1_20' title="bbox 436 1841 2074 1931; baseline 0.011 -33"><span class='ocrx_word' id='word_1_131' title='bbox 436 1865 545 1910; x_wconf 82' lang='grc' dir='ltr'>νος,</span> <span class='ocrx_word' id='word_1_132' title='bbox 580 1852 876 1916; x_wconf 79' lang='grc' dir='ltr'>μετέϐαλεν</span> <span class='ocrx_word' id='word_1_133' title='bbox 910 1854 976 1907; x_wconf 86' lang='grc' dir='ltr'>ἂν</span> <span class='ocrx_word' id='word_1_134' title='bbox 1021 1858 1100 1918; x_wconf 86' lang='grc' dir='ltr'><strong>είς</strong></span> <span class='ocrx_word' id='word_1_135' title='bbox 1156 1857 1568 1928; x_wconf 74' lang='grc' dir='ltr'>φιλανθρωπίαν</span> <span class='ocrx_word' id='word_1_136' title='bbox 1599 1862 1813 1931; x_wconf 72' lang='grc' dir='ltr'>καὶτὴν</span> <span class='ocrx_word' id='word_1_137' title='bbox 1851 1863 2001 1915; x_wconf 75' lang='grc' dir='ltr'>’Σκυο</span> <span class='ocrx_word' id='word_1_138' title='bbox 2035 1841 2074 1895; x_wconf 76' lang='grc' dir='ltr'><strong><em>Β</em></strong></span> 
     </span>
    </p>
   </div>
   <div class='ocr_carea' id='block_1_21' title="bbox 437 1940 1999 2022">
    <p class='ocr_par' dir='ltr' id='par_1_21' title="bbox 437 1940 1999 2022">
     <span class='ocr_line' id='line_1_21' title="bbox 437 1940 1999 2022; baseline 0.012 -33"><span class='ocrx_word' id='word_1_139' title='bbox 437 1940 546 1990; x_wconf 83' lang='grc' dir='ltr'>θῶν</span> <span class='ocrx_word' id='word_1_140' title='bbox 576 1943 835 2012; x_wconf 78' lang='grc' dir='ltr'>ὠμότητα</span> <span class='ocrx_word' id='word_1_141' title='bbox 862 1945 957 2014; x_wconf 77' lang='grc' dir='ltr'>τήν</span> <span class='ocrx_word' id='word_1_142' title='bbox 983 1947 1218 2016; x_wconf 73' lang='grc' dir='ltr'>πολλήνο</span> <span class='ocrx_word' id='word_1_143' title='bbox 1252 1944 1456 2019; x_wconf 76' lang='grc' dir='ltr'>ἦν’γάρ</span> <span class='ocrx_word' id='word_1_144' title='bbox 1498 1952 1709 2015; x_wconf 86' lang='grc' dir='ltr'>ἀστεῖος</span> <span class='ocrx_word' id='word_1_145' title='bbox 1734 1969 1749 1983; x_wconf 76' lang='grc' dir='ltr'><strong>ο</strong></span> <span class='ocrx_word' id='word_1_146' title='bbox 1779 1949 1999 2022; x_wconf 71' lang='grc' dir='ltr'>ἦνῆδι-</span> 
     </span>
    </p>
   </div>
   <div class='ocr_carea' id='block_1_22' title="bbox 433 2036 2000 2114">
    <p class='ocr_par' dir='ltr' id='par_1_22' title="bbox 433 2036 2000 2114">
     <span class='ocr_line' id='line_1_22' title="bbox 433 2036 2000 2114; baseline 0.012 -34"><span class='ocrx_word' id='word_1_147' title='bbox 433 2046 579 2095; x_wconf 75' lang='grc' dir='ltr'>στος,</span> <span class='ocrx_word' id='word_1_148' title='bbox 617 2036 916 2104; x_wconf 78' lang='grc' dir='ltr'>προσηνὴς,</span> <span class='ocrx_word' id='word_1_149' title='bbox 967 2037 1256 2106; x_wconf 84' lang='grc' dir='ltr'>μειλίχιος,</span> <span class='ocrx_word' id='word_1_150' title='bbox 1290 2041 1496 2102; x_wconf 79' lang='grc' dir='ltr'>πάσαις</span> <span class='ocrx_word' id='word_1_151' title='bbox 1525 2045 1642 2106; x_wconf 85' lang='grc' dir='ltr'>ταῖς</span> <span class='ocrx_word' id='word_1_152' title='bbox 1691 2044 1881 2114; x_wconf 69' lang='grc' dir='ltr'>χάρισι</span> <span class='ocrx_word' id='word_1_153' title='bbox 1907 2063 2000 2098; x_wconf 85' lang='grc' dir='ltr'>κε-</span> 
     </span>
    </p>
   </div>
   <div class='ocr_carea' id='block_1_23' title="bbox 427 2123 1999 2205">
    <p class='ocr_par' dir='ltr' id='par_1_23' title="bbox 427 2123 1999 2205">
     <span class='ocr_line' id='line_1_23' title="bbox 427 2123 1999 2205; baseline 0.013 -36"><span class='ocrx_word' id='word_1_154' title='bbox 427 2123 738 2189; x_wconf 81' lang='grc' dir='ltr'>κραμένος’</span> <span class='ocrx_word' id='word_1_155' title='bbox 777 2127 898 2188; x_wconf 82' lang='grc' dir='ltr'>ὅλος</span> <span class='ocrx_word' id='word_1_156' title='bbox 955 2129 1053 2197; x_wconf 84' lang='grc' dir='ltr'>μὲν</span> <span class='ocrx_word' id='word_1_157' title='bbox 1101 2129 1377 2199; x_wconf 83' lang='grc' dir='ltr'>εὕ-τορνος,</span> <span class='ocrx_word' id='word_1_158' title='bbox 1437 2131 1514 2195; x_wconf 88' lang='grc' dir='ltr'>ὡς</span> <span class='ocrx_word' id='word_1_159' title='bbox 1572 2134 1697 2201; x_wconf 80' lang='grc' dir='ltr'>μηδ’</span> <span class='ocrx_word' id='word_1_160' title='bbox 1749 2136 1999 2205; x_wconf 82' lang='grc' dir='ltr'>ἡντινοῦν</span> 
     </span>
    </p>
   </div>
   <div class='ocr_carea' id='block_1_24' title="bbox 431 2214 1997 2292">
    <p class='ocr_par' dir='ltr' id='par_1_24' title="bbox 431 2214 1997 2292">
     <span class='ocr_line' id='line_1_24' title="bbox 431 2214 1997 2292; baseline 0.012 -30"><span class='ocrx_word' id='word_1_161' title='bbox 431 2214 695 2282; x_wconf 84' lang='grc' dir='ltr'>παρέχειν</span> <span class='ocrx_word' id='word_1_162' title='bbox 719 2216 890 2282; x_wconf 77' lang='grc' dir='ltr'>λαϐὴν</span> <span class='ocrx_word' id='word_1_163' title='bbox 933 2220 1011 2280; x_wconf 88' lang='grc' dir='ltr'><strong>είς</strong></span> <span class='ocrx_word' id='word_1_164' title='bbox 1037 2219 1231 2289; x_wconf 81' lang='grc' dir='ltr'>μῶμον</span> <span class='ocrx_word' id='word_1_165' title='bbox 1255 2237 1267 2250; x_wconf 95' lang='grc'><strong>·</strong></span> <span class='ocrx_word' id='word_1_166' title='bbox 1305 2223 1426 2286; x_wconf 83' lang='grc' dir='ltr'>ὅλος</span> <span class='ocrx_word' id='word_1_167' title='bbox 1481 2226 1536 2276; x_wconf 80' lang='grc' dir='ltr'>δὲ</span> <span class='ocrx_word' id='word_1_168' title='bbox 1572 2224 1840 2290; x_wconf 74' lang='grc' dir='ltr'>εὔληπτος</span> <span class='ocrx_word' id='word_1_169' title='bbox 1884 2231 1997 2292; x_wconf 85' lang='grc' dir='ltr'>τοῖς</span> 
     </span>
    </p>
   </div>
   <div class='ocr_carea' id='block_1_25' title="bbox 429 2303 1994 2387">
    <p class='ocr_par' dir='ltr' id='par_1_25' title="bbox 429 2303 1994 2387">
     <span class='ocr_line' id='line_1_25' title="bbox 429 2303 1994 2387; baseline 0.012 -35"><span class='ocrx_word' id='word_1_170' title='bbox 429 2303 590 2354; x_wconf 75' lang='grc' dir='ltr'>αὐτὸν</span> <span class='ocrx_word' id='word_1_171' title='bbox 623 2305 807 2358; x_wconf 73' lang='grc' dir='ltr'>λαϐεῖν</span> <span class='ocrx_word' id='word_1_172' title='bbox 837 2307 1112 2363; x_wconf 76' lang='grc' dir='ltr'>ἔθελουσιν</span> <span class='ocrx_word' id='word_1_173' title='bbox 1145 2312 1228 2374; x_wconf 86' lang='grc' dir='ltr'><strong>είς</strong></span> <span class='ocrx_word' id='word_1_174' title='bbox 1253 2313 1548 2383; x_wconf 76' lang='grc' dir='ltr'>οἰκοδομὴν</span> <span class='ocrx_word' id='word_1_175' title='bbox 1586 2316 1771 2367; x_wconf 78' lang='grc' dir='ltr'>καλῶν</span> <span class='ocrx_word' id='word_1_176' title='bbox 1792 2319 1994 2387; x_wconf 80' lang='grc' dir='ltr'>ἔργων.</span> 
     </span>
    </p>
   </div>
   <div class='ocr_carea' id='block_1_26' title="bbox 436 2394 1998 2476">
    <p class='ocr_par' dir='ltr' id='par_1_26' title="bbox 436 2394 1998 2476">
     <span class='ocr_line' id='line_1_26' title="bbox 436 2394 1998 2476; baseline 0.011 -30"><span class='ocrx_word' id='word_1_177' title='bbox 436 2394 658 2462; x_wconf 81' lang='grc' dir='ltr'>Ἡγεῖτο</span> <span class='ocrx_word' id='word_1_178' title='bbox 681 2399 787 2469; x_wconf 84' lang='grc' dir='ltr'>γὰρ</span> <span class='ocrx_word' id='word_1_179' title='bbox 819 2403 1052 2472; x_wconf 79' lang='grc' dir='ltr'>πρέπειν</span> <span class='ocrx_word' id='word_1_180' title='bbox 1087 2407 1236 2475; x_wconf 76' lang='grc' dir='ltr'>αὐτῷ</span> <span class='ocrx_word' id='word_1_181' title='bbox 1266 2409 1377 2469; x_wconf 87' lang='grc' dir='ltr'>τοῖς</span> <span class='ocrx_word' id='word_1_182' title='bbox 1408 2409 1506 2476; x_wconf 74' lang='grc' dir='ltr'><strong>μὲν</strong></span> <span class='ocrx_word' id='word_1_183' title='bbox 1550 2409 1847 2475; x_wconf 73' lang='grc' dir='ltr'>κακοήθεσι</span> <span class='ocrx_word' id='word_1_184' title='bbox 1902 2415 1998 2464; x_wconf 71' lang='grc' dir='ltr'><strong>καὶ</strong></span> 
     </span>
    </p>
   </div>
   <div class='ocr_carea' id='block_1_27' title="bbox 426 2486 1997 2563">
    <p class='ocr_par' dir='ltr' id='par_1_27' title="bbox 426 2486 1997 2563">
     <span class='ocr_line' id='line_1_27' title="bbox 426 2486 1997 2563; baseline 0.006 -25"><span class='ocrx_word' id='word_1_185' title='bbox 426 2486 892 2556; x_wconf 83' lang='grc' dir='ltr'>διεστραμμένοις</span> <span class='ocrx_word' id='word_1_186' title='bbox 919 2492 1234 2560; x_wconf 76' lang='grc' dir='ltr'>ἀνθρώποις</span> <span class='ocrx_word' id='word_1_187' title='bbox 1258 2494 1558 2556; x_wconf 82' lang='grc' dir='ltr'>’παντελῶς</span> <span class='ocrx_word' id='word_1_188' title='bbox 1595 2496 1899 2563; x_wconf 79' lang='grc' dir='ltr'>ἀχείρωτος</span> <span class='ocrx_word' id='word_1_189' title='bbox 1921 2493 1997 2547; x_wconf 77' lang='grc' dir='ltr'><strong>εἷ-</strong></span> 
     </span>
    </p>
   </div>
   <div class='ocr_carea' id='block_1_28' title="bbox 426 2584 1993 2653">
    <p class='ocr_par' dir='ltr' id='par_1_28' title="bbox 426 2584 1993 2653">
     <span class='ocr_line' id='line_1_28' title="bbox 426 2584 1993 2653; baseline 0.006 -20"><span class='ocrx_word' id='word_1_190' title='bbox 426 2598 539 2646; x_wconf 90' lang='grc' dir='ltr'>ναι,</span> <span class='ocrx_word' id='word_1_191' title='bbox 566 2584 800 2653; x_wconf 78' lang='grc' dir='ltr'>εὐχερὴς</span> <span class='ocrx_word' id='word_1_192' title='bbox 836 2585 1178 2652; x_wconf 78' lang='grc' dir='ltr'>δὲ’ἀγαθοῖς,</span> <span class='ocrx_word' id='word_1_193' title='bbox 1203 2586 1282 2648; x_wconf 79' lang='grc' dir='ltr'><strong>είς</strong></span> <span class='ocrx_word' id='word_1_194' title='bbox 1305 2587 1330 2638; x_wconf 82' lang='grc' dir='ltr'>ὅ</span> <span class='ocrx_word' id='word_1_195' title='bbox 1350 2601 1402 2638; x_wconf 90' lang='grc' dir='ltr'><strong>τι</strong></span> <span class='ocrx_word' id='word_1_196' title='bbox 1424 2587 1507 2639; x_wconf 65' lang='grc' dir='ltr'><strong>’ἂν</strong></span> <span class='ocrx_word' id='word_1_197' title='bbox 1534 2588 1687 2640; x_wconf 72' lang='grc' dir='ltr'>αὐτοὶ</span> <span class='ocrx_word' id='word_1_198' title='bbox 1720 2587 1993 2642; x_wconf 86' lang='grc' dir='ltr'>νεύσαιεν.</span> 
     </span>
    </p>
   </div>
   <div class='ocr_carea' id='block_1_29' title="bbox 426 2672 1996 2748">
    <p class='ocr_par' dir='ltr' id='par_1_29' title="bbox 426 2672 1996 2748">
     <span class='ocr_line' id='line_1_29' title="bbox 426 2672 1996 2748; baseline 0.003 -22"><span class='ocrx_word' id='word_1_199' title='bbox 426 2673 538 2726; x_wconf 69' lang='grc' dir='ltr'><strong>Καὶ</strong></span> <span class='ocrx_word' id='word_1_200' title='bbox 573 2672 680 2742; x_wconf 81' lang='grc' dir='ltr'><strong>μὴν</strong></span> <span class='ocrx_word' id='word_1_201' title='bbox 716 2673 826 2726; x_wconf 83' lang='grc' dir='ltr'><strong>τῶν</strong></span> <span class='ocrx_word' id='word_1_202' title='bbox 860 2680 1290 2742; x_wconf 82' lang='grc' dir='ltr'>συμπιπτόντων</span> <span class='ocrx_word' id='word_1_203' title='bbox 1322 2676 1469 2748; x_wconf 81' lang='grc' dir='ltr'><strong>αὑτῷ</strong></span> <span class='ocrx_word' id='word_1_204' title='bbox 1514 2678 1704 2730; x_wconf 86' lang='grc' dir='ltr'>δεινῶν</span> <span class='ocrx_word' id='word_1_205' title='bbox 1734 2697 1748 2710; x_wconf 88' lang='grc'><strong>·</strong></span> <span class='ocrx_word' id='word_1_206' title='bbox 1785 2679 1996 2731; x_wconf 80' lang='grc' dir='ltr'>πολλῶν</span> 
     </span>
    </p>
   </div>
   <div class='ocr_carea' id='block_1_30' title="bbox 422 2759 2000 2843">
    <p class='ocr_par' dir='ltr' id='par_1_30' title="bbox 422 2759 2000 2843">
     <span class='ocr_line' id='line_1_30' title="bbox 422 2759 2000 2843; baseline 0.005 -28"><span class='ocrx_word' id='word_1_207' title='bbox 422 2759 467 2815; x_wconf 84' lang='grc' dir='ltr'>δ’</span> <span class='ocrx_word' id='word_1_208' title='bbox 500 2765 1152 2836; x_wconf 29' lang='grc' dir='ltr'>αὑτοςκπεπείραταικαὶ</span> <span class='ocrx_word' id='word_1_209' title='bbox 1196 2771 1486 2839; x_wconf 74' lang='grc' dir='ltr'>μεγάλωνο</span> <span class='ocrx_word' id='word_1_210' title='bbox 1511 2774 1626 2834; x_wconf 88' lang='grc' dir='ltr'>τοῖς</span> <span class='ocrx_word' id='word_1_211' title='bbox 1669 2774 1780 2843; x_wconf 86' lang='grc' dir='ltr'>γὰρ</span> <span class='ocrx_word' id='word_1_212' title='bbox 1842 2773 2000 2841; x_wconf 86' lang='grc' dir='ltr'>μεγί-</span> 
     </span>
    </p>
   </div>
   <div class='ocr_carea' id='block_1_31' title="bbox 425 2856 1996 2933">
    <p class='ocr_par' dir='ltr' id='par_1_31' title="bbox 425 2856 1996 2933">
     <span class='ocr_line' id='line_1_31' title="bbox 425 2856 1996 2933; baseline 0.007 -28"><span class='ocrx_word' id='word_1_213' title='bbox 425 2870 574 2917; x_wconf 80' lang='grc' dir='ltr'>στοις</span> <span class='ocrx_word' id='word_1_214' title='bbox 631 2856 869 2925; x_wconf 80' lang='grc' dir='ltr'>μάλιστα</span> <span class='ocrx_word' id='word_1_215' title='bbox 918 2860 950 2929; x_wconf 80' lang='grc' dir='ltr'><strong>ὴ</strong></span> <span class='ocrx_word' id='word_1_216' title='bbox 1000 2858 1273 2927; x_wconf 82' lang='grc' dir='ltr'>βάσανος·</span> <span class='ocrx_word' id='word_1_217' title='bbox 1309 2861 1576 2932; x_wconf 81' lang='grc' dir='ltr'>κρείττων</span> <span class='ocrx_word' id='word_1_218' title='bbox 1622 2863 1680 2915; x_wconf 83' lang='grc' dir='ltr'>οὐ</span> <span class='ocrx_word' id='word_1_219' title='bbox 1743 2863 1996 2933; x_wconf 81' lang='grc' dir='ltr'>σμικρῶς</span> 
     </span>
    </p>
   </div>
   <div class='ocr_carea' id='block_1_32' title="bbox 421 2943 1997 3021">
    <p class='ocr_par' dir='ltr' id='par_1_32' title="bbox 421 2943 1997 3021">
     <span class='ocr_line' id='line_1_32' title="bbox 421 2943 1997 3021; baseline 0.004 -24"><span class='ocrx_word' id='word_1_220' title='bbox 421 2943 620 3015; x_wconf 76' lang='grc' dir='ltr'>ὤφθη·</span> <span class='ocrx_word' id='word_1_221' title='bbox 675 2949 784 3000; x_wconf 82' lang='grc' dir='ltr'>τῶν</span> <span class='ocrx_word' id='word_1_222' title='bbox 865 2949 923 3002; x_wconf 77' lang='grc' dir='ltr'>δὲ</span> <span class='ocrx_word' id='word_1_223' title='bbox 992 2956 1201 3021; x_wconf 85' lang='grc' dir='ltr'>καιρῶν</span> <span class='ocrx_word' id='word_1_224' title='bbox 1258 2953 1792 3021; x_wconf 80' lang='grc' dir='ltr'>μεταϐαλλομένων,</span> <span class='ocrx_word' id='word_1_225' title='bbox 1851 2955 1997 3005; x_wconf 79' lang='grc' dir='ltr'>ἐκεῖ-</span> 
     </span>
    </p>
   </div>
   <div class='ocr_carea' id='block_1_33' title="bbox 420 3035 1991 3114">
    <p class='ocr_par' dir='ltr' id='par_1_33' title="bbox 420 3035 1991 3114">
     <span class='ocr_line' id='line_1_33' title="bbox 420 3035 1991 3114; baseline 0.005 -27"><span class='ocrx_word' id='word_1_226' title='bbox 420 3051 516 3096; x_wconf 91' lang='grc' dir='ltr'><strong>νος</strong></span> <span class='ocrx_word' id='word_1_227' title='bbox 568 3036 596 3088; x_wconf 83' lang='grc' dir='ltr'><strong>ὁ</strong></span> <span class='ocrx_word' id='word_1_228' title='bbox 655 3035 818 3100; x_wconf 81' lang='grc' dir='ltr'>αὐτὸς</span> <span class='ocrx_word' id='word_1_229' title='bbox 868 3038 1062 3108; x_wconf 76' lang='grc' dir='ltr'>ἔμενεν</span> <span class='ocrx_word' id='word_1_230' title='bbox 1115 3056 1132 3072; x_wconf 78' lang='grc' dir='ltr'><strong>ο</strong></span> <span class='ocrx_word' id='word_1_231' title='bbox 1199 3041 1227 3094; x_wconf 84' lang='grc' dir='ltr'>ὃ</span> <span class='ocrx_word' id='word_1_232' title='bbox 1281 3042 1344 3112; x_wconf 83' lang='grc' dir='ltr'>δὴ</span> <span class='ocrx_word' id='word_1_233' title='bbox 1401 3043 1628 3097; x_wconf 84' lang='grc' dir='ltr'>σπάνιον</span> <span class='ocrx_word' id='word_1_234' title='bbox 1681 3044 1738 3096; x_wconf 79' lang='grc' dir='ltr'>ὲν</span> <span class='ocrx_word' id='word_1_235' title='bbox 1779 3042 1991 3114; x_wconf 76' lang='grc' dir='ltr'>ἀνθρώ-</span> 
     </span>
    </p>
   </div>
   <div class='ocr_carea' id='block_1_34' title="bbox 423 3143 566 3189">
    <p class='ocr_par' dir='ltr' id='par_1_34' title="bbox 423 3143 566 3189">
     <span class='ocr_line' id='line_1_34' title="bbox 423 3143 566 3189; baseline 0.007 -10"><span class='ocrx_word' id='word_1_236' title='bbox 423 3143 566 3189; x_wconf 85' lang='grc' dir='ltr'>ποις.</span> 
     </span>
    </p>
   </div>
   <div class='ocr_carea' id='block_1_35' title="bbox 2115 595 3687 670">
    <p class='ocr_par' dir='ltr' id='par_1_35' title="bbox 2115 595 3687 670">
     <span class='ocr_line' id='line_1_35' title="bbox 2115 595 3687 670; baseline 0.006 -27"><span class='ocrx_word' id='word_1_237' title='bbox 2115 595 2637 664; x_wconf 81' lang='lat' dir='ltr'><strong>segnis;erogandis</strong></span> <span class='ocrx_word' id='word_1_238' title='bbox 2669 613 2796 650; x_wconf 91' lang='lat' dir='ltr'><strong>vero</strong></span> <span class='ocrx_word' id='word_1_239' title='bbox 2819 598 3058 670; x_wconf 78' lang='lat' dir='ltr'><strong>praemjis</strong></span> <span class='ocrx_word' id='word_1_240' title='bbox 3095 613 3157 651; x_wconf 88' lang='lat' dir='ltr'><strong>ac</strong></span> <span class='ocrx_word' id='word_1_241' title='bbox 3185 599 3518 667; x_wconf 68' lang='lat' dir='ltr'><strong>ingenuitate</strong></span> <span class='ocrx_word' id='word_1_242' title='bbox 3551 602 3687 655; x_wconf 86' lang='lat' dir='ltr'><strong>inei-</strong></span> 
     </span>
    </p>
   </div>
   <div class='ocr_carea' id='block_1_36' title="bbox 2116 685 3683 756">
    <p class='ocr_par' dir='ltr' id='par_1_36' title="bbox 2116 685 3683 756">
     <span class='ocr_line' id='line_1_36' title="bbox 2116 685 3683 756; baseline 0.01 -23"><span class='ocrx_word' id='word_1_243' title='bbox 2116 685 2279 736; x_wconf 73' lang='lat' dir='ltr'><strong>latior</strong></span> <span class='ocrx_word' id='word_1_244' title='bbox 2303 696 2443 749; x_wconf 88' lang='lat' dir='ltr'><strong>erat,</strong></span> <span class='ocrx_word' id='word_1_245' title='bbox 2461 702 2561 741; x_wconf 89' lang='lat' dir='ltr'><strong>nec</strong></span> <span class='ocrx_word' id='word_1_246' title='bbox 2580 689 2806 741; x_wconf 89' lang='lat' dir='ltr'><strong>omnino</strong></span> <span class='ocrx_word' id='word_1_247' title='bbox 2827 689 2996 741; x_wconf 91' lang='lat' dir='ltr'><strong>teneri</strong></span> <span class='ocrx_word' id='word_1_248' title='bbox 3021 689 3226 756; x_wconf 85' lang='lat' dir='ltr'><strong>valens,</strong></span> <span class='ocrx_word' id='word_1_249' title='bbox 3249 689 3350 743; x_wconf 82' lang='lat' dir='ltr'><strong>Nili</strong></span> <span class='ocrx_word' id='word_1_250' title='bbox 3379 693 3548 746; x_wconf 87' lang='lat' dir='ltr'><strong>instar</strong></span> <span class='ocrx_word' id='word_1_251' title='bbox 3567 695 3683 748; x_wconf 81' lang='lat' dir='ltr'><strong>suis</strong></span> 
     </span>
    </p>
   </div>
   <div class='ocr_carea' id='block_1_37' title="bbox 2113 776 3682 851">
    <p class='ocr_par' dir='ltr' id='par_1_37' title="bbox 2113 776 3682 851">
     <span class='ocr_line' id='line_1_37' title="bbox 2113 776 3682 851; baseline 0.006 -23"><span class='ocrx_word' id='word_1_252' title='bbox 2113 776 2401 832; x_wconf 81' lang='lat' dir='ltr'><strong>Universos</strong></span> <span class='ocrx_word' id='word_1_253' title='bbox 2457 778 2677 834; x_wconf 85' lang='lat' dir='ltr'><strong>ﬂuentis</strong></span> <span class='ocrx_word' id='word_1_254' title='bbox 2705 781 2936 833; x_wconf 87' lang='lat' dir='ltr'><strong>ubertim</strong></span> <span class='ocrx_word' id='word_1_255' title='bbox 2958 781 3451 851; x_wconf 79' lang='lat' dir='ltr'><strong>irrigans.Seiebat</strong></span> <span class='ocrx_word' id='word_1_256' title='bbox 3480 787 3682 850; x_wconf 86' lang='lat' dir='ltr'><strong>medio,</strong></span> 
     </span>
    </p>
   </div>
   <div class='ocr_carea' id='block_1_38' title="bbox 2109 873 3685 942">
    <p class='ocr_par' dir='ltr' id='par_1_38' title="bbox 2109 873 3685 942">
     <span class='ocr_line' id='line_1_38' title="bbox 2109 873 3685 942; baseline 0.004 -20"><span class='ocrx_word' id='word_1_257' title='bbox 2109 873 2354 924; x_wconf 82' lang='lat' dir='ltr'><strong>extreme</strong></span> <span class='ocrx_word' id='word_1_258' title='bbox 2386 884 2451 923; x_wconf 92' lang='lat' dir='ltr'><strong>ac</strong></span> <span class='ocrx_word' id='word_1_259' title='bbox 2483 884 2697 926; x_wconf 84' lang='lat' dir='ltr'><strong>sunune</strong></span> <span class='ocrx_word' id='word_1_260' title='bbox 2730 873 2948 942; x_wconf 78' lang='lat' dir='ltr'><strong>assequi</strong></span> <span class='ocrx_word' id='word_1_261' title='bbox 3000 873 3138 927; x_wconf 90' lang='lat' dir='ltr'><strong>bona</strong></span> <span class='ocrx_word' id='word_1_262' title='bbox 3165 891 3180 934; x_wconf 88' lang='lat'><strong>;</strong></span> <span class='ocrx_word' id='word_1_263' title='bbox 3207 889 3306 927; x_wconf 90' lang='lat' dir='ltr'><strong>nec</strong></span> <span class='ocrx_word' id='word_1_264' title='bbox 3361 884 3542 929; x_wconf 89' lang='lat' dir='ltr'><strong>tamen</strong></span> <span class='ocrx_word' id='word_1_265' title='bbox 3591 879 3685 931; x_wconf 85' lang='lat' dir='ltr'><strong>ad-</strong></span> 
     </span>
    </p>
   </div>
   <div class='ocr_carea' id='block_1_39' title="bbox 2110 963 3682 1037">
    <p class='ocr_par' dir='ltr' id='par_1_39' title="bbox 2110 963 3682 1037">
     <span class='ocr_line' id='line_1_39' title="bbox 2110 963 3682 1037; baseline 0.006 -22"><span class='ocrx_word' id='word_1_266' title='bbox 2110 963 2642 1028; x_wconf 79' lang='lat' dir='ltr'><strong>mittebatextrema,</strong></span> <span class='ocrx_word' id='word_1_267' title='bbox 2671 967 2870 1032; x_wconf 85' lang='lat' dir='ltr'><strong>quibus</strong></span> <span class='ocrx_word' id='word_1_268' title='bbox 2894 967 3182 1021; x_wconf 85' lang='lat' dir='ltr'><strong>innumera</strong></span> <span class='ocrx_word' id='word_1_269' title='bbox 3206 969 3448 1037; x_wconf 89' lang='lat' dir='ltr'><strong>pericula</strong></span> <span class='ocrx_word' id='word_1_270' title='bbox 3479 971 3682 1025; x_wconf 66' lang='lat' dir='ltr'><strong>haerere</strong></span> 
     </span>
    </p>
   </div>
   <div class='ocr_carea' id='block_1_40' title="bbox 2109 1054 3680 1129">
    <p class='ocr_par' dir='ltr' id='par_1_40' title="bbox 2109 1054 3680 1129">
     <span class='ocr_line' id='line_1_40' title="bbox 2109 1054 3680 1129; baseline 0.008 -23"><span class='ocrx_word' id='word_1_271' title='bbox 2109 1054 2293 1107; x_wconf 86' lang='lat' dir='ltr'><strong>sciret.</strong></span> <span class='ocrx_word' id='word_1_272' title='bbox 2327 1054 2548 1109; x_wconf 88' lang='lat' dir='ltr'><strong>Lubens</strong></span> <span class='ocrx_word' id='word_1_273' title='bbox 2583 1057 2876 1111; x_wconf 82' lang='lat' dir='ltr'><strong>incedebat</strong></span> <span class='ocrx_word' id='word_1_274' title='bbox 2909 1059 3092 1111; x_wconf 84' lang='lat' dir='ltr'><strong>tritam</strong></span> <span class='ocrx_word' id='word_1_275' title='bbox 3118 1060 3286 1122; x_wconf 86' lang='lat' dir='ltr'><strong>viam,</strong></span> <span class='ocrx_word' id='word_1_276' title='bbox 3323 1076 3576 1129; x_wconf 65' lang='lat' dir='ltr'><strong>quaerens</strong></span> <span class='ocrx_word' id='word_1_277' title='bbox 3625 1065 3680 1118; x_wconf 90' lang='lat' dir='ltr'><strong>in</strong></span> 
     </span>
    </p>
   </div>
   <div class='ocr_carea' id='block_1_41' title="bbox 2108 1144 3684 1217">
    <p class='ocr_par' dir='ltr' id='par_1_41' title="bbox 2108 1144 3684 1217">
     <span class='ocr_line' id='line_1_41' title="bbox 2108 1144 3684 1217; baseline 0.007 -21"><span class='ocrx_word' id='word_1_278' title='bbox 2108 1144 2362 1197; x_wconf 89' lang='lat' dir='ltr'><strong>omnibus</strong></span> <span class='ocrx_word' id='word_1_279' title='bbox 2393 1145 2535 1211; x_wconf 89' lang='lat' dir='ltr'><strong>quod</strong></span> <span class='ocrx_word' id='word_1_280' title='bbox 2563 1154 2738 1200; x_wconf 90' lang='lat' dir='ltr'><strong>tutum</strong></span> <span class='ocrx_word' id='word_1_281' title='bbox 2777 1156 2961 1202; x_wconf 80' lang='lat' dir='ltr'><strong>esset:</strong></span> <span class='ocrx_word' id='word_1_282' title='bbox 2991 1149 3232 1217; x_wconf 79' lang='lat' dir='ltr'><strong>pericula</strong></span> <span class='ocrx_word' id='word_1_283' title='bbox 3283 1158 3464 1204; x_wconf 90' lang='lat' dir='ltr'><strong>tamen</strong></span> <span class='ocrx_word' id='word_1_284' title='bbox 3510 1151 3684 1207; x_wconf 83' lang='lat' dir='ltr'><strong>facilis</strong></span> 
     </span>
    </p>
   </div>
   <div class='ocr_carea' id='block_1_42' title="bbox 2100 1233 3677 1309">
    <p class='ocr_par' dir='ltr' id='par_1_42' title="bbox 2100 1233 3677 1309">
     <span class='ocr_line' id='line_1_42' title="bbox 2100 1233 3677 1309; baseline 0.007 -24"><span class='ocrx_word' id='word_1_285' title='bbox 2100 1233 2336 1298; x_wconf 81' lang='lat' dir='ltr'><strong>adibat;</strong></span> <span class='ocrx_word' id='word_1_286' title='bbox 2365 1243 2420 1288; x_wconf 90' lang='lat' dir='ltr'><strong>at</strong></span> <span class='ocrx_word' id='word_1_287' title='bbox 2450 1251 2557 1288; x_wconf 91' lang='lat' dir='ltr'><strong>non</strong></span> <span class='ocrx_word' id='word_1_288' title='bbox 2599 1251 2837 1306; x_wconf 85' lang='lat' dir='ltr'><strong>semper,</strong></span> <span class='ocrx_word' id='word_1_289' title='bbox 2896 1254 2996 1293; x_wconf 88' lang='lat' dir='ltr'><strong>nec</strong></span> <span class='ocrx_word' id='word_1_290' title='bbox 3055 1241 3374 1309; x_wconf 78' lang='lat' dir='ltr'><strong>simpliciter</strong></span> <span class='ocrx_word' id='word_1_291' title='bbox 3429 1245 3614 1298; x_wconf 87' lang='lat' dir='ltr'><strong>omnia</strong></span> <span class='ocrx_word' id='word_1_292' title='bbox 3663 1263 3677 1296; x_wconf 91' lang='lat'><strong>:</strong></span> 
     </span>
    </p>
   </div>
   <div class='ocr_carea' id='block_1_43' title="bbox 2108 1325 3684 1392">
    <p class='ocr_par' dir='ltr' id='par_1_43' title="bbox 2108 1325 3684 1392">
     <span class='ocr_line' id='line_1_43' title="bbox 2108 1325 3684 1392; baseline 0.01 -18"><span class='ocrx_word' id='word_1_293' title='bbox 2108 1325 2308 1392; x_wconf 78' lang='lat' dir='ltr'><strong>quippe</strong></span> <span class='ocrx_word' id='word_1_294' title='bbox 2324 1341 2445 1392; x_wconf 66' lang='lat' dir='ltr'><strong>qua:</strong></span> <span class='ocrx_word' id='word_1_295' title='bbox 2469 1342 2556 1381; x_wconf 87' lang='lat' dir='ltr'><strong>res</strong></span> <span class='ocrx_word' id='word_1_296' title='bbox 2574 1330 2890 1382; x_wconf 89' lang='lat' dir='ltr'><strong>temerarios</strong></span> <span class='ocrx_word' id='word_1_297' title='bbox 2908 1345 2969 1383; x_wconf 84' lang='lat' dir='ltr'><strong>ac</strong></span> <span class='ocrx_word' id='word_1_298' title='bbox 2987 1332 3222 1385; x_wconf 87' lang='lat' dir='ltr'><strong>audaces</strong></span> <span class='ocrx_word' id='word_1_299' title='bbox 3246 1335 3432 1388; x_wconf 85' lang='lat' dir='ltr'><strong>deceat</strong></span> <span class='ocrx_word' id='word_1_300' title='bbox 3448 1353 3462 1387; x_wconf 90' lang='lat'><strong>:</strong></span> <span class='ocrx_word' id='word_1_301' title='bbox 3476 1337 3568 1390; x_wconf 83' lang='lat' dir='ltr'><strong>sed</strong></span> <span class='ocrx_word' id='word_1_302' title='bbox 3593 1339 3684 1390; x_wconf 88' lang='lat' dir='ltr'><strong>ubi</strong></span> 
     </span>
    </p>
   </div>
   <div class='ocr_carea' id='block_1_44' title="bbox 2110 1416 3679 1486">
    <p class='ocr_par' dir='ltr' id='par_1_44' title="bbox 2110 1416 3679 1486">
     <span class='ocr_line' id='line_1_44' title="bbox 2110 1416 3679 1486; baseline 0.008 -17"><span class='ocrx_word' id='word_1_303' title='bbox 2110 1431 2235 1469; x_wconf 88' lang='lat' dir='ltr'><strong>cum</strong></span> <span class='ocrx_word' id='word_1_304' title='bbox 2274 1416 2498 1478; x_wconf 84' lang='lat' dir='ltr'><strong>decoro,</strong></span> <span class='ocrx_word' id='word_1_305' title='bbox 2526 1433 2588 1471; x_wconf 88' lang='lat' dir='ltr'><strong>ac</strong></span> <span class='ocrx_word' id='word_1_306' title='bbox 2619 1433 2714 1486; x_wconf 88' lang='lat' dir='ltr'><strong>per</strong></span> <span class='ocrx_word' id='word_1_307' title='bbox 2747 1421 3096 1473; x_wconf 85' lang='lat' dir='ltr'><strong>occasionem</strong></span> <span class='ocrx_word' id='word_1_308' title='bbox 3129 1423 3302 1478; x_wconf 86' lang='lat' dir='ltr'><strong>vitare</strong></span> <span class='ocrx_word' id='word_1_309' title='bbox 3330 1440 3438 1480; x_wconf 92' lang='lat' dir='ltr'><strong>non</strong></span> <span class='ocrx_word' id='word_1_310' title='bbox 3473 1430 3679 1484; x_wconf 86' lang='lat' dir='ltr'><strong>liceret.</strong></span> 
     </span>
    </p>
   </div>
   <div class='ocr_carea' id='block_1_45' title="bbox 2108 1507 3679 1586">
    <p class='ocr_par' dir='ltr' id='par_1_45' title="bbox 2108 1507 3679 1586">
     <span class='ocr_line' id='line_1_45' title="bbox 2108 1507 3679 1586; baseline 0.007 -24"><span class='ocrx_word' id='word_1_311' title='bbox 2108 1507 2364 1562; x_wconf 88' lang='lat' dir='ltr'><strong>Ullumne</strong></span> <span class='ocrx_word' id='word_1_312' title='bbox 2397 1510 2552 1562; x_wconf 82' lang='lat' dir='ltr'><strong>valde</strong></span> <span class='ocrx_word' id='word_1_313' title='bbox 2571 1512 2877 1564; x_wconf 88' lang='lat' dir='ltr'><strong>modestum</strong></span> <span class='ocrx_word' id='word_1_314' title='bbox 2900 1513 3092 1566; x_wconf 81' lang='lat' dir='ltr'><strong>dicas?</strong></span> <span class='ocrx_word' id='word_1_315' title='bbox 3117 1512 3216 1567; x_wconf 87' lang='lat' dir='ltr'><strong>Hic</strong></span> <span class='ocrx_word' id='word_1_316' title='bbox 3239 1530 3368 1569; x_wconf 89' lang='lat' dir='ltr'><strong>vero</strong></span> <span class='ocrx_word' id='word_1_317' title='bbox 3393 1519 3520 1586; x_wconf 83' lang='lat' dir='ltr'><strong>quid</strong></span> <span class='ocrx_word' id='word_1_318' title='bbox 3574 1535 3679 1572; x_wconf 88' lang='lat' dir='ltr'><strong>non</strong></span> 
     </span>
    </p>
   </div>
   <div class='ocr_carea' id='block_1_46' title="bbox 2110 1602 3679 1672">
    <p class='ocr_par' dir='ltr' id='par_1_46' title="bbox 2110 1602 3679 1672">
     <span class='ocr_line' id='line_1_46' title="bbox 2110 1602 3679 1672; baseline 0.007 -18"><span class='ocrx_word' id='word_1_319' title='bbox 2110 1602 2282 1654; x_wconf 90' lang='lat' dir='ltr'><strong>multo</strong></span> <span class='ocrx_word' id='word_1_320' title='bbox 2317 1617 2547 1655; x_wconf 77' lang='lat' dir='ltr'><strong>excessu</strong></span> <span class='ocrx_word' id='word_1_321' title='bbox 2582 1619 2642 1656; x_wconf 88' lang='lat' dir='ltr'><strong>ea</strong></span> <span class='ocrx_word' id='word_1_322' title='bbox 2673 1613 2826 1672; x_wconf 89' lang='lat' dir='ltr'><strong>parte</strong></span> <span class='ocrx_word' id='word_1_323' title='bbox 2853 1604 3043 1658; x_wconf 82' lang='lat' dir='ltr'><strong>habuit</strong></span> <span class='ocrx_word' id='word_1_324' title='bbox 3075 1607 3098 1658; x_wconf 89' lang='lat'><strong>?</strong></span> <span class='ocrx_word' id='word_1_325' title='bbox 3125 1608 3378 1662; x_wconf 79' lang='lat' dir='ltr'><strong>Minume</strong></span> <span class='ocrx_word' id='word_1_326' title='bbox 3417 1612 3510 1664; x_wconf 70' lang='lat' dir='ltr'><strong>ira:</strong></span> <span class='ocrx_word' id='word_1_327' title='bbox 3525 1626 3679 1664; x_wconf 83' lang='lat' dir='ltr'><strong>com-</strong></span> 
     </span>
    </p>
   </div>
   <div class='ocr_carea' id='block_1_47' title="bbox 2107 1691 3676 1768">
    <p class='ocr_par' dir='ltr' id='par_1_47' title="bbox 2107 1691 3676 1768">
     <span class='ocr_line' id='line_1_47' title="bbox 2107 1691 3676 1768; baseline 0.008 -26"><span class='ocrx_word' id='word_1_328' title='bbox 2107 1691 2326 1759; x_wconf 77' lang='lat' dir='ltr'><strong>potem?</strong></span> <span class='ocrx_word' id='word_1_329' title='bbox 2357 1694 2408 1744; x_wconf 90' lang='lat' dir='ltr'><strong>in</strong></span> <span class='ocrx_word' id='word_1_330' title='bbox 2426 1707 2492 1745; x_wconf 87' lang='lat' dir='ltr'><strong>eo</strong></span> <span class='ocrx_word' id='word_1_331' title='bbox 2513 1693 2750 1747; x_wconf 82' lang='lat' dir='ltr'><strong>maxime</strong></span> <span class='ocrx_word' id='word_1_332' title='bbox 2771 1710 2933 1762; x_wconf 84' lang='lat' dir='ltr'><strong>supra</strong></span> <span class='ocrx_word' id='word_1_333' title='bbox 2959 1700 3186 1764; x_wconf 81' lang='lat' dir='ltr'><strong>quosvis</strong></span> <span class='ocrx_word' id='word_1_334' title='bbox 3202 1700 3458 1754; x_wconf 70' lang='lat' dir='ltr'><strong>mortales</strong></span> <span class='ocrx_word' id='word_1_335' title='bbox 3479 1716 3676 1768; x_wconf 80' lang='lat' dir='ltr'><strong>possu-</strong></span> 
     </span>
    </p>
   </div>
   <div class='ocr_carea' id='block_1_48' title="bbox 2107 1780 3675 1858">
    <p class='ocr_par' dir='ltr' id='par_1_48' title="bbox 2107 1780 3675 1858">
     <span class='ocr_line' id='line_1_48' title="bbox 2107 1780 3675 1858; baseline 0.008 -26"><span class='ocrx_word' id='word_1_336' title='bbox 2107 1795 2228 1833; x_wconf 88' lang='lat' dir='ltr'><strong>mus</strong></span> <span class='ocrx_word' id='word_1_337' title='bbox 2258 1780 2504 1847; x_wconf 77' lang='lat' dir='ltr'><strong>gloriari.</strong></span> <span class='ocrx_word' id='word_1_338' title='bbox 2555 1781 2686 1835; x_wconf 70' lang='lat' dir='ltr'><strong>&#39;Fuit</strong></span> <span class='ocrx_word' id='word_1_339' title='bbox 2735 1784 2921 1837; x_wconf 88' lang='lat' dir='ltr'><strong>multis</strong></span> <span class='ocrx_word' id='word_1_340' title='bbox 2978 1787 3236 1853; x_wconf 57' lang='lat' dir='ltr'><strong>praeclara</strong></span> <span class='ocrx_word' id='word_1_341' title='bbox 3299 1789 3475 1858; x_wconf 81' lang='lat' dir='ltr'><strong>lingua</strong></span> <span class='ocrx_word' id='word_1_342' title='bbox 3508 1791 3675 1846; x_wconf 71' lang='lat' dir='ltr'><strong>ibuic</strong></span> 
     </span>
    </p>
   </div>
   <div class='ocr_carea' id='block_1_49' title="bbox 2104 1871 3674 1943">
    <p class='ocr_par' dir='ltr' id='par_1_49' title="bbox 2104 1871 3674 1943">
     <span class='ocr_line' id='line_1_49' title="bbox 2104 1871 3674 1943; baseline 0.007 -19"><span class='ocrx_word' id='word_1_343' title='bbox 2104 1885 2268 1932; x_wconf 86' lang='lat' dir='ltr'><strong>quam</strong></span> <span class='ocrx_word' id='word_1_344' title='bbox 2302 1871 2561 1926; x_wconf 81' lang='lat' dir='ltr'><strong>maxime.</strong></span> <span class='ocrx_word' id='word_1_345' title='bbox 2589 1871 2759 1926; x_wconf 87' lang='lat' dir='ltr'><strong>Tanta</strong></span> <span class='ocrx_word' id='word_1_346' title='bbox 2792 1873 3064 1942; x_wconf 88' lang='lat' dir='ltr'><strong>siquidem</strong></span> <span class='ocrx_word' id='word_1_347' title='bbox 3109 1878 3347 1943; x_wconf 89' lang='lat' dir='ltr'><strong>pollebat</strong></span> <span class='ocrx_word' id='word_1_348' title='bbox 3401 1884 3674 1935; x_wconf 81' lang='lat' dir='ltr'><strong>sermonis</strong></span> 
     </span>
    </p>
   </div>
   <div class='ocr_carea' id='block_1_50' title="bbox 2101 1962 3677 2028">
    <p class='ocr_par' dir='ltr' id='par_1_50' title="bbox 2101 1962 3677 2028">
     <span class='ocr_line' id='line_1_50' title="bbox 2101 1962 3677 2028; baseline 0.007 -13"><span class='ocrx_word' id='word_1_349' title='bbox 2101 1962 2382 2026; x_wconf 84' lang='lat' dir='ltr'><strong>facultate,</strong></span> <span class='ocrx_word' id='word_1_350' title='bbox 2422 1972 2481 2015; x_wconf 92' lang='lat' dir='ltr'><strong>ut</strong></span> <span class='ocrx_word' id='word_1_351' title='bbox 2507 1966 2774 2018; x_wconf 90' lang='lat' dir='ltr'><strong>omnesin</strong></span> <span class='ocrx_word' id='word_1_352' title='bbox 2805 1967 3130 2019; x_wconf 85' lang='lat' dir='ltr'><strong>sententiam</strong></span> <span class='ocrx_word' id='word_1_353' title='bbox 3173 1983 3327 2021; x_wconf 88' lang='lat' dir='ltr'><strong>suam</strong></span> <span class='ocrx_word' id='word_1_354' title='bbox 3373 1986 3536 2025; x_wconf 85' lang='lat' dir='ltr'><strong>orans</strong></span> <span class='ocrx_word' id='word_1_355' title='bbox 3579 1989 3677 2028; x_wconf 80' lang='lat' dir='ltr'><strong>eo-</strong></span> 
     </span>
    </p>
   </div>
   <div class='ocr_carea' id='block_1_51' title="bbox 2101 2051 3671 2129">
    <p class='ocr_par' dir='ltr' id='par_1_51' title="bbox 2101 2051 3671 2129">
     <span class='ocr_line' id='line_1_51' title="bbox 2101 2051 3671 2129; baseline 0.009 -24"><span class='ocrx_word' id='word_1_356' title='bbox 2101 2064 2269 2122; x_wconf 80' lang='lat' dir='ltr'><strong>geret.</strong></span> <span class='ocrx_word' id='word_1_357' title='bbox 2291 2051 2386 2107; x_wconf 83' lang='lat' dir='ltr'><strong>Vel</strong></span> <span class='ocrx_word' id='word_1_358' title='bbox 2422 2057 2598 2110; x_wconf 87' lang='lat' dir='ltr'><strong>solum</strong></span> <span class='ocrx_word' id='word_1_359' title='bbox 2624 2057 2814 2110; x_wconf 82' lang='lat' dir='ltr'><strong>leniter</strong></span> <span class='ocrx_word' id='word_1_360' title='bbox 2837 2059 3040 2118; x_wconf 80' lang='lat' dir='ltr'><strong>ridens,</strong></span> <span class='ocrx_word' id='word_1_361' title='bbox 3074 2059 3273 2127; x_wconf 80' lang='lat' dir='ltr'><strong>injuste</strong></span> <span class='ocrx_word' id='word_1_362' title='bbox 3293 2074 3671 2129; x_wconf 72' lang='lat' dir='ltr'><strong>exasperatum</strong></span> 
     </span>
    </p>
   </div>
   <div class='ocr_carea' id='block_1_52' title="bbox 2103 2147 3669 2223">
    <p class='ocr_par' dir='ltr' id='par_1_52' title="bbox 2103 2147 3669 2223">
     <span class='ocr_line' id='line_1_52' title="bbox 2103 2147 3669 2223; baseline 0.006 -20"><span class='ocrx_word' id='word_1_363' title='bbox 2103 2147 2345 2203; x_wconf 83' lang='lat' dir='ltr'><strong>sedabat.</strong></span> <span class='ocrx_word' id='word_1_364' title='bbox 2365 2149 2468 2203; x_wconf 89' lang='lat' dir='ltr'><strong>Ubi</strong></span> <span class='ocrx_word' id='word_1_365' title='bbox 2485 2149 2872 2219; x_wconf 65' lang='lat' dir='ltr'><strong>autem&#39;li&#39;nguaa</strong></span> <span class='ocrx_word' id='word_1_366' title='bbox 2891 2153 2939 2204; x_wconf 92' lang='lat' dir='ltr'><strong>vi</strong></span> <span class='ocrx_word' id='word_1_367' title='bbox 2961 2161 3221 2222; x_wconf 89' lang='lat' dir='ltr'><strong>uteretur,</strong></span> <span class='ocrx_word' id='word_1_368' title='bbox 3247 2161 3323 2211; x_wconf 76' lang='grc' dir='ltr'>νρΙ</span> <span class='ocrx_word' id='word_1_369' title='bbox 3349 2158 3669 2223; x_wconf 71' lang='lat' dir='ltr'><strong>chtbaroi</strong></span> 
     </span>
    </p>
   </div>
   <div class='ocr_carea' id='block_1_53' title="bbox 2101 2237 3673 2313">
    <p class='ocr_par' dir='ltr' id='par_1_53' title="bbox 2101 2237 3673 2313">
     <span class='ocr_line' id='line_1_53' title="bbox 2101 2237 3673 2313; baseline 0.01 -21"><span class='ocrx_word' id='word_1_370' title='bbox 2101 2239 2325 2292; x_wconf 87' lang='lat' dir='ltr'><strong>multam</strong></span> <span class='ocrx_word' id='word_1_371' title='bbox 2357 2237 2654 2298; x_wconf 83' lang='lat' dir='ltr'><strong>feritatem.</strong></span> <span class='ocrx_word' id='word_1_372' title='bbox 2688 2241 2739 2294; x_wconf 92' lang='lat' dir='ltr'><strong>iu</strong></span> <span class='ocrx_word' id='word_1_373' title='bbox 2773 2243 3026 2298; x_wconf 85' lang='lat' dir='ltr'><strong>humanis</strong></span> <span class='ocrx_word' id='word_1_374' title='bbox 3059 2247 3338 2313; x_wconf 83' lang='lat' dir='ltr'><strong>proximos</strong></span> <span class='ocrx_word' id='word_1_375' title='bbox 3361 2251 3586 2305; x_wconf 76' lang='lat' dir='ltr'><strong>allectus</strong></span> <span class='ocrx_word' id='word_1_376' title='bbox 3608 2269 3673 2307; x_wconf 74' lang='lat' dir='ltr'><strong>ac</strong></span> 
     </span>
    </p>
   </div>
   <div class='ocr_carea' id='block_1_54' title="bbox 2099 2329 3667 2407">
    <p class='ocr_par' dir='ltr' id='par_1_54' title="bbox 2099 2329 3667 2407">
     <span class='ocr_line' id='line_1_54' title="bbox 2099 2329 3667 2407; baseline 0.008 -24"><span class='ocrx_word' id='word_1_377' title='bbox 2099 2329 2491 2398; x_wconf 65' lang='lat' dir='ltr'><strong>benignitatem</strong></span> <span class='ocrx_word' id='word_1_378' title='bbox 2551 2334 2818 2388; x_wconf 85' lang='lat' dir='ltr'><strong>mutabat.</strong></span> <span class='ocrx_word' id='word_1_379' title='bbox 2869 2335 2998 2388; x_wconf 87' lang='lat' dir='ltr'><strong>Erat</strong></span> <span class='ocrx_word' id='word_1_380' title='bbox 3043 2339 3186 2391; x_wconf 88' lang='lat' dir='ltr'><strong>enim</strong></span> <span class='ocrx_word' id='word_1_381' title='bbox 3236 2343 3480 2396; x_wconf 88' lang='lat' dir='ltr'><strong>urbanus</strong></span> <span class='ocrx_word' id='word_1_382' title='bbox 3515 2354 3667 2407; x_wconf 86' lang='lat' dir='ltr'><strong>;erat</strong></span> 
     </span>
    </p>
   </div>
   <div class='ocr_carea' id='block_1_55' title="bbox 2098 2419 3668 2498">
    <p class='ocr_par' dir='ltr' id='par_1_55' title="bbox 2098 2419 3668 2498">
     <span class='ocr_line' id='line_1_55' title="bbox 2098 2419 3668 2498; baseline 0.01 -29"><span class='ocrx_word' id='word_1_383' title='bbox 2098 2419 2476 2481; x_wconf 87' lang='lat' dir='ltr'><strong>dulcissimus,</strong></span> <span class='ocrx_word' id='word_1_384' title='bbox 2502 2431 2842 2485; x_wconf 83' lang='lat' dir='ltr'><strong>mansuetus,</strong></span> <span class='ocrx_word' id='word_1_385' title='bbox 2874 2425 3125 2485; x_wconf 86' lang='lat' dir='ltr'><strong>blandus,</strong></span> <span class='ocrx_word' id='word_1_386' title='bbox 3171 2427 3425 2484; x_wconf 86' lang='lat' dir='ltr'><strong>omnibus</strong></span> <span class='ocrx_word' id='word_1_387' title='bbox 3477 2432 3668 2498; x_wconf 78' lang='lat' dir='ltr'><strong>gratiis</strong></span> 
     </span>
    </p>
   </div>
   <div class='ocr_carea' id='block_1_56' title="bbox 2099 2512 3664 2590">
    <p class='ocr_par' dir='ltr' id='par_1_56' title="bbox 2099 2512 3664 2590">
     <span class='ocr_line' id='line_1_56' title="bbox 2099 2512 3664 2590; baseline 0.012 -32"><span class='ocrx_word' id='word_1_388' title='bbox 2099 2517 2452 2577; x_wconf 70' lang='lat' dir='ltr'><strong>teti&#39;iperattts.</strong></span> <span class='ocrx_word' id='word_1_389' title='bbox 2473 2512 2596 2566; x_wconf 82' lang='lat' dir='ltr'><strong>Erat</strong></span> <span class='ocrx_word' id='word_1_390' title='bbox 2625 2525 2766 2568; x_wconf 83' lang='lat' dir='ltr'><strong>totus</strong></span> <span class='ocrx_word' id='word_1_391' title='bbox 2791 2523 2950 2568; x_wconf 89' lang='lat' dir='ltr'><strong>torno</strong></span> <span class='ocrx_word' id='word_1_392' title='bbox 2980 2516 3176 2579; x_wconf 85' lang='lat' dir='ltr'><strong>facilis,</strong></span> <span class='ocrx_word' id='word_1_393' title='bbox 3205 2530 3264 2573; x_wconf 94' lang='lat' dir='ltr'><strong>ut</strong></span> <span class='ocrx_word' id='word_1_394' title='bbox 3297 2537 3362 2572; x_wconf 82' lang='lat' dir='ltr'><strong>ne</strong></span> <span class='ocrx_word' id='word_1_395' title='bbox 3409 2538 3513 2590; x_wconf 89' lang='lat' dir='ltr'><strong>qua</strong></span> <span class='ocrx_word' id='word_1_396' title='bbox 3535 2540 3664 2577; x_wconf 83' lang='lat' dir='ltr'><strong>ausa</strong></span> 
     </span>
    </p>
   </div>
   <div class='ocr_carea' id='block_1_57' title="bbox 2103 2601 3666 2676">
    <p class='ocr_par' dir='ltr' id='par_1_57' title="bbox 2103 2601 3666 2676">
     <span class='ocr_line' id='line_1_57' title="bbox 2103 2601 3666 2676; baseline 0.011 -24"><span class='ocrx_word' id='word_1_397' title='bbox 2103 2601 2166 2652; x_wconf 86' lang='lat' dir='ltr'><strong>ad</strong></span> <span class='ocrx_word' id='word_1_398' title='bbox 2209 2603 2653 2671; x_wconf 73' lang='lat' dir='ltr'><strong>crimen‘pateret</strong></span> <span class='ocrx_word' id='word_1_399' title='bbox 2685 2622 2698 2669; x_wconf 89' lang='lat'><strong>;</strong></span> <span class='ocrx_word' id='word_1_400' title='bbox 2728 2616 2982 2674; x_wconf 86' lang='lat' dir='ltr'><strong>totusque</strong></span> <span class='ocrx_word' id='word_1_401' title='bbox 3015 2609 3154 2662; x_wconf 86' lang='lat' dir='ltr'><strong>idem</strong></span> <span class='ocrx_word' id='word_1_402' title='bbox 3184 2615 3458 2676; x_wconf 83' lang='lat' dir='ltr'><strong>prebensu</strong></span> <span class='ocrx_word' id='word_1_403' title='bbox 3488 2613 3666 2669; x_wconf 80' lang='lat' dir='ltr'><strong>facilis</strong></span> 
     </span>
    </p>
   </div>
   <div class='ocr_carea' id='block_1_58' title="bbox 2103 2693 3668 2758">
    <p class='ocr_par' dir='ltr' id='par_1_58' title="bbox 2103 2693 3668 2758">
     <span class='ocr_line' id='line_1_58' title="bbox 2103 2693 3668 2758; baseline 0.01 -15"><span class='ocrx_word' id='word_1_404' title='bbox 2103 2698 2238 2754; x_wconf 87' lang='lat' dir='ltr'><strong>erat,</strong></span> <span class='ocrx_word' id='word_1_405' title='bbox 2269 2700 2325 2743; x_wconf 90' lang='lat' dir='ltr'><strong>ut</strong></span> <span class='ocrx_word' id='word_1_406' title='bbox 2360 2693 2478 2758; x_wconf 86' lang='lat' dir='ltr'><strong>quis</strong></span> <span class='ocrx_word' id='word_1_407' title='bbox 2508 2693 2572 2744; x_wconf 83' lang='lat' dir='ltr'><strong>a‘d</strong></span> <span class='ocrx_word' id='word_1_408' title='bbox 2596 2693 3010 2748; x_wconf 72' lang='lat' dir='ltr'><strong>aedificationem</strong></span> <span class='ocrx_word' id='word_1_409' title='bbox 3073 2699 3337 2750; x_wconf 78' lang='lat' dir='ltr'><strong>bonouum</strong></span> <span class='ocrx_word' id='word_1_410' title='bbox 3390 2703 3668 2758; x_wconf 54' lang='lat' dir='ltr'><strong>vellet&#39;te-</strong></span> 
     </span>
    </p>
   </div>
   <div class='ocr_carea' id='block_1_59' title="bbox 2100 2779 3665 2852">
    <p class='ocr_par' dir='ltr' id='par_1_59' title="bbox 2100 2779 3665 2852">
     <span class='ocr_line' id='line_1_59' title="bbox 2100 2779 3665 2852; baseline 0.01 -21"><span class='ocrx_word' id='word_1_411' title='bbox 2100 2795 2248 2834; x_wconf 90' lang='lat' dir='ltr'><strong>nere.</strong></span> <span class='ocrx_word' id='word_1_412' title='bbox 2283 2779 2394 2832; x_wconf 87' lang='lat' dir='ltr'><strong>lloc</strong></span> <span class='ocrx_word' id='word_1_413' title='bbox 2418 2780 2620 2849; x_wconf 84' lang='lat' dir='ltr'><strong>quippe</strong></span> <span class='ocrx_word' id='word_1_414' title='bbox 2647 2782 2746 2833; x_wconf 84' lang='lat' dir='ltr'><strong>sibi</strong></span> <span class='ocrx_word' id='word_1_415' title='bbox 2781 2797 3082 2851; x_wconf 81' lang='lat' dir='ltr'><strong>congruum</strong></span> <span class='ocrx_word' id='word_1_416' title='bbox 3120 2790 3425 2852; x_wconf 81' lang='lat' dir='ltr'><strong>reputabat,</strong></span> <span class='ocrx_word' id='word_1_417' title='bbox 3462 2801 3520 2843; x_wconf 90' lang='lat' dir='ltr'><strong>ut</strong></span> <span class='ocrx_word' id='word_1_418' title='bbox 3550 2809 3665 2845; x_wconf 84' lang='lat' dir='ltr'><strong>ma-</strong></span> 
     </span>
    </p>
   </div>
   <div class='ocr_carea' id='block_1_60' title="bbox 2098 2868 3665 2949">
    <p class='ocr_par' dir='ltr' id='par_1_60' title="bbox 2098 2868 3665 2949">
     <span class='ocr_line' id='line_1_60' title="bbox 2098 2868 3665 2949; baseline 0.01 -29"><span class='ocrx_word' id='word_1_419' title='bbox 2098 2868 2258 2935; x_wconf 82' lang='lat' dir='ltr'><strong>lignis</strong></span> <span class='ocrx_word' id='word_1_420' title='bbox 2280 2872 2660 2938; x_wconf 85' lang='lat' dir='ltr'><strong>perversisqne</strong></span> <span class='ocrx_word' id='word_1_421' title='bbox 2697 2871 3008 2926; x_wconf 86' lang='lat' dir='ltr'><strong>hominibus</strong></span> <span class='ocrx_word' id='word_1_422' title='bbox 3050 2876 3274 2930; x_wconf 82' lang='lat' dir='ltr'><strong>omnino</strong></span> <span class='ocrx_word' id='word_1_423' title='bbox 3323 2893 3381 2932; x_wconf 90' lang='lat' dir='ltr'><strong>se</strong></span> <span class='ocrx_word' id='word_1_424' title='bbox 3425 2881 3665 2949; x_wconf 82' lang='lat' dir='ltr'><strong>irrepre-</strong></span> 
     </span>
    </p>
   </div>
   <div class='ocr_carea' id='block_1_61' title="bbox 2087 2955 3664 3031">
    <p class='ocr_par' dir='ltr' id='par_1_61' title="bbox 2087 2955 3664 3031">
     <span class='ocr_line' id='line_1_61' title="bbox 2087 2955 3664 3031; baseline 0.012 -24"><span class='ocrx_word' id='word_1_425' title='bbox 2087 2955 2415 3009; x_wconf 76' lang='lat' dir='ltr'><strong>bensibilem</strong></span> <span class='ocrx_word' id='word_1_426' title='bbox 2471 2966 2731 3024; x_wconf 82' lang='lat' dir='ltr'><strong>servaret,</strong></span> <span class='ocrx_word' id='word_1_427' title='bbox 2759 2959 3040 3031; x_wconf 74' lang='lat' dir='ltr'><strong>[bonisque</strong></span> <span class='ocrx_word' id='word_1_428' title='bbox 3088 2964 3664 3028; x_wconf 84' lang='lat' dir='ltr'><strong>nihilominus-facilis</strong></span> 
     </span>
    </p>
   </div>
   <div class='ocr_carea' id='block_1_62' title="bbox 2094 3049 3659 3124">
    <p class='ocr_par' dir='ltr' id='par_1_62' title="bbox 2094 3049 3659 3124">
     <span class='ocr_line' id='line_1_62' title="bbox 2094 3049 3659 3124; baseline 0.012 -24"><span class='ocrx_word' id='word_1_429' title='bbox 2094 3049 2402 3110; x_wconf 78' lang='lat' dir='ltr'><strong>exsisteret,</strong></span> <span class='ocrx_word' id='word_1_430' title='bbox 2436 3063 2501 3103; x_wconf 88' lang='lat' dir='ltr'><strong>ac</strong></span> <span class='ocrx_word' id='word_1_431' title='bbox 2545 3050 2870 3120; x_wconf 80' lang='lat' dir='ltr'><strong>indulgeret,</strong></span> <span class='ocrx_word' id='word_1_432' title='bbox 2923 3069 3253 3124; x_wconf 87' lang='lat' dir='ltr'><strong>quocunque</strong></span> <span class='ocrx_word' id='word_1_433' title='bbox 3309 3063 3529 3116; x_wconf 82' lang='lat' dir='ltr'><strong>tandem</strong></span> <span class='ocrx_word' id='word_1_434' title='bbox 3577 3063 3659 3117; x_wconf 87' lang='lat' dir='ltr'><strong>illi</strong></span> 
     </span>
    </p>
   </div>
   <div class='ocr_carea' id='block_1_63' title="bbox 2096 3137 3661 3212">
    <p class='ocr_par' dir='ltr' id='par_1_63' title="bbox 2096 3137 3661 3212">
     <span class='ocr_line' id='line_1_63' title="bbox 2096 3137 3661 3212; baseline 0.012 -22"><span class='ocrx_word' id='word_1_435' title='bbox 2096 3137 2481 3194; x_wconf 72' lang='lat' dir='ltr'><strong>inclinassent.</strong></span> <span class='ocrx_word' id='word_1_436' title='bbox 2535 3139 2779 3208; x_wconf 87' lang='lat' dir='ltr'><strong>Denique</strong></span> <span class='ocrx_word' id='word_1_437' title='bbox 2828 3142 3207 3212; x_wconf 74' lang='lat' dir='ltr'><strong>ingruentibus</strong></span> <span class='ocrx_word' id='word_1_438' title='bbox 3241 3149 3439 3212; x_wconf 38' lang='lat' dir='ltr'><strong>&#39;malis,</strong></span> <span class='ocrx_word' id='word_1_439' title='bbox 3493 3154 3661 3208; x_wconf 85' lang='lat' dir='ltr'><strong>multa</strong></span> 
     </span>
    </p>
   </div>
   <div class='ocr_carea' id='block_1_64' title="bbox 422 3223 3659 3315">
    <p class='ocr_par' dir='ltr' id='par_1_64' title="bbox 422 3223 3659 3315">
     <span class='ocr_line' id='line_1_64' title="bbox 422 3223 3659 3315; baseline 0.009 -40"><span class='ocrx_word' id='word_1_440' title='bbox 422 3235 588 3288; x_wconf 91' lang='lat' dir='ltr'><strong>porro</strong></span> <span class='ocrx_word' id='word_1_441' title='bbox 612 3223 722 3290; x_wconf 91' lang='lat' dir='ltr'><strong>ille,</strong></span> <span class='ocrx_word' id='word_1_442' title='bbox 753 3241 814 3282; x_wconf 88' lang='lat' dir='ltr'><strong>ac</strong></span> <span class='ocrx_word' id='word_1_443' title='bbox 838 3227 1426 3300; x_wconf 69' lang='lat' dir='ltr'><strong>graviatulit;quippe</strong></span> <span class='ocrx_word' id='word_1_444' title='bbox 1452 3232 1718 3285; x_wconf 69' lang='lat' dir='ltr'><strong>maximos</strong></span> <span class='ocrx_word' id='word_1_445' title='bbox 1775 3233 2010 3287; x_wconf 77' lang='lat' dir='ltr'><strong>maxime</strong></span> <span class='ocrx_word' id='word_1_446' title='bbox 2037 3232 2191 3286; x_wconf 88' lang='lat' dir='ltr'><strong>decet</strong></span> <span class='ocrx_word' id='word_1_447' title='bbox 2244 3235 2494 3301; x_wconf 88' lang='lat' dir='ltr'><strong>probatio</strong></span> <span class='ocrx_word' id='word_1_448' title='bbox 2556 3255 2569 3290; x_wconf 87' lang='lat'><strong>:</strong></span> <span class='ocrx_word' id='word_1_449' title='bbox 2615 3236 2757 3291; x_wconf 83' lang='lat' dir='ltr'><strong>haud</strong></span> <span class='ocrx_word' id='word_1_450' title='bbox 2813 3253 2871 3292; x_wconf 89' lang='lat' dir='ltr'><strong>se</strong></span> <span class='ocrx_word' id='word_1_451' title='bbox 2911 3241 3254 3296; x_wconf 89' lang='lat' dir='ltr'><strong>mediocriter</strong></span> <span class='ocrx_word' id='word_1_452' title='bbox 3323 3247 3659 3315; x_wconf 83' lang='lat' dir='ltr'><strong>superiorem</strong></span> 
     </span>
    </p>
   </div>
   <div class='ocr_carea' id='block_1_65' title="bbox 422 3321 3658 3404">
    <p class='ocr_par' dir='ltr' id='par_1_65' title="bbox 422 3321 3658 3404">
     <span class='ocr_line' id='line_1_65' title="bbox 422 3321 3658 3404; baseline 0.009 -35"><span class='ocrx_word' id='word_1_453' title='bbox 422 3321 684 3386; x_wconf 84' lang='lat' dir='ltr'><strong>ostendit,</strong></span> <span class='ocrx_word' id='word_1_454' title='bbox 712 3331 938 3391; x_wconf 84' lang='lat' dir='ltr'><strong>cumque</strong></span> <span class='ocrx_word' id='word_1_455' title='bbox 969 3331 1210 3396; x_wconf 84' lang='lat' dir='ltr'><strong>tempora</strong></span> <span class='ocrx_word' id='word_1_456' title='bbox 1257 3337 1620 3395; x_wconf 86' lang='lat' dir='ltr'><strong>mutarentur,</strong></span> <span class='ocrx_word' id='word_1_457' title='bbox 1677 3329 1793 3398; x_wconf 88' lang='lat' dir='ltr'><strong>ipse</strong></span> <span class='ocrx_word' id='word_1_458' title='bbox 1843 3328 2196 3384; x_wconf 85' lang='lat' dir='ltr'><strong>nihilominus</strong></span> <span class='ocrx_word' id='word_1_459' title='bbox 2227 3330 2366 3384; x_wconf 88' lang='lat' dir='ltr'><strong>idem</strong></span> <span class='ocrx_word' id='word_1_460' title='bbox 2392 3333 2493 3385; x_wconf 82' lang='lat' dir='ltr'><strong>sibi</strong></span> <span class='ocrx_word' id='word_1_461' title='bbox 2533 3341 2682 3398; x_wconf 84' lang='lat' dir='ltr'><strong>erat;</strong></span> <span class='ocrx_word' id='word_1_462' title='bbox 2736 3334 2880 3404; x_wconf 91' lang='lat' dir='ltr'><strong>quod</strong></span> <span class='ocrx_word' id='word_1_463' title='bbox 2918 3336 3076 3404; x_wconf 86' lang='lat' dir='ltr'><strong>plane</strong></span> <span class='ocrx_word' id='word_1_464' title='bbox 3112 3355 3310 3395; x_wconf 75' lang='lat' dir='ltr'><strong>rarum</strong></span> <span class='ocrx_word' id='word_1_465' title='bbox 3369 3342 3422 3396; x_wconf 89' lang='lat' dir='ltr'><strong>iu</strong></span> <span class='ocrx_word' id='word_1_466' title='bbox 3467 3343 3658 3398; x_wconf 89' lang='lat' dir='ltr'><strong>huma-</strong></span> 
     </span>
    </p>
   </div>
   <div class='ocr_carea' id='block_1_66' title="bbox 424 3415 793 3473">
    <p class='ocr_par' dir='ltr' id='par_1_66' title="bbox 424 3415 793 3473">
     <span class='ocr_line' id='line_1_66' title="bbox 424 3415 793 3473; baseline 0.022 -8"><span class='ocrx_word' id='word_1_467' title='bbox 424 3415 506 3470; x_wconf 83' lang='lat' dir='ltr'><strong>nis</strong></span> <span class='ocrx_word' id='word_1_468' title='bbox 557 3419 793 3473; x_wconf 88' lang='lat' dir='ltr'><strong>accidat.</strong></span> 
     </span>
    </p>
   </div>
   <div class='ocr_carea' id='block_1_67' title="bbox 493 3512 2015 3590">
    <p class='ocr_par' dir='ltr' id='par_1_67' title="bbox 493 3512 1990 3588">
     <span class='ocr_line' id='line_1_67' title="bbox 493 3512 1990 3588; baseline 0.007 -25"><span class='ocrx_word' id='word_1_469' title='bbox 493 3512 598 3566; x_wconf 82' lang='grc' dir='ltr'>Τὸν</span> <span class='ocrx_word' id='word_1_470' title='bbox 622 3555 626 3558; x_wconf 91' lang='grc'>.</span> <span class='ocrx_word' id='word_1_471' title='bbox 648 3515 821 3585; x_wconf 79' lang='grc' dir='ltr'>ἄνδρα</span> <span class='ocrx_word' id='word_1_472' title='bbox 850 3517 1032 3571; x_wconf 85' lang='grc' dir='ltr'>τοίνυν</span> <span class='ocrx_word' id='word_1_473' title='bbox 1065 3517 1276 3584; x_wconf 82' lang='grc' dir='ltr'>τοῦτον,</span> <span class='ocrx_word' id='word_1_474' title='bbox 1326 3521 1449 3588; x_wconf 71' lang='grc' dir='ltr'>ἐμοὶ</span> <span class='ocrx_word' id='word_1_475' title='bbox 1476 3522 1678 3587; x_wconf 83' lang='grc' dir='ltr'>δοκεῖν,</span> <span class='ocrx_word' id='word_1_476' title='bbox 1713 3521 1772 3587; x_wconf 84' lang='grc' dir='ltr'>ὃς</span> <span class='ocrx_word' id='word_1_477' title='bbox 1804 3521 1870 3575; x_wconf 80' lang='grc' dir='ltr'><strong>ἂν</strong></span> <span class='ocrx_word' id='word_1_478' title='bbox 1895 3523 1990 3574; x_wconf 67' lang='grc' dir='ltr'>ἀνι</span> 
     </span>
    </p>
   </div>
   <div class='ocr_carea' id='block_1_68' title="bbox 2101 3512 3660 3590">
    <p class='ocr_par' dir='ltr' id='par_1_68' title="bbox 2169 3516 3660 3590">
     <span class='ocr_line' id='line_1_68' title="bbox 2169 3516 3660 3590; baseline 0.005 -18"><span class='ocrx_word' id='word_1_479' title='bbox 2169 3516 2238 3572; x_wconf 88' lang='lat' dir='ltr'><strong>Ut</strong></span> <span class='ocrx_word' id='word_1_480' title='bbox 2272 3517 2396 3586; x_wconf 91' lang='lat' dir='ltr'><strong>quis</strong></span> <span class='ocrx_word' id='word_1_481' title='bbox 2431 3531 2562 3586; x_wconf 79' lang='lat' dir='ltr'><strong>ergo</strong></span> <span class='ocrx_word' id='word_1_482' title='bbox 2596 3516 3079 3587; x_wconf 83' lang='lat' dir='ltr'><strong>incomparabilem</strong></span> <span class='ocrx_word' id='word_1_483' title='bbox 3103 3520 3261 3574; x_wconf 85' lang='lat' dir='ltr'><strong>illum</strong></span> <span class='ocrx_word' id='word_1_484' title='bbox 3311 3531 3516 3590; x_wconf 86' lang='lat' dir='ltr'><strong>spectet</strong></span> <span class='ocrx_word' id='word_1_485' title='bbox 3562 3527 3660 3579; x_wconf 88' lang='lat' dir='ltr'><strong>bo-</strong></span> 
     </span>
    </p>
   </div>
   <div class='ocr_carea' id='block_1_69' title="bbox 417 3605 1974 3684">
    <p class='ocr_par' dir='ltr' id='par_1_69' title="bbox 417 3605 1974 3684">
     <span class='ocr_line' id='line_1_69' title="bbox 417 3605 1974 3684; baseline 0.006 -28"><span class='ocrx_word' id='word_1_486' title='bbox 417 3605 646 3674; x_wconf 73' lang='grc' dir='ltr'>δριάντα</span> <span class='ocrx_word' id='word_1_487' title='bbox 687 3609 842 3678; x_wconf 76' lang='grc' dir='ltr'>φαίη,</span> <span class='ocrx_word' id='word_1_488' title='bbox 877 3610 1269 3680; x_wconf 76' lang='grc' dir='ltr'>ἐξάδάμαντος</span> <span class='ocrx_word' id='word_1_489' title='bbox 1305 3614 1712 3684; x_wconf 72' lang='grc' dir='ltr'><strong>Δὁιπεξεσμένον,</strong></span> <span class='ocrx_word' id='word_1_490' title='bbox 1769 3615 1869 3669; x_wconf 76' lang='grc' dir='ltr'>οὐκ</span> <span class='ocrx_word' id='word_1_491' title='bbox 1910 3615 1974 3668; x_wconf 76' lang='grc' dir='ltr'><strong>ἂν</strong></span> 
     </span>
    </p>
   </div>
   <div class='ocr_carea' id='block_1_70' title="bbox 411 3698 1980 3776">
    <p class='ocr_par' dir='ltr' id='par_1_70' title="bbox 411 3698 1980 3776">
     <span class='ocr_line' id='line_1_70' title="bbox 411 3698 1980 3776; baseline 0.006 -28"><span class='ocrx_word' id='word_1_492' title='bbox 411 3698 683 3767; x_wconf 73' lang='grc' dir='ltr'>ἁμάρτοι,</span> <span class='ocrx_word' id='word_1_493' title='bbox 717 3701 936 3770; x_wconf 79' lang='grc' dir='ltr'>ἀφορῶν</span> <span class='ocrx_word' id='word_1_494' title='bbox 971 3703 1051 3765; x_wconf 85' lang='grc' dir='ltr'><strong>είς</strong></span> <span class='ocrx_word' id='word_1_495' title='bbox 1082 3704 1145 3755; x_wconf 86' lang='grc' dir='ltr'><strong>τὸ</strong></span> <span class='ocrx_word' id='word_1_496' title='bbox 1201 3703 1310 3757; x_wconf 83' lang='grc' dir='ltr'><strong>τῶν</strong></span> <span class='ocrx_word' id='word_1_497' title='bbox 1343 3705 1526 3762; x_wconf 79' lang='grc' dir='ltr'>καλῶν</span> <span class='ocrx_word' id='word_1_498' title='bbox 1572 3706 1980 3776; x_wconf 77' lang='grc' dir='ltr'>ἀπαράελητον.</span> 
     </span>
    </p>
   </div>
   <div class='ocr_carea' id='block_1_71' title="bbox 397 3785 1985 3867">
    <p class='ocr_par' dir='ltr' id='par_1_71' title="bbox 397 3785 1985 3867">
     <span class='ocr_line' id='line_1_71' title="bbox 397 3785 1985 3867; baseline 0.004 -26"><span class='ocrx_word' id='word_1_499' title='bbox 397 3785 547 3841; x_wconf 77' lang='grc' dir='ltr'>’⁸οτι</span> <span class='ocrx_word' id='word_1_500' title='bbox 584 3790 640 3842; x_wconf 78' lang='grc' dir='ltr'>δὲ</span> <span class='ocrx_word' id='word_1_501' title='bbox 673 3787 918 3853; x_wconf 79' lang='grc' dir='ltr'>τοιοῦτος</span> <span class='ocrx_word' id='word_1_502' title='bbox 938 3788 1006 3862; x_wconf 76' lang='grc' dir='ltr'>ἦν</span> <span class='ocrx_word' id='word_1_503' title='bbox 1041 3789 1153 3846; x_wconf 79' lang='grc' dir='ltr'>οἷον</span> <span class='ocrx_word' id='word_1_504' title='bbox 1181 3796 1208 3848; x_wconf 85' lang='grc' dir='ltr'>ὁ</span> <span class='ocrx_word' id='word_1_505' title='bbox 1235 3795 1391 3862; x_wconf 87' lang='grc' dir='ltr'>λόγος</span> <span class='ocrx_word' id='word_1_506' title='bbox 1424 3797 1555 3866; x_wconf 76' lang='grc' dir='ltr'>ὑμῖν</span> <span class='ocrx_word' id='word_1_507' title='bbox 1603 3796 1774 3861; x_wconf 74' lang='grc' dir='ltr'>ἔδειξε</span> <span class='ocrx_word' id='word_1_508' title='bbox 1797 3838 1812 3862; x_wconf 86' lang='grc'><strong>,</strong></span> <span class='ocrx_word' id='word_1_509' title='bbox 1849 3799 1985 3867; x_wconf 82' lang='grc' dir='ltr'>μᾶλ-</span> 
     </span>
    </p>
   </div>
   <div class='ocr_carea' id='block_1_72' title="bbox 418 3878 1980 3954">
    <p class='ocr_par' dir='ltr' id='par_1_72' title="bbox 418 3878 1980 3954">
     <span class='ocr_line' id='line_1_72' title="bbox 418 3878 1980 3954; baseline 0.003 -23"><span class='ocrx_word' id='word_1_510' title='bbox 418 3878 517 3932; x_wconf 84' lang='grc' dir='ltr'><strong>λον</strong></span> <span class='ocrx_word' id='word_1_511' title='bbox 541 3879 590 3932; x_wconf 82' lang='grc' dir='ltr'><strong>δ’-</strong></span> <span class='ocrx_word' id='word_1_512' title='bbox 617 3881 691 3943; x_wconf 84' lang='grc' dir='ltr'>ὡς</span> <span class='ocrx_word' id='word_1_513' title='bbox 726 3884 826 3934; x_wconf 78' lang='grc' dir='ltr'><strong>οὐκ</strong></span> <span class='ocrx_word' id='word_1_514' title='bbox 867 3878 937 3951; x_wconf 76' lang='grc' dir='ltr'>ἦν</span> <span class='ocrx_word' id='word_1_515' title='bbox 968 3884 1231 3948; x_wconf 82' lang='grc' dir='ltr'>τοιοῦτος,</span> <span class='ocrx_word' id='word_1_516' title='bbox 1263 3887 1405 3938; x_wconf 79' lang='grc' dir='ltr'><strong>ἀλλά</strong></span> <span class='ocrx_word' id='word_1_517' title='bbox 1426 3888 1521 3940; x_wconf 71' lang='grc' dir='ltr'><strong>καὶ</strong></span> <span class='ocrx_word' id='word_1_518' title='bbox 1558 3887 1695 3939; x_wconf 81' lang='grc' dir='ltr'>πολὺ</span> <span class='ocrx_word' id='word_1_519' title='bbox 1731 3885 1980 3954; x_wconf 84' lang='grc' dir='ltr'>βελτίων,</span> 
     </span>
    </p>
   </div>
   <div class='ocr_carea' id='block_1_73' title="bbox 417 3970 1983 4044">
    <p class='ocr_par' dir='ltr' id='par_1_73' title="bbox 417 3970 1983 4044">
     <span class='ocr_line' id='line_1_73' title="bbox 417 3970 1983 4044; baseline 0.001 -21"><span class='ocrx_word' id='word_1_520' title='bbox 417 3972 582 4035; x_wconf 79' lang='grc' dir='ltr'>αὐτὸς</span> <span class='ocrx_word' id='word_1_521' title='bbox 614 3973 820 4034; x_wconf 80' lang='grc' dir='ltr'>ἐκεῖνος</span> <span class='ocrx_word' id='word_1_522' title='bbox 855 3973 1159 4038; x_wconf 82' lang='grc' dir='ltr'>ἀπέδειξεν,</span> <span class='ocrx_word' id='word_1_523' title='bbox 1221 3970 1299 4036; x_wconf 75' lang='grc' dir='ltr'>οἷς</span> <span class='ocrx_word' id='word_1_524' title='bbox 1356 3993 1414 4026; x_wconf 90' lang='grc' dir='ltr'><strong>τε</strong></span> <span class='ocrx_word' id='word_1_525' title='bbox 1465 3971 1870 4044; x_wconf 76' lang='grc' dir='ltr'>Επραττεν,οἷς</span> <span class='ocrx_word' id='word_1_526' title='bbox 1924 3991 1983 4024; x_wconf 85' lang='grc' dir='ltr'><strong>τε</strong></span> 
     </span>
    </p>
   </div>
   <div class='ocr_carea' id='block_1_74' title="bbox 416 4057 1984 4132">
    <p class='ocr_par' dir='ltr' id='par_1_74' title="bbox 416 4057 1984 4132">
     <span class='ocr_line' id='line_1_74' title="bbox 416 4057 1984 4132; baseline 0.001 -20"><span class='ocrx_word' id='word_1_527' title='bbox 416 4061 579 4132; x_wconf 72' lang='grc' dir='ltr'>ἔφερε</span> <span class='ocrx_word' id='word_1_528' title='bbox 623 4061 726 4114; x_wconf 70' lang='grc' dir='ltr'>’διὰ</span> <span class='ocrx_word' id='word_1_529' title='bbox 785 4060 906 4132; x_wconf 79' lang='grc' dir='ltr'>βίου</span> <span class='ocrx_word' id='word_1_530' title='bbox 960 4062 1148 4131; x_wconf 82' lang='grc' dir='ltr'>σχεδὸν</span> <span class='ocrx_word' id='word_1_531' title='bbox 1208 4064 1446 4124; x_wconf 79' lang='grc' dir='ltr'>παντός’</span> <span class='ocrx_word' id='word_1_532' title='bbox 1514 4063 1716 4132; x_wconf 80' lang='grc' dir='ltr'>μᾶλλον</span> <span class='ocrx_word' id='word_1_533' title='bbox 1774 4062 1852 4128; x_wconf 80' lang='grc' dir='ltr'><strong>δὲ,</strong></span> <span class='ocrx_word' id='word_1_534' title='bbox 1903 4057 1984 4124; x_wconf 75' lang='grc' dir='ltr'>οἷς</span> 
     </span>
    </p>
   </div>
   <div class='ocr_carea' id='block_1_75' title="bbox 419 4149 1984 4225">
    <p class='ocr_par' dir='ltr' id='par_1_75' title="bbox 419 4149 1984 4225">
     <span class='ocr_line' id='line_1_75' title="bbox 419 4149 1984 4225; baseline -0.001 -17"><span class='ocrx_word' id='word_1_535' title='bbox 419 4155 659 4225; x_wconf 74' lang='grc' dir='ltr'>ἔπραττε</span> <span class='ocrx_word' id='word_1_536' title='bbox 680 4155 773 4207; x_wconf 78' lang='grc' dir='ltr'>καὶ</span> <span class='ocrx_word' id='word_1_537' title='bbox 806 4156 863 4207; x_wconf 82' lang='grc' dir='ltr'>ὲν</span> <span class='ocrx_word' id='word_1_538' title='bbox 882 4153 960 4224; x_wconf 89' lang='grc' dir='ltr'>τῷ</span> <span class='ocrx_word' id='word_1_539' title='bbox 990 4157 1222 4224; x_wconf 84' lang='grc' dir='ltr'>πάσχειν</span> <span class='ocrx_word' id='word_1_540' title='bbox 1244 4170 1260 4186; x_wconf 72' lang='grc'><strong>⁸</strong></span> <span class='ocrx_word' id='word_1_541' title='bbox 1291 4156 1386 4207; x_wconf 75' lang='grc' dir='ltr'>καὶ</span> <span class='ocrx_word' id='word_1_542' title='bbox 1415 4154 1572 4218; x_wconf 72' lang='grc' dir='ltr'>αὖθις</span> <span class='ocrx_word' id='word_1_543' title='bbox 1601 4149 1680 4218; x_wconf 78' lang='grc' dir='ltr'>οἷς</span> <span class='ocrx_word' id='word_1_544' title='bbox 1720 4155 1984 4223; x_wconf 83' lang='grc' dir='ltr'>ὑφίστατο</span> 
     </span>
    </p>
   </div>
   <div class='ocr_carea' id='block_1_76' title="bbox 421 4245 1984 4318">
    <p class='ocr_par' dir='ltr' id='par_1_76' title="bbox 421 4245 1984 4318">
     <span class='ocr_line' id='line_1_76' title="bbox 421 4245 1984 4318; baseline -0.001 -20"><span class='ocrx_word' id='word_1_545' title='bbox 421 4245 520 4298; x_wconf 61' lang='grc' dir='ltr'><strong>καῖ</strong></span> <span class='ocrx_word' id='word_1_546' title='bbox 545 4249 601 4299; x_wconf 74' lang='grc' dir='ltr'>ἐν</span> <span class='ocrx_word' id='word_1_547' title='bbox 632 4246 782 4314; x_wconf 85' lang='grc' dir='ltr'>αὑτῷ</span> <span class='ocrx_word' id='word_1_548' title='bbox 813 4247 892 4315; x_wconf 81' lang='grc' dir='ltr'>τῷ</span> <span class='ocrx_word' id='word_1_549' title='bbox 949 4248 1237 4316; x_wconf 86' lang='grc' dir='ltr'>πράττειν.</span> <span class='ocrx_word' id='word_1_550' title='bbox 1273 4247 1410 4300; x_wconf 76' lang='grc' dir='ltr'>Οὐδὲ</span> <span class='ocrx_word' id='word_1_551' title='bbox 1449 4246 1573 4316; x_wconf 76' lang='grc' dir='ltr'>,γὰρ</span> <span class='ocrx_word' id='word_1_552' title='bbox 1623 4248 1817 4318; x_wconf 73' lang='grc' dir='ltr'>ἡμέλει</span> <span class='ocrx_word' id='word_1_553' title='bbox 1876 4245 1984 4298; x_wconf 86' lang='grc' dir='ltr'><strong>τῶν</strong></span> 
     </span>
    </p>
   </div>
   <div class='ocr_carea' id='block_1_77' title="bbox 420 4337 1984 4409">
    <p class='ocr_par' dir='ltr' id='par_1_77' title="bbox 420 4337 1984 4409">
     <span class='ocr_line' id='line_1_77' title="bbox 420 4337 1984 4409; baseline 0.001 -19"><span class='ocrx_word' id='word_1_554' title='bbox 420 4337 646 4390; x_wconf 81' lang='grc' dir='ltr'>δεόντων</span> <span class='ocrx_word' id='word_1_555' title='bbox 675 4337 934 4392; x_wconf 83' lang='grc' dir='ltr'>οὐδέποτε</span> <span class='ocrx_word' id='word_1_556' title='bbox 957 4355 970 4371; x_wconf 92' lang='grc'><strong>·</strong></span> <span class='ocrx_word' id='word_1_557' title='bbox 1004 4337 1114 4392; x_wconf 78' lang='grc' dir='ltr'>οὐδ’</span> <span class='ocrx_word' id='word_1_558' title='bbox 1150 4338 1306 4409; x_wconf 80' lang='grc' dir='ltr'>ὤφθη</span> <span class='ocrx_word' id='word_1_559' title='bbox 1339 4340 1402 4407; x_wconf 84' lang='grc' dir='ltr'><strong>γέ</strong></span> <span class='ocrx_word' id='word_1_560' title='bbox 1459 4356 1590 4393; x_wconf 88' lang='grc' dir='ltr'>ποτε</span> <span class='ocrx_word' id='word_1_561' title='bbox 1620 4357 1984 4393; x_wconf 87' lang='grc' dir='ltr'>καταπεπτω-</span> 
     </span>
    </p>
   </div>
   <div class='ocr_carea' id='block_1_78' title="bbox 417 4427 1983 4502">
    <p class='ocr_par' dir='ltr' id='par_1_78' title="bbox 417 4427 1983 4502">
     <span class='ocr_line' id='line_1_78' title="bbox 417 4427 1983 4502; baseline 0.001 -21"><span class='ocrx_word' id='word_1_562' title='bbox 417 4427 528 4491; x_wconf 86' lang='grc' dir='ltr'>κὼς</span> <span class='ocrx_word' id='word_1_563' title='bbox 589 4431 680 4482; x_wconf 77' lang='grc' dir='ltr'><strong>ὑπ’</strong></span> <span class='ocrx_word' id='word_1_564' title='bbox 735 4431 972 4499; x_wconf 84' lang='grc' dir='ltr'>ἀθυμίας</span> <span class='ocrx_word' id='word_1_565' title='bbox 1036 4432 1300 4502; x_wconf 80' lang='grc' dir='ltr'>ἀμέτρου,</span> <span class='ocrx_word' id='word_1_566' title='bbox 1363 4435 1455 4485; x_wconf 81' lang='grc' dir='ltr'>καὶ</span> <span class='ocrx_word' id='word_1_567' title='bbox 1493 4431 1682 4500; x_wconf 77' lang='grc' dir='ltr'>φόϐου,</span> <span class='ocrx_word' id='word_1_568' title='bbox 1741 4432 1836 4485; x_wconf 81' lang='grc' dir='ltr'>καὶ</span> <span class='ocrx_word' id='word_1_569' title='bbox 1874 4431 1983 4483; x_wconf 88' lang='grc' dir='ltr'><strong>τῶν</strong></span> 
     </span>
    </p>
   </div>
   <div class='ocr_carea' id='block_1_79' title="bbox 417 4522 1982 4594">
    <p class='ocr_par' dir='ltr' id='par_1_79' title="bbox 417 4522 1982 4594">
     <span class='ocr_line' id='line_1_79' title="bbox 417 4522 1982 4594; baseline 0.001 -22"><span class='ocrx_word' id='word_1_570' title='bbox 417 4522 675 4574; x_wconf 79' lang='grc' dir='ltr'>τοιούτων</span> <span class='ocrx_word' id='word_1_571' title='bbox 707 4539 720 4553; x_wconf 90' lang='grc'><strong>·</strong></span> <span class='ocrx_word' id='word_1_572' title='bbox 756 4523 870 4576; x_wconf 82' lang='grc' dir='ltr'>ἀλλ’</span> <span class='ocrx_word' id='word_1_573' title='bbox 892 4524 1013 4576; x_wconf 79' lang='grc' dir='ltr'>οὐδὲ</span> <span class='ocrx_word' id='word_1_574' title='bbox 1046 4526 1173 4586; x_wconf 76' lang='grc' dir='ltr'>τοὺς</span> <span class='ocrx_word' id='word_1_575' title='bbox 1229 4524 1528 4593; x_wconf 74' lang='grc' dir='ltr'>λογισμοὺς</span> <span class='ocrx_word' id='word_1_576' title='bbox 1589 4524 1982 4594; x_wconf 77' lang='grc' dir='ltr'>διακεχυμένος</span> 
     </span>
    </p>
   </div>
   <div class='ocr_carea' id='block_1_80' title="bbox 416 4614 1982 4685">
    <p class='ocr_par' dir='ltr' id='par_1_80' title="bbox 416 4614 1982 4685">
     <span class='ocr_line' id='line_1_80' title="bbox 416 4614 1982 4685; baseline 0.001 -20"><span class='ocrx_word' id='word_1_577' title='bbox 416 4615 508 4665; x_wconf 73' lang='grc' dir='ltr'>ἐπὶ</span> <span class='ocrx_word' id='word_1_578' title='bbox 535 4614 690 4679; x_wconf 81' lang='grc' dir='ltr'>πολὺ,</span> <span class='ocrx_word' id='word_1_579' title='bbox 725 4614 835 4668; x_wconf 75' lang='grc' dir='ltr'>οὒτ’</span> <span class='ocrx_word' id='word_1_580' title='bbox 859 4617 917 4667; x_wconf 78' lang='grc' dir='ltr'>ὲν</span> <span class='ocrx_word' id='word_1_581' title='bbox 953 4615 1263 4684; x_wconf 86' lang='grc' dir='ltr'>εὐθυμίαις,</span> <span class='ocrx_word' id='word_1_582' title='bbox 1299 4615 1412 4668; x_wconf 71' lang='grc' dir='ltr'>οὔτ’</span> <span class='ocrx_word' id='word_1_583' title='bbox 1471 4617 1527 4667; x_wconf 81' lang='grc' dir='ltr'><strong>ἐν</strong></span> <span class='ocrx_word' id='word_1_584' title='bbox 1586 4616 1822 4685; x_wconf 77' lang='grc' dir='ltr'>ἑορταῖς,</span> <span class='ocrx_word' id='word_1_585' title='bbox 1881 4615 1982 4667; x_wconf 79' lang='grc' dir='ltr'><strong>οὐκ</strong></span> 
     </span>
    </p>
   </div>
   <div class='ocr_carea' id='block_1_81' title="bbox 415 4707 1982 4778">
    <p class='ocr_par' dir='ltr' id='par_1_81' title="bbox 415 4707 1982 4778">
     <span class='ocr_line' id='line_1_81' title="bbox 415 4707 1982 4778; baseline 0.001 -20"><span class='ocrx_word' id='word_1_586' title='bbox 415 4707 472 4758; x_wconf 79' lang='grc' dir='ltr'>ὲν</span> <span class='ocrx_word' id='word_1_587' title='bbox 504 4707 772 4772; x_wconf 78' lang='grc' dir='ltr'>παιδιαῖς,</span> <span class='ocrx_word' id='word_1_588' title='bbox 803 4709 901 4760; x_wconf 69' lang='grc' dir='ltr'>οὐκ</span> <span class='ocrx_word' id='word_1_589' title='bbox 933 4709 988 4761; x_wconf 85' lang='grc' dir='ltr'>ὲν</span> <span class='ocrx_word' id='word_1_590' title='bbox 1021 4708 1186 4778; x_wconf 81' lang='grc' dir='ltr'>θήρᾳ,</span> <span class='ocrx_word' id='word_1_591' title='bbox 1235 4709 1335 4761; x_wconf 81' lang='grc' dir='ltr'><strong>οὐκ</strong></span> <span class='ocrx_word' id='word_1_592' title='bbox 1356 4710 1416 4761; x_wconf 81' lang='grc' dir='ltr'>ὲν</span> <span class='ocrx_word' id='word_1_593' title='bbox 1452 4709 1630 4761; x_wconf 73' lang='grc' dir='ltr'>οὐδενὶ</span> <span class='ocrx_word' id='word_1_594' title='bbox 1662 4711 1770 4762; x_wconf 85' lang='grc' dir='ltr'>τῶν</span> <span class='ocrx_word' id='word_1_595' title='bbox 1808 4707 1982 4761; x_wconf 83' lang='grc' dir='ltr'>τοιού-</span> 
     </span>
    </p>
   </div>
   <div class='ocr_carea' id='block_1_82' title="bbox 417 4793 1982 4868">
    <p class='ocr_par' dir='ltr' id='par_1_82' title="bbox 417 4793 1982 4868">
     <span class='ocr_line' id='line_1_82' title="bbox 417 4793 1982 4868; baseline 0.002 -20"><span class='ocrx_word' id='word_1_596' title='bbox 417 4814 546 4851; x_wconf 90' lang='grc' dir='ltr'>των.</span> <span class='ocrx_word' id='word_1_597' title='bbox 582 4799 704 4850; x_wconf 79' lang='grc' dir='ltr'><strong>Οὐδ’</strong></span> <span class='ocrx_word' id='word_1_598' title='bbox 731 4793 800 4865; x_wconf 82' lang='grc' dir='ltr'>ἦν</span> <span class='ocrx_word' id='word_1_599' title='bbox 850 4798 1018 4868; x_wconf 76' lang='grc' dir='ltr'>ἀργὸς</span> <span class='ocrx_word' id='word_1_600' title='bbox 1041 4800 1099 4850; x_wconf 75' lang='grc' dir='ltr'>ἐν</span> <span class='ocrx_word' id='word_1_601' title='bbox 1138 4800 1252 4859; x_wconf 88' lang='grc' dir='ltr'>τοῖς</span> <span class='ocrx_word' id='word_1_602' title='bbox 1281 4800 1498 4866; x_wconf 84' lang='grc' dir='ltr'>καιροῖς</span> <span class='ocrx_word' id='word_1_603' title='bbox 1522 4799 1634 4861; x_wconf 75' lang='grc' dir='ltr'>τοῖς</span> <span class='ocrx_word' id='word_1_604' title='bbox 1664 4796 1982 4868; x_wconf 84' lang='grc' dir='ltr'>χαλεπωτά-</span> 
     </span>
    </p>
   </div>
   <div class='ocr_carea' id='block_1_83' title="bbox 2092 3609 3654 3684">
    <p class='ocr_par' dir='ltr' id='par_1_83' title="bbox 2092 3609 3654 3684">
     <span class='ocr_line' id='line_1_83' title="bbox 2092 3609 3654 3684; baseline 0.003 -20"><span class='ocrx_word' id='word_1_605' title='bbox 2092 3625 2284 3664; x_wconf 90' lang='lat' dir='ltr'><strong>norum</strong></span> <span class='ocrx_word' id='word_1_606' title='bbox 2321 3609 2600 3668; x_wconf 88' lang='lat' dir='ltr'><strong>decorem,</strong></span> <span class='ocrx_word' id='word_1_607' title='bbox 2639 3609 2784 3662; x_wconf 86' lang='lat' dir='ltr'><strong>haud</strong></span> <span class='ocrx_word' id='word_1_608' title='bbox 2821 3619 2950 3676; x_wconf 90' lang='lat' dir='ltr'><strong>puto</strong></span> <span class='ocrx_word' id='word_1_609' title='bbox 2982 3626 3011 3663; x_wconf 90' lang='lat' dir='ltr'><strong>a</strong></span> <span class='ocrx_word' id='word_1_610' title='bbox 3044 3612 3272 3665; x_wconf 82' lang='lat' dir='ltr'><strong>veritate</strong></span> <span class='ocrx_word' id='word_1_611' title='bbox 3316 3627 3528 3676; x_wconf 82' lang='lat' dir='ltr'><strong>errans,</strong></span> <span class='ocrx_word' id='word_1_612' title='bbox 3556 3630 3654 3684; x_wconf 85' lang='lat' dir='ltr'><strong>po-</strong></span> 
     </span>
    </p>
   </div>
   <div class='ocr_carea' id='block_1_84' title="bbox 2091 3699 3645 3772">
    <p class='ocr_par' dir='ltr' id='par_1_84' title="bbox 2091 3699 3645 3772">
     <span class='ocr_line' id='line_1_84' title="bbox 2091 3699 3645 3772; baseline 0.003 -20"><span class='ocrx_word' id='word_1_613' title='bbox 2091 3699 2237 3752; x_wconf 81' lang='lat' dir='ltr'><strong>litam</strong></span> <span class='ocrx_word' id='word_1_614' title='bbox 2277 3713 2344 3752; x_wconf 79' lang='lat' dir='ltr'><strong>ex</strong></span> <span class='ocrx_word' id='word_1_615' title='bbox 2380 3699 2669 3752; x_wconf 86' lang='lat' dir='ltr'><strong>adamante</strong></span> <span class='ocrx_word' id='word_1_616' title='bbox 2691 3708 2951 3764; x_wconf 89' lang='lat' dir='ltr'><strong>statuam,</strong></span> <span class='ocrx_word' id='word_1_617' title='bbox 2988 3700 3645 3772; x_wconf 83' lang='lat' dir='ltr'><strong>subjectumargumento</strong></span> 
     </span>
    </p>
   </div>
   <div class='ocr_carea' id='block_1_85' title="bbox 2089 3787 3652 3861">
    <p class='ocr_par' dir='ltr' id='par_1_85' title="bbox 2089 3787 3652 3861">
     <span class='ocr_line' id='line_1_85' title="bbox 2089 3787 3652 3861; baseline 0.006 -23"><span class='ocrx_word' id='word_1_618' title='bbox 2089 3789 2266 3840; x_wconf 75' lang='lat' dir='ltr'><strong>virum</strong></span> <span class='ocrx_word' id='word_1_619' title='bbox 2302 3802 2617 3855; x_wconf 86' lang='lat' dir='ltr'><strong>nuncupare</strong></span> <span class='ocrx_word' id='word_1_620' title='bbox 2649 3789 2837 3855; x_wconf 88' lang='lat' dir='ltr'><strong>possit.</strong></span> <span class='ocrx_word' id='word_1_621' title='bbox 2857 3787 2926 3843; x_wconf 89' lang='lat' dir='ltr'><strong>Ut</strong></span> <span class='ocrx_word' id='word_1_622' title='bbox 2961 3804 3124 3856; x_wconf 89' lang='lat' dir='ltr'><strong>porro</strong></span> <span class='ocrx_word' id='word_1_623' title='bbox 3163 3791 3288 3844; x_wconf 86' lang='lat' dir='ltr'><strong>talis</strong></span> <span class='ocrx_word' id='word_1_624' title='bbox 3311 3792 3652 3861; x_wconf 82' lang='lat' dir='ltr'><strong>fuerit,qua-</strong></span> 
     </span>
    </p>
   </div>
   <div class='ocr_carea' id='block_1_86' title="bbox 2090 3877 3653 3948">
    <p class='ocr_par' dir='ltr' id='par_1_86' title="bbox 2090 3877 3653 3948">
     <span class='ocr_line' id='line_1_86' title="bbox 2090 3877 3653 3948; baseline 0.004 -18"><span class='ocrx_word' id='word_1_625' title='bbox 2090 3879 2196 3931; x_wconf 90' lang='lat' dir='ltr'><strong>lem</strong></span> <span class='ocrx_word' id='word_1_626' title='bbox 2229 3877 2384 3930; x_wconf 89' lang='lat' dir='ltr'><strong>vobis</strong></span> <span class='ocrx_word' id='word_1_627' title='bbox 2412 3892 2612 3932; x_wconf 90' lang='lat' dir='ltr'><strong>.sermo</strong></span> <span class='ocrx_word' id='word_1_628' title='bbox 2649 3880 2891 3931; x_wconf 89' lang='lat' dir='ltr'><strong>ostendit</strong></span> <span class='ocrx_word' id='word_1_629' title='bbox 2929 3895 2943 3931; x_wconf 92' lang='lat'>:</span> <span class='ocrx_word' id='word_1_630' title='bbox 2979 3881 3110 3942; x_wconf 90' lang='lat' dir='ltr'><strong>imo,</strong></span> <span class='ocrx_word' id='word_1_631' title='bbox 3158 3892 3218 3934; x_wconf 89' lang='lat' dir='ltr'><strong>ut</strong></span> <span class='ocrx_word' id='word_1_632' title='bbox 3253 3882 3450 3938; x_wconf 90' lang='lat' dir='ltr'><strong>nedum</strong></span> <span class='ocrx_word' id='word_1_633' title='bbox 3507 3885 3653 3948; x_wconf 90' lang='lat' dir='ltr'><strong>talis,</strong></span> 
     </span>
    </p>
   </div>
   <div class='ocr_carea' id='block_1_87' title="bbox 2108 3965 3656 4043">
    <p class='ocr_par' dir='ltr' id='par_1_87' title="bbox 2108 3965 3656 4043">
     <span class='ocr_line' id='line_1_87' title="bbox 2108 3965 3656 4043; baseline 0.003 -24"><span class='ocrx_word' id='word_1_634' title='bbox 2108 3965 2201 4019; x_wconf 89' lang='lat' dir='ltr'><strong>sed</strong></span> <span class='ocrx_word' id='word_1_635' title='bbox 2234 3973 2285 4020; x_wconf 90' lang='lat' dir='ltr'><strong>et</strong></span> <span class='ocrx_word' id='word_1_636' title='bbox 2321 3965 2478 4033; x_wconf 83' lang='lat' dir='ltr'><strong>longe</strong></span> <span class='ocrx_word' id='word_1_637' title='bbox 2506 3967 2850 4034; x_wconf 73' lang='lat' dir='ltr'><strong>praestantior</strong></span> <span class='ocrx_word' id='word_1_638' title='bbox 2887 3967 3051 4020; x_wconf 89' lang='lat' dir='ltr'><strong>fuerit</strong></span> <span class='ocrx_word' id='word_1_639' title='bbox 3085 3987 3098 4033; x_wconf 88' lang='lat'><strong><em>;</em></strong></span> <span class='ocrx_word' id='word_1_640' title='bbox 3131 3969 3269 4022; x_wconf 86' lang='lat' dir='ltr'><strong>idem</strong></span> <span class='ocrx_word' id='word_1_641' title='bbox 3299 3973 3412 4039; x_wconf 88' lang='lat' dir='ltr'><strong>ipse</strong></span> <span class='ocrx_word' id='word_1_642' title='bbox 3443 3972 3656 4043; x_wconf 82' lang='lat' dir='ltr'><strong>liquido</strong></span> 
     </span>
    </p>
   </div>
   <div class='ocr_carea' id='block_1_88' title="bbox 2092 4056 3652 4135">
    <p class='ocr_par' dir='ltr' id='par_1_88' title="bbox 2092 4056 3652 4135">
     <span class='ocr_line' id='line_1_88' title="bbox 2092 4056 3652 4135; baseline 0.008 -26"><span class='ocrx_word' id='word_1_643' title='bbox 2092 4056 2361 4126; x_wconf 89' lang='lat' dir='ltr'><strong>probavit,</strong></span> <span class='ocrx_word' id='word_1_644' title='bbox 2399 4065 2510 4109; x_wconf 93' lang='lat' dir='ltr'><strong>tum</strong></span> <span class='ocrx_word' id='word_1_645' title='bbox 2549 4058 2617 4110; x_wconf 86' lang='lat' dir='ltr'><strong>iis</strong></span> <span class='ocrx_word' id='word_1_646' title='bbox 2651 4071 2771 4125; x_wconf 78' lang='lat' dir='ltr'><strong>quae</strong></span> <span class='ocrx_word' id='word_1_647' title='bbox 2804 4058 2933 4127; x_wconf 83' lang='lat' dir='ltr'><strong>egit,</strong></span> <span class='ocrx_word' id='word_1_648' title='bbox 2975 4069 3243 4135; x_wconf 33' lang='lat' dir='ltr'><strong>tum‘qua:</strong></span> <span class='ocrx_word' id='word_1_649' title='bbox 3266 4071 3371 4116; x_wconf 87' lang='lat' dir='ltr'><strong>tota</strong></span> <span class='ocrx_word' id='word_1_650' title='bbox 3401 4064 3511 4120; x_wconf 91' lang='lat' dir='ltr'><strong>fere</strong></span> <span class='ocrx_word' id='word_1_651' title='bbox 3542 4067 3652 4121; x_wconf 69' lang='lat' dir='ltr'><strong>viva</strong></span> 
     </span>
    </p>
   </div>
   <div class='ocr_carea' id='block_1_89' title="bbox 2095 4148 3652 4224">
    <p class='ocr_par' dir='ltr' id='par_1_89' title="bbox 2095 4148 3652 4224">
     <span class='ocr_line' id='line_1_89' title="bbox 2095 4148 3652 4224; baseline 0.006 -24"><span class='ocrx_word' id='word_1_652' title='bbox 2095 4149 2232 4200; x_wconf 90' lang='lat' dir='ltr'><strong>mala</strong></span> <span class='ocrx_word' id='word_1_653' title='bbox 2251 4148 2510 4202; x_wconf 84' lang='lat' dir='ltr'><strong>sustinuit</strong></span> <span class='ocrx_word' id='word_1_654' title='bbox 2535 4163 2548 4211; x_wconf 89' lang='lat'><strong>;</strong></span> <span class='ocrx_word' id='word_1_655' title='bbox 2568 4156 2731 4216; x_wconf 86' lang='lat' dir='ltr'><strong>atque</strong></span> <span class='ocrx_word' id='word_1_656' title='bbox 2752 4149 2887 4203; x_wconf 86' lang='lat' dir='ltr'><strong>adeo</strong></span> <span class='ocrx_word' id='word_1_657' title='bbox 2905 4149 2970 4201; x_wconf 92' lang='lat' dir='ltr'><strong>iis</strong></span> <span class='ocrx_word' id='word_1_658' title='bbox 2986 4166 3105 4219; x_wconf 65' lang='lat' dir='ltr'><strong>quae</strong></span> <span class='ocrx_word' id='word_1_659' title='bbox 3127 4153 3237 4222; x_wconf 81' lang='lat' dir='ltr'><strong>egit</strong></span> <span class='ocrx_word' id='word_1_660' title='bbox 3255 4157 3652 4224; x_wconf 86' lang='lat' dir='ltr'><strong>&#39;perpetiendo,</strong></span> 
     </span>
    </p>
   </div>
   <div class='ocr_carea' id='block_1_90' title="bbox 2092 4240 3651 4310">
    <p class='ocr_par' dir='ltr' id='par_1_90' title="bbox 2092 4240 3651 4310">
     <span class='ocr_line' id='line_1_90' title="bbox 2092 4240 3651 4310; baseline 0.004 -17"><span class='ocrx_word' id='word_1_661' title='bbox 2092 4254 2325 4308; x_wconf 68' lang='lat' dir='ltr'><strong>quaaque</strong></span> <span class='ocrx_word' id='word_1_662' title='bbox 2357 4240 2553 4293; x_wconf 89' lang='lat' dir='ltr'><strong>iterum</strong></span> <span class='ocrx_word' id='word_1_663' title='bbox 2584 4241 2747 4294; x_wconf 90' lang='lat' dir='ltr'><strong>etiam</strong></span> <span class='ocrx_word' id='word_1_664' title='bbox 2779 4241 2988 4310; x_wconf 85' lang='lat' dir='ltr'><strong>agendo</strong></span> <span class='ocrx_word' id='word_1_665' title='bbox 3021 4257 3313 4310; x_wconf 88' lang='lat' dir='ltr'><strong>perpessus</strong></span> <span class='ocrx_word' id='word_1_666' title='bbox 3343 4245 3463 4299; x_wconf 90' lang='lat' dir='ltr'><strong>fuit.</strong></span> <span class='ocrx_word' id='word_1_667' title='bbox 3498 4247 3651 4302; x_wconf 81' lang='lat' dir='ltr'><strong>Nun-</strong></span> 
     </span>
    </p>
   </div>
   <div class='ocr_carea' id='block_1_91' title="bbox 2092 4332 3657 4405">
    <p class='ocr_par' dir='ltr' id='par_1_91' title="bbox 2092 4332 3657 4405">
     <span class='ocr_line' id='line_1_91' title="bbox 2092 4332 3657 4405; baseline 0.004 -20"><span class='ocrx_word' id='word_1_668' title='bbox 2092 4347 2254 4402; x_wconf 83' lang='lat' dir='ltr'><strong>quam</strong></span> <span class='ocrx_word' id='word_1_669' title='bbox 2289 4332 2433 4390; x_wconf 87' lang='lat' dir='ltr'><strong>enim</strong></span> <span class='ocrx_word' id='word_1_670' title='bbox 2477 4332 2741 4402; x_wconf 89' lang='lat' dir='ltr'><strong>quidquid</strong></span> <span class='ocrx_word' id='word_1_671' title='bbox 2778 4332 3067 4387; x_wconf 73' lang='lat' dir='ltr'><strong>accidisset</strong></span> <span class='ocrx_word' id='word_1_672' title='bbox 3128 4335 3270 4401; x_wconf 90' lang='lat' dir='ltr'><strong>quod</strong></span> <span class='ocrx_word' id='word_1_673' title='bbox 3305 4349 3480 4401; x_wconf 69' lang='lat' dir='ltr'><strong>Operae</strong></span> <span class='ocrx_word' id='word_1_674' title='bbox 3529 4351 3657 4405; x_wconf 84' lang='lat' dir='ltr'><strong>pre-</strong></span> 
     </span>
    </p>
   </div>
   <div class='ocr_carea' id='block_1_92' title="bbox 2090 4425 3652 4494">
    <p class='ocr_par' dir='ltr' id='par_1_92' title="bbox 2090 4425 3652 4494">
     <span class='ocr_line' id='line_1_92' title="bbox 2090 4425 3652 4494; baseline 0.003 -16"><span class='ocrx_word' id='word_1_675' title='bbox 2090 4427 2223 4479; x_wconf 91' lang='lat' dir='ltr'><strong>tium</strong></span> <span class='ocrx_word' id='word_1_676' title='bbox 2257 4433 2393 4488; x_wconf 84' lang='lat' dir='ltr'><strong>erat,</strong></span> <span class='ocrx_word' id='word_1_677' title='bbox 2423 4425 2660 4494; x_wconf 79' lang='lat' dir='ltr'><strong>neglexit</strong></span> <span class='ocrx_word' id='word_1_678' title='bbox 2695 4441 2709 4489; x_wconf 91' lang='lat'><strong>;</strong></span> <span class='ocrx_word' id='word_1_679' title='bbox 2752 4440 2853 4478; x_wconf 86' lang='lat' dir='ltr'><strong>nec</strong></span> <span class='ocrx_word' id='word_1_680' title='bbox 2909 4441 3152 4494; x_wconf 88' lang='lat' dir='ltr'><strong>unquam</strong></span> <span class='ocrx_word' id='word_1_681' title='bbox 3217 4428 3445 4480; x_wconf 89' lang='lat' dir='ltr'><strong>omnino</strong></span> <span class='ocrx_word' id='word_1_682' title='bbox 3501 4431 3652 4482; x_wconf 90' lang='lat' dir='ltr'><strong>visus</strong></span> 
     </span>
    </p>
   </div>
   <div class='ocr_carea' id='block_1_93' title="bbox 2089 4517 3649 4584">
    <p class='ocr_par' dir='ltr' id='par_1_93' title="bbox 2089 4517 3649 4584">
     <span class='ocr_line' id='line_1_93' title="bbox 2089 4517 3649 4584; baseline -0.001 -11"><span class='ocrx_word' id='word_1_683' title='bbox 2089 4528 2173 4573; x_wconf 91' lang='lat' dir='ltr'><strong>est</strong></span> <span class='ocrx_word' id='word_1_684' title='bbox 2203 4517 2386 4570; x_wconf 91' lang='lat' dir='ltr'><strong>animo</strong></span> <span class='ocrx_word' id='word_1_685' title='bbox 2441 4517 2780 4580; x_wconf 90' lang='lat' dir='ltr'><strong>concidisse,</strong></span> <span class='ocrx_word' id='word_1_686' title='bbox 2835 4518 3098 4570; x_wconf 83' lang='lat' dir='ltr'><strong>obruente</strong></span> <span class='ocrx_word' id='word_1_687' title='bbox 3155 4519 3406 4571; x_wconf 74' lang='lat' dir='ltr'><strong>mmstitia</strong></span> <span class='ocrx_word' id='word_1_688' title='bbox 3457 4519 3649 4584; x_wconf 89' lang='lat' dir='ltr'><strong>nimia,</strong></span> 
     </span>
    </p>
   </div>
   <div class='ocr_carea' id='block_1_94' title="bbox 2089 4608 3650 4677">
    <p class='ocr_par' dir='ltr' id='par_1_94' title="bbox 2089 4608 3650 4677">
     <span class='ocr_line' id='line_1_94' title="bbox 2089 4608 3650 4677; baseline -0.001 -14"><span class='ocrx_word' id='word_1_689' title='bbox 2089 4619 2181 4663; x_wconf 90' lang='lat' dir='ltr'><strong>aut</strong></span> <span class='ocrx_word' id='word_1_690' title='bbox 2211 4621 2379 4674; x_wconf 91' lang='lat' dir='ltr'><strong>metu,</strong></span> <span class='ocrx_word' id='word_1_691' title='bbox 2410 4609 2585 4662; x_wconf 84' lang='lat' dir='ltr'><strong>aliove</strong></span> <span class='ocrx_word' id='word_1_692' title='bbox 2615 4608 2884 4677; x_wconf 86' lang='lat' dir='ltr'><strong>ejusmodi</strong></span> <span class='ocrx_word' id='word_1_693' title='bbox 2920 4626 2932 4661; x_wconf 91' lang='lat'>:</span> <span class='ocrx_word' id='word_1_694' title='bbox 2961 4616 3015 4661; x_wconf 95' lang='lat' dir='ltr'><strong>at</strong></span> <span class='ocrx_word' id='word_1_695' title='bbox 3046 4623 3225 4677; x_wconf 90' lang='lat' dir='ltr'><strong>neque</strong></span> <span class='ocrx_word' id='word_1_696' title='bbox 3263 4609 3434 4663; x_wconf 73' lang='lat' dir='ltr'><strong>effuso</strong></span> <span class='ocrx_word' id='word_1_697' title='bbox 3463 4611 3650 4665; x_wconf 87' lang='lat' dir='ltr'><strong>admo-</strong></span> 
     </span>
    </p>
   </div>
   <div class='ocr_carea' id='block_1_95' title="bbox 2089 4699 3650 4766">
    <p class='ocr_par' dir='ltr' id='par_1_95' title="bbox 2089 4699 3650 4766">
     <span class='ocr_line' id='line_1_95' title="bbox 2089 4699 3650 4766; baseline 0 -11"><span class='ocrx_word' id='word_1_698' title='bbox 2089 4702 2216 4755; x_wconf 91' lang='lat' dir='ltr'><strong>dum</strong></span> <span class='ocrx_word' id='word_1_699' title='bbox 2257 4701 2461 4761; x_wconf 86' lang='lat' dir='ltr'><strong>animo,</strong></span> <span class='ocrx_word' id='word_1_700' title='bbox 2511 4715 2633 4754; x_wconf 91' lang='lat' dir='ltr'><strong>cum</strong></span> <span class='ocrx_word' id='word_1_701' title='bbox 2676 4701 2838 4753; x_wconf 86' lang='lat' dir='ltr'><strong>etiam</strong></span> <span class='ocrx_word' id='word_1_702' title='bbox 2877 4699 3171 4766; x_wconf 86' lang='lat' dir='ltr'><strong>jucundior</strong></span> <span class='ocrx_word' id='word_1_703' title='bbox 3225 4699 3522 4763; x_wconf 85' lang='lat' dir='ltr'><strong>videretur,</strong></span> <span class='ocrx_word' id='word_1_704' title='bbox 3564 4702 3650 4756; x_wconf 71' lang='lat' dir='ltr'><strong>vel</strong></span> 
     </span>
    </p>
   </div>
   <div class='ocr_carea' id='block_1_96' title="bbox 2089 4791 3649 4861">
    <p class='ocr_par' dir='ltr' id='par_1_96' title="bbox 2089 4791 3649 4861">
     <span class='ocr_line' id='line_1_96' title="bbox 2089 4791 3649 4861; baseline 0.002 -16"><span class='ocrx_word' id='word_1_705' title='bbox 2089 4801 2378 4861; x_wconf 85' lang='lat' dir='ltr'><strong>agerentur</strong></span> <span class='ocrx_word' id='word_1_706' title='bbox 2409 4791 2532 4846; x_wconf 90' lang='lat' dir='ltr'><strong>festi</strong></span> <span class='ocrx_word' id='word_1_707' title='bbox 2561 4799 2864 4845; x_wconf 87' lang='lat' dir='ltr'><strong>conventus</strong></span> <span class='ocrx_word' id='word_1_708' title='bbox 2895 4807 2908 4855; x_wconf 90' lang='lat'><strong>;</strong></span> <span class='ocrx_word' id='word_1_709' title='bbox 2940 4805 3048 4844; x_wconf 85' lang='lat' dir='ltr'><strong>non</strong></span> <span class='ocrx_word' id='word_1_710' title='bbox 3098 4791 3152 4844; x_wconf 89' lang='lat' dir='ltr'><strong>in</strong></span> <span class='ocrx_word' id='word_1_711' title='bbox 3207 4791 3372 4855; x_wconf 89' lang='lat' dir='ltr'><strong>ludis,</strong></span> <span class='ocrx_word' id='word_1_712' title='bbox 3408 4807 3515 4847; x_wconf 90' lang='lat' dir='ltr'><strong>non</strong></span> <span class='ocrx_word' id='word_1_713' title='bbox 3560 4808 3649 4848; x_wconf 75' lang='lat' dir='ltr'><strong>ve-</strong></span> 
     </span>
    </p>
   </div>
   <div class='ocr_carea' id='block_1_97' title="bbox 412 4867 2015 4960">
    <p class='ocr_par' dir='ltr' id='par_1_97' title="bbox 412 4867 2015 4960">
     <span class='ocr_line' id='line_1_97' title="bbox 412 4867 2015 4960; baseline 0.001 -18"><span class='ocrx_word' id='word_1_714' title='bbox 412 4903 552 4954; x_wconf 80' lang='grc' dir='ltr'>τοις,</span> <span class='ocrx_word' id='word_1_715' title='bbox 585 4893 680 4943; x_wconf 80' lang='grc' dir='ltr'><strong>καὶ</strong></span> <span class='ocrx_word' id='word_1_716' title='bbox 739 4867 1090 4958; x_wconf 75' lang='grc' dir='ltr'>σκυθρωποῖς</span> <span class='ocrx_word' id='word_1_717' title='bbox 1119 4905 1243 4943; x_wconf 86' lang='grc' dir='ltr'>,τισι</span> <span class='ocrx_word' id='word_1_718' title='bbox 1291 4891 1614 4960; x_wconf 82' lang='grc' dir='ltr'>πράγμασιν</span> <span class='ocrx_word' id='word_1_719' title='bbox 1716 4891 1978 4959; x_wconf 80' lang='grc' dir='ltr'>οὕμενουν</span> <span class='ocrx_word' id='word_1_720' title='bbox 2011 4868 2015 4922; x_wconf 56' lang='grc' dir='ltr'><strong>λ</strong></span> 
     </span>
    </p>
   </div>
   <div class='ocr_carea' id='block_1_98' title="bbox 2101 4867 3651 4960">
    <p class='ocr_par' dir='ltr' id='par_1_98' title="bbox 2101 4882 3651 4954">
     <span class='ocr_line' id='line_1_98' title="bbox 2101 4882 3651 4954; baseline 0.003 -19"><span class='ocrx_word' id='word_1_721' title='bbox 2101 4884 2306 4936; x_wconf 69' lang='lat' dir='ltr'><strong>ratione</strong></span> <span class='ocrx_word' id='word_1_722' title='bbox 2360 4893 2539 4948; x_wconf 86' lang='lat' dir='ltr'><strong>utens,</strong></span> <span class='ocrx_word' id='word_1_723' title='bbox 2585 4898 2693 4935; x_wconf 90' lang='lat' dir='ltr'><strong>non</strong></span> <span class='ocrx_word' id='word_1_724' title='bbox 2753 4898 2812 4935; x_wconf 90' lang='lat' dir='ltr'><strong>re</strong></span> <span class='ocrx_word' id='word_1_725' title='bbox 2851 4882 2958 4936; x_wconf 90' lang='lat' dir='ltr'><strong>ulla</strong></span> <span class='ocrx_word' id='word_1_726' title='bbox 3010 4882 3300 4952; x_wconf 89' lang='lat' dir='ltr'><strong>ejusmodi.</strong></span> <span class='ocrx_word' id='word_1_727' title='bbox 3351 4885 3418 4938; x_wconf 88' lang='lat' dir='ltr'><strong>At</strong></span> <span class='ocrx_word' id='word_1_728' title='bbox 3474 4901 3651 4954; x_wconf 88' lang='lat' dir='ltr'><strong>neque</strong></span> 
     </span>
    </p>
   </div>
   <div class='ocr_carea' id='block_1_99' title="bbox 415 4980 1974 5053">
    <p class='ocr_par' dir='ltr' id='par_1_99' title="bbox 415 4980 1974 5053">
     <span class='ocr_line' id='line_1_99' title="bbox 415 4980 1974 5053; baseline 0.001 -21"><span class='ocrx_word' id='word_1_729' title='bbox 415 4980 526 5034; x_wconf 77' lang='grc' dir='ltr'>οὐδ’</span> <span class='ocrx_word' id='word_1_730' title='bbox 560 4983 619 5035; x_wconf 82' lang='grc' dir='ltr'>ὲν</span> <span class='ocrx_word' id='word_1_731' title='bbox 653 4981 803 5050; x_wconf 85' lang='grc' dir='ltr'>αὐτῷ</span> <span class='ocrx_word' id='word_1_732' title='bbox 839 4981 917 5052; x_wconf 83' lang='grc' dir='ltr'>τῷ</span> <span class='ocrx_word' id='word_1_733' title='bbox 950 4983 1094 5051; x_wconf 84' lang='grc' dir='ltr'>μάλα</span> <span class='ocrx_word' id='word_1_734' title='bbox 1130 4985 1330 5046; x_wconf 88' lang='grc' dir='ltr'>νοσεῖν,</span> <span class='ocrx_word' id='word_1_735' title='bbox 1364 4983 1437 5044; x_wconf 87' lang='grc' dir='ltr'><strong>ὡς</strong></span> <span class='ocrx_word' id='word_1_736' title='bbox 1465 4984 1632 5053; x_wconf 81' lang='grc' dir='ltr'>μηδὲν</span> <span class='ocrx_word' id='word_1_737' title='bbox 1663 4983 1754 5036; x_wconf 80' lang='grc' dir='ltr'>τοῦ</span> <span class='ocrx_word' id='word_1_738' title='bbox 1782 4984 1974 5053; x_wconf 76' lang='grc' dir='ltr'>χρόνου</span> 
     </span>
    </p>
   </div>
   <div class='ocr_carea' id='block_1_100' title="bbox 420 5066 1975 5145">
    <p class='ocr_par' dir='ltr' id='par_1_100' title="bbox 420 5066 1975 5145">
     <span class='ocr_line' id='line_1_100' title="bbox 420 5066 1975 5145; baseline 0.001 -22"><span class='ocrx_word' id='word_1_739' title='bbox 420 5072 602 5141; x_wconf 87' lang='grc' dir='ltr'>μάτην</span> <span class='ocrx_word' id='word_1_740' title='bbox 631 5072 997 5139; x_wconf 82' lang='grc' dir='ltr'>ἁναλίσκοιτο,</span> <span class='ocrx_word' id='word_1_741' title='bbox 1030 5066 1091 5127; x_wconf 74' lang='grc' dir='ltr'>οὗ</span> <span class='ocrx_word' id='word_1_742' title='bbox 1112 5074 1173 5128; x_wconf 78' lang='grc' dir='ltr'><strong>τὸ</strong></span> <span class='ocrx_word' id='word_1_743' title='bbox 1207 5074 1480 5144; x_wconf 72' lang='grc' dir='ltr'>παρελθὸν</span> <span class='ocrx_word' id='word_1_744' title='bbox 1513 5075 1794 5145; x_wconf 81' lang='grc' dir='ltr'>ἀμήχανον</span> <span class='ocrx_word' id='word_1_745' title='bbox 1813 5075 1975 5128; x_wconf 77' lang='grc' dir='ltr'>πάλιν</span> 
     </span>
    </p>
   </div>
   <div class='ocr_carea' id='block_1_101' title="bbox 415 5163 620 5232">
    <p class='ocr_par' dir='ltr' id='par_1_101' title="bbox 415 5163 620 5232">
     <span class='ocr_line' id='line_1_101' title="bbox 415 5163 620 5232; baseline 0 -18"><span class='ocrx_word' id='word_1_746' title='bbox 415 5163 620 5232; x_wconf 81' lang='grc' dir='ltr'>εὑρεῖν.</span> 
     </span>
    </p>
   </div>
   <div class='ocr_carea' id='block_1_102' title="bbox 488 5338 1979 5411">
    <p class='ocr_par' dir='ltr' id='par_1_102' title="bbox 488 5338 1979 5411">
     <span class='ocr_line' id='line_1_102' title="bbox 488 5338 1979 5411; baseline 0.003 -19"><span class='ocrx_word' id='word_1_747' title='bbox 488 5338 599 5393; x_wconf 68' lang='grc' dir='ltr'><strong>Καὶ</strong></span> <span class='ocrx_word' id='word_1_748' title='bbox 634 5341 743 5408; x_wconf 80' lang='grc' dir='ltr'><strong>μὴν</strong></span> <span class='ocrx_word' id='word_1_749' title='bbox 781 5340 860 5404; x_wconf 78' lang='grc' dir='ltr'><strong>τὸ,</strong></span> <span class='ocrx_word' id='word_1_750' title='bbox 895 5339 1128 5409; x_wconf 76' lang='grc' dir='ltr'>Μέτρον</span> <span class='ocrx_word' id='word_1_751' title='bbox 1165 5343 1450 5410; x_wconf 31' lang='grc' dir='ltr'>νᾶριστονο</span> <span class='ocrx_word' id='word_1_752' title='bbox 1480 5346 1576 5397; x_wconf 72' lang='grc' dir='ltr'><strong>καὶ</strong></span> <span class='ocrx_word' id='word_1_753' title='bbox 1629 5345 1710 5408; x_wconf 70' lang='grc' dir='ltr'>τὸ,</span> <span class='ocrx_word' id='word_1_754' title='bbox 1749 5344 1979 5411; x_wconf 81' lang='grc' dir='ltr'>’Μηδὲν</span> 
     </span>
    </p>
   </div>
   <div class='ocr_carea' id='block_1_103' title="bbox 414 5432 1979 5505">
    <p class='ocr_par' dir='ltr' id='par_1_103' title="bbox 414 5432 1979 5505">
     <span class='ocr_line' id='line_1_103' title="bbox 414 5432 1979 5505; baseline 0.001 -19"><span class='ocrx_word' id='word_1_755' title='bbox 414 5433 590 5502; x_wconf 74' lang='grc' dir='ltr'>ἄγαν,</span> <span class='ocrx_word' id='word_1_756' title='bbox 630 5433 722 5484; x_wconf 84' lang='grc' dir='ltr'><strong>καὶ</strong></span> <span class='ocrx_word' id='word_1_757' title='bbox 759 5432 912 5495; x_wconf 73' lang='grc' dir='ltr'>ὅλως,</span> <span class='ocrx_word' id='word_1_758' title='bbox 947 5435 1155 5503; x_wconf 66' lang='grc' dir='ltr'>ὅσαπερ</span> <span class='ocrx_word' id='word_1_759' title='bbox 1183 5437 1294 5498; x_wconf 87' lang='grc' dir='ltr'>τοῖς</span> <span class='ocrx_word' id='word_1_760' title='bbox 1330 5436 1499 5489; x_wconf 81' lang='grc' dir='ltr'>πάλαι</span> <span class='ocrx_word' id='word_1_761' title='bbox 1546 5439 1739 5504; x_wconf 66' lang='grc' dir='ltr'>σοφοῖς.</span> <span class='ocrx_word' id='word_1_762' title='bbox 1761 5436 1979 5505; x_wconf 79' lang='grc' dir='ltr'>εἴρηται</span> 
     </span>
    </p>
   </div>
   <div class='ocr_carea' id='block_1_104' title="bbox 372 5509 1976 5601">
    <p class='ocr_par' dir='ltr' id='par_1_104' title="bbox 372 5509 1976 5601">
     <span class='ocr_line' id='line_1_104' title="bbox 372 5509 1976 5601; baseline 0.002 -23"><span class='ocrx_word' id='word_1_763' title='bbox 372 5509 496 5588; x_wconf 59' lang='grc' dir='ltr'><strong>ἐίς</strong></span> <span class='ocrx_word' id='word_1_764' title='bbox 554 5526 653 5596; x_wconf 70' lang='grc' dir='ltr'><strong>τὴν</strong></span> <span class='ocrx_word' id='word_1_765' title='bbox 682 5526 790 5578; x_wconf 85' lang='grc' dir='ltr'><strong>τῶν</strong></span> <span class='ocrx_word' id='word_1_766' title='bbox 840 5526 988 5595; x_wconf 74' lang='grc' dir='ltr'><strong>ὴοῶν</strong></span> <span class='ocrx_word' id='word_1_767' title='bbox 1037 5529 1359 5599; x_wconf 82' lang='grc' dir='ltr'>εὐκοσμίαν,</span> <span class='ocrx_word' id='word_1_768' title='bbox 1419 5519 1612 5601; x_wconf 78' lang='grc' dir='ltr'>ὥσπερ</span> <span class='ocrx_word' id='word_1_769' title='bbox 1660 5530 1719 5594; x_wconf 76' lang='grc' dir='ltr'><strong>ἐξ</strong></span> <span class='ocrx_word' id='word_1_770' title='bbox 1779 5530 1976 5600; x_wconf 68' lang='grc' dir='ltr'>ἐράνου</span> 
     </span>
    </p>
   </div>
   <div class='ocr_carea' id='block_1_105' title="bbox 413 5619 1978 5684">
    <p class='ocr_par' dir='ltr' id='par_1_105' title="bbox 413 5619 1978 5684">
     <span class='ocr_line' id='line_1_105' title="bbox 413 5619 1978 5684; baseline 0.001 -14"><span class='ocrx_word' id='word_1_771' title='bbox 413 5619 697 5684; x_wconf 79' lang='grc' dir='ltr'>συλλέξας,</span> <span class='ocrx_word' id='word_1_772' title='bbox 732 5619 902 5671; x_wconf 82' lang='grc' dir='ltr'>ποιῶν</span> <span class='ocrx_word' id='word_1_773' title='bbox 951 5619 1320 5674; x_wconf 79' lang='grc' dir='ltr'>διατετέλεκεν</span> <span class='ocrx_word' id='word_1_774' title='bbox 1341 5639 1356 5654; x_wconf 88' lang='grc'><strong>·</strong></span> <span class='ocrx_word' id='word_1_775' title='bbox 1389 5622 1531 5674; x_wconf 85' lang='grc' dir='ltr'>ὥστε</span> <span class='ocrx_word' id='word_1_776' title='bbox 1587 5623 1814 5675; x_wconf 76' lang='grc' dir='ltr'>ἐκείνων</span> <span class='ocrx_word' id='word_1_777' title='bbox 1848 5623 1978 5674; x_wconf 74' lang='grc' dir='ltr'>ἕκα-</span> 
     </span>
    </p>
   </div>
   <div class='ocr_carea' id='block_1_106' title="bbox 413 5707 1976 5781">
    <p class='ocr_par' dir='ltr' id='par_1_106' title="bbox 413 5707 1976 5781">
     <span class='ocr_line' id='line_1_106' title="bbox 413 5707 1976 5781; baseline 0.003 -19"><span class='ocrx_word' id='word_1_778' title='bbox 413 5727 535 5773; x_wconf 87' lang='grc' dir='ltr'>στος</span> <span class='ocrx_word' id='word_1_779' title='bbox 565 5709 624 5761; x_wconf 77' lang='grc' dir='ltr'><strong>ἒν</strong></span> <span class='ocrx_word' id='word_1_780' title='bbox 656 5726 759 5764; x_wconf 90' lang='grc' dir='ltr'><strong>που</strong></span> <span class='ocrx_word' id='word_1_781' title='bbox 794 5709 999 5764; x_wconf 81' lang='grc' dir='ltr'>τούτων</span> <span class='ocrx_word' id='word_1_782' title='bbox 1039 5713 1262 5781; x_wconf 72' lang='grc' dir='ltr'>εἴρηκεν</span> <span class='ocrx_word' id='word_1_783' title='bbox 1283 5731 1297 5745; x_wconf 73' lang='grc' dir='ltr'><strong>ο</strong></span> <span class='ocrx_word' id='word_1_784' title='bbox 1325 5707 1489 5777; x_wconf 58' lang='grc' dir='ltr'>ὀὗτος</span> <span class='ocrx_word' id='word_1_785' title='bbox 1519 5715 1576 5766; x_wconf 80' lang='grc' dir='ltr'>δὲ</span> <span class='ocrx_word' id='word_1_786' title='bbox 1604 5715 1782 5768; x_wconf 84' lang='grc' dir='ltr'>πάντα</span> <span class='ocrx_word' id='word_1_787' title='bbox 1803 5713 1976 5778; x_wconf 74' lang='grc' dir='ltr'>ἔπρα-</span> 
     </span>
    </p>
   </div>
   <div class='ocr_carea' id='block_1_107' title="bbox 412 5799 1971 5872">
    <p class='ocr_par' dir='ltr' id='par_1_107' title="bbox 412 5799 1971 5872">
     <span class='ocr_line' id='line_1_107' title="bbox 412 5799 1971 5872; baseline 0 -19"><span class='ocrx_word' id='word_1_788' title='bbox 412 5803 533 5866; x_wconf 75' lang='grc' dir='ltr'>ξεν·</span> <span class='ocrx_word' id='word_1_789' title='bbox 565 5800 707 5854; x_wconf 71' lang='grc' dir='ltr'>οὕτω</span> <span class='ocrx_word' id='word_1_790' title='bbox 736 5804 842 5864; x_wconf 79' lang='grc' dir='ltr'>τοῖς</span> <span class='ocrx_word' id='word_1_791' title='bbox 875 5802 1016 5864; x_wconf 79' lang='grc' dir='ltr'>ὅλοις</span> <span class='ocrx_word' id='word_1_792' title='bbox 1053 5803 1224 5856; x_wconf 72' lang='grc' dir='ltr'>ἐνίκα.</span> <span class='ocrx_word' id='word_1_793' title='bbox 1259 5799 1364 5856; x_wconf 81' lang='grc' dir='ltr'>Ἦν</span> <span class='ocrx_word' id='word_1_794' title='bbox 1391 5805 1446 5856; x_wconf 82' lang='grc' dir='ltr'><strong>δὲ</strong></span> <span class='ocrx_word' id='word_1_795' title='bbox 1504 5804 1747 5872; x_wconf 69' lang='grc' dir='ltr'>τοσούτῳ</span> <span class='ocrx_word' id='word_1_796' title='bbox 1777 5803 1971 5867; x_wconf 81' lang='grc' dir='ltr'>δεξιὸς,</span> 
     </span>
    </p>
   </div>
   <div class='ocr_carea' id='block_1_108' title="bbox 2088 4973 3646 5043">
    <p class='ocr_par' dir='ltr' id='par_1_108' title="bbox 2088 4973 3646 5043">
     <span class='ocr_line' id='line_1_108' title="bbox 2088 4973 3646 5043; baseline 0.003 -18"><span class='ocrx_word' id='word_1_797' title='bbox 2088 4973 2493 5026; x_wconf 86' lang='lat' dir='ltr'><strong>molestissimis</strong></span> <span class='ocrx_word' id='word_1_798' title='bbox 2559 4973 2920 5042; x_wconf 84' lang='lat' dir='ltr'><strong>temporibus,</strong></span> <span class='ocrx_word' id='word_1_799' title='bbox 2987 4974 3346 5043; x_wconf 86' lang='lat' dir='ltr'><strong>tristibusque</strong></span> <span class='ocrx_word' id='word_1_800' title='bbox 3372 4977 3646 5030; x_wconf 86' lang='lat' dir='ltr'><strong>nonnullis</strong></span> 
     </span>
    </p>
   </div>
   <div class='ocr_carea' id='block_1_109' title="bbox 2084 5064 3644 5132">
    <p class='ocr_par' dir='ltr' id='par_1_109' title="bbox 2084 5064 3644 5132">
     <span class='ocr_line' id='line_1_109' title="bbox 2084 5064 3644 5132; baseline -0.001 -13"><span class='ocrx_word' id='word_1_801' title='bbox 2084 5067 2249 5119; x_wconf 88' lang='lat' dir='ltr'><strong>rebus</strong></span> <span class='ocrx_word' id='word_1_802' title='bbox 2274 5067 2485 5121; x_wconf 86' lang='lat' dir='ltr'><strong>otiosus</strong></span> <span class='ocrx_word' id='word_1_803' title='bbox 2516 5077 2632 5119; x_wconf 88' lang='lat' dir='ltr'><strong>erat</strong></span> <span class='ocrx_word' id='word_1_804' title='bbox 2670 5083 2684 5130; x_wconf 86' lang='lat'><strong>;</strong></span> <span class='ocrx_word' id='word_1_805' title='bbox 2717 5080 2784 5118; x_wconf 88' lang='lat' dir='ltr'><strong>ne</strong></span> <span class='ocrx_word' id='word_1_806' title='bbox 2815 5064 2972 5118; x_wconf 80' lang='lat' dir='ltr'><strong>Valde</strong></span> <span class='ocrx_word' id='word_1_807' title='bbox 2996 5065 3215 5132; x_wconf 90' lang='lat' dir='ltr'><strong>quidem</strong></span> <span class='ocrx_word' id='word_1_808' title='bbox 3249 5066 3442 5122; x_wconf 82' lang='lat' dir='ltr'><strong>allecta</strong></span> <span class='ocrx_word' id='word_1_809' title='bbox 3495 5069 3644 5120; x_wconf 87' lang='lat' dir='ltr'><strong>sani-</strong></span> 
     </span>
    </p>
   </div>
   <div class='ocr_carea' id='block_1_110' title="bbox 2085 5155 3644 5226">
    <p class='ocr_par' dir='ltr' id='par_1_110' title="bbox 2085 5155 3644 5226">
     <span class='ocr_line' id='line_1_110' title="bbox 2085 5155 3644 5226; baseline 0 -16"><span class='ocrx_word' id='word_1_810' title='bbox 2085 5165 2216 5219; x_wconf 91' lang='lat' dir='ltr'><strong>tate,</strong></span> <span class='ocrx_word' id='word_1_811' title='bbox 2246 5173 2311 5210; x_wconf 93' lang='lat' dir='ltr'><strong>ne</strong></span> <span class='ocrx_word' id='word_1_812' title='bbox 2345 5157 2475 5224; x_wconf 86' lang='lat' dir='ltr'><strong>quid</strong></span> <span class='ocrx_word' id='word_1_813' title='bbox 2519 5155 2784 5225; x_wconf 80' lang='lat' dir='ltr'><strong>temporis</strong></span> <span class='ocrx_word' id='word_1_814' title='bbox 2809 5169 3043 5208; x_wconf 82' lang='lat' dir='ltr'><strong>vacuum</strong></span> <span class='ocrx_word' id='word_1_815' title='bbox 3104 5157 3465 5226; x_wconf 81' lang='lat' dir='ltr'><strong>pereﬂlneret,</strong></span> <span class='ocrx_word' id='word_1_816' title='bbox 3498 5157 3644 5226; x_wconf 84' lang='lat' dir='ltr'><strong>quod</strong></span> 
     </span>
    </p>
   </div>
   <div class='ocr_carea' id='block_1_111' title="bbox 2085 5247 3645 5318">
    <p class='ocr_par' dir='ltr' id='par_1_111' title="bbox 2085 5247 3645 5318">
     <span class='ocr_line' id='line_1_111' title="bbox 2085 5247 3645 5318; baseline 0 -17"><span class='ocrx_word' id='word_1_817' title='bbox 2085 5257 2142 5302; x_wconf 88' lang='lat' dir='ltr'><strong>ut</strong></span> <span class='ocrx_word' id='word_1_818' title='bbox 2161 5248 2442 5318; x_wconf 73' lang='lat' dir='ltr'><strong>praeteriit,</strong></span> <span class='ocrx_word' id='word_1_819' title='bbox 2465 5247 2606 5300; x_wconf 83' lang='lat' dir='ltr'><strong>nulla</strong></span> <span class='ocrx_word' id='word_1_820' title='bbox 2629 5258 2751 5316; x_wconf 89' lang='lat' dir='ltr'><strong>post</strong></span> <span class='ocrx_word' id='word_1_821' title='bbox 2770 5247 2872 5300; x_wconf 90' lang='lat' dir='ltr'><strong>hac</strong></span> <span class='ocrx_word' id='word_1_822' title='bbox 2891 5247 3167 5317; x_wconf 78' lang='lat' dir='ltr'><strong>diligentia</strong></span> <span class='ocrx_word' id='word_1_823' title='bbox 3189 5249 3429 5304; x_wconf 87' lang='lat' dir='ltr'><strong>revocari</strong></span> <span class='ocrx_word' id='word_1_824' title='bbox 3447 5258 3645 5318; x_wconf 85' lang='lat' dir='ltr'><strong>potest.</strong></span> 
     </span>
    </p>
   </div>
   <div class='ocr_carea' id='block_1_112' title="bbox 2155 5338 3648 5408">
    <p class='ocr_par' dir='ltr' id='par_1_112' title="bbox 2155 5338 3648 5408">
     <span class='ocr_line' id='line_1_112' title="bbox 2155 5338 3648 5408; baseline -0.002 -14"><span class='ocrx_word' id='word_1_825' title='bbox 2155 5341 2422 5394; x_wconf 68' lang='lat' dir='ltr'><strong>Cmterum</strong></span> <span class='ocrx_word' id='word_1_826' title='bbox 2488 5340 2624 5394; x_wconf 85' lang='lat' dir='ltr'><strong>illud</strong></span> <span class='ocrx_word' id='word_1_827' title='bbox 2665 5338 2925 5408; x_wconf 85' lang='lat' dir='ltr'><strong>:Optima</strong></span> <span class='ocrx_word' id='word_1_828' title='bbox 2982 5343 3371 5396; x_wconf 79' lang='lat' dir='ltr'><strong>mediocritas:</strong></span> <span class='ocrx_word' id='word_1_829' title='bbox 3419 5355 3501 5406; x_wconf 88' lang='lat' dir='ltr'><strong>ac,</strong></span> <span class='ocrx_word' id='word_1_830' title='bbox 3562 5338 3648 5392; x_wconf 81' lang='lat' dir='ltr'><strong>Ne</strong></span> 
     </span>
    </p>
   </div>
   <div class='ocr_carea' id='block_1_113' title="bbox 2083 5428 3641 5505">
    <p class='ocr_par' dir='ltr' id='par_1_113' title="bbox 2083 5428 3641 5505">
     <span class='ocr_line' id='line_1_113' title="bbox 2083 5428 3641 5505; baseline -0.003 -19"><span class='ocrx_word' id='word_1_831' title='bbox 2083 5435 2208 5505; x_wconf 82' lang='lat' dir='ltr'><strong>quid</strong></span> <span class='ocrx_word' id='word_1_832' title='bbox 2227 5436 2404 5498; x_wconf 81' lang='lat' dir='ltr'><strong>nimis,</strong></span> <span class='ocrx_word' id='word_1_833' title='bbox 2423 5434 2780 5501; x_wconf 88' lang='lat' dir='ltr'><strong>omninoque,</strong></span> <span class='ocrx_word' id='word_1_834' title='bbox 2805 5431 3008 5499; x_wconf 89' lang='lat' dir='ltr'><strong>utquid</strong></span> <span class='ocrx_word' id='word_1_835' title='bbox 3030 5435 3269 5501; x_wconf 90' lang='lat' dir='ltr'><strong>antiquis</strong></span> <span class='ocrx_word' id='word_1_836' title='bbox 3285 5428 3641 5496; x_wconf 83' lang='lat' dir='ltr'><strong>sapientibus,</strong></span> 
     </span>
    </p>
   </div>
   <div class='ocr_carea' id='block_1_114' title="bbox 2084 5506 3646 5606">
    <p class='ocr_par' dir='ltr' id='par_1_114' title="bbox 2084 5506 3646 5606">
     <span class='ocr_line' id='line_1_114' title="bbox 2084 5506 3646 5606; baseline -0.01 -23"><span class='ocrx_word' id='word_1_837' title='bbox 2084 5526 2477 5595; x_wconf 80' lang='lat' dir='ltr'><strong>Componendis</strong></span> <span class='ocrx_word' id='word_1_838' title='bbox 2502 5526 2788 5578; x_wconf 86' lang='lat' dir='ltr'><strong>honestate</strong></span> <span class='ocrx_word' id='word_1_839' title='bbox 2809 5506 3302 5587; x_wconf 52' lang='lat' dir='ltr'><strong>moribusﬂlictnm</strong></span> <span class='ocrx_word' id='word_1_840' title='bbox 3333 5521 3440 5582; x_wconf 86' lang='lat' dir='ltr'><strong>sit;</strong></span> <span class='ocrx_word' id='word_1_841' title='bbox 3476 5519 3526 5571; x_wconf 92' lang='lat' dir='ltr'><strong>id</strong></span> <span class='ocrx_word' id='word_1_842' title='bbox 3552 5519 3646 5606; x_wconf 73' lang='lat' dir='ltr'><strong>ille</strong></span> 
     </span>
    </p>
   </div>
   <div class='ocr_carea' id='block_1_115' title="bbox 2087 5612 3641 5689">
    <p class='ocr_par' dir='ltr' id='par_1_115' title="bbox 2087 5612 3641 5689">
     <span class='ocr_line' id='line_1_115' title="bbox 2087 5612 3641 5689; baseline -0.005 -17"><span class='ocrx_word' id='word_1_843' title='bbox 2087 5629 2345 5687; x_wconf 83' lang='lat' dir='ltr'><strong>tanquam</strong></span> <span class='ocrx_word' id='word_1_844' title='bbox 2375 5633 2440 5671; x_wconf 80' lang='lat' dir='ltr'><strong>ex</strong></span> <span class='ocrx_word' id='word_1_845' title='bbox 2463 5617 2712 5689; x_wconf 85' lang='lat' dir='ltr'><strong>symbolo</strong></span> <span class='ocrx_word' id='word_1_846' title='bbox 2733 5616 3016 5679; x_wconf 71' lang='lat' dir='ltr'><strong>colligens,</strong></span> <span class='ocrx_word' id='word_1_847' title='bbox 3043 5623 3212 5667; x_wconf 89' lang='lat' dir='ltr'><strong>totum</strong></span> <span class='ocrx_word' id='word_1_848' title='bbox 3237 5630 3293 5666; x_wconf 89' lang='lat' dir='ltr'><strong>re</strong></span> <span class='ocrx_word' id='word_1_849' title='bbox 3316 5612 3641 5680; x_wconf 76' lang='lat' dir='ltr'><strong>praestabat:</strong></span> 
     </span>
    </p>
   </div>
   <div class='ocr_carea' id='block_1_116' title="bbox 2085 5703 3646 5780">
    <p class='ocr_par' dir='ltr' id='par_1_116' title="bbox 2085 5703 3646 5780">
     <span class='ocr_line' id='line_1_116' title="bbox 2085 5703 3646 5780; baseline -0.006 -15"><span class='ocrx_word' id='word_1_850' title='bbox 2085 5720 2245 5780; x_wconf 88' lang='lat' dir='ltr'><strong>atque</strong></span> <span class='ocrx_word' id='word_1_851' title='bbox 2271 5712 2406 5764; x_wconf 90' lang='lat' dir='ltr'><strong>adeo</strong></span> <span class='ocrx_word' id='word_1_852' title='bbox 2435 5723 2556 5763; x_wconf 91' lang='lat' dir='ltr'><strong>cum</strong></span> <span class='ocrx_word' id='word_1_853' title='bbox 2615 5707 2846 5778; x_wconf 90' lang='lat' dir='ltr'><strong>quisque</strong></span> <span class='ocrx_word' id='word_1_854' title='bbox 2898 5722 3062 5760; x_wconf 91' lang='lat' dir='ltr'><strong>unum</strong></span> <span class='ocrx_word' id='word_1_855' title='bbox 3124 5703 3252 5772; x_wconf 89' lang='lat' dir='ltr'><strong>quid</strong></span> <span class='ocrx_word' id='word_1_856' title='bbox 3307 5715 3518 5763; x_wconf 90' lang='lat' dir='ltr'><strong>eorum,</strong></span> <span class='ocrx_word' id='word_1_857' title='bbox 3583 5717 3646 5758; x_wconf 88' lang='lat' dir='ltr'><strong>ac</strong></span> 
     </span>
    </p>
   </div>
   <div class='ocr_carea' id='block_1_117' title="bbox 2084 5795 3644 5873">
    <p class='ocr_par' dir='ltr' id='par_1_117' title="bbox 2084 5795 3644 5873">
     <span class='ocr_line' id='line_1_117' title="bbox 2084 5795 3644 5873; baseline -0.009 -15"><span class='ocrx_word' id='word_1_858' title='bbox 2084 5806 2359 5873; x_wconf 87' lang='lat' dir='ltr'><strong>singulare</strong></span> <span class='ocrx_word' id='word_1_859' title='bbox 2391 5801 2668 5870; x_wconf 87' lang='lat' dir='ltr'><strong>quidpiam</strong></span> <span class='ocrx_word' id='word_1_860' title='bbox 2720 5799 2913 5854; x_wconf 69' lang='lat' dir='ltr'><strong>effatus</strong></span> <span class='ocrx_word' id='word_1_861' title='bbox 2956 5797 3048 5857; x_wconf 86' lang='lat' dir='ltr'><strong>sit,</strong></span> <span class='ocrx_word' id='word_1_862' title='bbox 3102 5795 3216 5861; x_wconf 85' lang='lat' dir='ltr'><strong>ipse</strong></span> <span class='ocrx_word' id='word_1_863' title='bbox 3267 5806 3410 5845; x_wconf 90' lang='lat' dir='ltr'><strong>unus</strong></span> <span class='ocrx_word' id='word_1_864' title='bbox 3460 5796 3644 5848; x_wconf 79' lang='lat' dir='ltr'><strong>omnia</strong></span> 
     </span>
    </p>
   </div>
  </div>
