4166 6270
557 327 656 390 193

1750 325 1798 381 M
1813 327 1852 379 Λ
1923 324 1960 382 U
1977 322 2095 380 ΕΜ
2108 323 2144 376 S
2191 322 2275 379 PA
2288 317 2633 378 LAEOLOGI

3688 320 3787 384 196

554 437 664 504 egit
701 453 715 488 :
771 435 846 488 sic
881 433 1128 487 vinciebat
1166 431 1457 486 universis.
1523 431 1599 484 ita
1639 447 1766 485 vero
1797 441 1954 499 aptus
1982 441 2115 490 erat,

2222 429 2314 480 καὶ
2357 427 2501 480 οὕτω
2539 430 2660 487 ταῖς
2713 426 2966 478 ἁπάντων
2994 425 3312 494 συμϐαίνων
3348 429 3617 496 γνώμαις,
3647 435 3787 498 μετὰ

555 529 742 593 sicque
781 528 1154 579 universorum
1190 523 1385 576 animis
1413 524 1767 593 congruebat,
1789 531 2096 591 opportune

557 633 721 689 agens
743 617 950 677 omnia,
991 632 1052 668 ac
1087 631 1276 668 omnes
1309 617 1519 668 sincere
1554 616 1758 675 colens,
1803 630 2112 683 quanquam

561 711 721 763 nullis
755 711 911 762 noxie
937 708 1260 775 indulgeret,
1302 715 1359 758 ut
1396 709 1494 773 ipsi
1535 722 1642 759 non
1690 722 1817 758 raro
1875 715 2113 767 actores,

561 800 805 853 henelicii
831 814 888 850 se
929 815 1051 851 reos
1095 809 1473 864 agnoscerent,
1511 812 1572 850 ac
1629 807 1848 864 agerent
1889 799 2113 864 gratias,

559 907 681 945 cum
754 896 916 947 etiam
950 905 1115 943 causa
1139 889 1486 951 cecidissent,
1531 903 1594 941 ac
1635 897 1816 941 essent
1869 880 2114 940 frustrati

562 987 669 1039 [ine
703 1001 865 1053 supra
920 998 1079 1051 quam
1113 980 1226 1039 alii.
1278 995 1400 1032 eum
1437 979 1546 1032 voti
1585 987 1864 1044 compotes
1939 977 2117 1029 adet-ti

563 1088 747 1145 Optata
787 1091 1063 1144 accepere.
1104 1073 1311 1126 Accidit
1341 1072 1513 1134 enim,
1551 1081 1600 1122 ut
1630 1070 1939 1123 nihiletiam
1960 1068 2114 1128 dans,

558 1170 811 1231 delectes,
851 1176 1014 1230 utque
1042 1166 1281 1217 vicissim
1325 1163 1502 1216 dando
1542 1162 1856 1230 displicens.
1890 1159 2120 1235 Univer-

558 1262 659 1317 sis!
682 1276 739 1312 se
774 1260 1282 1312 communissimum
1348 1254 1712 1323 permittebat,
1778 1269 1840 1306 ac
1888 1253 2120 1328 mai-time

556 1361 741 1421 gratus
767 1349 1243 1418 congressionibus
1275 1359 1425 1401 erat:
1465 1334 1562 1398 néc
1590 1346 1883 1412 quidquam
1914 1354 2113 1403 tamen,

559 1457 768 1495 morum
802 1441 890 1493 illa
927 1439 1277 1506 ingenuitate,
1330 1439 1489 1490 rebus
1525 1436 1813 1488 ofﬁciebat.
1870 1435 1997 1486 Erat
2046 1433 2122 1485 si-

557 1534 775 1603 quidem
828 1534 1020 1600 plenus
1079 1529 1505 1583 architectonica
1551 1528 1804 1586 scientia,
1871 1538 1982 1578 tum
2052 1525 2116 1576 ad

561 1623 809 1692 politicos
854 1634 1054 1680 mores,
1087 1628 1197 1671 tum
1240 1617 1302 1670 ad
1346 1616 1562 1683 negotia
1622 1615 1858 1682 publica,
1906 1613 2118 1679 sibique

558 1713 687 1766 satis
725 1711 842 1779 ipse
873 1718 1008 1770 erat,
1026 1721 1082 1760 ut
1109 1718 1161 1760 et
1187 1708 1411 1775 singulis
1431 1715 1803 1758 consuesceret
1827 1720 1923 1771 pro
1942 1703 2123 1769 cujus-

2218 520 2309 571 τοῦ
2342 519 2536 585 καιροῦ
2564 518 2629 569 τὰ
2665 519 2852 570 δέοντα
2903 519 3094 582 ποιῶν,
3157 522 3249 570 καὶ
3283 520 3522 588 γνησίως
3574 523 3786 584 πάντας

2223 611 2636 679 μετερχόμενος,
2667 611 2728 660 ού
2762 611 2867 679 μήν
2901 628 3007 661 τισι
3067 612 3202 680 προς
3245 610 3450 678 βλάϐην
3486 613 3786 680 χαριζόμε-

2221 720 2330 763 νος,
2372 703 2446 763 ὡς
2469 702 2561 753 καὶ
2614 701 2872 765 πολλάκις
2919 703 3080 771 χάριν
3128 700 3532 768 ὁμολογοῦντας
3577 703 3783 756 εἰδέναι

2221 795 2344 854 τοὺς
2371 793 2808 859 ἐπαγγέλλοντας
2840 793 3007 861 ἔχειν,
3041 792 3248 846 εἴποτε
3278 794 3369 845 καὶ
3425 793 3520 845 τοῦ
3575 794 3781 848 σκοποῦ

2221 885 2615 953 διημάρτανον,
2647 887 2791 952 ἥπερ
2823 883 2972 936 ἄλλοι
3001 884 3126 946 τοὺς
3171 883 3432 948 λαϐόντας
3470 879 3543 938 ὧν
3585 885 3783 938 ἐπεθύ-

2227 992 2383 1042 μουν.
2418 976 2577 1026 Ἔστι
2613 975 2718 1044 γὰρ
2760 977 2855 1026 καὶ
2903 974 3064 1027 δόντα
3106 974 3273 1043 μηδὲν
3337 976 3626 1042 εὐφρᾶναι,
3687 978 3782 1029 καὶ

2222 1067 2532 1118 τούναντίον
2563 1066 2716 1125 αὖθις
2761 1068 2959 1134 εὑρεῖν.
3005 1064 3113 1118 Ἦν
3151 1067 3250 1135 μέν
3301 1069 3608 1128 κοινότατος
3641 1069 3783 1120 ᾶπα-

2225 1175 2306 1208 σιν
2333 1175 2344 1188 ·
2387 1153 2454 1224 ἦν
2482 1157 2538 1208 δέ
2571 1158 2691 1218 ταῖς
2731 1157 3041 1218 συνουσίαις
3075 1158 3456 1225 χαριέστατος,
3492 1158 3581 1208 καὶ
3607 1158 3693 1208 διὰ
3720 1159 3781 1208 τὸ

2223 1247 2315 1297 τοῦ
2350 1247 2515 1316 ἤθους
2555 1248 2838 1314 ἐλεύθερον
2881 1247 2986 1299 οὐδ’
3015 1247 3318 1300 ὁπωστιοῦν
3353 1249 3638 1316 πράγμασι
3690 1248 3782 1300 λυ-

2226 1341 2571 1407 μαινόμενος,
2615 1340 2861 1408 Ὑπῆρχε
2893 1340 3002 1406 γάρ
3039 1340 3414 1408 πληρέστατο;
3460 1342 3783 1408 ἀρχιτεκτο-

2223 1426 2378 1493 νικῆς
2431 1428 2742 1494 ἐπιστήμης
2768 1428 2846 1488 εἷς
2878 1445 2934 1479 τε
2964 1427 3028 1478 τὰ
3059 1428 3322 1485 πολιτικά.
3345 1428 3450 1497 ἢθη
3482 1429 3560 1490 sf;
3615 1445 3672 1480 τε
3711 1430 3780 1480 τά

2223 1515 2376 1567 κοινὰ
2401 1517 2704 1586 πράγματα
2729 1534 2742 1547 ·
2775 1518 2871 1570 καὶ
2891 1519 3113 1589 ἐξήρκει
3166 1535 3228 1585 γε
3263 1521 3500 1572 συνεῖναι
3531 1519 3625 1570 καὶ
3677 1537 3780 1587 χωλ

2226 1609 2308 1675 ρὶς
2339 1609 2589 1668 ἐκάσῖοις
2624 1609 2758 1677 πρὸς
2784 1610 3012 1677 τρόπου,
3043 1611 3138 1660 καὶ
3189 1606 3348 1670 αὖθις
3401 1613 3569 1662 πᾶσιν
3622 1609 3779 1677 ὁμοῦ.

2228 1699 2384 1767 "Il-Set
2424 1714 2482 1750 τε
2514 1699 2690 1749 δοκεῖν
2713 1698 3037 1767 διαχεῖσθαι,
3069 1702 3160 1751 καὶ
3190 1700 3278 1752 ἀεὶ
3327 1701 3394 1752 τὰ
3446 1699 3810 1768 καιριώτερα-

557 1820 661 1872 que
698 1803 941 1856 moribus
966 1815 1133 1866 utqtle
1163 1800 1436 1865 integrum
1463 1811 1520 1848 se
1553 1795 1824 1847 universis
1855 1800 2114 1845 servaret.

2228 1788 2502 1857 προῦργου
2533 1789 2813 1841 τίθεσθαι·
2863 1790 2957 1842 καὶ
2993 1791 3425 1854 κατασκευάζειν
3459 1792 3627 1843 ἐνίοτε
3685 1809 3780 1857 με-

556 1891 788 1945 Noverat
855 1901 912 1942 ut
968 1901 1022 1941 et.
1073 1888 1345 1939 videretur
1399 1886 1620 1937 hilarior
1655 1883 1912 1944 dilqudi,
1953 1891 2118 1947 utque

560 1981 916 2036 nihilominus
973 1993 1190 2046 semper
1231 1976 1607 2044 principaliora
1659 1988 1818 2042 opera
1878 1972 2110 2038 pretium

562 2081 837 2143 poneret;
876 2079 1039 2138 atque
1069 2077 1125 2121 ut
1183 2081 1580 2135 nonnunquam
1623 2081 1710 2119 res
1771 2078 1998 2130 magnas
2057 2076 2118 2113 ac

555 2168 900 2220 admirandas
929 2163 1037 2214 ludi
1081 2176 1186 2213 non
1227 2157 1499 2211 inhonesti
1539 2156 1717 2222 specie
1739 2163 1962 2221 gereret.

625 2257 760 2311 Cum
799 2256 880 2308 sic
911 2268 1038 2320 ergo
1066 2261 1224 2303 natus
1263 2261 1428 2309 esset,
1460 2248 1647 2313 sicque
1683 2246 1977 2296 voluntatis
2025 2243 2117 2294 ha-

559 2348 730 2412 beret,
766 2361 827 2399 ac
853 2346 925 2398 ita
958 2341 1482 2403 fuissetinstitutus,
1506 2339 1756 2406 bonaque
1777 2337 1911 2389 adeo
1938 2336 2118 2387 indole

556 2456 617 2493 ac
647 2438 863 2507 ingenio
895 2436 1038 2490 facili
1059 2433 1315 2502 praeditus
1339 2441 1516 2495 esset;
1539 2431 1591 2483 in
1623 2439 1872 2498 parentes
1901 2428 2114 2495 quidem

555 2529 722 2596 probe
756 2527 1019 2596 implevit,
1073 2537 1129 2578 ut
1159 2523 1286 2590 quid
1339 2532 1593 2590 parentes
1635 2527 1885 2572 natorum
1921 2517 2116 2584 pietate

559 2617 860 2687 praestanda
913 2625 1101 2684 optare
1157 2613 1368 2682 possint
1405 2630 1417 2666 :
1452 2625 1667 2665 summo
1715 2608 1906 2661 amicis
1941 2605 2114 2659 amori

558 2711 700 2773 fuit;
742 2706 1013 2762 universis
1047 2704 1257 2758 exstitit
1283 2713 1493 2772 portus,
1520 2702 1806 2768 omnisque
1835 2701 1914 2752 eis
1949 2712 2114 2765 gene-

557 2801 633 2853 ris
687 2801 825 2852 bona
864 2798 1198 2851 conciliavit.
1250 2798 1535 2849 Praeclara:
1583 2795 1719 2846 adeo
1779 2807 1888 2851 res,
1932 2791 2116 2842 hostes

557 2903 773 2957 quoque
812 2887 1229 2950 infensissimos,
1270 2886 1334 2936 ad
1373 2883 1522 2951 pacis
1555 2882 1843 2934 ambicnda
1885 2877 2112 2938 foedera,

557 2980 812 3045 omnique
843 2977 1000 3030 modo
1043 2975 1401 3044 exquirenda,
1439 2973 1817 3039 impulerunt,
1853 2981 2011 3037 atque
2059 2978 2117 3022 ut

559 3068 723 3122 semel
801 3066 953 3128 inita,
1010 3073 1127 3117 rata
1189 3077 1404 3115 manere
1470 3061 1691 3112 omnino
1761 3057 2114 3111 eniterentur.

2222 1880 2364 1944 γάλα
2403 1897 2460 1930 τε
2492 1880 2587 1932 καὶ
2609 1879 2899 1949 θαυμαστὰ
2922 1882 3228 1950 πράγματα
3261 1882 3400 1952 μετὰ
3427 1882 3647 1944 παιδιᾶς
3678 1884 3780 1934 οὐκ

2221 1971 2482 2040 άσέμνου.

2291 2239 2445 2290 Οὕτω
2476 2242 2653 2291 τοίνυν
2681 2237 2900 2306 φύσεως
2931 2237 3070 2308 ἔχων
3103 2243 3195 2292 καὶ
3229 2243 3622 2311 προαιρέσεως,
3652 2260 3785 2294 παι-

2222 2329 2464 2391 δεύσεώς
2501 2347 2557 2381 τε
2590 2332 2685 2382 καὶ
2725 2331 3053 2399 δεξιότητος,
3086 2333 3299 2401 ὑπῆρχε
3334 2332 3433 2401 μέν
3454 2336 3566 2396 τοῖς
3612 2335 3780 2386 αὑτοῦ

2221 2424 2460 2492 πατράσι
2493 2421 2672 2485 καλῶς
2697 2421 2943 2492 πληρῶν,
2973 2422 3008 2475 ἃ.
3040 2423 3102 2492 δὴ
3150 2425 3386 2493 πατέρες
3427 2419 3662 2490 εὖξαιντ’
3714 2425 3782 2478 ἂν

2221 2514 2372 2584 παρὰ
2396 2513 2505 2566 τῶν
2539 2515 2671 2565 υἱῶν
2704 2513 2899 2584 ἴσχειν,
2937 2515 3151 2584 ὑπῆρχε
3180 2515 3236 2567 δὲ
3277 2518 3388 2576 τοῖς
3417 2515 3590 2584 φίλοις
3640 2518 3772 2585 ἐρα-

2222 2603 2524 2671 σμιώτατος
2547 2620 2560 2634 ο
2593 2599 2660 2672 ἦν
2695 2604 2751 2656 δὲ
2777 2606 2887 2665 τοῖς
2912 2605 3048 2656 πᾶσι
3099 2604 3282 2674 λιμὴν,
3307 2607 3398 2657 καὶ
3427 2606 3782 2658 παντοδαπῶν

2219 2695 2442 2762 ἀγαθῶν
2485 2696 2771 2764 πρύτανις.
2799 2694 2986 2748 Ταῦτα
3016 2697 3108 2749 καὶ
3143 2697 3613 2764 δυσμενεστάτους
3658 2699 3781 2750 ἀνέ-

2221 2788 2378 2839 πειθε
2414 2788 2656 2840 σπονδῶν
2688 2790 2786 2857 μὲν
2827 2789 2965 2856 ἄγαν
2992 2789 3305 2859 ἐπιθυμεῖν,
3358 2790 3531 2842 πάντα
3558 2790 3614 2842 δέ
3653 2790 3779 2859 τρό-

2222 2893 2321 2928 πον
2358 2876 2564 2943 ζητεῖν,
2606 2876 2753 2937 ὃπως
2819 2877 2999 2928 αὐτῶν
3047 2877 3302 2946 τύχοιεν·
3366 2879 3460 2930 καὶ
3497 2880 3778 2947 τυχόντας,

2221 2967 2436 3020 ἅπαντα
2484 2967 2770 3033 πράττειν,
2835 2967 2963 3018 ὥστ’
3009 2970 3292 3035 ἐπιμεῖναι
3355 2969 3431 3036 τῷ
3473 2972 3778 3040 πράγματι.

2221 3057 2402 3110 Αἴτιον
2437 3059 2546 3126 δέή
2599 3059 2766 3127 ἀρετὴ
2819 3058 2972 3110 τοῦδε
3014 3059 3261 3126 τάνδρὸς,
3295 3060 3364 3112 δι’
3402 3060 3462 3112 ὃν
3485 3061 3778 3130 ὠρρώδουν

558 3159 610 3213 ld
643 3172 804 3227 porro
841 3157 1031 3224 agebat
1085 3154 1183 3206 viri
1227 3154 1434 3214 virtus,
1479 3151 1636 3218 cujus
1687 3149 1763 3201 illi
1827 3146 2115 3199 formidine

2223 3147 2316 3209 οὓς
2342 3165 2406 3216 γε
2437 3148 2664 3215 ἐφόϐουν
2691 3126 2851 3201 οίδιὰ
2879 3149 2976 3218 τὴν
2996 3149 3168 3217 τύχην
3192 3126 3776 3220 ἐπαιρόμενοιίΜετα·

556 3267 652 3306 eos
670 3249 1010 3318 postmodum
1045 3245 1362 3306 horrebant,
1379 3243 1576 3312 quibus
1595 3241 1810 3294 fortuna
1827 3238 2108 3301 efferente,

557 3353 814 3395 terrorem
840 3339 1045 3407 pridem
1073 3337 1394 3405 injecerant.
1423 3333 1540 3386 Jam
1571 3333 1712 3386 enim
1745 3334 1884 3384 facta
1927 3345 2108 3382 rerum

559 3431 862 3484 mutatione
897 3429 1134 3496 ;quippe
1168 3426 1220 3478 in
1273 3426 1608 3478 contrarium
1674 3423 1894 3474 cumino
1944 3435 2114 3474 versa:

556 3531 728 3584 erant,
767 3535 828 3573 ac
848 3528 1050 3574 nostrae
1074 3517 1288 3584 quidem
1353 3514 1635 3578 florebant,
1679 3513 1894 3565 illorum
1935 3520 2111 3562 autem

556 3611 906 3670 diﬂuxerant
943 3627 957 3662 :
991 3609 1179 3675 utique
1207 3621 1432 3660 necesse
1461 3613 1598 3666 erat,
1659 3613 1715 3654 ut
1745 3613 1797 3656 et
1835 3603 1871 3653 ii
1905 3602 1969 3654 de
1997 3616 2117 3655 sen-

557 3702 722 3755 tentia
769 3701 1116 3762 decedentes,
1169 3698 1400 3764 tempori
1452 3694 1798 3748 inservirent.
1830 3691 1904 3746 Ea
1932 3693 2116 3761 itaque

557 3794 612 3847 in
645 3809 768 3846 eum
802 3793 1155 3860 praestabant,
1197 3805 1318 3856 quae
1354 3789 1484 3840 olim
1532 3787 1846 3840 decessores
1897 3784 1948 3836 in
2000 3785 2115 3853 ipso

556 3883 703 3935 soliti
737 3892 896 3933 erant
929 3897 944 3946 ;
980 3895 1208 3948 eamque
1238 3879 1376 3932 diem
1410 3880 1561 3932 festa:
1589 3877 1727 3931 lucis
1778 3878 1901 3931 loco
1954 3877 2112 3929 habeo

557 3972 704 4032 baut,
734 3987 834 4037 qua
877 3986 969 4036 per
1001 3973 1246 4022 mmtium
1285 3970 1487 4037 aliquid
1545 3971 1612 4022 ab
1647 3985 1711 4022 eo
1762 3969 2112 4036 epistularum

561 4062 926 4130 accepissent.
992 4061 1149 4125 Quod
1184 4062 1228 4114 si
1284 4062 1444 4115 etiam
1496 4061 1700 4129 aliquid
1766 4061 2116 4127 pollicebatur

559 4149 636 4217 (id
667 4165 799 4203 sane
837 4149 904 4202 ab
932 4149 1251 4218 impensiori
1289 4150 1618 4218 praestantia,
1648 4158 1704 4200 ut
1754 4148 1926 4216 magis
1975 4163 2113 4213 pra:-

556 4240 735 4308 eipere
765 4256 927 4309 quam
963 4241 1202 4308 polliceri
1257 4238 1586 4305 videretur),
1622 4237 1950 4290 occinebant
1977 4250 2110 4302 gau-

555 4334 644 4384 dio
670 4332 1163 4400 accepta_epistola,
1193 4345 1302 4382 rem
1323 4339 1527 4397 gestam
1558 4329 1705 4395 pacis
1731 4338 2109 4396 argumentum

558 4422 844 4482 habentes,
882 4436 1040 4488 quam
1071 4419 1291 4488 quidem
1313 4420 1450 4471 haud
1480 4427 1698 4487 propter
1724 4417 2110 4486 sediligebant.

555 4514 750 4568 sedne
804 4513 982 4580 perire
1049 4513 1392 4576 contingeret
1444 4525 1538 4578 per
1583 4509 1699 4574 ejus
1759 4509 2110 4561 absentiam:

555 4604 698 4667 quod
730 4604 935 4674 pridem
977 4617 1136 4656 secus
1157 4600 1565 4655 existimabant.
1615 4599 1704 4652 Sic
1730 4600 1924 4662 virtus,
1945 4613 2112 4667 quam

556 4698 773 4750 fortuna
810 4705 1051 4764 praestat,
1087 4708 1182 4761 per
1220 4705 1381 4760 quam
1415 4691 1668 4760 superbia
1696 4691 1956 4752 hostium,
1989 4705 2110 4743 cum

555 4804 649 4840 eos
687 4799 867 4855 postea
897 4802 1021 4855 spes
1049 4772 1348 4849 fefellisSet,
1384 4784 1658 4852 plurimun
1687 4783 1811 4836 fecit
1837 4783 2028 4837 risum.

626 4876 749 4930 llaec
808 4879 1069 4931 hactenus
1134 4877 1281 4930 velut
1333 4891 1546 4928 summa
1600 4873 1859 4936 diximus,
1916 4874 2114 4942 quibus

556 4968 770 5020 abunde
803 4969 1126 5021 declaratum
1182 4977 1313 5036 puto
1348 4966 1446 5020 viri
1496 4965 1755 5029 indolem,
1813 4975 1874 5018 ut
1930 4966 2114 5019 multis

557 5059 810 5112 laudibus
841 5068 983 5111 essu
1033 5061 1190 5126 digna
1228 5075 1240 5111 :
1278 5059 1361 5112 sin
1393 5067 1572 5112 autem
1633 5057 1843 5125 singula
1893 5072 2111 5123 quoque

555 5149 808 5220 prosequi
842 5150 1302 5216 Oporteat,dicam
1334 5147 1678 5217 compendio,
1723 5155 1927 5215 quanta
1989 5145 2102 5198 fue-

555 5238 901 5293 ritfaeultas.
949 5233 1021 5290 Ut
1051 5236 1195 5288 enim
1230 5237 1399 5288 beata:
1455 5236 1731 5288 memoria:
1789 5233 1890 5286 viri
1949 5232 2109 5301 hujus

555 5331 748 5398 praacla
763 5344 818 5381 ra
844 5337 991 5396 gesta
1018 5327 1273 5380 dilIusius
1295 5337 1609 5390 narrentur,
1645 5326 1710 5378 iis
1742 5325 1923 5392 potius
1976 5338 2109 5378 con-

556 5430 732 5487 gruat,
767 5433 997 5487 quorum
1019 5418 1085 5473 sit
1110 5417 1342 5481 iusituti,
1378 5428 1436 5470 ut
1471 5433 1649 5471 rerum
1679 5426 1952 5486 gestarum
1976 5433 2110 5471 con-

554 5523 739 5567 texaut
781 5511 1064 5567 historias.
1097 5508 1236 5575 Quin
1286 5510 1561 5564 eteadem
1623 5527 1837 5579 quoque
1898 5513 2108 5566 ratione

555 5621 622 5656 ne
660 5605 735 5658 illi
770 5605 984 5674 quidem
1031 5611 1183 5672 gesta
1217 5603 1396 5654 onmia
1429 5617 1812 5669 percensuero.
1836 5601 1921 5656 Uti
1958 5603 2103 5657 enim

551 5689 733 5748 rerum
757 5695 824 5749 ab
851 5712 916 5751 eo
943 5704 1214 5765 gestarum
1281 5691 1595 5762 magnitudo
1642 5693 1912 5759 prohibet,
1940 5703 1999 5746 ut
2045 5709 2111 5748 ne

2218 3239 2576 3308 κεκλημένων
2607 3239 2717 3308 γὰρ
2739 3239 2847 3291 τῶν
2891 3241 3271 3309 πραγμάτων·
3311 3243 3404 3294 καὶ
3457 3246 3564 3312 γάρ
3623 3243 3778 3295 ἀντέ-

2219 3346 2463 3395 στραπτο
2495 3330 2771 3392 παντελῶς
2795 3370 2811 3394 ,
2867 3331 2962 3382 καὶ
2997 3331 3062 3382 τὰ
3094 3332 3193 3399 μὲν
3244 3333 3487 3404 ἡμέτερα
3515 3334 3685 3404 ἤνθει,
3717 3335 3781 3386 τὰ

2217 3421 2274 3474 δέ
2305 3423 2530 3474 ἐκείνων
2563 3425 2967 3494 κατερρυήκει·
3000 3427 3179 3495 χρεὼν
3212 3423 3281 3496 ἦν
3333 3428 3515 3496 δήπου
3583 3429 3776 3480 κάκεί-

2215 3522 2338 3572 νους
2365 3513 2766 3581 μεταϐαλόντας
2811 3517 3191 3586 συμφέρεσθαι
3250 3518 3486 3580 τούτοις.
3519 3514 3627 3571 Ἦν
3683 3519 3777 3571 οὖν

2216 3605 2411 3673 ἐκείνῳ
2447 3608 2580 3675 παρ’
2626 3607 2829 3674 αὐτῶν,
2861 3609 2895 3662 ἃ
2950 3611 3081 3676 πρὶν
3131 3610 3359 3672 ἐκείνοις
3399 3611 3466 3662 ἐκ
3516 3610 3627 3662 τῶν
3673 3612 3783 3679 πρὸ

2215 3693 2407 3746 τοῦδε·
2447 3696 2540 3746 καὶ
2572 3691 2710 3765 ἦγον
2744 3698 2950 3766 ταύτην
2985 3696 3197 3766 ,ἑορτὴν
3223 3697 3323 3766 τὴν
3354 3697 3592 3768 ἡμέραν,
3653 3700 3710 3750 ἐν
3747 3689 3781 3771 ᾖ

2217 3802 2300 3846 τις
2329 3787 2458 3856 παρ’
2493 3787 2704 3840 ἐκείνου
2737 3788 2871 3859 πρὸς
2900 3790 3097 3851 αὐτοὺς
3129 3783 3232 3860 ἦκε
3267 3790 3440 3859 βραχύ
3469 3805 3523 3840 τι
3544 3789 3780 3858 γράμμα

2217 3879 2482 3944 κομίζων.
2515 3879 2575 3931 Ei
2609 3879 2663 3931 δὲ
2699 3880 2794 3931 καὶ
2824 3879 3134 3949 ἐπήγγελλέ
3154 3898 3230 3944 τι,
3252 3880 3393 3933 οὕτω
3412 3883 3460 3934 δ’
3495 3882 3553 3947 ἐξ
3576 3881 3778 3949 uit-epo-

2216 3971 2336 4037 χῆς,
2386 3971 2461 4033 ὡς
2537 3971 2736 4040 μᾶλλόν
2794 3987 2857 4039 γε
2917 3973 3277 4042 προστάττειν
3339 3973 3372 4043 ἢ
3422 3974 3780 4041 ἐπαγγέλλειν

2217 4061 2416 4130 ἐπῇδον
2438 4062 2488 4113 οἱ
2512 4049 2797 4131 δεχόμενοι
2825 4061 2928 4131 τὴν
2957 4063 3267 4132 ἐπιστολὴν,
3299 4066 3600 4135 τεκμήριον
3614 4066 3774 4134 ἡγούσ

2218 4170 2370 4218 μενοι
2454 4155 2676 4223 εἰρήνης
2737 4155 2798 4205 τὸ
2871 4156 3114 4224 πραχθέν
3153 4170 3167 4185 ⁸
3238 4157 3306 4224 ἢν
3369 4157 3470 4207 οὐκ
3546 4155 3780 4224 ἠγάπων

2214 4242 2281 4293 δι’
2309 4243 2655 4311 αὑτὴν,ὅπερ
2684 4244 2826 4294 ἔδει·
2857 4244 2916 4295 τὸ
2951 4244 3008 4295 δέ
3052 4244 3126 4314 μὴ
3170 4244 3541 4314 διαφθαρῆναι
3573 4245 3777 4314 ταύτης

2216 4332 2484 4401 ἀπούσης,
2521 4334 2658 4402 ὅπερ
2716 4335 2974 4396 ἐναντίως
3022 4335 3256 4403 πρόσθεν
3288 4337 3556 4404 ἐνόμιζον.
3592 4337 3779 4398 Οὕτως

2216 4423 2384 4492 ἁρετὴ
2415 4425 2682 4493 κρείττων
2714 4423 2908 4493 τύχης,
2934 4421 3001 4495 ἦς
3053 4427 3218 4479 ἕνεκα
3258 4429 3305 4480 οἱ
3337 4428 3622 4496 δυσμενεῖς
3653 4431 3781 4480 ἀλα-

2219 4516 2581 4584 ζονευόμενοι,
2615 4511 2736 4567 εἶτα
2761 4517 2873 4568 τῶν
2918 4517 3149 4570 ἐλπίδων
3182 4520 3535 4588 ψευσθέντες,
3565 4521 3780 4588 γέλωτα.

2221 4608 2682 4676 προσωφλήκασιν
2708 4607 2769 4660 οὐ
2804 4611 3062 4678 σμικρόν.

2287 4877 2469 4929 Ταῦτα
2495 4876 2571 4940 ὡς
2601 4878 2658 4931 ἐν
2681 4878 2960 4946 κεφαλαίῳ
2980 4880 3109 4948 ἡμῖν
3137 4881 3353 4950 εἴρηται
3379 4896 3393 4911 ·
3433 4885 3528 4935 καὶ
3552 4884 3774 4953 νομίζο-

2221 4984 2319 5034 μεν
2348 4967 2523 5028 καλῶς
2577 4968 2948 5038 ἀποδεδεῖχθαι
3002 4972 3103 5038 τὴν
3149 4971 3306 5025 τοῦδε
3341 4973 3523 5040 φύσιν,
3579 4975 3655 5037 ὡς
3709 4971 3778 5045 ἦν

2216 5058 2340 5120 ἀξία
2367 5058 2578 5110 πολλῶν
2607 5060 2843 5111 ἐπαίνων
2863 5074 2876 5088 ·
2912 5063 2959 5112 εἰ
3009 5061 3066 5114 δὲ
3101 5064 3328 5132 προσδεῖ
3357 5066 3450 5117 καὶ
3477 5066 3585 5116 τῶν
3617 5068 3782 5118 καθέ-

2216 5165 2412 5212 καστα,
2447 5149 2615 5212 λέξων
2647 5148 2880 5219 ἔρχομαι
2930 5156 3048 5204 κατ’
3081 5156 3351 5225 ἐπιτομὴν
3380 5157 3505 5208 ὅσον
3551 5153 3662 5209 οἷόν
3696 5175 3774 5210 τε.

2215 5239 2290 5291 Τὸ
2320 5241 2430 5309 γὰρ
2455 5239 2519 5310 δὴ
2546 5241 2727 5308 λέγειν
2759 5243 2990 5314 ἐκτάδην
3017 5245 3084 5298 τά
3117 5249 3452 5317 εἰργασμένα
3488 5249 3566 5318 τῷ
3601 5267 3780 5316 μακα-

2218 5331 2338 5400 ρίτῃ
2366 5333 2478 5393 τοῖς
2512 5332 2672 5402 ἔργον
2703 5334 2921 5404 ἔχουσιν
2953 5337 3186 5407 ἱστορεῖν
3221 5341 3550 5410 οἰκειότερον
3588 5343 3652 5393 ἂν
3686 5345 3775 5407 γέ-

2217 5437 2380 5476 νοιτο.
2411 5423 2485 5474 Ού
2521 5423 2628 5491 μὴν
2656 5423 2792 5476 ἀλλὰ
2823 5427 2907 5478 διὰ
2931 5428 3030 5496 τὴν
3063 5430 3234 5498 αὐτὴν
3263 5431 3469 5499 ταύτην
3499 5436 3675 5484 αἰτίαν
3713 5434 3774 5483 οὺ

2213 5511 2394 5564 πάντα
2438 5513 2843 5583 καταλέξομεν,
2887 5519 3096 5588 ὅσαπερ
3145 5521 3338 5586 ἐκείνῳ
3396 5521 3774 5591 διεπράττετο.

2217 5602 2430 5668 ’Ὠσπερ
2467 5604 2574 5672 γάρ
2626 5605 2688 5656 τὸ
2741 5609 2973 5677 μέγεθος
3018 5611 3127 5662 τῶν
3182 5613 3330 5679 αὐτῷ
3369 5616 3812 5684 πεπραγμένων,

2217 5696 2389 5765 εἴργει
2439 5698 2574 5766 πρὸς
2625 5699 2856 5753 ἕκαστον
2909 5704 3338 5770 ἐπεκτείνεσθαι,
3385 5705 3528 5758 οὕτω
3589 5710 3680 5760 καὶ
3715 5711 3777 5761 τὸ
