4166 6270
456 366 555 431 197

1190 374 1587 434 TllEJDORI
1622 374 1977 437 DESPOI‘E
2052 379 2140 436 I..~\
2155 379 2359 440 UDAT
2378 385 2457 443 [Ο
2476 388 2884 453 FUNEBHIS.

3594 407 3693 472 198
3730 434 3735 439 ‘

384 486 387 489 ’
451 486 653 551 πλῆθος
686 486 747 537 οὐ
781 486 1055 553 συγχωρεῖ
1075 486 1478 557 διαζωγραφεῖν
1510 489 1638 556 ἑξῆς
1673 489 2008 593 annulo!)

456 575 556 593 -_I-
626 575 699 593 -.ν
736 574 960 593 -fni.___d
1014 576 1111 593 7!,
1296 576 1355 593 n?
1522 579 1562 593 δι
1679 589 1682 593 ,

2117 494 2351 561 singulis
2376 496 2497 564 ejus
2551 503 2710 553 rebus
2744 508 3066 562 euarraudis
3116 527 3315 571 memet
3376 524 3691 593 extendam,

452 575 561 641 γὰρ
619 574 965 643 εὐαρίθμητα
1008 576 1242 636 πάντως.
1295 576 1464 646 Οἶμαι
1518 579 1572 630 δὲ
1633 589 1706 647 μη
1754 598 1816 631 εν
1871 575 2013 633 εἶναι

378 664 381 669 ’
449 665 609 716 τούτο
679 664 815 731 πρὸς
871 663 1099 732 γνώμην
1144 668 1294 733 ὑμῖν,
1326 668 1469 734 λέγω
1524 670 1586 721 τὸ
1632 672 1706 740 μὴ
1760 673 2011 723 τάκείνου

452 756 631 806 πάντα
658 755 938 821 διεξιέναι.
962 757 1315 827 Ἑπιθυμεῖτε
1340 760 1447 830 γὰρ
1475 762 1619 823 ἰδεῖν,
1659 758 1718 815 εὖ
1750 758 1865 815 οἶδα
1888 764 2013 817 τοῦ-

455 862 517 896 το
565 847 658 896 καὶ
689 846 834 898 πάνυ
862 847 1185 915 πέπεισμαι,
1217 848 1408 917 ὥσπερ
1448 851 1592 913 τινὲς
1620 853 1677 903 ὲν
1706 852 1893 906 πίνακι
1920 870 2013 921 γε·

452 936 781 1007 γραμμὲνας
834 938 933 1000 τὰς
987 940 1094 991 τῶν
1155 941 1451 1010 ἐρωμένων
1486 943 1723 1006 εἰκόνας,
1756 948 1845 996 τὸν
1901 946 2013 1015 βίον

450 1025 631 1077 πάντα
653 1026 805 1078 τοῦδε
844 1028 1092 1096 τάνδρὸς,
1123 1030 1197 1092 ὼς
1223 1031 1344 1082 ὅλον
1373 1031 1503 1086 ὄντα
1531 1035 1809 1104 θαύματος
1836 1036 2008 1100 ἄξιον.

449 1117 684 1184 Δόξομεν
715 1116 763 1169 δ’
792 1119 925 1180 ἴσως
955 1121 1051 1172 καὶ
1075 1121 1284 1174 ἀδικεῖν
1310 1124 1400 1175 τὸν
1433 1125 1541 1176 τῶν
1573 1126 1752 1194 ἔργων
1784 1129 2009 1198 ἀρχιτέ-

450 1225 634 1272 κτονα,
660 1212 706 1261 εἰ
734 1210 810 1280 μὴ
839 1210 899 1262 τὸ
924 1212 1032 1264 πᾶν
1057 1213 1367 1282 ὲξείποιμεν
1392 1216 1657 1286 ἀκριϐῶς,
1676 1219 1799 1272 ὅσον
1819 1222 2012 1289 ἐκείνῳ

448 1300 833 1368 κατείργαστο.
880 1301 1023 1371 Ἐγὼ
1048 1304 1093 1356 δ’
1122 1306 1251 1375 ὑμῖν
1281 1309 1611 1375 συμφωνῶν,
1642 1312 1745 1364 ὅσα
1780 1327 1842 1376 γε
1875 1313 2014 1378 πρὸς

449 1390 610 1456 μόνον
656 1392 718 1444 τὸ
769 1392 968 1454 θέλειν,
1035 1391 1153 1447 εἶτα
1209 1399 1622 1467 παραιτήσομαι
1674 1400 1762 1451 διὰ
1813 1402 1874 1452 τὸ
1919 1401 2014 1454 τοῦ

446 1482 773 1551 πράγματος
807 1485 1143 1556 πρόσαντες,
1178 1490 1226 1539 εί
1265 1490 1341 1558 μὴ
1398 1490 1669 1559 δυναίμην
1702 1492 2016 1546 ἀκολουθεῖν

443 1576 510 1641 τῇ
544 1574 781 1643 θελήσει.
820 1576 969 1647 Νικᾷ
1002 1580 1121 1648 ,γὰρ
1165 1579 1434 1647 δήπουθεν
1476 1582 1717 1651 ἀτεχνῶς
1746 1583 1807 1636 τό
1840 1587 2014 1653 παρὸν

446 1667 757 1735 ἐγχεέρημα
779 1670 880 1737 τὴν
908 1671 1188 1740 ἡμετέραν
1208 1662 1386 1741 ἰσχὺν,
1420 1671 1583 1726 οὖσάν
1606 1691 1667 1740 γε
1687 1676 1778 1728 καὶ
1803 1676 2013 1729 οἴκοθεν

448 1757 678 1826 ἀδρανῆ,
706 1760 801 1812 καὶ
823 1760 986 1812 πλέον
1012 1762 1309 1831 γινομένην
1340 1763 1584 1830 ἐξίτηλον
1607 1765 1682 1832 τῷ
1706 1766 1799 1818 τοῦ
1847 1769 2008 1835 λόγου

452 1847 716 1912 σχήματι.
762 1849 971 1900 Οὐκοῦν
998 1852 1061 1901 ἐκ
1107 1851 1215 1902 τῶν
1256 1852 1465 1904 πολλῶν
1493 1870 1551 1906 τε
1580 1856 1673 1907 καὶ
1700 1858 1880 1909 καλῶν
1912 1860 2004 1911 καὶ

455 1935 728 2000 μεγάλων,
767 1937 927 1991 ἅτινα
976 1941 1172 2003 πάντες
1234 1943 1430 2011 ἐκείνῳ
1486 1944 1704 1999 σύνιστε
1755 1965 2006 2019 πεπραγ-

453 2024 611 2092 μένα,
638 2026 696 2087 ὃς
725 2030 830 2095 πρὸ
876 2032 1075 2100 μικροῦ
1104 2031 1224 2099 μεθ’
1253 2033 1407 2100 ἡμῶν
1441 2031 1509 2106 ἦν
1557 2038 1672 2088 νυνὶ
1699 2038 1755 2089 δὲ
1781 2040 2000 2107 γέγονε·

341 2135 348 2144 ·
446 2111 548 2175 φεῦ
569 2113 584 2165 l
604 2114 768 2166 τῶνδε
801 2115 909 2167 τῶν
943 2117 1155 2187 θρήνων
1179 2121 1626 2191 ὑπόθεσις,όλίγα
1657 2125 2002 2199 λέξομενῆεη

443 2204 535 2253 καὶ
570 2206 690 2256 κατ’
736 2207 1024 2277 ἐπιτομὴν,
1065 2210 1253 2280 ὥσπερ
1305 2212 1543 2282 εἴρηται.
1573 2214 1810 2271 Τοιαῦτα
1869 2223 2002 2288 μέν·

441 2308 522 2345 τοι
560 2309 625 2359 γε
663 2294 903 2360 πάντως,
956 2295 1046 2353 οἷά
1091 2317 1195 2370 περ
1254 2303 1420 2368 δείξει
1478 2307 1568 2358 τὸν
1629 2309 2003 2379 ἐργασάμενον

442 2383 615 2454 ἀληθῆ
645 2387 858 2455 καρπὸν
883 2388 1013 2442 ὅντα
1037 2393 1104 2459 τῇ
1138 2395 1295 2462 κοινῇ
1322 2394 1496 2464 ταύτῃ
1542 2397 1727 2464 φύσει,
1760 2403 1853 2452 καί
1882 2419 2005 2456 τινα

439 2474 756 2543 φιλοτιμίαν
788 2476 1089 2545 ἐξαίρετον.
1122 2483 1195 2533 Οὐ
1219 2485 1401 2537 τοίνυν
1422 2486 1502 2554 τῷ
1540 2486 1616 2553 μὴ
1648 2490 1827 2543 πάντα
1859 2493 2003 2545 κατὰ

441 2564 608 2633 μέρος
637 2567 893 2632 διεξιέναι
939 2573 1221 2639 νομιστέον
1262 2575 1394 2642 ἡμῖν
1438 2576 1505 2630 ἂν
1552 2576 1637 2644 εἴη
1701 2580 1794 2632 τὸν
1837 2582 2004 2650 ἄνδρα

438 2653 628 2705 τοῦτον
649 2653 872 2709 ἔλαττον
915 2661 1139 2728 σχήσειν
1164 2664 1243 2724 είς
1276 2663 1543 2730 εὐδοξίαν.
1577 2665 1650 2719 Τὸ
1675 2670 1781 2739 γὰρ
1813 2674 2002 2742 περιὸν

440 2742 650 2796 ἐκείνου
679 2745 780 2813 τῆς
806 2747 1007 2817 ἀρετῆς
1036 2750 1095 2802 τὸ
1129 2753 1399 2822 ἡμέτερον
1439 2757 1617 2811 ἐνδέον
1674 2762 2004 2832 ἀναπληρώ-

442 2849 548 2887 σει.
597 2835 850 2904 Ἀρκέσει
897 2843 1004 2909 γὰρ
1036 2841 1096 2894 τὸ
1128 2845 1236 2896 πᾶν
1267 2845 1675 2914 ἐξεργάσασθαι
1733 2853 1827 2905 καὶ
1872 2855 2001 2909 ἕκα-

441 2942 565 2978 στον
595 2928 705 2979 τῶν
731 2929 910 2997 ἔργων
940 2932 1049 2985 τῶν
1097 2935 1393 3001 αὑτοῦ,ἰἱ›ς
1427 2941 1592 3010 μηδὲν
1617 2940 1676 2995 ὃν
1709 2945 2002 3015 τῶνάὐτῷ

439 3020 865 3087 πεπραγμένων,
895 3023 924 3075 ὃ
957 3025 1033 3095 μὴ
1089 3027 1361 3093 μεγίστων
1388 3032 1678 3102 εὐφημιῶν
1725 3036 1876 3101 ἄξιον
1901 3056 1915 3070 ο
1951 3041 2000 3092 εἰ

439 3108 512 3176 μή
542 3125 626 3171 τις
654 3115 1033 3180 μειρακιωδῶς
1070 3116 1230 3187 ἔχων,
1259 3119 1319 3183 ἐξ
1346 3121 1612 3194 ἐπιπολῆς
1637 3144 1689 3189 τι
1717 3127 1996 3187 θεάσαιτο.

437 3197 674 3250 Κάκεῖνο
704 3198 751 3251 δ’
778 3199 847 3252 ἂν
896 3201 1136 3272 εἴποιμι,
1171 3207 1254 3258 ὅτι
1284 3207 1547 3274 πολλάκις
1593 3214 1701 3265 κάκ
1731 3215 1840 3267 τῶν
1866 3232 1990 3284 σμι-

434 3285 583 3355 xpin
617 3288 712 3340 καὶ
747 3289 1139 3362 ἁπλουστέρων
1170 3291 1309 3349 εἶναι
1342 3297 1666 3367 δοκούντων,
1708 3304 1762 3355 εί
1786 3305 1848 3371 γέ
1876 3309 1994 3359 ἐστι

432 3376 645 3440 καίρια,
670 3379 769 3448 οὐχ
804 3374 968 3451 ἦττον
994 3384 1162 3451 φύσις
1190 3388 1520 3456 γνωρίζεται
1550 3393 1581 3462 ἢ
1615 3395 1679 3447 ἐκ
1726 3395 1836 3448 τῶν
1867 3398 1994 3450 πολ-

433 3465 543 3518 λῶν
569 3470 661 3521 καὶ
695 3472 1059 3526 παντοδαπῶν
1088 3475 1289 3545 ἔργων,
1320 3479 1516 3548 ῥυθμῷ
1539 3485 1633 3536 καὶ
1664 3485 1814 3549 τάξει
1839 3487 1993 3560 δεδη-

359 3588 369 3595 ι
432 3555 720 3623 λωμένων.
764 3560 921 3628 Λέγω
949 3563 1006 3615 δὲ
1049 3565 1260 3634 καίρια,
1294 3568 1396 3622 ὅσα
1445 3571 1550 3639 πέρ
1576 3573 1692 3625 ἐστι
1718 3555 1993 3644 δηλωτικά

431 3647 682 3712 φυσικῶν
739 3649 1071 3720 ἰδιωμάτων,
1099 3653 1170 3706 δι’
1198 3656 1235 3707 ά
1281 3673 1365 3720 τις
1412 3658 1524 3728 ἔχει
1554 3661 1734 3734 ψυχὴν
1764 3665 1988 3731 ειδέναι,

429 3734 646 3802 ἐρῶσαν
676 3738 890 3806 ἀγαθὴν
921 3737 1082 3794 εἶναι.
1108 3744 1277 3798 Ὅθεν
1309 3748 1605 3818 ἀνθέξομαι
1634 3753 1736 3823 τῆς
1767 3754 1989 3826 βουλῆς,

426 3823 590 3890 ὀλίγα
615 3826 721 3878 τῶν
744 3829 955 3882 ἐκείνου
980 3831 1214 3898 διεξιὼν,
1249 3838 1344 3889 καὶ
1374 3841 1629 3907 συνελὼν,
1665 3843 1742 3906 ὡς
1771 3840 1883 3896 οἶόν
1906 3863 1989 3900 τι.

512 4092 749 4158 Ἐκεῖνος
784 4097 986 4163 τοίνυν,
1012 4093 1057 4152 ὧ
1079 4100 1298 4170 ἄνδρες,
1328 4107 1358 4157 ὁ
1383 4109 1567 4160 πᾶσαν
1593 4110 1844 4178 γλῶτταν
1875 4130 1995 4167 πει-

427 4182 684 4250 ρωμένην
726 4184 891 4237 αὐτὸν
942 4189 1193 4243 ἐπαινεῖν
1239 4192 1372 4246 εῐσω
1406 4196 1713 4252 πίπτουσαν
1756 4203 1994 4271 ἀποφαί-

426 4287 554 4330 νων,
608 4273 703 4322 κα¹ι
736 4272 945 4340 περιὼν
993 4276 1098 4343 ἔτι,
1125 4279 1221 4332 καὶ
1272 4285 1550 4349 μεταστὰς
1595 4286 1722 4357 ἤδη,
1747 4292 1876 4353 παῖς
1915 4291 1992 4345 ὢν

425 4359 636 4429 ἀρίστῳ
691 4361 920 4429 βασιλεῖ,
970 4366 1106 4419 πολύ
1135 4384 1187 4419 τι
1231 4372 1344 4431 τοῖς
1381 4373 1520 4426 υἱέσι
1569 4376 1839 4432 δεικνύντι
1870 4383 1992 4448 φίλ-

426 4467 578 4518 τρον,
609 4452 797 4520 ὥσπερ
827 4454 1209 4525 ἁμιλλώμενος
1239 4456 1306 4530 ἦν
1335 4464 1507 4533 αὐτῷ,
1535 4469 1797 4539 μηδαμῶς
1829 4476 1909 4534 εἰς
1927 4476 1990 4528 τὸ

430 4547 631 4608 φιλεῖν,
662 4547 900 4598 κατόπιν
936 4549 1102 4602 αὐτοῦ
1137 4552 1447 4622 λειφθῆναι.
1494 4558 1655 4614 Ὅθεν
1696 4562 1993 4633 θαυμάζων

428 4636 521 4683 καὶ
555 4634 725 4700 φιλῶν
755 4639 918 4708 εἴπερ
952 4656 1037 4702 τις
1062 4640 1221 4706 ἄλλος
1258 4645 1635 4719 Ἀλέξανδρον,
1671 4656 1848 4708 πάντα
1893 4657 1993 4725 μὲν

428 4722 596 4789 ἡδέως
620 4725 689 4775 τά
714 4727 923 4780 ἐκείνου
957 4732 1050 4782 καὶ
1102 4732 1319 4786 ἀκούων
1346 4732 1437 4805 ἦν,
1477 4740 1570 4791 καὶ
1609 4740 1664 4794 λέ
1680 4761 1803 4809 (ων,
1841 4722 1992 4800 ὁπότ’

424 4811 552 4878 ἐξῆν
577 4829 589 4843 ·
622 4815 679 4867 τὸ
714 4817 793 4880 δὲ,
841 4818 934 4870 τοῦ
964 4822 1174 4891 πατρὸς
1201 4824 1474 4880 Φιλίππου
1504 4833 1640 4899 πρδς
1668 4834 1832 4886 αὐτόν
1855 4853 1988 4890 ποτε

427 4904 716 4971 εἰρηκότος
749 4946 764 4969 ,
804 4908 949 4960 Φιλῶ
998 4925 1059 4961 σι
1108 4914 1333 4981 σφόδρα,
1365 4910 1410 4967 ὦ
1455 4923 1575 4982 παῖ,
1614 4925 1703 4974 τιν
1737 4927 1989 4992 Ἀλέξαν-

420 4995 548 5063 δρον
598 4999 794 5061 εἰπεῖν,
830 5000 998 5067 Κάγὼ
1051 5004 1186 5069 φιλῶ
1241 5023 1299 5059 σε
1332 5011 1423 5061 τὸν
1458 5013 1698 5080 ἐμαυτοῦ
1728 5018 1941 5086 πατέρα
1968 5035 1982 5049 ·

420 5085 582 5138 τοῦτο
609 5089 665 5140 δὲ
705 5094 912 5144 ἐκεῖνον
940 5093 1102 5156 ἀξίως
1134 5097 1329 5150 ἑαυτοῦ
1360 5104 1525 5166 φάναι
1559 5105 1800 5158 τοιοῦτον
1832 5108 1983 5174 ὄντα,

419 5176 529 5227 οὐδ’
562 5181 860 5233 ὁπωστιοῦν
905 5184 1111 5251 ἡγεῖτο,
1163 5189 1284 5241 οὐδὲ
1334 5193 1533 5260 ῥᾳδίως
1585 5194 1819 5263 ἔφερεν·
1867 5200 1985 5253 ἀλλ’

420 5265 691 5335 ὴσχύνετο
714 5270 800 5323 διὰ
827 5272 927 5342 τὴν
957 5276 1089 5344 πρὸς
1114 5278 1203 5330 τὸν
1229 5280 1397 5350 ἄνδρα
1428 5285 1611 5351 φιλίαν
1630 5304 1642 5317 ·
1679 5289 1741 5340 οὐ
1783 5292 1892 5360 γὰρ
1919 5292 1985 5344 ἂν

420 5359 871 5428 παραιτήσασθαι
917 5366 1008 5418 τὸν
1042 5368 1390 5440 Ἀλέξανδρον
1423 5376 1526 5428 ὑπὸ
1556 5376 1650 5429 τοῦ
1697 5359 1982 5435 διαϐαλλό-

423 5465 604 5517 μενον,
638 5452 719 5521 τῷ
743 5469 804 5519 γε
844 5457 1308 5527 ἀπολογήσασθαι,
1339 5465 1414 5527 ὡς
1438 5466 1536 5519 οὐκ
1567 5469 1813 5523 ὲσούλετο
1852 5473 1983 5539 ψεύ-

421 5541 640 5607 σασθαι,
674 5542 861 5615 ὥσπερ
891 5548 993 5600 οὐκ
1040 5551 1176 5615 ἐνὸν,
1209 5554 1307 5622 τὴν
1352 5558 1445 5610 τοῦ
1496 5562 1700 5631 πατρὸς
1735 5566 1978 5635 ἀγάπην,

414 5632 515 5700 τῆς
562 5634 674 5687 τῶν
728 5637 1004 5704 φιλτάτων
1055 5645 1379 5712 προτιθέντα
1406 5688 1422 5713 ,
1456 5652 1626 5719 Κάγώ
1670 5670 1750 5717 σε,
1781 5658 1974 5727 πάτερ,

364 5714 379 5727 ⁸
416 5719 611 5792 εἰπεῖν,
630 5726 791 5796 φιλῶ,
822 5732 1154 5804 καὶκφιλήσω
1177 5753 1237 5805 γε
1258 5740 1365 5804 ἀεὶ,
1394 5743 1487 5794 καὶ
1504 5714 1567 5796 ού
1590 5714 1976 5819 παραχωρήσιω

2122 583 2201 635 εἷς
2261 601 2357 638 nec
2413 593 2696 653 pl‘l'lllllttt‘
2747 611 2841 661 per
2902 600 3327 673 multitudinem,
3382 625 3440 667 ut
3498 618 3693 672 ordine

2121 678 2304 730 omnia
2344 679 2613 734 deliuecm
2649 686 3093 759 azlsciibamquc.
3123 694 3230 751 Nec
3262 704 3404 754 enim
3432 721 3692 765 numerus

2119 766 2274 821 facile
2308 768 2431 822 iniri
2462 783 2662 840 potest.
2701 770 3025 848 Qu'anquam
3058 798 3186 853 puto
3216 791 3357 845 haud
3390 798 3539 850 vobis
3570 816 3693 868 gra-

2118 869 2231 913 tum
2272 861 2390 917 fore
2423 874 2502 927 ut,
2546 870 2791 937 inquam,
2844 890 2950 926 non
2990 879 3107 946 ejus
3152 898 3238 942 res
3271 900 3461 941 omnes
3509 902 3689 958 gestas

2114 955 2430 1011 edisseram.
2463 959 2791 1018 Desideratis
2820 970 2987 1029 enim.
3024 976 3191 1039 probe
3215 980 3336 1031 novi
3383 997 3447 1033 ac
3481 998 3686 1038 certum

2116 1044 2309 1108 habeo,
2338 1064 2434 1115 pro
2461 1066 2646 1107 eorum
2679 1057 2906 1123 ratiOne,
2935 1064 3027 1128 qui
3053 1080 3301 1122 amantes
3344 1087 3394 1122 ιιι
3454 1074 3689 1143 imagine

2119 1135 2362 1202 depiCtas
2402 1156 2748 1212 corumquos
2782 1163 2967 1204 amant
3000 1194 3014 1217 ,
3076 1154 3345 1226 imagines
3395 1163 3678 1231 impendio

2115 1228 2302 1281 videre
2325 1243 2486 1286 avent
2516 1273 2532 1297 ,
2561 1246 2618 1289 ut
2642 1251 2693 1290 et
2717 1241 2819 1306 ipsi
2854 1253 3017 1296 totam
3048 1248 3275 1305 videatis
3295 1254 3393 1306 viri
3423 1260 3682 1327 praiscip-

2119 1321 2227 1365 tam
2258 1316 2448 1382 vitam,
2484 1337 2605 1388 quae
2632 1333 2746 1378 tota
2782 1331 3206 1389 admirationem
3244 1343 3460 1397 habeat.
3490 1346 3595 1400 Sed
3628 1362 3682 1402 ιί

2118 1404 2259 1457 forte
2312 1409 2547 1480 principi
2614 1432 2794 1470 rerum
2851 1424 3030 1489 opilici
3096 1430 3380 1507 videantur
3431 1436 3683 1506 iujuriam

2118 1492 2317 1561 facere,
2346 1499 2449 1554 nisi
2497 1518 2581 1557 res
2619 1507 2740 1576 ejus
2797 1520 2937 1567 totas
2989 1531 3244 1576 accurate
3295 1526 3680 1584 edisseramus.

2117 1581 2380 1653 Equidem
2414 1592 2527 1645 sola
2556 1596 2708 1649 vobis
2743 1602 3015 1659 voluntate
3064 1625 3263 1678 gerens
3287 1631 3517 1683 morem,
3544 1636 3683 1689 Opus

2118 1682 2472 1745 postmodum
2508 1698 2737 1756 propter
2757 1693 2833 1745 rei
2859 1698 3083 1753 arduam
3115 1706 3451 1763 molitionem
3478 1713 3687 1769 detrec-

2115 1769 2263 1836 tabo,
2283 1773 2373 1840 qui
2395 1775 2723 1837 voluntatem
2744 1790 3004 1842 assectari
3032 1807 3313 1861 nequeam.
3339 1800 3513 1858 Vincit
3535 1807 3679 1861 enim

2300 1837 2311 1840 _
2846 1837 3004 1842 -_-___
3032 1837 3313 1861 --νῚ--νιιιιιι
3353 1837 3513 1858 VIuth
3535 1837 3679 1861 ΠΙΙΙΙΙΙ

2036 1837 2079 1890 Β
2105 1856 2311 1928 liquido
2336 1874 2479 1920 tanta
2518 1871 2685 1927 moles
2718 1888 2957 1934 nostram
2987 1883 3400 1959 virtutem,qum
3417 1896 3545 1949 olim
3572 1916 3601 1952 a
3621 1915 3680 1955 se

2107 1949 2322 2017 debilis,
2341 1956 2408 2009 ab
2430 1961 2695 2017 orationis
2729 1983 2873 2022 nunc
2913 1976 3321 2041 speeie,multis
3342 1988 3516 2040 evasit
3554 1993 3677 2044 exi-

2107 2038 2229 2093 lior.
2255 2043 2334 2099 Ex
2367 2051 2553 2106 multis
2601 2059 2952 2130 ergo,iisque
3002 2070 3280 2134 praeclaris
3328 2091 3391 2130 ac
3442 2084 3671 2149 magnis,

2106 2143 2339 2196 quorum
2366 2147 2642 2204 gestorum
2680 2151 2886 2204 couscii
2908 2157 3040 2209 estis
3061 2159 3173 2213 viro
3194 2178 3368 2232 nuper
3389 2171 3671 2228 nobiscum

2107 2221 2425 2293 exsistcnti;
2450 2232 2653 2303 quique
2674 2253 2817 2294 nunc
2834 2242 2938 2310 fuit
2957 2244 3056 2300 heu
3083 2249 3095 2302 l
3124 2254 3278 2309 triste
3295 2272 3672 2327 argumentum

2107 2313 2457 2377 planctuum!
2494 2340 2669 2392 pauca
2719 2334 2967 2400 quasdam
3000 2355 3063 2395 ac
3088 2351 3427 2416 compendio,
3466 2356 3545 2408 uti
3574 2369 3671 2410 su-

2112 2417 2230 2458 mus
2249 2408 2736 2480 praefati,dicentus
2764 2440 2859 2479 :ca
2881 2436 3060 2486 tamen
3088 2408 3334 2506 omnino,
3355 2444 3551 2511 quibus
3584 2450 3671 2516 qui

3321 2497 3333 2506 .
3371 2497 3387 2511 .
3469 2497 3475 2498 κ
3528 2497 3547 2500 -
3589 2497 3671 2516 τη

2106 2497 2294 2561 gessit,
2331 2515 2491 2557 verus
2515 2512 2701 2575 generi
2731 2527 3032 2573 concessus
3062 2520 3299 2588 fructus.
3362 2534 3675 2602 eximiaque

2106 2587 2351 2650 quaedam
2409 2608 2472 2647 ac
2539 2600 2825 2656 ambitiosa
2888 2608 3125 2678 largitio,
3170 2624 3428 2684 cognosci
3483 2628 3671 2690 possit.

2110 2670 2149 2690 ..τ
2294 2679 2304 2690 .
2349 2680 2361 2690 .
2638 2688 2645 2690 ι

2975 2670 2999 2677 ν
3112 2670 3123 2678 ,
3238 2670 3265 2684 ς
3326 2670 3428 2675 ν---
3483 2670 3671 2690 την..

2105 2670 2275 2728 Nemo
2293 2679 2478 2748 igitur,
2506 2688 2649 2754 quod
2678 2693 2829 2758 plura
2852 2696 3184 2768 omittamus,
3214 2708 3388 2763 minus
3413 2713 3586 2768 virum
3608 2717 3672 2769 ad

2107 2765 2474 2826 celebritatem
2504 2779 2738 2835 nominis
2781 2784 3095 2844 habiturum
3121 2765 3289 2862 putet.
3315 2798 3443 2868 Ejus

3121 2855 3136 2862 -
3355 2855 3372 2868 .
3429 2855 3437 2856 κ
3483 2855 3672 2875 τεσυν-

2106 2855 2380 2915 luculenta
2416 2880 2478 2919 ac
2528 2871 2801 2928 excellens
2826 2879 3000 2934 virtus
3056 2895 3296 2941 nostram
3330 2893 3544 2949 abunde
3573 2897 3672 2949 iu.-

2102 2949 2271 3017 plebit
2297 2953 2562 3024 inopiam.
2602 2959 2829 3033 Singula
2861 2970 3004 3024 enim
3057 2976 3175 3044 ejus
3212 2992 3490 3049 gestorum
3534 3005 3668 3042 cou-

2104 3039 2330 3096 l'ecerint
2356 3053 2545 3112 totam,
2580 3064 2813 3119 quorum
2847 3075 2917 3113 ne
2945 3076 3083 3117 unus
3104 3077 3187 3121 est
3220 3086 3327 3127 non
3355 3078 3646 3133 maximam

2103 3128 2311 3187 habens
2387 3137 2615 3206 gloriam
2655 3145 2801 3199 :uisi
2859 3151 2985 3218 quis
3048 3169 3336 3222 puerorum
3390 3182 3543 3220 more
3601 3185 3665 3224 ex

2099 3222 2215 3276 sola
2259 3240 2367 3279 rem
2409 3244 2633 3286 externa
2688 3235 2825 3290 facie
2851 3241 2980 3296 velit
3030 3252 3407 3314 spectandam.
3463 3256 3568 3313 Sed
3608 3272 3661 3316 et

2098 3313 2148 3365 id
2174 3315 2516 3384 afﬂrmarim,
2554 3339 2618 3377 ex
2649 3326 2715 3381 iis
2744 3345 2962 3402 quoque
2993 3351 3113 3406 qua:
3166 3347 3377 3400 modica
3408 3363 3473 3403 ac
3526 3352 3662 3406 sim-

2096 3406 2320 3475 pliciora
2347 3412 2618 3479 videntur,
2647 3417 2776 3473 dum
2807 3432 2985 3479 tamen
3015 3429 3106 3482 illa
3140 3444 3284 3487 certa
3317 3437 3506 3493 sintac
3532 3456 3659 3508 pro-

2096 3499 2233 3564 pria,
2268 3500 2403 3554 nihil
2438 3520 2579 3574 saepe
2602 3510 2785 3566 minus
2814 3521 3068 3584 cognosci
3102 3532 3372 3590 naturam,
3411 3545 3574 3596 quam
3604 3546 3663 3588 ut

2094 3589 2262 3643 multa
2291 3594 2410 3660 quis
2443 3611 2507 3650 ac
2530 3603 2709 3656 omnis
2736 3607 2953 3671 generis
3026 3625 3190 3678 opera
3225 3615 3417 3671 ordine
3452 3621 3658 3685 produ-
3689 3622 3714 3638 ’

2095 3686 2202 3731 cat.
2230 3682 2391 3736 Certa
2421 3687 2545 3741 dico
2578 3703 2640 3743 ac
2673 3695 2920 3763 propria,
2944 3698 2989 3750 si
3030 3694 3136 3768 qua
3163 3704 3526 3770 proprietates
3554 3725 3657 3763 na-
3712 3714 3719 3724 '

2094 3776 2232 3821 tura:
2269 3774 2404 3825 satis
2430 3775 2692 3841 indicant,
2726 3796 2790 3835 ac
2821 3787 3021 3853 quibus
3047 3804 3146 3843 ceu
3194 3793 3515 3850 charactere
3567 3802 3653 3852 iu-

2095 3858 2362 3924 signiatur
2400 3866 2617 3920 animus
2653 3869 2777 3923 boni
2829 3888 3042 3931 amans.
3099 3878 3206 3934 Pro
3247 3886 3464 3939 consilii
3525 3903 3654 3958 ergo
3706 3911 3714 3919 -

2093 3947 2303 4001 ratione
2354 3965 2525 4017 pauca
2548 3958 2794 4023 quaedam
2823 3978 2887 4015 ac
2916 3973 3236 4037 compendio
3260 4013 3274 4038 ,
3324 3989 3381 4030 ut
3425 3978 3652 4048 licuerit,

2092 4034 2408 4093 edisseram.

2168 4128 2261 4181 Ille
2314 4132 2499 4200 igitur,
2546 4138 2845 4207 auditores,
2915 4148 3068 4215 cujus
3100 4167 3186 4209 res
3242 4158 3515 4224 praeclara:
3559 4162 3653 4216 lii:-

2096 4229 2255 4283 guam
2308 4233 2526 4277 onmem
2556 4227 2780 4285 laudare
2818 4235 3124 4294 studentem
3171 4243 3406 4301 debilem
3436 4249 3657 4319 faciant,

2095 4318 2159 4358 ac
2187 4305 2586 4379 obtorpeuteiu,
2631 4318 2747 4374 sive
2771 4336 2895 4377 cum
2943 4326 3121 4384 adhuc
3156 4346 3431 4402 superstes
3489 4355 3647 4408 esset,

2094 4394 2210 4449 sive
2240 4400 2401 4467 modo
2448 4418 2570 4458 cum
2618 4408 2915 4469 defunctus
2971 4430 3096 4476 est:
3135 4438 3258 4477 cum
3315 4427 3646 4498 imperatoris

2020 4505 2070 4564 Ι)
2098 4488 2312 4553 Optimi,
2339 4493 2672 4565 multamque
2694 4508 2898 4560 amoris
2913 4509 3019 4562 vim
3046 4511 3099 4564 in
3119 4526 3275 4572 natos
3292 4524 3654 4588 ostendentis,

2094 4580 2276 4644 proles
2307 4596 2473 4650 esset,
2512 4578 2736 4645 oiuniuo
2793 4598 3101 4657 enitebatur
3152 4622 3218 4661 ac
3270 4614 3653 4679 contendebat.

2096 4678 2155 4722 ut
2187 4685 2256 4724 ne
2303 4676 2599 4745 quidquam
2625 4696 2811 4739 amore
2838 4690 3073 4747 cederet.
3104 4694 3467 4761 Quamobrem
3530 4724 3651 4762 cum

2091 4762 2475 4834 admiraretur,
2511 4785 2574 4826 ac
2606 4773 2650 4827 si
2682 4777 2816 4847 quis.
2841 4781 3002 4846 alius,
3039 4793 3649 4866 amaretAlexandrum,

2092 4853 2317 4923 ejusque
2346 4859 2536 4916 lubens
2564 4868 2769 4931 omnia,
2824 4885 3088 4941 quantum
3143 4879 3353 4949 liceret,
3407 4891 3644 4958 audiret,

2092 4945 2402 5016 diceretque
2440 4967 2454 5016 ;
2507 4953 2635 5009 illud
2672 4967 2877 5028 tamen,
2913 4978 2967 5018 ut
2994 4985 3115 5022 eum
3161 4945 3443 5045 Philippus
3490 4945 3645 5050 pater

2090 5035 2415 5103 quandoque
2456 5040 2681 5098 dixisset
2716 5063 2730 5099 :
2790 5047 2900 5119 Ego
2919 5064 2967 5106 te
3011 5057 3094 5124 ﬁli
3129 5077 3268 5126 amo,
3305 5035 3645 5136 'réspon'iét-n

2091 5121 2217 5178 ille:
2253 5124 2365 5195 Ego
2401 5145 2602 5198 quaeue
2627 5146 2676 5189 te
2723 5156 2842 5194 amo
2867 5121 3036 5201 meum
3070 5121 3272 5214 patrem
3296 5172 3315 5210 :
3341 5121 3484 5216 haud
3548 5168 3643 5220 illo
3685 5225 3690 5229 ,

2087 5211 2249 5281 digne
2278 5218 2511 5287 dictant,
2548 5240 2669 5279 cum
2725 5240 2907 5288 tantus
2938 5251 3106 5306 esset,
3140 5248 3364 5303 omnino
3408 5254 3642 5309 arbitra-

2087 5304 2269 5373 batur,
2296 5325 2394 5365 nec
2415 5327 2603 5382 tequus
2642 5317 2851 5378 ferebat
2892 5344 2906 5392 ;
2951 5304 3229 5404 quin—ejus
3251 5354 3374 5393 eum
3408 5344 3642 5410 pudebat

2089 5410 2185 5463 pro
2218 5401 2321 5454 viri
2348 5410 2652 5462 reverentia
2685 5429 2699 5477 ;
2727 5416 2984 5471 nimirum
3022 5421 3114 5475 illo
3170 5438 3482 5493 accusante,
3532 5448 3640 5488 non

2088 5486 2419 5546 detractessc
2445 5510 2542 5562 pro
2566 5503 2853 5558 mendacio
2883 5524 3170 5579 excusare,
3197 5525 3452 5584 tauquam
3471 5524 3641 5585 patris

2085 5577 2428 5637 dilectionem
2476 5592 2806 5654 praehabcnti
2834 5600 3284 5658 charissimorum
3343 5612 3541 5685 amori,
3578 5636 3640 5672 ea

2082 5671 2243 5722 verba
2277 5673 2330 5725 in
2372 5688 2625 5745 promptu
2659 5698 2763 5737 non
2802 5686 3030 5741 fuissent
3061 5707 3074 5742 :
3104 5690 3212 5758 Ego
3236 5701 3283 5744 te
3300 5671 3521 5766 quoque,
3546 5717 3640 5769 pa-

2083 5770 2337 5829 ter,amo,
2367 5783 2580 5836 sumque
2603 5788 2800 5842 semper
2825 5789 3119 5843 amaturus,
3146 5797 3236 5833 nec
3267 5782 3419 5847 facile
3451 5805 3639 5847 amap-

3260 5921 3285 5937 ο
