4166 6270
575 319 676 383 199

1753 293 2154 375 MANUELIS
2194 315 2647 375 mmemor

3717 315 3822 381 20)

565 432 632 480 do
676 427 918 495 superari
961 428 1284 495 permittam,
1351 429 1440 495 qui
1486 427 1636 480 velim
1689 440 1947 496 pra'stare
1991 429 2127 496 quod

2268 448 2314 480 οι
2340 430 2537 500 ῥᾳδίως
2566 430 2673 482 τῶν
2705 431 2988 497 πρωτείων
3019 433 3074 482 ἐν
3099 431 3173 500 τῷ
3205 430 3399 499 φιλεῖν,
3430 430 3615 486 δίκαια
3646 433 3820 501 πράτ-

565 523 649 577 ius
679 520 850 579 habet,
873 530 977 571 tum
1007 521 1129 587 quia
1156 537 1246 587 per
1282 529 1327 574 te
1357 522 1476 582 sim,
1497 532 1606 572 tum
1632 523 1756 589 quia
1784 538 1930 573 amer
1968 522 2140 588 pluri-

565 612 863 678 mum,quiu
898 609 1192 676 disciplinis
1229 612 1472 665 excultus
1509 629 1745 678 mognaa
1771 624 1818 665 te
1833 614 2139 680 acceperim,

567 718 629 754 ac
664 701 865 768 majora
897 717 1094 768 sperem
1128 715 1488 769 arrepturum.
1534 702 1626 756 Sic
1658 707 1842 773 itaque
1906 707 2141 762 habebat

565 797 630 848 ad
662 805 894 863 patrem,
933 810 1030 846 nec
1060 794 1357 861 quidquam
1411 796 1661 849 dissituli
1707 798 1916 851 ratione
1951 797 2142 851 habuit

563 888 628 938 ad
660 896 908 938 matrem.
938 886 1070 938 Cum
1120 888 1263 938 cnim
1315 888 1377 940 ad
1409 904 1600 943 omnes
1644 891 1922 942 modestus
1973 898 2139 952 esset,

565 993 663 1030 nec
707 978 1001 1044 quidquam
1036 979 1406 1031 contentionis
1453 996 1665 1043 amans,
1719 985 1926 1035 ameris
1960 991 2140 1037 tamen

563 1083 628 1120 ac
670 1067 1040 1119 beneﬁcentiae
1094 1068 1337 1134 partibus
1406 1070 1692 1124 universos
1746 1074 1962 1125 vincere
2012 1088 2141 1126 eon-

570 1159 830 1211 tendebat
883 1178 897 1221 ;
941 1159 1233 1228 facilisque
1283 1163 1447 1237 vitam
1500 1163 1797 1230 amisisset,
1849 1174 1901 1217 ut
1937 1166 2141 1218 amoris

566 1252 672 1302 vim
710 1261 969 1318 quantam
999 1253 1241 1313 haberet,
1273 1253 1608 1308 ostenderet.
1644 1255 1780 1307 Cum
1805 1271 1934 1308 vero
1965 1256 2139 1315 multa

565 1359 628 1394 ac
659 1358 850 1412 magna
881 1355 1160 1412 superent,
1191 1346 1388 1413 quibus
1415 1347 1616 1413 possim
1644 1346 1718 1398 rei
1759 1347 1932 1400 facere
1960 1348 2139 1411 tidem,
2169 1377 2172 1379 -

567 1435 653 1486 ubi
691 1446 874 1488 tamen
931 1436 1164 1489 duorum
1222 1449 1431 1490 tantum
1483 1439 1800 1504 meminero,
1855 1457 1966 1492 rem
2007 1442 2143 1494 satis

566 1529 853 1581 confecero
892 1545 906 1581 :
982 1544 1301 1598 quanquam
1342 1542 1394 1584 et
1434 1531 1523 1584 illa
1562 1533 1775 1590 multis
1837 1533 1903 1585 de
1958 1513 2142 1593 causis

567 1636 686 1673 sum
715 1621 1042 1682 compendio
1071 1624 1316 1675 dicturus
1363 1640 1377 1687 ;
1431 1639 1552 1676 cum
1590 1639 1688 1677 nec
1748 1625 1952 1694 alioqui
1985 1624 2142 1684 mihi

567 1725 751 1763 sermo
777 1710 850 1762 sit
884 1712 948 1763 ad
982 1725 1078 1764 eos
1112 1711 1205 1780 qui
1239 1714 1506 1766 nesciant.

637 1801 904 1871 Vigebant
942 1805 1104 1867 mala,
1150 1805 1427 1873 tristisque
1460 1806 1616 1861 nobis
1659 1805 1874 1861 fortuna
1909 1808 1972 1862 ad
2003 1821 2150 1862 sum-

569 1911 715 1947 mmu
771 1907 1117 1963 provexerat.
1166 1895 1281 1949 Jam
1351 1898 1617 1964 siquidem
1667 1908 1825 1965 capta
1880 1899 2012 1952 urbe
2047 1898 2147 1967 (l),

569 2004 664 2040 arx
701 1987 773 2041 ita
796 1988 879 2040 vix
917 2002 1021 2039 non
1045 1989 1869 2056 provorabatrapturosbostcs,
1904 1991 2150 2043 cummi-

571 2083 652 2135 les
675 2081 921 2134 Persicus
941 2081 1111 2132 muris
1146 2080 1394 2133 litaret-et.
1420 2081 1642 2134 Interim
1673 2095 1800 2148 ergo
1827 2095 1885 2134 se
1923 2081 2032 2134 dux
2065 2096 2153 2140 sa-

572 2183 853 2227 cramento
887 2173 1202 2239 obstringit,
1258 2172 1607 2240 obstringunt
1635 2188 1852 2240 quoque
1895 2174 2150 2241 praecipui

571 2267 813 2336 praefecti
849 2269 1182 2333 tribunique,
1222 2266 1549 2319 incolumem
1591 2265 1917 2328 remissuros
1954 2267 2154 2333 inpro-

572 2359 835 2411 vinciam.
870 2359 998 2410 Erat
1031 2357 1144 2410 lucc
1180 2356 1374 2408 civitas
1430 2354 1758 2408 Macedoniae
1817 2336 2153 2422 metropolis,

575 2463 654 2500 ac
692 2449 856 2501 urbes
874 2447 1034 2500 aliae:
1105 2461 1340 2514 rumque
1385 2447 1517 2498 adeo
1556 2446 1891 2514 parentibus,
1963 2462 2157 2515 meque

576 2543 716 2609 ipso,
743 2555 805 2592 ac
837 2554 1072 2607 quorum
1105 2540 1169 2590 de
1201 2553 1267 2591 eo
1292 2538 1593 2591 deliberare
1635 2539 1914 2600 intererat,
1968 2552 2156 2594 assen-

575 2630 860 2687 tientibus,
890 2642 977 2682 res
1009 2629 1059 2680 in
1091 2637 1342 2696 promptu
1368 2637 1529 2685 esset.
1579 2627 1746 2695 cmpit
1810 2629 2152 2693 pOStmodutn

575 2728 782 2788 patrem
809 2719 1111 2786 pwnitere:
1175 2719 1246 2771 fni
1285 2735 1412 2772 vero
1463 2720 1579 2788 ipse
1615 2721 1667 2772 in
1707 2735 1892 2780 causa,
1944 2718 2156 2774 tametsi

579 2811 790 2865 nolens.
825 2808 918 2861 Sic
943 2823 1105 2876 porro
1127 2823 1216 2860 res
1248 2809 1458 2874 habuit,

651 2985 732 3038 Me
755 2995 916 3053 caput
942 2998 1006 3037 ac
1033 2983 1199 3052 pedes
1223 2983 1570 3036 vulneratum
1626 2985 1679 3037 in
1733 2999 1831 3037 sua
1872 2983 1961 3036 ille
1998 2996 2158 3037 cxce-

579 3085 734 3146 perat
758 3091 956 3144 genua.
989 3071 1240 3125 Manebat
1270 3088 1396 3125 vero
1445 3073 1719 3133 immotus,
1762 3089 1829 3126 ne
1869 3074 2154 3130 minimum

581 3167 801 3235 quidem
840 3179 1034 3231 corpus
1073 3165 1284 3230 agitans
1310 3203 1323 3223 ,
1351 3177 1450 3231 pro
1501 3162 1784 3216 aﬂ‘ectione
1820 3164 1873 3216 in
1923 3178 2007 3217 me
2039 3177 2159 3216 sua.

582 3237 1279 3322 Sciebateuimaugendum
1301 3253 1690 3306 mihidolorcm
1718 3262 1853 3305 utse
1888 3253 2002 3321 ipse
2045 3267 2162 3304 mo—

582 3355 753 3400 veret.
784 3347 920 3400 Cum
951 3346 1030 3398 sic
1053 3360 1184 3414 ergo
1223 3345 1289 3398 ab
1322 3359 1507 3398 amore
1532 3343 1835 3397 indivnlsus
1857 3352 2168 3406 esset,,ma-

582 3442 750 3497 nebat
784 3455 932 3493 meas
960 3439 1228 3505 lacrymas
1251 3453 1471 3492 curans.
1498 3435 1651 3490 llaud
1683 3439 1828 3489 enim
1853 3435 2011 3490 facile
2030 3436 2168 3489 fere-

585 3533 678 3584 bat
709 3545 738 3582 a
759 3544 844 3582 me
871 3528 1140 3597 separari,
1159 3529 1402 3596 quiesse
1426 3529 1492 3579 ab
1525 3541 1591 3578 eo
1620 3534 1928 3593 separatum
1967 3525 2167 3579 feram.

585 3623 703 3676 Jam
730 3622 891 3675 enim
917 3621 1004 3672 ille
1033 3635 1160 3680 cum
1184 3619 1414 3671 mortuis
1436 3618 1686 3672 conditus
1716 3625 1820 3680 est,
1845 3631 2052 3684 uosque
2076 3617 2170 3669 ad-

587 3719 694 3769 huc
742 3723 1042 3776 exstamus,
1071 3727 1134 3766 ac
1171 3713 1507 3766 sustinemus
1533 3712 1785 3765 sensilem
1815 3711 1958 3764 hunc
1997 3711 2166 3770 solem

588 3807 856 3877 aspicere,
890 3816 1178 3874 postquam
1227 3803 1310 3855 sol
1362 3803 1453 3856 ille
1503 3819 1661 3856 meus
1722 3803 1943 3865 occidit,
2003 3818 2164 3871 quem

591 3916 752 3968 supra
800 3897 1147 3966 splendentes
1174 3895 1336 3948 hosce
1368 3894 1550 3949 radios
1593 3896 1820 3949 charum
1879 3894 2168 3947 habebam.

591 3991 809 4045 Interim
845 4003 973 4056 ergo
1006 3986 1134 4039 dum
1173 4000 1353 4040 moras
1387 3985 1574 4050 trahit,
1639 3985 1703 4037 ad
1738 4001 1825 4038 me
1885 3986 2034 4038 venit
2074 3987 2166 4053 qui

594 4081 830 4142 nuntiet,
866 4087 922 4132 ut
965 4087 1114 4146 pater
1161 4077 1447 4130 consilium
1515 4077 1756 4137 lltlllal‘il,
1813 4078 1937 4129 vitae
1998 4077 2168 4129 aleam

593 4171 822 4233 veritus,
857 4179 912 4221 ut
939 4169 1352 4238 suspicioforet
1381 4168 1570 4221 iniisse
1595 4166 1944 4219 Theodorum
1985 4166 2168 4234 fugam

581 4265 713 4332 ipso
767 4261 1051 4333 probante.
1092 4259 1191 4314 Vix
1255 4276 1284 4313 a
1317 4275 1402 4312 me
1457 4259 1723 4321 audierat,
1791 4274 1913 4310 cum
1969 4259 2171 4311 nullius

592 4371 780 4418 suasu,
810 4365 972 4408 autve
994 4361 1333 4421 exspectans.
1365 4351 1458 4419 qui
1511 4349 1912 4412 adhortaretur,
1969 4353 2173 4420 quique

2185 3119 2232 3183 C

2245 538 2356 573 τειν
2388 520 2586 573 ἐθέλων
2608 536 2621 550 ο
2670 521 2829 573 τοῦτο
2879 523 3000 588 μὲν,
3037 524 3096 573 τὸ
3134 518 3273 573 εἶναι
3304 523 3441 592 ἔχων
3491 524 3643 592 παρά
3678 524 3773 576 σοῦ
3796 539 3812 553 ·

2244 613 2401 664 τοῦτο
2424 613 2500 678 δὲ,
2531 613 2592 664 τὸ
2638 613 2844 682 σφόδρα
2891 613 3166 680 φιλεῖσθαι
3185 631 3201 646 ο
3229 613 3391 666 τοῦτο
3420 615 3496 679 δὲ,
3521 617 3582 666 τὸ
3613 631 3818 667 πεπαι-

2244 701 2491 764 δεῦσθαι,
2521 703 2616 754 καὶ
2661 702 2919 770 μεγάλων
2966 703 3186 769 ἀγαθῶν
3229 703 3682 768 ἀπολελαυκέναι,
3717 708 3816 758 καὶ

2243 796 2538 865 ἠλπικέναι
2569 795 2850 872 λήψεσθαι
2869 795 3062 864 μείζω.
3087 792 3212 864 Εἶχε
3249 797 3352 864 μὲν
3379 796 3551 858 οὕτως
3577 797 3818 865 ναὺτῷτὰ

2245 886 2380 957 πρὸς
2425 886 2517 936 τὸν
2581 873 2979 956 πατέραοεῖχε
3013 887 3067 937 δὲ
3096 886 3161 938 αὖ
3193 889 3393 954 ὁμοίως
3426 888 3518 938 καὶ
3566 891 3632 940 τὰ
3679 891 3814 958 πρὸς

2243 976 2339 1045 τὴν
2383 979 2613 1046 μητέρα.
2653 978 2747 1028 Ὧν
2798 978 2906 1046 γὰρ
2961 978 3096 1044 πρὸς
3145 978 3358 1040 πάντας
3417 980 3662 1048 μέτριος,
3718 980 3808 1031 καὶ

2248 1067 2501 1137 μηδαμοῦ
2537 1067 2776 1138 δύσερις,
2813 1067 2957 1120 κατὰ
2997 1068 3055 1118 τὸ
3085 1067 3258 1135 φιλεῖν
3288 1071 3383 1120 καὶ
3425 1063 3484 1121 εὖ
3515 1072 3689 1122 ποιεῖν
3721 1073 3808 1122 κατ

2245 1160 2576 1224 ἀποδιδόναι,
2608 1151 2829 1229 κρατεῖν
2853 1162 3105 1224 ἁπάντων
3137 1160 3459 1226 ὲφιλοιείκει
3481 1176 3495 1190 ·
3525 1163 3616 1212 καὶ
3641 1163 3810 1232 ῥᾷστα

2242 1247 2308 1301 ἂν
2338 1249 2515 1317 ἀφῆκε
2541 1250 2645 1302 ,καὶ
2689 1247 2751 1298 τὸ
2781 1249 2902 1314 ζῇν,
2934 1247 3082 1308 ὅπως
3114 1246 3174 1298 τὸ
3215 1246 3438 1314 φίλτρον
3469 1246 3616 1311 ὅσον,
3647 1246 3809 1298 ἐνδεί-

2247 1339 2427 1407 ξηται.
2467 1339 2686 1392 Πολλῶν
2713 1339 2768 1390 δὲ
2801 1338 2972 1390 ὄντων
3007 1337 3284 1407 μεγάλων,
3318 1337 3387 1389 δι’
3416 1332 3491 1390 ῶν
3526 1338 3592 1392 ἂν
3630 1337 3814 1408 ἔχοιμι

2245 1432 2476 1498 τάληθὲς
2517 1429 2735 1500 δηλοῦν,
2769 1431 2915 1483 δυοῖν
2957 1447 3020 1497 γε
3078 1430 3240 1498 μόνον
3289 1429 3574 1500 μνησθεὶς,
3611 1430 3815 1484 αὐτίκα

2245 1525 2304 1576 τὸ
2358 1525 2466 1576 πᾶν
2526 1521 2900 1590 ἐπιδείξομαι·
2967 1521 3144 1574 καίτοι
3218 1521 3527 1573 καὶταῦτα
3577 1520 3818 1574 συνελὼν

2246 1613 2356 1683 ὲρῶ
2397 1613 2609 1668 πολλῶν
2652 1612 2854 1664 ἕνεκα’
2904 1613 3025 1664 ἐπεὶ
3071 1613 3162 1665 καὶ
3231 1611 3409 1676 ἄλλως
3459 1628 3523 1679 γε
3573 1612 3634 1665 οὐ
3683 1613 3818 1682 πρὶς

2248 1706 2580 1775 ἀγνοοῦντας
2604 1705 2738 1775 ἡμῖν
2767 1705 2794 1756 ὁ
2823 1703 2999 1769 λόγος.

2323 1795 2430 1852 Ἦν
2458 1799 2514 1849 ἐν
2546 1798 2699 1866 ἀκμῇ
2732 1795 2797 1864 τὰ
2827 1798 2996 1856 κακὰ,
3028 1795 3121 1848 καὶ
3151 1795 3218 1848 τὰ
3246 1795 3346 1864 τῆς
3375 1795 3668 1866 δυστυχίας
3688 1797 3816 1865 ἡμῖν

2252 1892 2307 1953 ἐς
2339 1889 2506 1957 ἄκρον
2537 1887 2860 1958 ὲληλακὸτα.
2895 1888 3005 1939 Καὶ
3034 1888 3214 1938 τοίνυν
3238 1888 3333 1940 τοῦ
3365 1889 3464 1957 μὲν
3495 1890 3688 1950 ἄστεος
3715 1889 3815 1957 ἤδη

2251 1965 2695 2049 κατειλημμένου
2721 2018 2735 2044 ,
2776 1979 2875 2046 τῆς
2902 1978 2958 2030 δὲ
2997 1978 3345 2047 ἀκροπόλεως
3375 1983 3665 2048 μονονουχὶ
3686 1995 3817 2047 προ-

2251 2073 2593 2142 καλουμένης
2627 2071 2756 2134 τοῦς
2811 2069 3175 2138 ληψομένους,
3242 2070 3339 2136 τῆς
3397 2071 3658 2140 στρατιᾶς
3720 2070 3851 2137 τῆς,

2255 2167 2530 2236 Περσικῆς
2573 2163 3039 2234 προσπελασάσης
3090 2163 3168 2232 τῷ
3200 2165 3392 2233 τείχει,
3421 2164 3686 2232 ὀμνύντος
3725 2166 3823 2232 μὲν

2256 2259 2349 2312 τοῦ
2393 2257 2725 2328 στρατηγοῦ,
2758 2257 3038 2325 ὁμνύντων
3061 2255 3115 2308 δὲ
3141 2255 3246 2308 τῶν
3285 2256 3570 2326 ἐκκρίτων,
3614 2257 3824 2308 ἐκεῖνον

2257 2352 2367 2411 σῶν
2424 2352 2500 2410 είς
2535 2346 2835 2417 τὴνπαὺτοιῖ
2887 2348 3285 2422 παραπέμψειν
3333 2348 3542 2416 ἀρχήνο
3596 2342 3664 2416 ἦν
3692 2345 3748 2408 δὲ
3786 2347 3822 2416 η

2261 2442 2595 2512 μητρόπολις
2622 2440 2960 2501 Μακεδονίας
2997 2440 3092 2494 καὶ
3125 2439 3311 2501 πόλεις
3353 2439 3511 2492 ἄλλαι
3533 2456 3546 2469 ·
3577 2439 3604 2490 ὅ
3630 2455 3685 2490 τε
3716 2453 3823 2491 πα-

2256 2537 2379 2603 m?!
2409 2535 2449 2600 ἦ
2475 2550 2534 2585 τε
2579 2535 2765 2602 μήτηρ
2793 2533 2970 2599 κάγὼ,
3005 2535 3101 2586 καὶ
3137 2528 3217 2594 οἷς
3249 2531 3485 2600 ἐμέλησε
3526 2532 3656 2600 περὶ
3677 2530 3820 2581 ἐκεί-

2259 2644 2350 2680 νου
2408 2625 2823 2694 βουλερσασοαι,
2862 2623 3236 2684 συναινοῦντες
3282 2617 3426 2692 ἦμεν
3481 2625 3545 2690 τῇ
3602 2620 3820 2690 πράξει,

2258 2711 2410 2780 ὄντος
2434 2716 2490 2767 δὲ
2521 2716 2578 2766 ὲν
2607 2716 2790 2784 χεροῖν
2821 2715 2915 2766 τοῦ
2952 2714 3136 2782 ἔργου,
3171 2713 3362 2764 ἔπειτα
3392 2712 3695 2780 μετάμελος
3717 2707 3820 2780 ἧκε

2258 2806 2337 2876 τῷ
2367 2807 2565 2875 *πατρί⁶
2616 2791 2683 2874 ἦν
2718 2804 2775 2864 δὲ
2806 2803 2979 2866 αἴτιος
3021 2801 3154 2871 ἐγὼ,
3190 2801 3463 2872 μηδαμῶς
3500 2800 3824 2869 βουλόμενος

2261 2893 2662 2963 εἶναιηΣυνέεη
2692 2895 2746 2946 δὲ
2773 2896 2890 2951 ὡδί.

2333 2988 2690 3056 Τετρωμένον
2730 3003 2796 3055 με
2841 2986 2939 3044 τὴν
2972 2985 3340 3054 κεφαλὴ-ικαὶ
3380 2983 3461 3036 τὼ
3497 2983 3647 3048 πόδε,
3680 2977 3827 3052 εῖχεν

2261 3079 2627 3148 ἀνακείμενον
2661 3080 2754 3130 ἐπὶ
2784 3078 2892 3131 τῶν
2933 3079 3198 3145 γονάτων.
3237 3077 3640 3146 Καὶδιέμεινεν
3671 3077 3830 3143 ἀτρέ-

2269 3189 2398 3243 μας,
2431 3171 2697 3242 μηδαμῶς
2730 3171 2792 3224 τὺ
2823 3171 2986 3240 σῶμα
3015 3171 3184 3223 κινῶν
3236 3170 3402 3237 οἴκτῳ
3427 3169 3506 3238 τῷ
3535 3167 3672 3238 πρὸς
3706 3168 3828 3236 ἐμέ.

2271 3265 2454 3330 Ἔγνω
2470 3311 2472 3313 .
2488 3265 2596 3334 γὰρ
2629 3264 2704 3323 ὡς
2728 3262 2993 3332 κινηθεὶς,
3013 3262 3205 3331 ὀδύνην
3229 3259 3557 3330 προξενήσει
3585 3277 3686 3327 μου
3710 3261 3828 3319 ταῖς

2267 3357 2530 3428 πληγαῖς.
2556 3356 2650 3408 Ὧν
2683 3356 2740 3407 δὲ
2767 3356 3222 3414 δυσαπόσπαστος
3251 3354 3338 3406 διὰ
3376 3353 3437 3404 τὸ
3465 3353 3665 3419 φιλεῖν,
3702 3350 3833 3418 ἐμε-

2269 3465 2359 3501 νεν
2419 3447 2811 3515 ἐπιμελόμενος
2867 3461 2969 3514 μου
3021 3444 3298 3510 δακρύων.
3363 3445 3439 3496 Οὐ
3489 3445 3594 3512 γὰρ
3638 3443 3833 3512 ῥᾳδίως

2269 3540 2434 3609 ἔφερε
2455 3541 2546 3592 τὸν
2577 3539 2708 3607 ἐμὸν
2732 3539 3035 3607 χωρισμὸν,
3059 3537 3151 3602 τοῦ
3185 3540 3277 3598 τὸν
3307 3537 3517 3589 ἐκείνου
3549 3537 3832 3602 φέροντος.

2271 3619 2381 3688 Καὶ
2419 3639 2528 3700 γὰρ
2556 3634 2767 3693 ἐκεῖνος
2825 3631 2964 3701 μετὰ
2991 3633 3098 3683 τῶν
3130 3630 3342 3698 νεκρῶν
3365 3631 3462 3699 ἤδη
3497 3629 3833 3698 κέκρυπταιο

2271 3723 2433 3790 ἡμεῖς
2476 3720 2520 3771 δ’
2560 3721 2618 3770 ὲν
2663 3720 2830 3783 ζῶσιν
2862 3720 2942 3772 ἔτι
2974 3719 3304 3788 φαινόμεθα,
3353 3720 3448 3771 καὶ
3492 3718 3707 3770 τ;ουί;ον“ι⁸
3742 3717 3834 3768 τὸν

2271 3814 2423 3883 ἥλιον
2451 3814 2584 3882 ὁρᾷν
2611 3813 2939 3881 ἀνεχόμεθα,
2965 3811 3397 3873 ὲκείνουδύντος
3444 3811 3548 3862 ὑπὸ
3581 3811 3679 3880 τὴν
3707 3810 3831 3877 γῆν,

2271 3906 2329 3968 ὃς
2375 3901 2443 3976 ἦν
2493 3905 2656 3973 ἡδίων
2689 3903 2817 3971 ἐμοὶ
2855 3904 3088 3969 ταυτησὶ
3127 3903 3226 3970 τῆς
3290 3902 3552 3970 λαμπρᾶς
3597 3902 3836 3960 ἀκτῖνος.

2285 3996 2375 4048 Ἐν
2401 3994 2465 4063 δὴ
2498 3993 2576 4063 τῷ
2618 3993 2835 4062 μέλλειν
2869 3993 3100 4056 ἐκεῖνον,
3131 3985 3235 4061 ἧκέ
3270 4007 3352 4052 τις
3385 3990 3666 4058 ἀγγέλλων
3699 3989 3834 4054 πρὸς

2272 4089 2396 4156 ἐμὲ,
2419 4087 2493 4148 ὼς
2526 4088 2552 4137 ὁ
2587 4085 2766 4156 πατὴρ
2795 4086 3176 4152 μεταμέλοιτο,
3204 4084 3390 4144 δεδιὼς
3428 4082 3556 4150 περὶ
3585 4079 3676 4132 τοῦ
3713 4080 3835 4149 ζῇν,

2273 4182 2338 4230 ἂν
2391 4179 2418 4229 ὁ
2459 4177 2703 4244 δρασμὸς
2759 4174 3074 4244 ὑποπτευθῇ
3127 4172 3458 4240 γεγενῆσθαι
3515 4175 3580 4240 τῇ
3628 4171 3837 4224 ἐκείνου

2265 4269 2488 4339 γνώμῃ.
2513 4269 2622 4322 Καὶ
2643 4267 2700 4330 ὃς
2723 4267 2923 4335 ,μαθὼν
2950 4268 3057 4319 ὑπ’.
3078 4266 3235 4334 ἐμοῦ.
3269 4267 3406 4335 μήτε
3434 4265 3529 4316 τοῦ
3558 4264 3841 4324 πείσοντος

2275 4358 2513 4426 δεηθεὶς,
2561 4359 2698 4427 μήτε
2739 4358 2866 4417 τοὺς
2925 4356 3415 4420 παρακαλέσοντας
3447 4357 3767 4423 ἀναμείνας.
3803 4355 3837 4422 ἦ

595 4456 812 4517 rogaret
837 4462 901 4499 ne
922 4446 1210 4498 stationem
1247 4445 1520 4497 desereret
1553 4443 1608 4496 in
1661 4439 1935 4497 summum
1996 4444 2159 4495 addu-

2275 4451 2401 4510 τοὺς
2437 4446 2766 4511 ἀξιώσοντας
2808 4446 2948 4517 ὑπὲρ
2975 4448 3072 4516 τῆς
3101 4448 3268 4514 μονῆς
3291 4449 3390 4516 τῆς
3419 4447 3500 4509 εἰς
3533 4448 3638 4499 πᾶν
3668 4446 3840 4498 δεινὸν

594 4547 806 4592 centem
841 4538 1158 4600 discrimen,
1195 4551 1307 4592 suae
1344 4536 1513 4605 ipsius
1541 4535 1702 4589 saluti
1735 4550 1796 4588 ac
1827 4536 1970 4601 vitae,
1993 4545 2171 4604 pater-

597 4645 719 4683 nam
745 4631 1030 4697 anteponit
1094 4629 1450 4691 voluntatem,
1487 4642 1556 4681 ne
1605 4643 1781 4681 meum
1832 4628 2045 4696 quidem
2104 4642 2166 4680 ea

595 4732 749 4791 parte
784 4723 1072 4777 consilium
1145 4721 1450 4791 requirens,
1501 4735 1564 4774 ac
1610 4735 1708 4774 nec
1752 4720 1965 4782 matris,
2022 4720 2167 4789 quod

595 4814 780 4882 probis
807 4815 931 4868 ﬁliis
967 4813 1144 4882 majus
1183 4813 1437 4866 omnibus
1467 4820 1569 4866 est.
1613 4811 1848 4865 Sedebat
1885 4827 2014 4881 ergo
2050 4813 2170 4866 lixis

597 4907 652 4959 in
690 4916 886 4958 terram
921 4907 1245 4969 luminibus,
1292 4905 1581 4974 dirumque
1607 4905 1896 4972 quemdam
1953 4905 2173 4957 camill-

597 5011 713 5050 cem
750 4998 933 5049 animo
963 4998 1236 5063 versabat,
1265 5011 1388 5069 cum
1428 5010 1524 5066 per
1553 5010 1675 5048 eum
1731 5003 1920 5060 staret,
1955 4997 2170 5064 quomi-

681 5175 758 5240 (‘l
784 5173 952 5238 (Ῑαρια
976 5179 1124 5234 urbe.
1157 5177 1238 5230 Ab
1268 5177 1584 5231 Andronico
1609 5174 1813 5244 majore
1857 5182 1984 5226 natu
2022 5174 2092 5226 ﬁli
2118 5193 2160 5219 ι-

602 5262 723 5302 ru-m
751 5245 878 5298 Cato
905 5245 1156 5310 Joannis,
1188 5261 1250 5299 ac
1275 5247 1536 5301 Manuelis
1578 5246 1770 5304 fratre,
1803 5245 1995 5295 ambos
2019 5245 2166 5296 obsi-

606 5321 801 5374 dente,
839 5317 1128 5380 impetrato
1161 5332 1190 5369 a
1225 5312 1474 5384 Bajazete
1524 5315 1718 5377 milite,
1755 5321 2039 5384 postquam
2101 5315 2168 5364 ab

602 5389 788 5440 infuso
813 5385 984 5438 oeulis
1013 5399 1168 5439 aceto
1204 5389 1375 5454 patris
1419 5389 1574 5452 jussu
1608 5387 1677 5440 ob
1727 5383 2166 5450 c-mjuratio-wm

603 5461 658 5511 in
692 5460 867 5524 ipsum
905 5457 1155 5509 nonnihil
1193 5453 1564 5510 convaluisset
1595 5473 1609 5507 :
1658 5467 1822 5524 quam
1882 5453 2168 5524 historiam

605 5521 788 5582 narrat
821 5525 1040 5578 Laonic.
1064 5527 1155 5579 lib.
1190 5541 1225 5577 Il
1253 5542 1267 5589 ;
1293 5540 1354 5577 ex
1387 5540 1494 5593 quo
1513 5521 1760 5577 videatur
1794 5522 1900 5593 dux
1929 5521 2032 5574 istc
2062 5522 2171 5593 qui

605 5597 950 5652 Theodorum
994 5597 1147 5649 abire
1191 5590 1562 5664 pet'tttitttsbat,
1601 5595 1776 5664 fuisse
1811 5591 1927 5664 ipse
1955 5590 2178 5664 Andro-

606 5670 785 5728 nicus,
817 5668 907 5734 qui
938 5667 1038 5718 soli
1066 5660 1230 5734 patri,
1252 5665 1322 5717 ob
1351 5674 1628 5734 acceptam
1660 5662 1940 5730 iniuriam,
1977 5660 2175 5734 acilia—

608 5738 753 5790 nncli
805 5732 1094 5806 designato
1146 5737 1486 5804 imperatori,
1541 5733 1789 5790 infensus
1838 5743 2002 5788 esset.
2051 5732 2178 5784 Erat

2272 4539 2616 4606 ἀπαγούσης,
2648 4539 2708 4590 τὸ
2729 4538 2822 4592 τοῦ
2849 4540 3055 4607 πατρὸς
3085 4539 3336 4608 βούλημα
3389 4540 3488 4608 τῆς
3524 4540 3658 4601 ἰδίας
3698 4539 3844 4604 ζωῆς

2277 4627 2580 4699 προῦθηκε,
2610 4631 2745 4698 μήτε
2770 4629 2868 4698 τὴν
2895 4630 3034 4700 ἐμὴν
3061 4630 3255 4699 βουλὴν
3282 4632 3363 4692 εἰς
3387 4631 3546 4681 τοῦτο
3578 4631 3711 4697 ζητή
3725 4646 3844 4692 τας,

2279 4725 2419 4789 μήτε
2451 4723 2556 4788 μὴν
2587 4724 2685 4787 τὴν
2722 4720 2823 4787 τῆς
2859 4721 3084 4790 μητρὸς,
3120 4722 3337 4774 πάντων
3369 4723 3534 4771 οὖσαν
3566 4721 3848 4788 ἰσχυροτέ-

2280 4830 2378 4881 ραν
2424 4813 2595 4864 υἱέσιν
2647 4811 2682 4865 ἃ
2723 4813 2810 4866 ,δεῖ
2859 4815 3214 4882 πράττουσιν.
3265 4813 3535 4880 Ἐκαθητο
3590 4811 3652 4878 δὴ
3707 4811 3850 4861 κατὰ

2279 4904 2464 4976 χθονὸς
2495 4904 2718 4972 ὃμματα
2749 4903 2945 4972 πήξας,
2982 4904 3076 4956 καί
3100 4921 3220 4956 τινα
3249 4903 3628 4972 ἀπάνθρωπον
3646 4903 3846 4972 δήμιον

2283 4996 2690 5066 φανταζόμενος
2714 5011 2728 5026 ο
2768 4997 2864 5047 καὶ
2894 4995 3040 5048 τοῦτ’
3091 4997 3288 5062 ἐποίει,
3323 4995 3512 5065 κύριος
3545 4995 3620 5048 ῶν
3663 4996 3848 5065 πάσης

2272 5175 2435 5229 etiam
2474 5175 2796 5233 Theodorus
2827 5188 3086 5247 acceptus
3109 5180 3330 5241 Turcis,
3369 5180 3471 5232 Sub
3503 5179 3702 5247 quibus
3735 5177 3850 5242 jam

2273 5247 2588 5304 meruisset,
2630 5246 3092 5313 pr_istn10..lu'nque
3128 5258 3350 5302 creatus
3380 5251 3488 5300 dus
3526 5265 3553 5297 a
3601 5246 3853 5310 Bajazete

2275 5316 2630 5374 expeditione
2680 5321 2730 5368 in
2784 5317 3153 5370 Thessaliam.
3191 5317 3321 5370 Vide
3369 5321 3615 5370 cmnleat
3655 5315 3858 5370 Laeni-

2275 5401 2397 5438 cum
2431 5400 2566 5437 :nec
2587 5402 2691 5438 non
2728 5385 2977 5451 Frantz.,
3003 5389 3090 5455 qui
3114 5389 3244 5455 ipsis
3279 5387 3617 5455 temperibus
3655 5385 3856 5441 ﬂm'ens

2279 5455 2346 5508 al
2380 5458 2552 5521 ipsam
2603 5471 2778 5524 usque
2823 5459 2973 5510 urbis
3001 5459 3492 5525 expugnationem,
3529 5455 3850 5525 Palaeologis

2281 5527 2641 5578 charissimns
2676 5542 2739 5579 ac
2781 5527 3118 5582 domesticlts
3154 5529 3415 5588 militans,
3452 5525 3704 5583 scintilla:
3752 5528 3855 5578 im-

2283 5597 2443 5662 perii,
2477 5609 2636 5662 quam
2691 5597 2805 5665 ipse
2840 5599 3100 5665 appellat,
3154 5607 3440 5664 superstes
3479 5597 3603 5664 l'tnt,
3659 5609 3861 5664 t'esqtte

2285 5665 2426 5718 Palu:
2449 5667 2714 5733 ilugurum
2755 5679 3080 5734 prosecutus
3113 5675 3217 5720 est.
