4166 6270
391 338 494 402 201

1180 335 1580 397 THEODORI
1625 331 1982 394 ΒΕΞΡΟΤᾸΞ
2025 330 2418 392 L.~\UDA'[‘IO
2454 327 2870 390 FUNEBRIS.

3554 323 3659 387 202

391 449 720 519 δυσχερείας
747 449 1160 518 ἀπαλλαγῆναι,
1181 449 1246 520 ἣν
1265 453 1292 503 ὁ
1318 448 1583 517 δυστυχὴς
1603 449 1718 501 ἐκεῖ
1734 464 1809 510 ro;
1848 463 1968 498 και-

2076 459 2178 496 niis
2213 443 2278 495 ab
2321 442 2467 494 onmi
2506 441 2592 494 illa
2629 440 2896 501 molestia,
2926 452 3087 507 quam
3127 438 3281 493 triste
3337 438 3467 492 illud
3523 447 3660 492 tem.

393 539 488 609 ρὺς
511 541 645 609 ἡμῖν
698 540 972 608 ἐπήνεγκε
1007 539 1373 608 πολλαχόθενο
1415 539 1640 605 ἀγαθῶν
1675 540 1730 591 δὲ
1783 537 1970 600 τεύξε-

393 632 518 683 σθαι
545 632 640 683 καὶ
673 632 819 701 ἡμᾶς
853 631 1246 700 ἐλευθερώσειν
1279 632 1536 695 ἐλπίζων,
1569 633 1620 683 εί
1644 648 1705 698 γε
1740 631 1844 696 ἔξω
1876 632 1970 697 γέ·-

392 739 535 777 νοιτο
559 724 798 790 δεσμῶν.
850 721 907 774 'l)
935 718 979 775 δ’
1012 721 1184 775 εἵλετο
1215 718 1722 793 συγκαθειρχθῆναι
1767 724 1969 792 μᾶλλον

391 817 527 883 ἡμῖν
586 817 643 867 ὲν
679 814 895 883 εἱρκτῇ,
925 815 958 885 ἢ
993 815 1055 886 δὴ
1109 817 1202 867 καὶ
1238 816 1362 868 καθ’
1406 816 1580 885 αὐτὴν
1617 817 1846 878 θάνατος
1878 811 1966 887 ἦν,

391 907 466 969 ὡς
497 907 695 968 εἰπεῖν,
732 907 940 958 καὶτὸν
973 905 1080 959 ἀπὸ
1115 909 1207 960 τοῦ
1237 904 1427 976 ξίφους
1493 908 1966 977 προσαπειλοῦσα.

395 997 561 1048 Ὥστε
597 995 791 1068 γνώμῃ
829 996 1060 1067 τέθνηκε
1091 998 1178 1050 διὰ
1201 1002 1300 1068 τὴν
1331 999 1426 1053 τοῦ
1457 1003 1662 1070 πατρὸς
1694 1001 1932 1070 ὑποψίαν
1952 1017 1965 1031 ·

397 1089 533 1155 πρὸς
563 1088 628 1157 ἣν
660 1088 724 1140 ἂν
755 1083 867 1157 εἶχε
909 1071 1077 1160 μυρία
1109 1089 1312 1155 λέγειν,
1351 1092 1406 1142 εἴ
1436 1109 1500 1159 γε
1532 1092 1892 1144 ἐϐούλετοπα
1908 1109 1969 1162 ρ-

395 1177 688 1231 αιτεῐσθαι.
738 1179 890 1230 Ἐπεὶ
923 1182 1018 1232 καὶ
1071 1175 1212 1248 ἦσαν
1265 1183 1314 1233 οἱ
1354 1184 1614 1236 τάναντία
1641 1184 1718 1250 τῷ
1761 1185 1974 1253 βασιλεῖ

394 1269 663 1337 λέγοντες,
695 1267 777 1334 οἷς
801 1288 864 1340 γε
895 1273 992 1324 καὶ
1031 1275 1192 1336 αὐτὸς
1219 1276 1619 1344 συνεστοίχουν.
1659 1277 1830 1328 Ὄντα
1861 1279 1971 1345 γὰρ

392 1363 556 1414 αὐτὸν
587 1363 746 1424 ἐκτὸς
774 1362 828 1414 τί
862 1363 961 1415 οὐκ
992 1363 1058 1416 ἂν
1098 1365 1237 1435 ὑπὲρ
1278 1367 1437 1434 ἡμῶν
1472 1368 1718 1434 «pain;
1751 1367 1973 1430 Ἐξουσι

397 1455 494 1522 μὲν
521 1456 577 1507 αί
613 1455 809 1517 νύκτες
839 1455 1288 1523 ἐναγρυπνοῦντα
1341 1461 1462 1519 ταῖς
1497 1459 1737 1526 βουλαῖς,
1775 1453 1862 1520 αἷς
1908 1459 1975 1511 ἂν

391 1549 539 1616 ἡμᾶς
569 1549 819 1618 ῥύσαιτο,
872 1547 1062 1618 ὖρθροι
1099 1548 1179 1613 δὲ,
1222 1547 1612 1618 ἐπιχειροῦντα
1659 1551 1829 1603 ἅπασι
1863 1553 1975 1614 τοῖς

392 1639 576 1704 δὸξασι
608 1639 855 1707 νύκτωρ,
885 1640 1244 1709 φροντίζοντα
1277 1641 1377 1706 μὲν
1408 1642 1518 1693 τῶν
1543 1641 1796 1704 δεόντων,
1824 1644 1974 1704 ὅπως

390 1731 447 1784 δὲ
462 1733 616 1791 τέλος
637 1730 916 1799 προσῆκον
940 1732 1094 1799 σχοίη
1111 1731 1177 1782 τὰ
1203 1730 1453 1793 δόξαντα,
1477 1731 1652 1784 πάντα
1672 1731 1932 1784 ποιοῦντα
1951 1749 1968 1765 ο

2074 549 2176 602 pus
2233 534 2395 586 nobis
2449 533 2765 594 invexisset,
2822 531 2962 584 liber
3009 530 3286 594 evaderet,
3351 541 3659 599 possetqu:

2076 627 2214 680 bona
2242 626 2527 694 consequi,
2563 640 2628 678 ac
2662 638 2788 692 spes
2817 631 2986 687 esset,
3017 636 3118 676 nos
3145 623 3398 690 deinceps
3457 623 3658 676 libera.

2072 730 2276 780 turum,
2305 729 2362 770 ut
2414 717 2482 771 ab
2522 716 2630 771 illis
2697 715 2813 784 ipse
2868 714 3103 768 vinculis
3161 714 3296 766 liber
3370 715 3654 769 evasisset.

2071 810 2635 864 Maluitnihilominus
2661 809 2852 863 eodem
2883 808 3174 862 nobiseum
3207 806 3378 870 teneri
3413 820 3656 869 carcere,

2069 905 2162 972 qui
2187 907 2301 972 ipse
2335 918 2432 972 per
2458 919 2516 956 se
2560 917 2706 955 mors
2742 901 3050 964 videbatur,
3099 914 3161 954 ac
3195 899 3414 953 abunde
3467 899 3663 952 mortis

2071 998 2251 1066 gladio
2315 997 2726 1051 consciscenda:
2805 1003 3010 1048 metum
3090 993 3386 1061 ingereret.
3461 991 3663 1056 Quam—

2071 1089 2256 1143 obrem
2321 1099 2380 1142 ut
2427 1097 2641 1157 spectes
2673 1086 2842 1141 animi
2869 1085 3230 1156 propositum,
3259 1093 3490 1138 mortem
3522 1081 3666 1136 obiit

2075 1182 2145 1233 ob
2178 1180 2374 1232 nudam
2410 1181 2584 1247 patris
2618 1180 3011 1248 suspicionem,
3041 1178 3129 1230 cui
3179 1178 3468 1230 innumera
3494 1189 3664 1243 oppo-

2073 1284 2202 1324 nere
2231 1271 2452 1332 licebat,
2489 1281 2548 1324 ut
2575 1271 2793 1338 quidem
2821 1271 3084 1324 voluisset
3154 1269 3448 1336 imperium
3479 1268 3660 1320 detre-

2075 1371 2247 1416 ctare.
2297 1359 2433 1412 Nam
2482 1376 2658 1429 neque
2703 1361 2930 1414 deerant
2981 1361 3098 1434 qui.
3141 1359 3459 1426 imperatori
3502 1373 3664 1410 secus

2078 1451 2449 1512 consulerent,
2487 1451 2540 1501 in
2567 1465 2800 1516 quorum
2841 1450 2956 1518 ipse
3025 1458 3208 1516 partes
3268 1447 3659 1501 concedebant.

2076 1539 2213 1604 Quid
2249 1541 2392 1593 enim
2427 1541 2514 1593 ille
2579 1555 2698 1592 mox
2735 1540 2952 1607 elapsus
3008 1554 3113 1592 non
3142 1553 3238 1606 pro
3262 1539 3422 1591 nobis
3448 1537 3667 1591 molitu-

2073 1645 2170 1683 rus
2199 1638 2340 1682 esset
2364 1629 2386 1681 ?
2412 1629 2576 1681 Eram
2633 1641 2818 1683 noctes
2870 1630 3139 1684 habitune
3181 1631 3486 1682 insomnem
3515 1629 3566 1682 in
3599 1645 3660 1682 ea

2074 1720 2306 1774 consilia
2350 1720 2564 1790 vigilem
2585 1721 2787 1790 quibus
2818 1737 2916 1776 nos
2959 1723 3189 1776 liberare
3235 1729 3450 1789 posset;
3517 1721 3662 1774 dilu-

393 1820 846 1890 ὑπισχνούμενον,
875 1822 1226 1890 ἐγγυώμενον
1259 1823 1400 1892 ὑπὲρ
1429 1823 1534 1875 τιῖν
1553 1821 1945 1893 ὑπεσχημένων
1966 1843 1979 1856 ο

2091 1813 2212 1865 rula
2233 1827 2380 1872 vero.
2449 1817 2631 1868 omnia
2683 1817 3107 1883 aggredientem,
3171 1830 3291 1882 quae
3339 1829 3433 1882 per
3484 1815 3663 1868 noctis

394 1912 640 1983 ὀμνύντα
678 1912 870 1966 τούτου
901 1912 1098 1980 δεῆσαν
1129 1914 1266 1981 πρὸς
1305 1915 1430 1974 τοὺς
1459 1915 1793 1983 δυναμένους
1821 1916 1963 1975 ἀμύ-

394 2021 544 2059 νεινο
604 2005 771 2075 μηδὲν
835 2006 1010 2058 ἐῶντα
1063 2005 1172 2057 τῶν
1229 2007 1608 2059 συνοισόντων.
1642 2007 1755 2076 Τὴν
1786 2007 1842 2060 δὲ
1898 2005 1962 2078 δὴ

393 2094 669 2164 βοήθειαν,
708 2094 752 2164 ἢ
787 2095 997 2163 προσῆν
1037 2095 1105 2148 ἂν
1162 2095 1380 2157 πάντως
1425 2098 1685 2164 ήμίν,’ὲκ
1738 2096 1832 2150 τοῦ
1896 2098 1963 2150 τὰ

389 2182 678 2235 δεινότατα
726 2181 1088 2246 ἀπειλεῖν,-εἴ
1117 2201 1201 2246 τις
1245 2184 1310 2236 ἂν
1355 2185 1464 2236 τῶν
1517 2187 1962 2255 σωμάτωνξήμίν

391 2273 605 2343 ἅψαιτο,
638 2273 743 2326 ποῦ
772 2291 858 2335 τις
903 2273 973 2327 ἂν
1007 2275 1160 2345 θείης
1195 2276 1361 2329 Οὐδὲν
1406 2277 1471 2329 ἂν
1501 2273 1570 2348 ἦν
1601 2279 1738 2348 αὐτῇ
1783 2292 1965 2348 παρα-

391 2364 620 2433 πλήσιον
666 2366 746 2427 είς
779 2365 838 2417 τὸ
871 2365 972 2435 τὴν
1020 2363 1166 2435 ζωὴν
1200 2367 1334 2434 ἡμῖν
1391 2371 1706 2436 συντηρεῖν.
1738 2366 1810 2420 'll
1860 2388 1961 2422 που

388 2457 488 2526 τὴν
525 2457 689 2510 αὐτοῦ
726 2457 893 2526 φύσιν
933 2459 1096 2526 ἀρκεῖ
1144 2459 1234 2509 καὶ
1271 2459 1429 2523 μόνον
1456 2460 1617 2510 τοῦτο
1661 2461 1838 2522 καλῶς
1873 2461 1965 2529 δη-

2059 1903 2278 1957 silentia
2323 1919 2352 1958 e
2384 1919 2442 1957 re
2474 1905 2590 1959 visa
2621 1915 2808 1959 essent
2842 1922 2857 1958 :
2886 1921 2947 1959 ea
3008 1916 3292 1959 curantem
3323 1921 3443 1974 quze
3481 1920 3663 1974 open:

2068 1997 2304 2062 pretium
2333 2003 2597 2064 putasset,
2626 1999 2872 2066 nihilque
2926 2013 3031 2051 non
3097 2007 3351 2069 agentem
3416 2007 3476 2052 ut
3530 2013 3662 2052 con-

2064 2099 2262 2154 gruum
2295 2085 2383 2140 illa
2423 2087 2580 2140 linem
2637 2087 2949 2156 acciperent
2981 2105 2996 2152 ;
3024 2089 3430 2156 promittentem
3473 2128 3488 2154 ,
3535 2103 3662 2159 pro-

2066 2177 2252 2232 missis
2286 2180 2580 2247 sponsione
2602 2190 2882 2235 caventem
2911 2199 2924 2247 ;
2961 2197 3082 2236 sese
3141 2190 3513 2246 sacramento,
3535 2197 3658 2237 cum

2068 2259 2367 2336 res'ferret,
2406 2273 2470 2326 ad
2499 2287 2594 2327 eos
2647 2274 2738 2342 qui
2785 2285 3011 2343 possent
3041 2276 3255 2339 ulcisci,
3313 2276 3661 2344 obstringen-

2067 2368 2173 2416 tem
2203 2379 2218 2428 ;
2246 2365 2382 2417 nihil
2420 2366 2655 2434 denique
2674 2377 3043 2436 opportunum
3099 2369 3341 2440 negotio,
3398 2370 3658 2424 omitten-

2069 2462 2198 2507 tetn.
2229 2454 2283 2506 ιιι
2323 2470 2451 2508 vero
2486 2457 2670 2510 auxilii
2718 2458 2862 2524 quod
2910 2458 3256 2526 suppetebat,
3320 2459 3658 2525 gravissimis

389 2549 562 2600 λῶσαι
589 2567 604 2613 ;
635 2549 697 2600 El
725 2549 836 2618 γὰρ
862 2548 1006 2617 ὑπὲρ
1038 2547 1280 2615 ὑποψίας
1317 2548 1527 2616 ταύτης
1572 2551 1844 2619 προῠλαεε
1873 2553 1980 2621 καὶ,

2072 2545 2354 2597 intentatis
2393 2548 2579 2608 minis,
2611 2558 2669 2598 ut
2693 2549 2818 2616 quis
2845 2551 3188 2617 corporalem
3250 2550 3410 2602 nobis
3477 2550 3656 2602 hesio-

391 2637 568 2708 νεῦμα
597 2638 824 2706 πατρὸς,
858 2639 952 2690 καὶ
977 2638 1039 2689 τὸ
1069 2637 1191 2690 κατ’
1210 2639 1373 2692 αὐτὸν
1397 2631 1681 2708 ἐτεθνήκει
1708 2655 1723 2669 ο
1754 2644 1849 2692 καὶ
1875 2643 1967 2695 πό-

395 2748 522 2792 σους
551 2731 618 2784 ἂν
663 2730 929 2792 θανάτους
961 2733 1059 2801 οὐχ
1087 2731 1421 2801 ὑπήνεγκεν,
1470 2732 1612 2784 ὥστε
1657 2734 1970 2802 προφανοῦς

393 2821 556 2875 αὐτὸν
607 2821 856 2876 κινδύνου
894 2823 1205 2892 ρύσασθαι;
1241 2825 1314 2875 Οὐ
1354 2823 1604 2893 ζηλωτὴς
1646 2823 1874 2890 ’1σαὰκ;
1909 2826 1970 2877 οὐ

393 2912 486 2967 τοῦ
520 2914 778 2984 Σωτῆρος
803 2914 968 2966 αὐτοῦ
995 2931 1010 2980 ;
1059 2917 1134 2967 Οὐ
1166 2914 1274 2984 γὰρ
1302 2917 1581 2985 τολμηρὸν
1625 2919 1802 2968 εἰπεῖν
1827 2932 1840 2947 ·
1879 2917 1971 2969 τύ-

322 3012 338 3020 ’
393 3021 495 3068 πος
522 3006 633 3075 γὰρ
675 3007 807 3075 ἡμῖν
840 3008 1049 3069 ἐκεῖνος
1099 3007 1197 3059 καὶ
1228 3005 1598 3076 ὑπογραμμὺς
1645 3006 1966 3076 πρόκειται,

392 3099 488 3151 καὶ
513 3097 600 3167 εἴη
630 3099 694 3151 ἄν
731 3115 847 3161 πως
895 3098 1296 3167 κεχαρισμένον
1334 3099 1410 3167 τῷ
1437 3098 1647 3149 ἐκείνου
1693 3098 1884 3173 πατρὶ,
1921 3097 1973 3150 εἰ

391 3206 474 3251 τις
502 3189 767 3259 ζηλώσειε
797 3188 888 3241 τὸν
919 3191 1052 3242 υἱόν.
1101 3189 1196 3243 Ὢν
1233 3188 1288 3240 δὲ
1312 3190 1439 3258 περὶ
1473 3190 1598 3252 τοὺς
1637 3188 1834 3256 γονέας
1855 3205 1969 3240 τοι-

391 3280 570 3345 οὗτος,
610 3280 767 3343 ἄλλος
818 3280 954 3348 πρὸς
1003 3282 1150 3349 ἡμᾶς
1202 3281 1441 3350 ἀνεφάνη
1472 3299 1484 3345 ;
1519 3280 1804 3348 Οὐδαμῶς.
1860 3281 1970 3332 Καὶ

391 3373 502 3441 γὰρ
522 3373 737 3426 οἰκοῦσι
758 3373 858 3442 τὴν
881 3374 1125 3442 φρουρὰν
1146 3373 1328 3438 ὀλίγου
1359 3373 1470 3426 δεῖν
1502 3372 1628 3442 τρία
1658 3371 1776 3442 ἐτη,
1797 3372 1969 3426 πολλὰ

392 3463 657 3532 νοσήμαθ’
687 3466 818 3532 ἡμῖν
852 3463 1152 3534 ἐπέσκηψε,
1174 3467 1268 3517 καὶ
1298 3463 1588 3534 διηνὼχλει
1614 3465 1812 3532 πικρὸν
1841 3465 1968 3533 ἄχρι.

395 3554 592 3622 βάθους
635 3556 978 3624 εἰσδυόμενα,
1028 3544 1120 3608 καὶ
1173 3555 1236 3627 δὴ
1287 3558 1383 3608 καὶ
1429 3556 1755 3624 σπλάγχνων
1788 3556 1968 3608 αὐτῶν

392 3649 487 3699 καὶ
509 3648 752 3717 κεφαλῆς
788 3648 863 3716 μὴ
889 3649 1179 3716 φειδόμενοι
1203 3664 1216 3678 ·
1249 3647 1373 3700 ἐπεὶ
1409 3648 1465 3699 δὲ
1499 3649 1744 3712 ἐλπίζειν
1771 3649 1870 3700 οὐκ
1897 3643 1965 3718 ἦν

391 3737 751 3804 λυθήσεσθαι,
785 3738 883 3788 ὅσα
917 3753 982 3803 γε
1017 3739 1098 3798 είς
1146 3738 1446 3806 λογισμοὺς
1489 3738 1636 3805 ἥκει,
1686 3736 1966 3805 κατηνάγ-

391 3827 528 3888 καζε
554 3827 614 3878 τὸ
660 3827 895 3895 πρᾶγμα
927 3829 1020 3880 καὶ
1051 3829 1224 3898 αὐτὴν
1274 3827 1338 3896 δὴ
1388 3828 1489 3897 τὴν
1541 3828 1709 3897 ζωὴν,
1739 3828 1798 3879 τὸ
1828 3831 1964 3880 πᾶσι

391 3920 568 3986 φίλον,
606 3918 796 3986 ὥσπερ
825 3923 1005 3987 μισεῖν
1039 3919 1182 3972 οὕτω
1215 3921 1468 3989 λυπηρὰν
1497 3918 1687 3971 οὖσαν.

2073 2650 2195 2689 nem
2251 2636 2494 2703 inﬂigere
2553 2642 2800 2705 auderet,
2855 2656 2963 2708 quo
3028 2642 3150 2695 loco
3207 2641 3459 2709 ponam?
3515 2640 3659 2692 Nihil

2073 2740 2206 2780 sane
2238 2728 2376 2780 adeo
2408 2729 2566 2783 nobis
2615 2745 2856 2797 praesens
2885 2732 2950 2782 ad
2979 2731 3100 2782 vitae
3152 2730 3464 2798 praesidium
3519 2739 3658 2782 erat.

2073 2814 2212 2868 Num
2235 2831 2366 2869 vero
2395 2831 2566 2870 unum
2593 2820 2692 2872 hoc
2722 2833 2785 2873 ac
2814 2820 3092 2889 singulare
3116 2820 3365 2888 prmelari
3395 2821 3514 2873 loco
3533 2820 3662 2873 cha-

2073 2910 2322 2972 racteris,
2346 2911 2508 2963 vitam
2535 2912 2653 2976 ejus
2685 2921 2950 2982 quantum
2987 2929 3122 2982 Opus
3156 2924 3260 2976 est.
3325 2915 3462 2968 satis
3529 2914 3663 2968 insi~

2075 3003 2266 3073 gniat?
2295 3002 2574 3071 Siquidem
2611 3005 2756 3058 enim
2776 3005 2846 3059 ob
2897 3005 3064 3059 levem
3089 3023 3208 3058 eam
3263 3005 3657 3073 suspicionem,

2074 3099 2280 3151 nudum
2315 3098 2492 3164 ipsum
2520 3097 2809 3166 occupavit
2840 3098 3012 3164 patris
3065 3107 3282 3162 nutum,
3317 3104 3660 3164 mortemque

2075 3190 2265 3254 obivit,
2291 3204 2410 3258 quae
2431 3204 2542 3242 suae
2564 3199 2723 3241 erant
2749 3199 2929 3256 partes
2955 3204 2969 3252 ;
3000 3204 3139 3257 quas
3179 3204 3287 3242 non
3319 3199 3552 3253 mortes,
3588 3191 3658 3242 ab

2073 3290 2261 3350 aperto
2291 3296 2417 3334 eum
2477 3280 2722 3348 periculo
2783 3281 3136 3344 liberaturus,
3188 3281 3385 3335 lubens
3440 3281 3662 3336 obiret?

2073 3367 2262 3423 Nonne
2293 3368 2464 3423 lsaaci
2512 3370 2806 3438 praclarus
2877 3369 3210 3423 aemulator?
3256 3367 3448 3423 Nonne
3487 3372 3658 3441 ipsius

2073 3475 2292 3531 quoque
2323 3460 2624 3517 Salvatoris
2650 3462 2672 3514 ?
2725 3460 2833 3515 Nec
2855 3463 3000 3515 enim
3064 3473 3274 3516 temere
3327 3462 3533 3516 dictum
3565 3479 3658 3516 ve-

2073 3554 2164 3606 lim
2191 3572 2204 3606 :
2241 3556 2460 3622 quando
2485 3554 2574 3608 ille
2607 3556 2658 3607 in
2683 3556 2990 3623 exemplum
3025 3556 3182 3608 nobis
3217 3556 3531 3622 propositus
3552 3565 3654 3617 est,

2082 3649 2376 3714 placetque
2435 3646 2601 3714 patri,
2668 3654 2725 3698 ut
2799 3661 2921 3700 eum
2990 3646 3334 3700 aemulemur.
3395 3647 3496 3712 Qui
3577 3648 3660 3699 sic

2075 3753 2238 3806 porro
2259 3739 2425 3791 animi
2468 3738 2520 3790 in
2555 3749 2804 3806 parentes
2864 3738 3114 3800 habebat,
3174 3753 3405 3793 secusne
3447 3739 3497 3789 in
3553 3738 3661 3789 fra-

2078 3839 2186 3880 tres
2218 3829 2453 3881 habuit?
2486 3829 2704 3881 Minime
2754 3833 3018 3896 gentium.
3064 3831 3272 3883 Etenim
3336 3846 3458 3883 eum
3493 3831 3658 3884 trien-

2075 3916 2168 3968 nio
2195 3917 2306 3968 fere
2329 3916 2381 3968 in
2409 3918 2666 3984 praesidio
2695 3933 2941 3971 essemus
2962 3920 3062 3990 (l),
3106 3921 3400 3990 multaeque
3426 3924 3658 3976 invasis-

389 4026 515 4073 sent
545 4015 922 4087 aegritudines,
972 4023 1135 4083 atque
1161 4017 1228 4068 ad
1261 4016 1369 4068 ima
1404 4015 1759 4085 pervadentes
1828 4013 1978 4082 gravi
2012 4010 2260 4065 molestia
2297 4021 2640 4079 torquerent,
2673 4028 2738 4066 ac
2779 4029 2957 4082 neque
3013 4015 3292 4070 intestinis
3369 4018 3506 4087 ipsis
3591 4034 3656 4073 ac

390 4113 557 4184 capiti
584 4090 1196 4184 parcerent;cuinque
1235 4109 1381 4162 nulla
1409 4124 1536 4177 spes
1566 4117 1730 4172 esset,
1790 4116 1849 4160 ut
1907 4107 2204 4160 humanam
2264 4106 2534 4161 rationem
2601 4117 2837 4176 spectes,
2898 4107 3098 4164 futurae
3163 4127 3403 4181 unquam
3461 4115 3657 4167 libera-

393 4207 580 4273 tionis,
615 4221 680 4261 eo
706 4220 794 4260 res
822 4206 1003 4276 adegit
1056 4213 1116 4258 ut
1162 4206 1275 4273 ipsa
1310 4204 1564 4260 omnibus
1629 4204 1802 4258 amica
1827 4205 1960 4268 vita,
1991 4204 2257 4271 praetr-isti
2280 4204 2415 4257 adeo
2451 4219 2513 4257 ac
2543 4203 2828 4270 deplorato
2886 4215 3054 4268 statu,
3091 4207 3235 4260 velut
3266 4209 3392 4262 odio
3414 4219 3577 4263 esset.

476 4300 623 4354 Ἀλλ’
655 4302 714 4354 ὲν
744 4302 857 4362 τοῖς
881 4299 1147 4362 τοιούτοις
1176 4297 1327 4351 οὖσιν
1359 4300 1493 4368 ἡμῖν
1523 4294 1625 4368 ἦκέ
1656 4315 1738 4360 τις
1780 4299 1963 4367 παρα-

397 4393 564 4462 μυθία
603 4390 742 4460 πρὸς
787 4388 949 4454 Θεοῦ,
988 4388 1083 4440 καὶ
1137 4389 1236 4450 τὰς
1274 4386 1474 4456 μικροῦ
1520 4385 1965 4456 βεϐαπτισμένας

2143 4297 2412 4350 (Ζωιοτιιιιι
2466 4298 2536 4350 ita
2566 4298 2733 4352 rebus
2791 4298 2948 4352 nobis
3003 4301 3357 4366 comparatis,
3410 4304 3653 4370 quaedam
3703 4341 3712 4349 .

2071 4391 2286 4445 etelitus
2335 4372 2652 4445 consolatio.
2729 4385 2957 4456 alIulsit,
3009 4408 3254 4462 peneque
3312 4395 3537 4449 obrutos
3578 4405 3655 4449 tot

392 4485 526 4553 ἡμῖν
557 4483 737 4552 ψυχὰς
769 4482 873 4533 ὑπὸ
926 4480 1018 4532 τοῦ
1051 4479 1292 4548 πλήθους
1323 4477 1429 4530 τῶν
1459 4477 1740 4546 δυσχερῶν
1809 4475 1966 4528 ἐκού-

2073 4483 2317 4536 tristibus
2351 4484 2585 4547 animos,
2619 4485 2763 4552 quod
2807 4491 2941 4541 Satis
2997 4485 3279 4539 videretur
3323 4488 3544 4541 tristitia
3581 4489 3656 4542 lc-

393 4577 519 4644 φισέ
553 4592 610 4627 τε
646 4571 870 4637 ἱκανῶς,
899 4572 993 4624 καὶ
1041 4571 1414 4640 προσανέσχὲν
1438 4571 1531 4622 ἐπὶ
1559 4571 1769 4640 καῳόν.
1813 4568 1878 4621 Ἦ
1907 4569 1964 4620 δὲ

390 4665 459 4738 ἦν
487 4667 597 4737 (τὸν
624 4666 679 4718 δὲ
706 4665 905 4735 τρόπον
939 4664 1149 4727 σιωπῶ,
1183 4663 1458 4732 παρέλκον
1493 4662 1552 4713 ὅν
1575 4678 1638 4729 γε
1667 4661 1923 4731 ῥηθῆναι)
1949 4677 1965 4692 ’

392 4756 561 4810 αὑτὸν
594 4755 833 4820 ἐξελθεῖν
891 4753 1102 4806 ἐκεῖθεν
1140 4754 1276 4821 μετὰ
1327 4750 1615 4820 συνθηκῶν
1666 4768 1830 4803 τινων
1873 4750 1965 4820 βε-

393 4845 714 4915 ϐαιωμένων
741 4846 928 4913 ὅρκῳ⁹
963 4845 1059 4896 καὶ
1106 4847 1161 4895 αἱ
1193 4841 1462 4909 συνθῆκαι
1499 4841 1638 4909 δόλῳ
1679 4841 1777 4908 μὲν
1823 4841 1963 4910 ὑπὲρ

392 4937 551 5005 ήμῶν
585 4936 753 5005 μηδὲν
775 4951 826 4985 τι
861 4933 922 4984 τὸ
949 4932 1208 5001 παράπαν
1250 4929 1625 4999 ἐπιχειρῆσαι,
1663 4930 1866 4993 ὲξεῖναι
1905 4930 1962 4983 δὲ

391 5025 542 5092 αὐτῷ
567 5022 924 5089 καταλλαγῆς
960 5021 1122 5072 ἓνεκα
1150 5019 1304 5080 δέους
1333 5019 1489 5080 ἐκτὸς
1513 5018 1865 5085 διαλέγεσθαι
1887 5020 1963 5088 τῷ

389 5118 604 5190 βασιλεῖ
625 5133 686 5168 τε
721 5115 818 5168 καὶ
851 5114 1063 5185 ἀδελφῷ
1092 5115 1198 5165 πᾶν
1231 5114 1259 5164 ὃ
1288 5129 1340 5163 τι
1395 5111 1657 5181 βούλοιτο.
1700 5109 1870 5164 Τοῦτό
1899 5128 1962 5177 γε

389 5210 555 5273 εὐθὺς
600 5207 869 5262 ἁκουσθὲν
927 5207 1068 5278 ἐμοὶ,
1101 5207 1275 5258 ἐποίει
1323 5205 1454 5274 ῥᾷον
1506 5203 1817 5257 διακεῖσθαι
1860 5202 1960 5273 τὴν

463 5367 543 5438 (l)
573 5367 706 5438 Cum
739 5361 1100 5438 [eretriennio
1132 5361 1187 5412 in
1218 5359 1467 5428 presidio
1502 5373 1801 5438 ageremus:
1840 5357 1958 5438 _De-

389 5428 599 5492 tinente
629 5428 1256 5498 AndronicoJlajazetes
1288 5429 1622 5498 truncandos
1661 5428 1958 5490 suadebat,

388 5519 451 5561 ut
475 5508 638 5561 habet
671 5502 894 5557 Laonic.
929 5501 968 5554 l.-
1007 5496 1067 5560 ιι,
1099 5501 1190 5552 sed
1225 5499 1455 5551 necdum
1489 5496 1838 5550 Andronicus
1875 5499 1957 5550 sic

297 5621 300 5623 λ
387 5585 614 5631 exuerat
644 5573 944 5634 hominem,
989 5569 1151 5622 ut~ita
1184 5576 1369 5635 posset
1404 5569 1456 5618 in
1496 5568 1702 5635 viscera
1739 5569 1952 5620 saevire.

389 5645 554 5699 Plura
581 5660 645 5699 ac
669 5642 809 5698 scitu
834 5641 996 5708 digna
1013 5634 1601 5708 epistolzeDemetriiin
1627 5634 1792 5703 [logia
1816 5635 1954 5688 Bibl.

391 5732 455 5771 ac
496 5731 560 5770 ea
589 5717 646 5770 in
685 5705 916 5782 primis;
953 5725 1060 5778 qua
1099 5707 1406 5776 gratulatur
1454 5705 1543 5771 iis,
1569 5709 1660 5775 qui
1691 5715 1812 5774 post
1835 5720 1957 5760 car-

705 5810 977 5868 PATROL.
1023 5809 1136 5866 Gtt.
1177 5804 1376 5864 CLVI.

2071 4571 2233 4633 vavit,
2269 4574 2582 4641 malumque
2611 4576 2676 4626 ad
2713 4583 2927 4644 tempus
2957 4576 3144 4630 mitius
3195 4578 3453 4631 reddidit.
3496 4579 3548 4629 in
3587 4595 3653 4631 eo

2067 4669 2184 4712 erat
2234 4660 2324 4713 illa
2357 4663 2664 4717 consolatio
2721 4666 2964 4730 (modum
3025 4676 3180 4721 taceo
3235 4683 3394 4735 quem
3449 4669 3519 4721 sit
3571 4686 3654 4723 su-

2065 4750 2331 4818 perﬂnum
2361 4753 2585 4821 referre)
2623 4764 2683 4807 ut
2735 4754 3080 4821 Theodorus,
3115 4761 3291 4827 pactis
3323 4762 3649 4828 quihusdam

2057 4839 2370 4907 juramento
2403 4842 2654 4908 firmatis,
2688 4845 2812 4899 imle
2841 4847 3037 4900 exiret.
3087 4847 3163 4901 Ita
3199 4864 3390 4918 porro,
3462 4853 3652 4920 utique

2060 4933 2188 4986 dolo
2221 4933 2481 4998 hostium,
2516 4945 2734 5003 pactum
2782 4948 2920 5003 erat,
2953 4951 3009 4993 ut
3048 4941 3185 4994 nihil
3236 4942 3327 4996 ille
3355 4958 3456 5012 pro
3490 4946 3649 4999 nobis

2075 5023 2409 5078 moliretur:
2449 5026 2613 5080 licere
2679 5031 2882 5092 tamen,
2924 5041 2985 5083 ut
3031 5046 3155 5085 cum
3220 5033 3552 5102 imperatore
3589 5050 3652 5088 ac

2073 5110 2241 5168 fratre
2309 5117 2457 5183 pacis
2512 5131 2677 5172 causa
2726 5120 3066 5189 loqueretur,
3090 5125 3351 5194 quidquid
3415 5129 3652 5196 placuis-

2069 5215 2173 5260 set.
2212 5206 2279 5260 Ut
2323 5224 2448 5262 mox
2505 5213 2706 5280 audivi,
2743 5216 2880 5282 carpi
2943 5217 3301 5290 animaequior
3360 5220 3500 5287 ﬁeri,
3551 5235 3650 5274 nec

2067 5377 2248 5443 cerern
2280 5362 2361 5443 ab
2382 5379 2446 5443 eo
2492 5363 2737 5443 liberati,
2759 5369 3035 5443 jam_cum
3089 5375 3426 5443 imperatore
3455 5391 3644 5430 versae

2067 5442 2276 5509 rentur.
2303 5433 2587 5509 Videndus
2610 5433 2832 5509 quoque
2859 5440 3058 5495 Fram.
3098 5445 3131 5496 l.
3161 5433 3200 5507 ι’,
3239 5463 3287 5499 c.
3325 5446 3415 5506 18,
3439 5463 3499 5498 ea
3527 5460 3647 5509 per»-

2066 5504 2365 5584 stri‘ngens,
2392 5513 2519 5584 e'tu‘t
2542 5504 2758 5584 blanuel
2783 5525 2906 5564 cum
2935 5521 3092 5581 patre
3120 5504 3244 5583 fuga
3270 5504 3462 5583 elapso,
3487 5504 3611 5567 adie
3630 5544 3644 5555 -

2067 5572 2180 5650 rint
2222 5583 2276 5652 et
2325 5573 2432 5651 ipsi
2474 5572 2811 5646 Bajazetem,
2851 5572 3209 5652 ac'gratiam'
3240 5572 3374 5640 curri
3407 5572 3643 5651 imperio

2068 5651 2437 5709 ttnpetrartttt.

3285 5814 3313 5874 7
