4166 6270
545 326 663 389 2ὖ3

1759 322 2158 387 ΜΑΝΠΕΙΛΞ
2186 325 2633 387 PAL/EOLOGI

3694 327 3800 392 205

546 449 758 498 tantum
788 439 995 495 auditio
1027 438 1291 495 molestias
1344 437 1469 493 fecit
1541 437 1687 508 quod
1742 438 1892 497 solus
1953 440 2110 495 relin-

2226 441 2427 511 ψυχὴν,
2464 444 2558 497 καὶ
2596 443 2672 514 μὴ
2710 442 2965 497 τοσοῦτον
3000 442 3282 513 ἄχθεσθαι,
3317 441 3394 512 τῷ
3433 442 3596 513 μόνον
3629 460 3802 498 κατα-

543 531 796 600 quendus
857 542 1056 595 essem,
1093 536 1359 598 quantum
1384 529 1560 583 solatii
1601 543 1666 583 ac
1722 529 1927 599 gaudii,
1980 530 2122 598 quod

546 622 635 677 ille
664 620 1049 687 revivisceret,
1126 634 1320 689 nempe
1349 634 1376 672 a
1442 618 1701 688 prmsidio
1753 618 1948 673 exiret.
1995 619 2123 674 Mihi

548 722 695 769 certe.
724 713 945 768 videbar
973 727 1099 767 eum
1132 711 1320 766 videre
1360 710 1555 777 (currit
1602 712 1744 789 enim
1778 711 1931 766 velox
1959 712 2127 781 phan-

546 811 681 871 tasia
709 808 776 863 ad
803 822 929 876 quae
957 810 1082 876 quis
1113 806 1590 875 cupit).consueta
1642 814 1941 860 sectantem
1976 804 2124 873 ejus-

544 916 651 969 que
698 901 842 955 aetati
867 914 1132 969 congrua,
1165 900 1371 953 versari
1435 914 1559 952 cum
1617 898 1922 966 aequalibus
1967 897 2127 950 inar—

543 1007 757 1046 moruut
782 980 1087 1061 palaestris,
1120 991 1173 1044 in
1191 988 1595 1054 venationibus,
1623 990 1676 1042 in
1709 988 2122 1051 certaminibus,

544 1100 779 1155 quorum
838 1083 1285 1139 exercitamentis
1339 1088 1604 1150 augentur
1639 1095 1871 1149 corpora
1929 1080 2126 1135 robore

547 1192 612 1233 ac
640 1180 896 1243 sanitate,
952 1176 1220 1245 habetque
1263 1174 1543 1228 conciliari
1600 1173 1795 1243 gloria.
1848 1171 1975 1227 Η.ῡο
2026 1186 2126 1240 ego

552 1266 744 1336 hisque
771 1268 969 1322 similia
995 1267 1278 1321 somnians
1310 1266 1565 1336 gaudium
1614 1264 1906 1327 habebam,
1960 1271 2122 1332 puta-

542 1362 777 1429 bamque
816 1358 1061 1428 aspicere
1089 1357 1310 1426 praemia
1342 1364 1738 1427 reportantem,
1784 1355 1927 1425 cingi
1953 1361 2120 1424 caput

539 1466 765 1515 corona,
829 1466 892 1506 ac
958 1449 1224 1520 prazconis
1269 1463 1403 1503 voce
1461 1447 1764 1503 renuntiari
1835 1448 2122 1500 victorem.

542 1542 773 1596 Multum
818 1542 1087 1610 siquidem
1135 1541 1184 1596 ei
1216 1555 1407 1595 omnes
1442 1540 1495 1593 in
1563 1537 1831 1608 ejusmodi
1888 1538 2125 1592 delatum

542 1635 818 1691 volebaut.
859 1633 978 1688 Jam
1013 1634 1160 1687 enim
1184 1646 1214 1685 a
1245 1646 1415 1701 puero
1440 1631 1668 1685 sortitus
1720 1638 1858 1692 erat,
1917 1637 1974 1681 ut
2005 1643 2125 1682 om-

540 1723 728 1786 nibus,
760 1721 961 1791 quibus
990 1722 1114 1790 quis
1140 1728 1361 1774 certans
1394 1719 1747 1775 coronandus
1780 1718 1873 1783 sit,
1907 1718 2123 1789 magni-

541 1812 641 1868 ﬁce
681 1821 1008 1882 praestaret:
1050 1827 1225 1883 eaque
1259 1811 1311 1866 in
1342 1827 1408 1866 eo
1450 1812 1674 1881 paribus
1716 1827 1841 1866 cum
1901 1804 2149 1882 corpore

536 1905 604 1958 ad
638 1905 936 1973 perfectum
972 1920 1035 1959 ac
1077 1905 1246 1958 robur
1278 1911 1513 1973 augente
1554 1903 1849 1959 crementis
1896 1918 2119 1973 promo-

538 1996 759 2051 vebnnt.
798 1994 943 2051 Laeta
976 1999 1117 2057 .haec
1163 2012 1375 2052 mecum
1426 1999 1542 2067 ipse
1600 1998 1869 2066 cogitans,
1919 1998 2124 2053 sensim

538 2086 732 2150 tristia,
760 2096 818 2142 ut
848 2087 1053 2153 liceret,
1080 2088 1339 2144 oblivioni
1372 2089 1568 2143 dabam
1604 2104 1619 2141 :
1652 2088 1727 2141 illi
1755 2098 1935 2142 autem
1989 2088 2123 2143 sub-

536 2168 646 2233 ibat
696 2182 821 2244 uri,
853 2181 1000 2249 quod
1040 2195 1148 2234 non
1181 2189 1366 2249 posset
1424 2180 1505 2235 sie
1561 2178 1859 2233 desolatum
1915 2179 2119 2234 vidae.

609 2271 713 2329 Sed
740 2278 792 2327 et
822 2272 952 2325 illud
983 2273 1234 2342 angebat.
1268 2272 1387 2327 Non
1417 2272 1560 2326 enim
1621 2272 1965 2341 poterat,qui
2024 2270 2120 2325 Dei
2194 2272 2205 2281 '

534 2362 731 2417 timore
750 2364 991 2419 nutritus
1011 2372 1178 2429 esset,
1194 2363 1684 2432 spretajuramenti
1698 2362 1978 2433 religione,
1994 2378 2118 2417 cum

531 2455 657 2510 dolo
701 2471 854 2524 opem
889 2454 1053 2513 ferre.
1089 2456 1191 2522 Qui
1217 2456 1402 2510 enim?
1434 2456 1528 2525 qui
1571 2454 1704 2510 nihil
1750 2470 1989 2525 unquam
2026 2470 2121 2523 per

533 2546 783 2599 fraudem
820 2562 885 2601 ac
920 2546 1075 2601 vafro
1110 2547 1335 2611 animo,
1369 2548 1529 2601 etiam
1560 2547 1739 2617 capite
1777 2547 2062 2601 annuisset
2099 2561 2114 2599 :

531 2636 702 2691 videri
735 2646 914 2693 autem
948 2652 1134 2693 eorum
1172 2638 1390 2707 penitus
1418 2638 1723 2709 neglexisse
1761 2653 1972 2702 curam,
1996 2639 2118 2708 qui-

426 2726 429 2730 “
529 2729 636 2782 bus
665 2728 837 2783 nihilo
868 2729 1253 2798 pretiosiorem
1284 2730 1525 2785 animam
1591 2729 1845 2793 ducebat,
1874 2730 1926 2784 id
1985 2744 2116 2784 vero

530 2836 759 2889 prorsus
786 2821 1128 2875 intolerabile
1152 2821 1396 2890 putabat.
1432 2820 1521 2875 Sic
1547 2835 1706 2889 porro
1734 2828 1854 2873 erat
1888 2834 2112 2888 magna-

531 2913 735 2976 nimus,
760 2921 818 2966 ut
836 2921 890 2966 et
909 2912 1127 2982 iniusta:
1146 2912 1433 2967 sententiae
1451 2911 1716 2966 latoribus
1758 2910 2109 2965 reverentiam

529 3007 778 3061 haberet.
822 3006 955 3060 Cum
988 3006 1169 3074 itaque
1216 3004 1413 3059 studiis
1455 3004 1611 3059 divisi
1671 3017 1940 3068 essemus,
1990 3017 2111 3057 sero

2164 1782 2203 1836 Β

2230 530 2539 600 λειφθῆναι,
2577 535 2702 587 ὅσον
2734 534 2833 605 τῆς
2862 533 3037 603 λύπης
3078 534 3433 603 κουφίζεσθαι
3476 534 3555 603 τῷ
3586 535 3803 589 ἐκεῖνον

2229 622 2552 689 ἀναϐιῶναι,
2598 624 2743 691 λέγω
2789 625 2854 695 δὴ
2902 627 2964 679 τὸ
2993 626 3091 696 τῆς
3130 628 3375 696 φρουρᾶς
3427 627 3654 693 ἐξιέναι.
3691 628 3803 680 Καὶ

2229 713 2452 767 ἐδόκουν
2475 715 2636 768 αὐτὸν
2665 717 2800 787 όρᾷν
2824 717 3033 786 (τρέχει
3056 718 3167 787 γὰρ
3189 719 3221 788 ἡ
3250 719 3524 785 φαντασΐα
3556 718 3642 783 ἐφ’
3668 719 3700 771 ἆ
3722 736 3805 779 τις

2226 802 2350 856 λίαν
2387 804 2667 875 ἐπιθυμεῖ)
2698 807 2755 857 ἐν
2804 807 2916 870 τοῖς
2951 807 3201 861 εἰωθόσιν
3241 809 3401 871 ὄντα,
3424 808 3518 860 καὶ
3568 808 3636 861 τὰ
3660 810 3805 871 νέοις

2228 896 2511 965 πρέποντα
2559 900 2701 966 μετὰ
2728 899 2837 953 τῶν
2881 900 3088 971 ἡλίκων
3118 901 3254 972 δρᾷν
3287 902 3343 951 ἐν
3376 899 3555 953 ὃπλων
3589 917 3802 968 γυμνα-

2229 989 2389 1054 σίοις,
2420 991 2479 1042 ἐν
2522 989 2737 1061 θήραις,
2779 993 2835 1044 ἐν
2868 992 3047 1059 ἀγῶσι
3088 991 3386 1062 χορηγοῦσι
3417 994 3529 1054 τοῖς
3571 991 3800 1045 ἀσκοῦσι

2229 1080 2448 1150 σώμασι
2481 1079 2676 1151 ῥώμην
2716 1084 2809 1136 καλ.
2841 1083 3077 1150 ὑγίειαν,
3106 1082 3285 1136 καὶτὸ
3315 1084 3459 1152 μετά
3492 1083 3649 1153 δόξης
3674 1082 3805 1153 βιῶ-

2226 1189 2339 1226 ναι.
2383 1173 2564 1227 Ταῦτα
2609 1161 2704 1227 καὶ
2735 1177 2805 1228 τὰ
2834 1175 3062 1228 τοιαῦτα
3115 1177 3503 1247 ὀνειροπολῶν,
3541 1176 3801 1245 ἔχαιρον·

2228 1265 2319 1317 καὶ
2349 1263 2510 1335 ᾤμην
2533 1266 2751 1336 βλέπειν
2781 1267 2942 1321 αὐτὸν
2975 1265 3113 1321 ἆθλά
3136 1286 3196 1322 τε
3227 1269 3535 1339 δεχόμενον,
3586 1270 3681 1322 καὶ
3712 1286 3809 1321 κε-

2228 1359 2403 1428 φαλὴν
2431 1360 2890 1431 στεφανούμενον,
2937 1364 3031 1415 καὶ
3080 1364 3314 1433 νικητὴν
3367 1363 3797 1434 κηρυττόμενον

2230 1452 2353 1503 ἐπεὶ
2407 1453 2540 1506 πολὺ
2588 1453 2648 1506 τὸ
2701 1454 3127 1525 συγκεχωρηκὸς
3186 1451 3254 1526 ἦν
3306 1454 3457 1524 αὐτῷ
3504 1455 3657 1525 παρὰ
3694 1455 3805 1509 τῶν

2227 1542 2485 1596 ἁπάντων
2515 1545 2573 1597 ἐν
2608 1547 2718 1608 τοῖς
2767 1550 3055 1610 τοιούτοις.
3110 1547 3183 1599 Τὸ
3212 1546 3321 1618 γὰρ
3358 1549 3417 1600 ἐν
3464 1546 3638 1600 ἅπασι
3669 1563 3810 1614 κρα-

2226 1635 2361 1696 τεῖν,
2392 1635 2449 1700 ἐξ
2476 1628 2551 1687 ὧν
2581 1637 2991 1704 στεφανώσεταί
3021 1655 3106 1702 τις
3142 1638 3341 1702 ἀθλῶν,
3374 1638 3535 1691 τοῦτο
3569 1638 3701 1693 δέποί
3734 1638 3801 1689 ἐκ

2233 1725 2422 1786 παιδὸς
2447 1724 2690 1789 ὡσπερεὶ
2716 1730 3186 1798 συνεκεκλήρωτο,
3220 1730 3315 1781 καὶ
3345 1726 3694 1780 συνεπεδίδου
3723 1726 3804 1795 τῷ

2237 1820 2472 1885 σώματι,
2498 1816 2636 1886 πρὸς
2665 1818 2982 1885 τελειότητα
3005 1821 3098 1871 καὶ
3132 1820 3327 1888 ῥώμην
3359 1816 3601 1883 αὔξοντι.
3633 1815 3806 1870 Ταυτὶ

2233 1907 2338 1976 μὲν
2362 1905 2456 1959 οὖν
2487 1907 2554 1959 τὰ
2590 1907 2901 1975 εὐφραίνειν
2928 1908 3202 1977 δυνάμενα
3226 1906 3651 1975 ἐνθυμούμενος,
3681 1907 3808 1957 ἐπε-

2228 1998 2575 2069 λανθανόμην
2598 1999 2673 2062 ὡς
2686 1993 2799 2052 οἷόν
2815 2018 2873 2052 τε
2897 2001 3003 2053 τῶν
3026 1999 3265 2070 ἀνιαρῶν
3287 2018 3302 2032 ·
3332 1998 3526 2068 ἐκείνῳ
3549 1997 3603 2050 δέ
3626 1997 3805 2051 καίειν

2228 2088 2407 2159 ἐπῄει,
2446 2087 2544 2158 τὴν
2577 2088 2715 2159 ἐμὴν
2746 2088 2805 2141 οὐ
2835 2090 3054 2159 φέροντι
3091 2089 3352 2159 μόνωσιν.

2298 2272 2372 2323 Οὐ
2408 2269 2513 2339 μὴν
2546 2270 2683 2325 ἀλλά
2713 2272 2933 2326 κάκεῖνο
2965 2272 3112 2326 τόνδε
3153 2271 3498 2343 προσῆγχεψ
3542 2268 3666 2324 οὔτε
3694 2270 3806 2341 γάρ

2224 2363 2344 2415 ἐνὸν
2368 2359 2435 2435 ἦν
2470 2365 2639 2435 αὐτῷ,
2672 2366 3100 2437 ἐντεθραμμένῳ
3133 2364 3210 2434 τῷ
3252 2363 3389 2436 πρὸς
3421 2364 3510 2417 τὸν
3540 2364 3674 2417 Θεὸν
3708 2363 3805 2432 φό-

2223 2455 2322 2525 ϐῳ,
2376 2456 2683 2526 ὑπεριδόντι
2731 2458 2860 2521 τοὺς
2892 2457 3112 2526 ὅρκους,
3167 2457 3312 2527 μετά
3357 2455 3509 2508 δόλου
3558 2454 3796 2526 βοηθεῖν.

2222 2548 2431 2614 Πόθενς
2471 2541 2515 2615 ᾧ
2545 2550 2714 2617 μηδὲν
2748 2549 3028 2619 ἀπατηλὸν
3054 2549 3187 2620 μηδέ
3236 2548 3658 2618 παλινάγρετον,
3686 2546 3715 2599 δ
3744 2562 3796 2597 τι

2221 2641 2325 2692 κᾶν
2354 2640 2566 2711 κεφαλῇ
2616 2641 2910 2711 κατένευσε
2937 2658 2949 2670 ⁸
2976 2642 3069 2696 καὶ
3098 2642 3158 2695 τὸ
3186 2642 3321 2704 ὅλως
3351 2641 3576 2711 ἀμελεῖν
3619 2640 3790 2708 δόξαι,

2218 2723 2291 2781 ὧν
2320 2732 2413 2784 καὶ
2436 2732 2535 2802 τὴν
2559 2732 2725 2786 αὐτοῦ
2747 2733 2925 2804 ψυχὴν
2955 2733 3107 2786 οὐδὲν
3139 2728 3241 2804 ἦγε
3276 2732 3495 2803 βελτίω,
3522 2732 3787 2803 οὖμενουν

2219 2824 2402 2897 ἡγεῖτο
2456 2824 2694 2894 φορητὸν
2749 2826 2808 2878 τὸ
2842 2826 3105 2895 παράπαν
3130 2841 3144 2855 ο
3190 2821 3258 2897 ἦν
3288 2826 3397 2896 γὰρ
3429 2826 3684 2880 τοσοῦτον
3731 2827 3789 2879 ἐι

2217 2910 2364 2980 αὐτῷ
2393 2910 2452 2981 τὸ
2476 2912 2779 2983 φιλότιμον,
2824 2914 2947 2967 ὅσον
2993 2914 3275 2967 εὐλαϐεῖτο
3323 2917 3416 2967 καὶ
3447 2916 3574 2979 τοὺς
3602 2916 3663 2969 οὐ
3711 2915 3788 2967 δι-

2217 3001 2381 3055 καίαν
2434 3003 2740 3068 ἐξοίσοντας
2791 3005 2998 3075 ψῆφον.
3048 3007 3331 3071 Ἐναντίας
3380 3008 3565 3062 τοίνυν
3622 3007 3788 3077 οὐσης

530 3097 773 3161 tandem,
830 3098 1030 3166 vixque
1087 3096 1258 3161 suasi,
1323 3112 1431 3166 qua
1491 3096 1731 3164 probans
1777 3093 1854 3149 ita
1914 3095 2109 3149 melius

2217 3095 2348 3163 ἡμῖν
2374 3097 2474 3166 τῆς
2510 3095 2805 3166 θελήσεως,
2832 3098 2930 3167 ὀψὲ
2966 3101 3059 3151 καὶ
3107 3102 3267 3169 μόγις
3297 3100 3463 3154 αὐτὸν
3495 3102 3780 3166 ἀνέπεισα,

533 3192 664 3244 mihi
722 3193 943 3261 pariter,
989 3208 1052 3246 ac
1089 3193 1223 3261 patri
1249 3207 1346 3261 per
1377 3191 1427 3245 id
1464 3200 1662 3260 tenpus
1686 3189 1924 3253 absenti,
1977 3204 2109 3245 con-

529 3282 732 3337 sultum
764 3283 851 3347 iri,
881 3292 941 3339 ut
973 3284 1200 3338 illecum
1239 3283 1433 3336 amicis
1457 3297 1521 3337 ac
1571 3280 1806 3337 inimicis
1858 3296 2107 3344 versans,

529 3375 595 3428 ad
624 3384 888 3445 utrosque
914 3391 1035 3444 quae
1066 3376 1519 3444 operaapretium
1546 3383 1732 3442 essept
1752 3414 1768 3439 ,
1799 3374 2108 3442 negotiare-

531 3477 651 3534 tur;
688 3482 797 3536 qua
832 3467 1132 3532 afﬁrmans,
1159 3468 1239 3523 sic
1308 3482 1394 3521 me
1418 3465 1692 3532 allectum,
1732 3474 1791 3522 ut
1847 3466 2004 3520 malis
2023 3464 2109 3519 di.

528 3560 763 3614 rissimis
809 3560 1107 3614 lentandus
1187 3573 1389 3621 essem,
1468 3558 1643 3613 utille
1722 3559 2103 3625 obtemperans

524 3653 678 3702 exire
704 3650 1053 3703 detrectaret.
1117 3648 1207 3702 Sic
1251 3647 1342 3701 ille
1396 3662 1465 3701 ne
1498 3646 1633 3700 falso
1676 3646 1899 3714 quidem
1938 3645 2105 3698 ullam

526 3742 840 3810 opinionem
878 3740 1024 3794 iuuri
1091 3739 1419 3804 sustinebat,
1477 3739 1733 3809 famaque
1755 3740 1824 3795 ab
1877 3737 1997 3807 ejus
2023 3737 2105 3790 in-

524 3833 651 3887 dole
715 3848 778 3887 ac
821 3832 1027 3896 animo,
1098 3830 1550 3899 institutioneque
1605 3831 1955 3893 abhorrente,
2016 3842 2105 3882 as-

527 3925 674 3992 pet-gi
709 3925 951 3978 timebat.
987 3925 1079 3977 Sic
1119 3924 1171 3976 in
1236 3938 1337 3976 nos
1391 3923 1632 3978 fraterne
1681 3921 1910 3989 aﬂ'ectus
1962 3929 2103 3982 erat,

528 4024 586 4069 ut
618 4031 832 4070 mecum
870 4016 1101 4080 versari,
1140 4030 1303 4084 quam
1338 4031 1461 4069 cum
1504 4016 1625 4070 aliis
1689 4016 1973 4084 voluptate
2000 4013 2104 4067 frui

525 4107 703 4175 potius
766 4108 1039 4159 haberet:
1103 4109 1455 4176 carcerisque
1516 4107 1803 4176 angustiae,
1857 4106 1945 4160 vix
2000 4106 2105 4159 illae

522 4198 644 4252 alia:
672 4214 833 4268 quam
866 4199 1125 4266 sepulcri,
1179 4200 1323 4268 regia
1353 4199 1429 4252 illi
1498 4199 1844 4265 angustiores
1911 4208 2102 4264 erant,

524 4291 873 4360 tenebraeque
904 4306 1068 4358 quam
1117 4291 1253 4343 solis
1301 4290 1554 4357 Splendor
1588 4287 2102 4353 desiderahiiiqres;

522 4399 585 4438 ac
615 4384 860 4443 demum,
884 4383 1066 4436 omnia
1115 4396 1328 4435 mecum
1358 4379 1622 4448 dulciora,
1684 4394 1992 4448 quanquam
2016 4372 2103 4432 es-

2212 3185 2281 3237 τὰ
2317 3186 2416 3252 μὲν
2446 3187 2660 3250 δεικνὺς
2690 3186 2765 3251 ὼς
2812 3189 3020 3259 βέλτιον
3059 3191 3124 3243 ἂν
3164 3192 3377 3258 γένοιτο
3414 3195 3508 3246 καὶ
3538 3192 3663 3260 ἐμοὶ
3693 3200 3784 3246 καὶ

2213 3277 2290 3348 τῷ
2318 3282 2508 3348 πατρὶ,
2541 3279 2639 3333 οὐκ
2667 3280 2780 3333 ὄντι
2812 3282 2929 3349 μεθ’
2967 3285 3124 3351 ἡμῶν
3168 3286 3478 3355 τηνικαῦτα
3519 3283 3696 3351 εὔνοις
3726 3304 3784 3337 τε

2221 3372 2317 3423 καὶ
2348 3370 2673 3441 δυσμενέσιν
2704 3373 2867 3426 αὐτὸν
2893 3377 3150 3436 συνεῖναι,
3186 3377 3276 3428 καὶ
3317 3377 3453 3444 πρὸς
3488 3378 3784 3447 ἑκατέρους

2211 3461 2638 3529 διαπράττεσθαι
2672 3464 2740 3515 τὰ
2789 3464 3013 3517 εἰκότα·
3048 3467 3113 3531 τὰ
3150 3466 3195 3518 δ’
3243 3468 3676 3536 ἰσχυριζόμενος,
3710 3467 3787 3531 ὡς

2211 3553 2449 3620 ἐμαυτόν
2483 3570 2600 3615 πως
2638 3555 2969 3625 αἰσθάνομαι
3006 3561 3407 3628 πειρασόμενον
3428 3560 3620 3626 δεινῶν
3651 3564 3786 3629 ἀνη-

2211 3646 2445 3711 κέστων,
2478 3646 2545 3716 ἣν
2571 3646 2873 3725 ἀπειθήσας
2906 3649 3054 3718 ἐμοὶ,
3088 3651 3183 3719 τὴν
3208 3651 3419 3704 ἐκεῖθεν
3440 3652 3623 3721 έξοδον
3651 3655 3786 3708 ἀπο-

2214 3736 2480 3805 σείσηται.
2517 3738 2705 3803 Οὕτως
2736 3740 2943 3802 ἐκεῖνος
2990 3742 3051 3793 οὐ
3105 3742 3441 3813 κατεδέχετο,
3475 3744 3597 3797 οὐδέ
3653 3744 3782 3812 γοῦν

2208 3827 2375 3898 ψευδῆ
2409 3846 2530 3883 τινα
2556 3829 2716 3895 δόξαν
2745 3830 2854 3884 τῶν
2883 3833 2944 3883 οὐ
2983 3832 3165 3884 καλῶν
3196 3835 3594 3906 προστριϐἧναι
3622 3850 3637 3865 ’
3667 3836 3782 3888 ἀλλ’

2209 3922 2396 4001 ἐδεδίει
2433 3922 2529 3975 καὶ
2560 3923 2751 3993 φήμην
2774 3924 3090 3993 ἀπᾴδουσαν
3118 3924 3218 3992 τῆς
3252 3925 3420 3979 αὐτοῦ
3446 3926 3540 3980 καὶ
3567 3928 3781 3995 φύσεως

2211 4015 2303 4066 καὶ
2330 4016 2555 4082 γνώμης
2581 4016 2672 4068 καὶ
2712 4015 2985 4076 παιδείας.
3021 4016 3177 4068 Οὕτω
3208 4021 3344 4085 πρὸς
3380 4020 3527 4088 ἡμᾶς
3562 4019 3781 4085 ἀδελφι-

2209 4104 2317 4164 κῶς
2360 4100 2527 4173 εἶχεν,
2558 4103 2635 4167 ῶς
2681 4103 2889 4173 βέλτιον
2923 4104 3080 4174 ἄγειν
3125 4107 3365 4158 συνεῖναί
3407 4125 3499 4175 μοι
3530 4108 3624 4159 τοῦ
3658 4105 3780 4177 μεθ’

2209 4193 2410 4262 ἐτέρων
2451 4194 2701 4263 τρυφᾷν·
2738 4195 2832 4245 καὶ
2881 4189 2949 4263 ἦν
3000 4194 3151 4264 αὐτῷ
3195 4196 3567 4267 δεσμωτήριον
3621 4198 3779 4267 τάφῳ

2208 4284 2596 4355 παραπλήσιον
2621 4284 2728 4363 τῶν
2754 4284 3045 4353 βασιλείων
3088 4265 3496 4360 λαμπρότερον,
3529 4291 3623 4342 καὶ
3653 4265 3780 4344 σκό-

2194 4393 2299 4439 ητος
2338 4376 2714 4444 ποθεινότερον
2768 4376 2870 4445 τῆς
2920 4379 3170 4441 ἀκτῖνος·
3231 4381 3326 4433 καὶ
3356 4382 3545 4444 ἁπλῶς
3602 4382 3779 4435 πάντα

522 4483 643 4527 seut
673 4472 991 4534 durissima,
1047 4472 1301 4524 omnibus
1351 4468 1607 4537 deinceps
1640 4468 1917 4531 dulcibus,
1958 4483 2095 4536 quo-

2214 4466 2336 4537 ἡδίω
2382 4467 2451 4518 τὰ
2488 4466 2606 4536 μετ’
2636 4467 2794 4535 ἐμοῦ,
2840 4470 2889 4520 εὶ
2922 4471 3016 4520 καὶ
3067 4469 3183 4523 λίαν
3212 4471 3496 4525 δεινότατα
3545 4471 3633 4543 ἦν,
3671 4476 3780 4527 τῶν

521 4580 639 4618 rum
676 4563 789 4632 ipse
817 4578 1007 4617 exsors
1049 4576 1220 4617 eram.
1280 4560 1374 4615 Sic
1436 4574 1560 4613 Vt'l‘o
1615 4574 1806 4615 rursus
1835 4560 1920 4624 iis,
1973 4571 2096 4629 qua:

520 4657 634 4710 visa
660 4657 791 4709 mihi
823 4663 1007 4709 essent
1030 4651 1453 4717 obsequebatur,
1486 4661 1543 4704 ut
1570 4651 1652 4704 vel
1681 4658 1890 4716 tantum
1914 4664 2091 4704 auuu-

518 4764 610 4801 ere
640 4749 854 4802 abunde
885 4755 1051 4801 esset.
1080 4745 1280 4814 Aitque
1326 4743 1601 4797 facturum
1648 4743 1789 4811 quod
1823 4742 2092 4808 volebam,

518 4856 830 4909 quanquam
858 4841 911 4892 id
949 4840 1083 4894 tiens
1114 4851 1320 4894 amare.
1364 4836 1432 4890 At
1462 4851 1559 4905 ego
1582 4875 1596 4900 ,
1625 4836 1727 4890 etsi
1788 4834 1983 4888 mirum
2013 4835 2094 4888 vi-

520 4934 734 4997 deatur,
763 4942 821 4985 ut
882 4933 1046 4986 ﬂente
1088 4933 1200 4997 illo,
1245 4945 1402 4999 teque
1464 4930 1580 4997 ipse
1633 4930 1818 4982 animo
1864 4943 2041 4982 essent
2075 4966 2091 4991 ,

519 5023 822 5092 gaudebam
862 5032 1040 5076 tamen
1076 5023 1194 5093 ejus
1226 5024 1395 5091 ipsius
1429 5022 1521 5089 qui
1567 5019 1740 5084 ﬂeret,
1786 5034 1849 5072 ac
1922 5020 2092 5089 patris

517 5114 868 5186 imperatoris
923 5129 1124 5170 amore.
1162 5115 1297 5170 Fore
1326 5116 1472 5169 enim
1526 5112 1782 5183 putabam
1830 5111 1972 5179 patri
2001 5125 2092 5165 so-

518 5208 670 5270 latio,
702 5217 762 5260 ut
793 5208 841 5259 ei
870 5207 1036 5269 ﬁlius,
1063 5217 1125 5259 ut
1168 5207 1242 5259 ita
1272 5205 1486 5274 loquar,
1521 5204 1588 5257 ad
1655 5204 1820 5256 vitam
1860 5202 2086 5257 rediret.

514 5301 808 5363 Caeterum,
849 5313 970 5351 cum
998 5298 1153 5352 resin
1188 5306 1439 5367 promptu
1489 5297 1742 5353 omnibus
1790 5295 2085 5358 videretur,

512 5393 657 5448 haud
691 5401 873 5447 tamen
911 5390 1116 5443 exitum
1151 5390 1364 5452 habuit,
1395 5388 1505 5444 Deo
1557 5389 1745 5443 melius
1791 5385 1995 5456 aliquid
2022 5386 2088 5438 de

511 5488 667 5543 nobis
701 5486 1050 5556 disponente,
1077 5493 1137 5537 ut
1172 5498 1239 5537 ne
1289 5482 1548 5537 nimirum
1587 5481 1677 5534 ille
1741 5481 1950 5548 absque
2003 5494 2089 5531 me

511 5594 573 5631 ac
606 5558 970 5646 patreexiret.
1002 5572 1178 5641 Quod
1234 5574 1380 5628 enim
1426 5573 1706 5641 impedivit
1769 5571 2085 5635 consilium,

508 5670 761 5721 omnibus
791 5668 949 5723 nobis
974 5665 1220 5722 elabendi
1269 5679 1299 5720 e
1325 5678 1544 5719 carcere
1579 5663 1887 5716 communis
1918 5675 2083 5715 causa

510 5761 632 5813 luit.
668 5744 868 5812 Verum
902 5776 1011 5812 rem
1059 5756 1367 5812 accuratius
1425 5752 1742 5813 edisserere,
1794 5766 1963 5820 neque
1996 5766 2085 5805 no-

2203 4550 2265 4624 γέ
2295 4556 2463 4626 ἡδέων
2498 4557 2627 4625 ἑξῆς
2668 4558 2951 4625 ἁπάντων,
2987 4554 3060 4613 ὧν
3084 4564 3185 4614 οὐκ
3210 4565 3277 4617 ἂν
3311 4566 3560 4635 μετεῖχον
3589 4567 3774 4630 αὐτός.

2214 4649 2354 4701 Ἀλλ’
2388 4650 2530 4703 οὕτω
2585 4650 2771 4715 πάλιν,
2805 4648 2884 4715 οἷς
2925 4654 2992 4706 ἂν
3040 4656 3229 4725 γνοίην
3261 4657 3531 4721 ἐπείθετο,
3568 4659 3643 4721 ὡς
3677 4663 3778 4728 ἀρ-

2202 4740 2339 4792 κοῦν
2372 4736 2511 4793 εἶναι
2548 4742 2644 4793 καὶ
2673 4741 2861 4794 νεῦσαι
2886 4756 2903 4772 ⁶
2938 4744 3031 4795 καὶ
3062 4744 3165 4813 ἔφη
3200 4748 3431 4815 πράξειν
3482 4748 3509 4799 ὃ
3540 4749 3773 4818 θέλοιμι,

2198 4832 2297 4883 οὐκ
2332 4831 2458 4883 ἄνευ
2486 4830 2578 4883 τοῦ
2614 4832 2874 4901 δακρύειν
2922 4836 3138 4904 πικρόν.
3178 4836 3320 4903 Ἐγὼ
3350 4838 3419 4900 δ’,
3457 4841 3503 4890 εί
3534 4841 3628 4892 καὶ
3669 4856 3774 4891 πα-

2202 4921 2421 4991 ράδοξον
2462 4922 2670 4975 ἐκείνου
2732 4923 3010 4995 κλαίοντος
3042 4926 3319 4995 εὐθυμεῖν,
3361 4930 3511 4998 όμῶς
3554 4931 3773 5002 ἔχαιρον

2196 5013 2262 5065 δι’
2298 5015 2462 5066 αὐτὸν
2506 5014 2597 5066 τὸν
2630 5015 2906 5077 κλαίοντα,
2956 5018 3051 5069 καὶ
3086 5017 3315 5085 βασιλέα
3366 5021 3453 5072 τὸν
3495 5022 3765 5091 φύσαντα.

2203 5108 2464 5161 Ἔσεσθαι
2513 5112 2620 5178 γὰρ
2670 5107 3023 5178 παραμυθίαν
3076 5112 3327 5179 ἐνόμιζον
3380 5114 3578 5185 ἐκείνῳ
3621 5117 3768 5185 μάλα

2196 5197 2455 5268 λαμπρὰν
2484 5201 2582 5269 τὴν
2617 5200 2711 5252 τοῦ
2740 5200 2926 5263 παιδὸς
2951 5201 3022 5263 ὡς
3056 5203 3233 5256 εἰπεῖν
3267 5205 3588 5260 ἀναϐίωσιν.
3608 5207 3769 5261 Ἀλλὰ

2195 5290 2303 5357 γὰρ
2330 5291 2419 5343 ὅτε
2446 5292 2611 5345 πᾶσιν
2641 5291 2821 5345 ἐδόκει
2852 5294 2911 5345 ἐν
2941 5295 3123 5362 χεροῖν
3153 5291 3296 5348 εἶναι
3324 5296 3387 5349 τὸ
3414 5300 3672 5368 πρᾶγμα,
3707 5299 3766 5349 τὸ

2192 5382 2241 5435 δ’
2272 5383 2370 5435 οὐκ
2416 5384 2496 5445 εἰς
2528 5383 2679 5445 τέλος
2727 5383 2908 5453 ἐξέϐη,
2945 5385 3037 5437 τοῦ
3069 5384 3206 5438 Θεοῦ
3235 5390 3364 5456 περὶ
3392 5390 3551 5459 ἡμῶν
3582 5393 3767 5461 κρεῖτ-

2193 5473 2282 5527 τόν
2332 5491 2382 5526 τι
2419 5473 2890 5543 προϐλεψαμένου,
2924 5474 3016 5528 ἵνα
3045 5475 3121 5547 μὴ
3150 5480 3319 5548 χωρὶς
3356 5480 3495 5550 ἐμοῦ
3545 5483 3636 5533 καὶ
3666 5483 3761 5535 τοῦ

2193 5568 2396 5634 πατρὸς
2444 5566 2650 5626 ἐκεῖνος
2698 5564 2910 5635 ἐξέλθῃ.
2957 5567 3028 5619 Τὸ
3060 5568 3168 5634 γάρ
3202 5567 3345 5620 τοῦτ’
3379 5571 3666 5640 ἁνακόψαν

2193 5657 2486 5727 βούλευμα,
2527 5656 2660 5709 αὐτὸ
2704 5656 2768 5726 δὴ
2822 5655 2983 5708 τοῦτο
3040 5659 3262 5723 γέγονεν
3292 5659 3468 5713 αἴτιον
3529 5664 3623 5715 τοῦ
3660 5666 3758 5731 τῆς

2189 5751 2409 5820 εἱρκτῆς
2461 5750 2602 5819 ἡμᾶς
2632 5749 2913 5817 διαδρᾶναι
2968 5749 3178 5811 πάντας
3204 5751 3339 5819 ὁμοῦ
3365 5769 3377 5782 ·
3424 5754 3561 5823 ὅπερ
3595 5758 3754 5825 ἀκρι-
