4166 6270
454 400 561 461 205
1238 401 1633 463 THEODORI
1676 405 2035 469 DESPOTi‘E
2076 405 2464 467 LAUDATIO
2498 407 2901 470 FUNEBRIS.
3606 408 3715 472 203

457 511 569 573 63¢
601 511 833 582 φράζειν
864 511 989 567 οὕτε
1023 514 1384 584 προκείμενον
1411 517 1570 587 ήμῖν,
1597 516 1710 570 οὔτ’
1742 517 1808 570 ἂν
1832 519 1918 588 εἴη
1948 518 2035 572 λε·
2065 524 2102 579 Α

2067 524 2107 579 Α
2139 518 2222 573 bis
2254 522 2592 588 propositum
2625 527 2735 584 est,
2759 533 2860 574 nec
2907 518 3081 591 possit
3136 528 3442 589 opportune
3468 538 3481 587 ;
3506 534 3631 576 cum
3656 525 3712 577 et

459 603 655 675 χθῆναι
691 606 789 659 σὺν
812 605 989 678 καιρῷ
1011 622 1025 636 ⁸
1062 606 1240 671 ἄλλως
1269 608 1316 661 θ’
1346 609 1429 662 ὅτι
1460 609 1554 661 καὶ
1593 610 1912 680 περίεργον,
1958 612 2036 664 εί-

2138 610 2340 681 alioqui
2372 612 2669 667 scientibus
2689 613 2872 668 omnia
2917 613 2991 668 sit
3015 627 3481 682 supervacaneum
3500 615 3708 671 dicere.

459 699 610 752 δόσιν
642 700 866 755 ἅπαντα
900 699 1025 769 λῐγε
1035 717 1103 754 ιν.

536 790 730 854 Ὅστις
766 790 865 860 μὲν
888 789 983 843 οὖν
1004 785 1159 853 οὗτος
1184 787 1253 862 ἦν
1274 792 1410 863 πρός
1440 808 1500 845 τι
1520 793 1713 860 γονέας
1740 792 1837 846 καὶ
1858 794 2030 863 ἡμᾶς’

2206 792 2347 848 Puto
2376 793 2581 863 itaque,
2633 795 2768 849 satis
2792 786 3084 866 lsuperque
3128 791 3331 863 duplici
3372 791 3476 847 hac
3521 807 3718 848 narra-

465 884 559 937 καῖ
584 884 687 953 τὴν
717 884 1040 950 συγγένειαν
1070 882 1196 953 ἐξῆς
1225 884 1429 948 πᾶσαν,
1455 884 1602 937 δυοῖν
1626 899 1689 951 γε
1711 884 1885 938 τοῖνδε
1918 885 2036 937 τοῖν

2137 882 2285 938 tione
2309 882 2625 953 probatum,
2660 885 2840 955 qualis
2877 885 2965 940 hic
2996 887 3049 938 in
3082 894 3360 955 parentes,
3395 898 3627 954 nosque,
3656 898 3719 937 ac

461 974 778 1045 εὶρημένοιν
809 974 1183 1044 ἀποδεδεῖχθαί
1233 993 1323 1045 μοι
1356 977 1629 1045 φαίνεται,
1673 976 1752 1039 ὡς
1793 976 1864 1041 ἐξ
1892 977 2034 1031 ὀνύ-

2137 976 2401 1045 reliquam
2458 979 2839 1046 cognationem
2900 984 3067 1039 esset,
3134 988 3399 1047 tanquam
3435 991 3501 1029 ea:
3543 992 3717 1045 angue

464 1083 613 1135 κων,
634 1066 919 1135 (paulun),-
937 1065 1159 1120 λέοντα
1178 1083 1192 1099 ο
1227 1067 1473 1137 μετιτέον
1492 1068 1546 1121 δέ
1569 1069 1658 1121 τὸν
1682 1069 1841 1137 λόγον
1856 1069 1947 1121 ἐπὶ
1962 1068 2034 1121 τὰ

2134 1065 2360 1133 leonem,
2388 1068 2533 1137 quod
2575 1068 2773 1135 aiunt;
2828 1084 2995 1139 porro
3043 1068 3377 1124 traducenda
3429 1068 3609 1123 oratio
3648 1068 3714 1122 ad

460 1158 648 1226 πρόσω
668 1198 682 1221 ,
717 1158 970 1226 παραδρα
980 1158 1082 1227 μού
1091 1174 1250 1228 μενον
1281 1160 1380 1230 μέν
1399 1161 1467 1213 τὰ
1500 1160 1671 1214 πολλά
1694 1161 1802 1214 τῶν
1827 1144 2029 1231 ἐέργων,

2136 1156 2418 1222 ulteriora,
2450 1166 2509 1212 ut
2537 1166 2720 1214 tamen
2766 1160 3023 1229 pleraque
3059 1160 3180 1230 ejus
3217 1174 3445 1230 operum
3485 1172 3715 1231 prater-

454 1248 652 1316 ὀλίγων
698 1249 743 1302 δ’
760 1246 825 1303 αὖ
863 1250 1164 1319 ἀψόμενονυ
1191 1251 1450 1306 τοιούτων
1506 1255 1712 1322 μέντοι,
1740 1254 1880 1308 ὥστε
1931 1255 2032 1324 τὴν

2136 1244 2277 1309 iens,
2338 1262 2510 1315 pauca
2537 1238 2747 1304 tantum
2784 1267 2979 1306 rursus
3011 1254 3365 1321 perstringat,
3399 1268 3475 1306 ex-
3514 1253 3717 1322 quibus

453 1340 664 1393 ἐκείνου
695 1341 958 1396 δύνασθαι
995 1343 1199 1413 ἀρετὴν
1230 1344 1474 1414 φανερὰν
1527 1350 1705 1399 ποιεῖν
1725 1361 1742 1377 ·
1775 1341 1887 1399 εἶεν
1919 1347 2031 1417 γὰρ

2139 1348 2317 1394 tamen
2340 1339 2460 1406 ejus
2493 1343 2780 1409 perspicue
2806 1343 2981 1398 virtus
3004 1344 3241 1398 eluceat.
3284 1345 3495 1413 Quippe
3553 1354 3718 1399 erunt

454 1433 521 1487 ἂν
552 1435 612 1487 οὐ
646 1436 1105 1505 συμπτωμάτων,
1141 1438 1202 1489 οὐ
1244 1438 1435 1508 τύχης,
1474 1440 1536 1490 οὐ
1588 1438 1800 1508 καιρῶν
1848 1438 2034 1491 ἐπιθε-

2134 1442 2243 1483 non
2284 1444 2466 1497 casus,
2492 1446 2600 1486 non
2638 1432 2892 1495 fortuna},
2924 1449 3033 1488 non
3091 1438 3398 1503 temporum
3457 1437 3716 1489 adversa-

456 1528 636 1593 μένων
679 1528 793 1590 τοῖς
823 1529 1130 1592 ἐναντίοις·
1168 1528 1346 1583 ταῦτα
1400 1530 1486 1599 δή,
1539 1531 1607 1584 τὰ
1665 1530 1898 1601 Νέρωνα
1937 1532 2031 1585 καὶ

2134 1522 2231 1576 riis
2271 1522 2629 1592 iniquiorum.
2665 1524 2791 1580 Haec
2827 1542 3058 1597 namque
3111 1527 3371 1583 Neronis
3400 1544 3465 1583 ac
3514 1530 3717 1584 Sarda-

453 1618 880 1688 Σαρδανάπαλον
937 1620 1378 1689 βασιλεύσαντα·
1429 1622 1566 1675 ἀλλά
1622 1622 2030 1694 κατορθώματα

2132 1615 2313 1684 napali
2344 1632 2505 1684 regna
2532 1619 2833 1689 insigniant
2868 1638 2882 1687 ;
2941 1621 3036 1675 sed
3068 1622 3168 1675 viri
3219 1623 3421 1677 virtute
3476 1623 3713 1678 viventis

452 1712 666 1780 ἀνδρὸς,
696 1714 866 1784 ἀρετῇ
898 1711 1284 1783 συμϐιοῦντος.
1306 1700 1495 1778 Μείζω
1526 1715 1633 1785 γάρ
1664 1716 1773 1769 τῶν
1795 1717 1905 1770 ἀπὸ
1925 1717 2027 1787 τῆς

2131 1706 2395 1775 praeclara
2428 1719 2602 1779 gesta.
2637 1710 2763 1766 Haec
2792 1713 2935 1767 enim
2969 1714 3175 1783 majora
3205 1724 3355 1779 sunt,
3384 1729 3545 1785 quam
3585 1729 3710 1784 quae

453 1803 626 1873 τύχης
658 1805 843 1868 ταυτὶ,
879 1802 1140 1877 ὁπότανῇ
1173 1805 1267 1858 καὶ
1304 1807 1447 1858 πάνυ
1480 1806 1690 1876 σμικρά
1715 1824 1728 1838 ·
1754 1809 1939 1861 ἐκεῖνα
1964 1809 2021 1861 δὲ
2055 1844 2098 1901 Β

2062 1844 2101 1901 Β
2132 1814 2159 1851 a
2190 1797 2433 1867 fortuna,
2464 1802 2556 1857 ubi
2596 1804 2763 1857 etiam
2841 1804 3046 1860 fuerint
3099 1807 3392 1862 admodum
3470 1807 3707 1862 modica.

455 1897 599 1949 πάνυ
649 1897 901 1968 λαμπρά,
934 1899 1133 1950 ὁπόσον
1181 1898 1247 1951 ἄν
1280 1914 1364 1960 τις
1397 1896 1749 1969 ἐνθυμηθείη.
1801 1901 1873 1953 Τὸ
1911 1901 2021 1971 γὰρ
2055 1888 2100 1901 ”

2066 1888 2101 1901 “’
2132 1888 2269 1944 Cum
2302 1902 2486 1947 autem
2528 1895 2684 1950 valde
2719 1896 3026 1965 splendida,
3079 1899 3269 1968 quanti
3300 1900 3390 1953 illa
3431 1898 3547 1953 fieri
3613 1898 3711 1953 de-

428 1989 649 2060 ηεῦγενῆ
681 2006 802 2044 τινα
846 1990 940 2043 καὶ
975 1987 1325 2058 εὐπατρίδην,
1359 1988 1451 2040 καὶ
1485 1990 1819 2062 περιφανείᾳ
1848 1994 2020 2065 πολλῇ

2132 1979 2395 2037 buerinti
2428 1984 2563 2039 Nam
2586 1996 2645 2040 ut
2683 1988 2807 2056 quis
2842 1988 3006 2042 nobili
3032 1991 3286 2059 prosapia
3330 2001 3487 2045 ortus
3514 1991 3587 2044 sit
3642 2006 3710 2045 ac

454 2083 645 2152 συζῇν,
679 2083 776 2136 καὶ
814 2082 1172 2152 ἀνδραπόδων
1231 2082 1461 2153 πλήθεσι
1491 2085 1891 2154 περιρρεῖσθαι,
1926 2086 2022 2139 καὶ

2131 2072 2328 2129 illustri
2384 2078 2584 2145 patria.
2646 2079 3053 2150 admodumque
3098 2082 3382 2150 splendide
3431 2083 3600 2141 vivat.
3644 2098 3709 2137 ac

445 2173 665 2245 πλούτῳ
682 2172 1165 2245 συχνῷκομᾷν,καὶ
1186 2177 1352 2229 πᾶσιν
1370 2176 1598 2239 ἐκείνοις
1620 2178 2018 2250 ἐνευδοκιμεῖν,
2129 2165 2200 2219 δίε
2248 2164 2617 2226 θῖνευῐηίυδυε
2678 2186 2960 2227 δεῖνοτυηι
3030 2173 3243 2243 θετηῑηε
3266 2214 3281 2239 ν
3355 2174 3708 2246 αδυηάθιίίυθ

443 2267 514 2339 δι’
543 2262 617 2323 ὧν
654 2284 714 2321 τε
747 2268 989 2339 τρόπαια
1016 2269 1123 2322 ἀπδ
1156 2269 1264 2323 τῶν
1288 2269 1500 2339 ἐχθρῶν
1531 2270 1771 2334 ἵσταται,
1812 2273 1908 2325 καὶ
1937 2266 2020 2335 οἷς

2128 2258 2282 2325 copia
2314 2258 2652 2325 divitiarum,
2680 2264 2829 2319 aciis
2861 2264 3122 2319 omnibus
3171 2265 3355 2320 clarus
3416 2266 3705 2333 habeatur,

445 2359 513 2413 ἂν
540 2359 936 2429 προσκυνοῖντο
968 2360 1016 2412 οί
1041 2362 1363 2429 μετέχοντες
1392 2363 1456 2414 ἐκ
1485 2361 1594 2415 τῶν
1608 2365 1888 2435 πανταχοῦ
1918 2366 2019 2436 τῆς

2127 2350 2326 2418 quibus
2354 2353 2580 2408 excitari
2609 2354 2809 2411 habent
2846 2363 3048 2425 tropaea
3095 2357 3164 2412 de
3193 2358 3465 2423 hostibus,
3494 2373 3558 2415 ac
3579 2362 3705 2429 qui-

442 2452 769 2521 οἰκουμένης
789 2451 1065 2522 περάτων,
1088 2453 1184 2505 καὶ
1206 2452 1517 2523 ἀνθρώποις
1534 2453 1843 2518 ἀλλοκότοις
1869 2457 2019 2510 ἐστιν

2127 2439 2229 2497 bus
2265 2442 2301 2496 ii
2324 2444 2415 2514 qui
2440 2446 2665 2511 habent,
2722 2449 2791 2503 ab
2822 2450 2974 2506 orbis
3015 2451 3253 2507 universi
3284 2452 3506 2518 ﬁnibus,
3531 2454 3704 2509 hono-

442 2545 532 2595 ὃτε
588 2541 954 2612 παραγίνεται
1011 2541 1271 2609 ἀλόγιστα
1330 2543 1649 2611 περαίνουσι
1698 2546 1788 2599 τὸν
1835 2546 2019 2600 αὐτῶν

2127 2532 2281 2589 ribus
2319 2546 2668 2606 augeantur;
2703 2539 2818 2596 haec
2870 2542 3061 2610 utique
3107 2544 3435 2598 monstrosis
3483 2560 3702 2615 quoque

447 2633 569 2702 βίον
593 2649 608 2664 ο
645 2633 815 2703 ἀρετῇ
845 2631 901 2685 δὲ
931 2631 1028 2685 καὶ
1063 2632 1177 2695 τοῖς
1206 2632 1474 2697 τοιούτοις
1510 2635 1661 2688 οὐδὲν
1693 2636 1759 2689 ἂν
1802 2636 1890 2710 εἴη
1922 2639 2019 2710 δή-

2128 2622 2469 2693 hominibus,
2510 2644 2573 2683 ac
2593 2630 2828 2686 alienea
2858 2633 3075 2687 ratione
3126 2634 3455 2699 viventibus,
3507 2652 3703 2705 suppe-

446 2742 550 2777 που
600 2724 798 2778 κοινόν.
831 2724 931 2777 Διά
963 2723 1122 2777 τοῦτό
1165 2742 1228 2793 γε
1263 2726 1493 2791 ἐκεῖνος,
1535 2728 1563 2781 ὁ
1588 2729 1726 2800 πρὸς
1755 2731 1848 2786 τὸν
1883 2734 2018 2791 Θεὸν

2128 2726 2241 2771 tant
2272 2735 2286 2783 ;
2324 2719 2523 2789 quibus
2559 2722 2721 2791 plane
2751 2738 2815 2777 ac
2842 2723 3031 2779 virtuti
3052 2726 3194 2779 nulla
3245 2727 3561 2782 communio
3588 2728 3703 2784 fne-

444 2817 546 2885 μέν
580 2816 781 2879 ἀπιὼν,
811 2817 965 2886 ὑμῶν
1004 2817 1105 2886 μὲν
1133 2813 1293 2879 αὖθις
1328 2818 1754 2890 ἐπιμελόμενος,
1787 2827 1848 2879 τδ
1888 2830 2016 2883 εεω.

2126 2810 2214 2863 rit.
2254 2808 2618 2876 Quamobrem
2657 2812 2737 2866 vir
2764 2813 2830 2867 ad
2870 2813 3040 2868 Deum
3071 2815 3371 2885 profectus,
3423 2818 3706 2889 nostrique

441 2908 530 2972 θος
572 2907 723 2979 αὐτῷ
760 2909 952 2973 ποιῶν,
981 2910 1115 2963 ὅπου
1162 2911 1256 2963 καὶ
1287 2910 1488 2981 μᾶλλον
1524 2913 1725 2982 ἔξεστι,
1763 2917 1871 2972 τῶν
1912 2921 2015 2991 μὶν

2124 2898 2254 2962 illic,
2278 2913 2439 2970 prout
2480 2903 2726 2959 moribus
2767 2900 3002 2961 habebat
3060 2917 3460 2978 comparatum,
3509 2911 3599 2965 ubi
3646 2920 3700 2963 ct

439 2999 917 3071 ἀπηριθμημένων
952 3000 1080 3070 ἑξῆς
1125 3000 1384 3055 ἁπάντων
1416 3004 1741 3075 κατεφρόνει
1778 3026 1834 3062 τε
1866 3010 2010 3082 λαμ-

2121 2992 2355 3060 amplius
2411 2993 2576 3060 licet,
2629 2994 2826 3051 iterum
2877 2999 3066 3053 curam
3134 3013 3374 3071 gerens,
3432 3001 3712 3061 recensita

441 3090 619 3158 πρῶς,
659 3090 752 3143 καὶ
777 3091 928 3145 οὐδὲν
956 3091 1097 3144 αὐτὰ
1132 3092 1276 3161 μέγα
1299 3093 1549 3165 ἐνόμιζεν
1573 3112 1587 3127 ·
1621 3099 1736 3152 οὐδ’
1756 3090 1913 3171 ήξῐου
1943 3122 2007 3173 γε

2120 3082 2304 3136 omnia
2334 3085 2612 3153 magnifice
2657 3088 2971 3157 spernebat,
3000 3105 3064 3145 ac
3110 3093 3244 3148 nihil
3304 3097 3484 3167 magni
3539 3111 3701 3169 puta-

438 3183 747 3237 ἐπτοεῖσθαι
798 3182 935 3253 πρὸς
968 3183 1140 3248 οὐδὲν,
1184 3184 1212 3237 ὃ
1258 3186 1332 3255 μὴ
1365 3186 1530 3241 καλὸν
1559 3190 1806 3245 οῐκοθεν’
1839 3194 2016 3263 εῐχετο
2043 3204 2082 3257 C

2048 3204 2082 3257 ο
2118 3174 2246 3243 bat;
2284 3191 2387 3232 nec
2414 3194 2473 3233 re
2507 3179 2615 3233 ulla
2662 3182 2878 3237 volebat
2934 3184 3287 3242 admirationi
3338 3204 3482 3256 esse,
3528 3207 3693 3261 quam

436 3274 493 3328 δέ
529 3275 807 3345 ἐπιμελῶς
860 3277 971 3329 τῶν
999 3278 1101 3330 ὅσα
1131 3276 1198 3331 ἂν
1244 3277 1443 3343 βελτίω
1501 3284 1783 3351 ποιήσειεν
1841 3288 2013 3358 ἄνδρα
2117 3266 2164 3321 εί
2190 3282 2311 3337 (ιυεε
2360 3268 2477 3339 ipsa
2515 3286 2579 3327 ³ο
2607 3287 2674 3327 ει
2715 3275 2951 3343 Propriis
2978 3279 3442 3345 Ρταέοητΐθεεεῐε
3489 3286 3700 3339 ειυάίο·

436 3365 598 3420 καλόν
625 3383 685 3418 τε
716 3367 813 3420 καὶ
847 3366 1079 3435 ἀγαθὸν,
1114 3369 1208 3422 καὶ
1242 3368 1302 3434 ἐξ
1325 3369 1548 3437 ἀγαθῶν
1584 3374 1680 3426 καὶ
1707 3376 1891 3430 καλῶν
1919 3395 2012 3448 γε-

2115 3372 2174 3412 se
2207 3374 2338 3414 vero
2366 3363 2700 3430 sectabatur,
2734 3366 2781 3420 si
2828 3382 2936 3436 qua
2991 3371 3312 3438 praeclarum
3363 3388 3426 3429 ac
3470 3376 3694 3444 bonum,

436 3459 653 3533 γονότα.
689 3458 846 3513 Οὕτω
895 3460 1007 3530 γὰρ
1036 3460 1395 3526 πεπαίδευτο,
1430 3464 1528 3518 καὶ
1573 3466 1887 3538 μεμαθήκει
1922 3472 2012 3524 εὑ-

2112 3464 2293 3521 exque
2344 3452 2507 3511 bonis
2579 3471 2644 3510 at:
2700 3458 2977 3527 praclaris
3008 3472 3185 3516 ortum
3243 3465 3519 3521 decerent.
3604 3471 3696 3524 Sic

439 3548 535 3611 οὓς
560 3550 798 3619 τεχθεὶς,
823 3550 898 3615 ὡς
925 3554 1121 3605 εἰπεῖν.
1142 3550 1589 3624 Ἐπαναληπτέον
1611 3556 1667 3610 δέ
1692 3558 1753 3612 τὸ
1793 3563 2010 3631 προκεί-

2114 3556 2350 3612 namque
2384 3546 2667 3603 institutus
2718 3548 2918 3617 fuerat,
2978 3553 3168 3623 sicque
3199 3570 3325 3610 mox
3381 3566 3569 3625 natus,
3632 3572 3693 3614 ut

437 3656 620 3709 μενον,
2111 3634 2187 3689 ita
2222 3636 2422 3704 dicam,
2470 3640 2758 3695 didicerat.
2805 3642 3153 3701 Resumenda
3227 3648 3387 3703 nobis
3444 3651 3734 3722 subjecta‘

2112 3728 2361 3784 materia.

508 3817 636 3890 Εἶχε
668 3820 736 3873 τὰ
787 3818 1089 3889 πράγματα
1122 3818 1309 3882 κακῶς
1356 3823 1422 3890 τῇ
1462 3820 1878 3895 Πελοποννήσῳ,
1911 3827 2008 3879 καὶ

2182 3814 2319 3869 Male
2354 3834 2442 3873 res
2515 3818 2873 3889 Peloponnesi
2916 3826 3217 3892 habebant,
3271 3832 3505 3899 ejusque
3560 3833 3690 3887 illuc

431 3913 610 3965 ἐδόκει
640 3911 751 3963 δεῖν
795 3910 961 3963 αὑτὸν
1007 3913 1144 3962 ἱέναι
1185 3911 1318 3981 παρ’
1344 3911 1517 3981 αὐτήν
1547 3925 1563 3943 ο
1598 3911 1759 3967 λῦσαι
1809 3915 1916 3983 γάρ
1942 3915 2008 3968 ἂν

2111 3905 2377 3973 profectio
2406 3924 2587 3975 opera:
2620 3913 2853 3979 pretium
2893 3916 3201 3972 videbatur.
3257 3919 3397 3976 Fore
3458 3925 3604 3978 enim
3632 3938 3690 3978 ut

434 4008 505 4059 τὰ
555 4006 707 4060 δεινὰ
739 4004 1179 4077 παραγεγονότα,
1232 4005 1486 4074 καθάπερ
1535 4006 1692 4069 ἀκτὶς
1733 4007 2004 4077 ὀμίχληνο

2110 3995 2293 4050 statim
2343 4014 2583 4067 przesens
2623 4002 2764 4056 mala
2800 4005 3140 4074 dissolveret,
3173 4012 3248 4063 uti
3285 4014 3470 4068 radius
3519 4018 3690 4070 nebu-

433 4098 530 4150 καὶ
558 4096 619 4150 τὸ
663 4096 843 4165 δόγμα
873 4094 1145 4165 κυρωθὲν,
1193 4092 1447 4146 τοσοῦτον
1486 4094 1599 4155 τοῖς
1647 4096 1764 4146 ἐκεῖ
1813 4094 2008 4165 βεϐοή-

2111 4086 2238 4140 lam.
2286 4085 2521 4142 Tantum
2572 4093 2841 4161 saneejus
2898 4100 3147 4153 mittendi
3176 4102 3484 4170 decretum,
3541 4110 3684 4161 fama

434 4187 567 4257 θηκε
599 4187 916 4257 πράγμασι,
951 4185 1278 4257 τῆςηφήμης
1301 4184 1492 4253 ὥσπερ
1531 4186 1842 4257 ὑποπτέρου
1877 4205 2009 4239 παν-

2110 4174 2313 4243 ubique
2344 4191 2691 4249 pervagante,
2728 4182 2877 4238 illius
2904 4187 3201 4254 provincias
3227 4194 3391 4247 rebus
3427 4200 3682 4257 contulit.

432 4276 629 4346 ταχόσε
659 4275 1091 4346 διαδραμούσης,
1119 4276 1245 4328 ὅσον
1270 4275 1371 4326 οὐκ
1405 4275 1470 4330 ἄν
1504 4292 1589 4339 τις
1622 4271 1777 4346 οἶμαι
1806 4278 2007 4347 ῥᾳδίως

2107 4275 2400 4333 quantum,
2455 4280 2608 4339 puto,
2666 4288 2826 4329 nemo
2861 4277 3018 4331 facile
3052 4281 3316 4348 potuisset
3373 4291 3684 4351 praesentia.

433 4368 799 4441 ἐπιδημήσας.
848 4369 1022 4431 Αὐτὸς
1055 4368 1136 4432 δὲ,
1168 4367 1415 4448 ἐλπίζωχ
1443 4368 1619 4432 οὕτως
1650 4368 2002 4443 ἐκδήσεσθαι,

2108 4359 2354 4430 Eumque
2378 4361 2467 4415 ille
2508 4378 2821 4421 successum
2846 4384 3109 4437 sperans,
3160 4381 3218 4424 ut
3245 4373 3465 4444 inquam
3527 4376 3685 4433 Pelc-

432 4460 632 4529 δηλαδὴ
665 4460 843 4522 καλῶς
869 4459 938 4514 τὰ
984 4460 1289 4528 πράγματα
1328 4460 1574 4529 σχήσειν,
1621 4459 1697 4529 τῷ
1725 4463 1850 4524 τοὺς
1896 4462 1999 4515 Πε-

2107 4453 2333 4518 ponnesi
2359 4468 2464 4516 res,
2492 4454 2608 4509 sola
2629 4458 2748 4527 ejus
2780 4458 2922 4515 fama
2958 4464 3220 4532 nominis,
3250 4483 3416 4537 quam
3453 4471 3563 4526 illic
3586 4489 3682 4541 ap-

432 4550 823 4621 λοποννησίους
852 4551 1236 4621 μεμαθηκέναι
1270 4550 1339 4603 τὰ
1368 4553 1500 4622 περὶ
1543 4551 1722 4615 τοῦδε,
1758 4554 1852 4606 καὶ
1884 4554 2004 4621 μετ’
2040 4542 2077 4595 Π

2040 4542 2081 4595 D
2107 4542 2282 4609 prime
2312 4555 2501 4601 notam
2535 4549 2719 4614 sciret,
2750 4566 3219 4622 ceinponerentur
3258 4576 3272 4611 :
3307 4575 3370 4613 ac
3401 4562 3488 4615 ubi
3519 4568 3679 4633 paqu

430 4642 491 4694 οὐ
529 4642 664 4694 πολὺ
694 4641 884 4712 μαθὼν
914 4643 1057 4696 κατά
1086 4644 1185 4711 τὴν
1214 4641 1376 4705 δόξαν
1425 4642 1788 4713 ἐκῦεὸηκότα,
1818 4645 2007 4715 κέκρι-

2110 4641 2230 4701 post
2255 4634 2333 4688 sic
2377 4637 2551 4707 reipsa
2583 4642 2917 4697 successisse
2952 4648 3229 4713 cognovit,
3255 4663 3437 4703 moras
3463 4652 3673 4721 aliquas

434 4749 529 4785 κεν
579 4733 660 4785 ἔτι
711 4734 1217 4803 προσπαραμεῖναι,
1268 4732 1373 4795 ἕως
1406 4732 1493 4797 ἂν,
1549 4735 1730 4787 πάντα
1760 4738 2004 4803 γεγονὼς

2108 4720 2400 4778 trahendas
2446 4726 2625 4791 duxit,
2682 4731 2807 4783 dum
2875 4735 3094 4787 Interim
3140 4735 3318 4791 factus
3374 4720 3583 4807 omnia,
3619 4760 3680 4797 ac

434 4827 526 4897 καὶ
554 4825 1018 4895 διαπραξάμενος,
1052 4825 1139 4897 ἴδῃ
1170 4825 1269 4894 μὲν
1296 4827 1385 4876 τὸν
1415 4824 1639 4893 βασιλέα
1670 4827 1765 4879 καὶ
1790 4830 2005 4899 πατέρα
2106 4812 2358 4865 υηίνθτεθ
2392 4829 2605 4882 εει-επεν
2647 4816 3031 4886 ίηῖρθτθίοτθπη
3080 4835 3144 4876 ac
3203 4832 3414 4892 Patrem
3467 4826 3520 4880 Ῐη
3573 4843 3681 4896 ΡΠ·-

430 4919 489 4971 ἐν
508 4920 620 4981 τοῖς
648 4916 899 4969 εἰωθόσιν
923 4916 1078 4980 ὅντα,
1116 4915 1459 4985 πραγμάτων
1492 4917 1595 4985 μὲν
1616 4917 2004 4986 ἀπαλλαγέντα

2104 4903 2245 4956 stina
2282 4909 2590 4960 restitutum
2631 4909 2857 4973 videret,
2913 4924 2941 4963 a
2969 4914 3202 4982 negotiis
3260 4915 3498 4985 perfecte
3542 4920 3681 4997 libe~

433 5010 653 5071 τελέως,
690 5009 935 5079 γαλήνης
965 5007 1022 5060 δὲ
1056 5007 1258 5075 λευκῆς
1297 5006 1639 5061 ἀπολαύοντα
1659 5022 1674 5037 ·
1710 5009 1795 5080 ῐδῃ
1822 5009 1878 5061 δὲ
1906 5012 2001 5063 καὶ

2106 5012 2247 5058 rum,
2279 5012 2343 5051 ac
2397 4999 2594 5053 blanda
2661 5000 2933 5055 fruentem
2985 5007 3418 5074 tranquillitate;
3468 5011 3676 5068 videret

430 5102 529 5169 τὴν
577 5101 790 5169 μητέρα
847 5099 944 5151 σὺν
975 5098 1052 5168 τῷ
1096 5098 1299 5167 ἑαυτῆς
1325 5099 1495 5167 πατρὶ
1548 5098 1643 5151 καὶ
1672 5101 1811 5169 ξταῖν
1847 5101 2001 5153 ἀδελ-

2103 5101 2233 5141 vero
2261 5098 2315 5142 et
2348 5100 2598 5156 matrem,
2635 5092 2935 5161 matrisque
2955 5106 3186 5177 patrem,
3214 5114 3277 5152 ac
3308 5114 3544 5166 sorores,
3578 5106 3674 5157 do-

431 5195 562 5263 φαῖν
615 5192 796 5244 οἴκαδε
851 5189 1250 5244 ἐπανελθοῦσαν
1289 5192 1353 5243 ἐκ
1388 5193 1486 5259 τῆς
1537 5193 1804 5261 φρουρᾶς,
1854 5194 1911 5245 ἐν
1963 5188 1998 5266 ᾖ

2104 5195 2249 5232 mum
2279 5196 2471 5235 omnes
2500 5198 2749 5238 reversos
2773 5199 2801 5237 a
2839 5188 3117 5254 praesidio,
3149 5204 3259 5259 quo
3293 5189 3472 5247 Latini
3526 5204 3674 5248 tenec

429 5285 749 5354 κατείχοντο
776 5284 927 5349 παρὰ
973 5282 1081 5335 τῶν
1115 5281 1383 5335 Λατίνων.
1417 5282 1590 5335 Οὐδὲν
1639 5283 1751 5352 γὰρ
1792 5284 1905 5354 ἐρῶ
1931 5302 1995 5353 γε

2101 5284 2241 5324 rent.
2267 5271 2375 5329 Nec
2404 5275 2546 5328 enim
2604 5275 2755 5344 plura
2804 5277 2920 5331 haec
2965 5278 3223 5343 referam,
3276 5282 3439 5352 idque
3488 5286 3673 5339 multis

428 5377 592 5431 πλέον
631 5374 845 5428 πολλῶν
879 5374 963 5426 Eva
973 5390 1063 5427 κα.
1718 5378 1719 5383 ‘

743 5374 845 5427 λῶν
879 5374 1063 5427 ἕνεκα.
1718 5378 1719 5383 ‘
2096 5362 2165 5415 de
2187 5364 2388 5418 causis.

497 5469 671 5520 Ταυτὶ
724 5466 824 5535 μὲν
876 5465 968 5519 οὖν
1006 5464 1168 5535 ἐξέϐη
1221 5466 1359 5518 κατὰ
1412 5466 1641 5530 σκοπὸν,
1692 5466 1786 5520 καὶ
1822 5467 1994 5539 πέρας

2169 5454 2261 5510 Sic
2285 5455 2473 5525 utique
2500 5471 2590 5512 res
2650 5472 3061 5524 successerunt,
3110 5476 3176 5516 ac
3200 5463 3401 5517 bonum
3446 5476 3672 5533 accepe-

426 5558 617 5612 ἐλαόεν
648 5557 875 5625 ἀγαθὸν,
909 5557 1307 5625 συναιρομένης
1334 5555 1432 5625 τῆς
1460 5556 1611 5620 θείας
1631 5557 1826 5627 ῥοπῆς,
1854 5559 1993 5627 μετά

2097 5556 2224 5600 runt
2258 5548 2439 5615 ﬁnem,
2467 5547 2577 5604 Deo
2606 5549 2745 5603 bene
2773 5552 3013 5619 auspice,
3051 5554 3142 5607 ubi
3202 5553 3293 5607 ille
3349 5552 3489 5608 bello
3543 5564 3672 5613 tunc

426 5652 488 5703 τὸ
518 5651 717 5721 πολλὴν
745 5650 845 5719 μὲν
876 5649 1040 5703 αὑτὸν
1068 5648 1291 5717 ἀνδρία-λ
1328 5650 1420 5701 καὶ
1452 5654 1833 5718 γενναιότητα,
1863 5650 1992 5703 πολ-

2094 5648 2284 5693 contra
2322 5640 2564 5706 Latinos,
2625 5644 2854 5697 multam
2916 5644 3311 5709 fortitudinem,
3360 5661 3423 5700 ac
3454 5650 3662 5702 strenui

429 5739 528 5808 λὴν
558 5740 601 5791 δ’
635 5741 968 5810 ἐγρήγορσιν
997 5740 1088 5791 καὶ¹
1124 5738 1383 5807 σπουδὴν,
1411 5738 1615 5808 πολλὴν
1642 5737 1699 5789 δὲ
1728 5740 1992 5809 φρόνησιν

2096 5733 2261 5785 robur
2283 5735 2474 5797 animi,
2530 5735 2868 5804 multamque
2890 5751 2953 5789 ac
3010 5737 3224 5803 vigilem
3278 5736 3661 5804 diligentiam,

426 5830 796 5896 ἐπιδείξασθαι
842 5831 918 5900 τῷ
956 5830 1091 5900 πρὸς
1134 5830 1259 5892 τοὺς
1304 5829 1565 5892 Λατίνους
1613 5829 1731 5882 τότε
1766 5829 1987 5900 πολέμῳ

2094 5826 2314 5879 multam
2341 5827 2568 5896 denique
2595 5827 2957 5896 prudentiam,
2990 5843 3085 5896 pro
3132 5827 3328 5895 patria,
3378 5844 3441 5883 ac
3484 5842 3663 5900 gente,
