4166 6270
500 356 606 420 207

1653 357 1758 416 MA
1771 359 1812 415 Ν
1825 357 2054 418 UELlS
2096 357 2536 420 PAL.’EOLOGI

3627 357 3734 420 208

501 467 953 538 parentibusque,
985 465 1270 520 decertans
1326 465 1680 523 ostendisset.
1731 469 1868 521 Cum
1895 493 1902 499 -
1931 465 2062 520 nihil

2172 469 2310 540 ὑπὲρ
2349 470 2450 538 τῆς
2487 469 2744 546 πατρίδος
2779 487 2836 522 τε
2883 469 2979 522 καὶ
3014 469 3107 522 τοῦ
3138 469 3326 537 γένους
3358 468 3456 522 καὶ
3489 468 3599 521 τῶν
3632 486 3735 537 φυ-

499 561 684 630 itaque
713 559 901 614 deesse
933 557 1230 620 videretur,
1268 573 1379 626 quo
1413 558 1499 611 vir
1545 559 1720 612 bonus
1792 567 1846 611 et
1896 557 2070 626 bonus

500 652 671 708 videri
693 651 884 720 possit,
906 649 1137 704 delatam
1171 647 1530 718 Peloponnesi
1591 649 1929 718 provinciam
1977 663 2070 701 ac-

499 745 650 814 cipit,
685 759 792 798 non
817 753 922 796 tam
947 741 1290 796 hereditario
1319 741 1465 807 jure,
1497 756 1658 810 quam
1687 742 1740 793 in
1773 748 2071 808 partem,ac

493 835 864 908 iustissimum
900 833 1201 902 praemium,
1222 847 1343 884 cum
1380 832 1730 900 impettsioris
1761 831 1922 884 illius
1943 843 2061 898 gra-

505 928 756 984 titudiuis
790 927 844 979 in
874 936 1153 994 parentes,
1221 935 1331 977 tum
1389 925 1645 992 exhibita:
1710 921 2065 983 fortitudinis,

497 1035 562 1075 ac
628 1020 795 1074 totius
823 1017 942 1085 ejus
1009 1016 1228 1083 reliquae
1303 1015 1543 1069 virtutis.
1607 1015 1856 1066 Arbitror
1923 1011 2067 1065 enim

499 1113 590 1166 hic
623 1109 993 1172 concurrisse,
1016 1119 1074 1160 ut
1095 1121 1201 1174 qua
1247 1106 1369 1173 quis
1399 1107 1590 1160 lubens
1617 1106 1784 1170 dicat,
1821 1104 2068 1172 quojure

498 1203 788 1255 admodum
831 1201 1058 1251 delatam
1099 1199 1214 1249 viro
1259 1197 1591 1265 provinciam
1652 1197 1777 1249 velit
1819 1195 2064 1263 probare.

495 1295 721 1361 Accepit
746 1307 876 1358 ergo
909 1304 1084 1357 neque
1124 1289 1292 1356 patris
1334 1297 1720 1355 congruentem
1773 1286 2064 1348 desiderio,

494 1399 597 1439 nec
633 1397 762 1436 vero
795 1383 888 1434 filii
923 1380 1134 1440 virtuti,
1167 1378 1260 1431 sed
1307 1378 1562 1446 praesenti
1607 1379 1779 1445 magis
1808 1377 2065 1438 fortunae,

495 1493 560 1531 ac
590 1476 753 1530 rebus
782 1475 860 1528 sic
900 1472 1132 1525 amictis.
1167 1470 1232 1522 At
1261 1470 1404 1523 enim
1444 1469 1630 1522 videor
1659 1485 1766 1522 non
1812 1477 2066 1522 accurate

494 1568 657 1622 verba
691 1579 1006 1632 usurpasse.
1059 1560 1126 1615 Ut
1172 1562 1295 1628 quis
1319 1561 1462 1613 enim
1491 1575 1618 1612 vero
1665 1560 1964 1628 proximius
1984 1559 2066 1613 tli-

495 1666 605 1721 eat,
636 1671 744 1709 non
775 1666 880 1709 tam
909 1654 980 1706 illi
1011 1653 1416 1719 Peloponnesus
1472 1652 1596 1704 data
1630 1662 1734 1714 est,
1779 1666 1939 1718 quam
1974 1650 2064 1703 ille

493 1751 888 1818 Peloponneso.
920 1744 1065 1798 Nihil
1091 1743 1234 1796 enim
1258 1744 1344 1795 illa
1371 1759 1464 1809 per
1494 1743 1544 1795 id
1571 1751 1784 1810 tempus
1811 1743 2060 1794 auxiliari

493 1848 704 1914 poterat
729 1880 744 1904 ,
775 1837 888 1892 sed'
916 1837 1036 1905 ejus
1071 1834 1242 1903 magis
1268 1833 1470 1886 auxilio
1502 1833 1731 1898 egebat;
1765 1833 1975 1885 tametsi
2005 1841 2060 1884 et

491 1933 582 1987 ille
617 1933 697 1986 sic
721 1932 965 1992 haberet,
1019 1927 1152 1979 utci
1221 1925 1389 1978 nihilo
1439 1925 1618 1978 secius
1671 1924 1874 1978 auxilio
1923 1938 2058 1990 opus

491 2021 790 2090 essetzqui
822 2034 996 2087 nuper
1051 2021 1231 2070 nudus
1275 2015 1524 2069 omnibus
1571 2029 1826 2083 egressus
1867 2014 2057 2083 praesi-

491 2116 605 2181 tlio,
637 2112 770 2166 nihil
793 2126 887 2180 per
911 2119 1146 2176 tempus,
1186 2121 1284 2160 co'r
1312 2113 1526 2160 meatus
1564 2105 1858 2159 necessarii
1908 2121 2058 2158 com-

491 2220 684 2276 parare
726 2205 1014 2272 potuisset.
1055 2202 1433 2253 Commeatum
1469 2198 1614 2257 dico,
1665 2212 1940 2249 armorum
1974 2212 2058 2250 ro-

493 2297 614 2357 bur,
653 2293 1088 2358 sullieientesqne
1128 2290 1403 2357 prettnias,
1440 2288 1488 2340 in
1543 2289 1851 2340 necessaria
1917 2285 2058 2338 mili-

494 2397 608 2440 tum
646 2382 1035 2451 impendenttas
1066 2377 1338 2440 subsidia,
1378 2393 1440 2432 ac
1464 2378 1686 2431 omnino
1712 2378 1763 2430 in
1803 2391 1922 2445 qum
1958 2377 2057 2429 itn-

493 2477 650 2544 pendi
677 2473 1024 2528 commodum
1055 2471 1321 2523 videatur.
1386 2468 1540 2533 Quod
1584 2471 1728 2523 enim
1781 2469 1844 2522 ad
1872 2469 2052 2536 ingen-

493 2583 574 2624 tes
612 2569 897 2621 thesauros
959 2572 1188 2630 spectat;
1233 2563 1648 2630 confertumque
1693 2559 2051 2628 marsupium,

490 2675 553 2712 ac
581 2671 774 2712 aurum
825 2661 1224 2722 argentumque
1290 2652 1430 2706 male
1452 2658 1731 2720 congesta,
1783 2666 1846 2704 ac
1899 2651 2053 2720 pejus

437 2743 440 2748 ’
491 2757 728 2813 servata,
766 2748 882 2800 haec
907 2745 952 2800 si
981 2743 1296 2808 aﬂluebant,
1335 2743 1753 2812 haudquaquam
1813 2754 2054 2812 appone-

489 2843 580 2897 bat
607 2825 726 2903 ἑοῖ,
754 2835 972 2890 Davidis
996 2835 1290 2888 obsecutus
1337 2833 1565 2887 consilio
1591 2833 1657 2889 ⁸³.
1689 2834 1951 2887 Caeterum
1977 2832 2056 2886 di-

489 2935 617 2988 vino
644 2931 803 3000 plane
825 2936 958 2980 nutu
987 2941 1047 2980 ac
1072 2927 1353 2989 instinctu,
1391 2940 1494 2978 avo
1519 2925 1644 2978 inde
1690 2935 1938 2994 rogante,
1965 2939 2056 2993 pa-

491 3035 618 3078 truo
670 3021 1014 3083 obsecrante,
1056 3016 1468 3086 patrisjudicio,
1529 3015 1715 3069 matris
1747 3018 2047 3079 voluntate,

2175 563 2404 615 σάντων.
2435 560 2620 631 Μηδὲν
2651 558 2908 623 οὖν,ὃλως
2937 561 3302 631 παραλιπόντι
3342 560 3448 612 τῶν
3491 561 3635 622 ὅσοις
3663 559 3731 612 ἂν

2171 648 2318 720 εἶχεν
2352 653 2494 723 ἀνὴρ
2532 652 2759 721 ἀγαθὸς,
2793 652 2924 705 αὑτό
2955 668 3016 718 γε
3046 651 3190 704 τοῦτ’
3233 653 3371 720 ἀνὴρ
3401 651 3602 717 ἀγαθὸς
3628 668 3734 716 φα-

2171 743 2350 812 νῆναι,
2403 744 2609 798 δίδοται
2655 743 2829 814 τούτῳ
2859 743 3379 810 ἡφΠελοπόννησος,
3409 743 3470 794 οὐ
3533 741 3732 810 μᾶλλον

2170 835 2432 906 κλῆροςῆ
2488 837 2667 905 μερὶδ
2703 836 2734 906 ἥ
2768 823 2933 909 γέρας
2974 836 3324 889 δικαιότατον
3359 833 3457 901 τῆς
3499 849 3560 884 τε
3595 831 3728 901 πρὸς

2170 927 2367 993 γονέας
2421 927 2862 995 εὐγνωμοσύνης,
2893 927 2989 995 τῆς
3037 943 3096 977 τε
3131 924 3375 994 ἀνδρίας,
3419 917 3486 994 ἦς
3517 923 3733 974 ἐπεδεί-

2171 1017 2316 1080 ξατο,
2351 1017 2444 1068 καὶ
2476 1015 2777 1084 συλλήϐδην
2801 1016 2897 1082 τῆς
2945 1015 3137 1081 λοιπῆς
3166 1014 3388 1084 ἀρετῆς.
3419 1009 3588 1079 Οἶμαι
3622 1012 3730 1078 γὰρ

2169 1107 2418 1160 ἐνταυθοῖ
2468 1093 2990 1174 συνδεδραμηκέναι,
3045 1108 3256 1174 ὅσαπερ
3307 1107 3371 1158 ἄν
3407 1099 3522 1157 ’τινι
3579 1105 3732 1172 φίλον

2168 1198 2371 1262 λέγειν,
2401 1197 2468 1248 δι’
2497 1190 2572 1248 ὧν
2604 1196 2714 1266 ἔχοι
2761 1196 3033 1248 δεικνύναι
3071 1197 3277 1262 ταύτην
3320 1196 3564 1248 δεδόσθαι
3596 1195 3730 1256 τῷδε

2167 1289 2356 1356 τάνδρὶ
2389 1288 2527 1356 μετὰ
2559 1288 2752 1339 πολλοῦ
2780 1287 2872 1339 τοῦ
2907 1288 3137 1340 δικαίου.
3170 1290 3366 1356 Ἔσχεν
3391 1287 3489 1339 οὖν
3519 1288 3727 1348 ἐκεῖνος

2165 1379 2348 1450 τήνδε,
2374 1379 2499 1430 οὕτε
2530 1378 2624 1430 τοῦ
2658 1379 2867 1446 πατρὸς
2899 1381 2962 1446 τῇ
2992 1378 3272 1447 προθυμία
3303 1379 3725 1447 ξυμϐαίνουσαν,

2167 1471 2289 1522 οὗτε
2345 1472 2452 1538 μὴν
2478 1473 2544 1539 τῇ
2593 1469 2688 1521 τοῦ
2719 1470 2908 1531 παιδὶς
2940 1471 3136 1539 ἀρετῇ,
3190 1471 3324 1523 ἁλλὰ
3364 1475 3429 1539 τῇ
3478 1470 3726 1539 παρούσῃ

2165 1561 2302 1630 τύχῃ
2338 1562 2430 1612 καὶ
2462 1563 2524 1628 τῇ
2572 1561 2679 1613 τῶν
2734 1563 3080 1630 πραγμάτων
3125 1563 3349 1630 ἀπορίᾳ.
3396 1561 3555 1612 Ἀλλὰ
3599 1562 3730 1628 γὰρ,

2165 1653 2237 1712 ὡς
2271 1653 2466 1715 ἔοικεν,
2501 1653 2599 1705 οὐκ
2627 1653 2873 1720 ἀκριϐῶς
2905 1656 3015 1715 τοῖς
3060 1653 3315 1721 ὀνόμασιν
3347 1652 3723 1722 ἐχρησάμεθα.

2169 1743 2230 1792 Εἰ
2259 1743 2365 1811 γὰρ
2392 1743 2788 1811 τάληθέσιερον
2825 1744 2968 1794 εἴποι
3017 1761 3118 1808 τις,
3156 1744 3214 1794 ού
3256 1744 3453 1812 μᾶλλον
3486 1743 3661 1813 τούτῳ
3692 1745 3726 1812 ἡ

2168 1833 2572 1901 Πελοπόννησος
2607 1834 2755 1903 ἥπερ
2788 1827 2944 1894 οὗτος
2973 1835 3182 1888 δέδοται
3211 1839 3274 1902 τῇ
3314 1835 3725 1904 Πελοποννήσῳ.

2163 1926 2238 1976 Οὐ
2263 1927 2370 1992 γὰρ
2396 1927 2627 2007 ’βοηθεῖν
2653 1927 2847 1994 ἐκείνῳ
2883 1925 3003 1977 τότε
3043 1926 3324 1994 δυνάμεως
3359 1924 3506 1995 εἶχεν
3529 1942 3542 1955 ·
3591 1926 3728 1979 ἀλλὰ

2161 2017 2260 2084 τῆς
2303 2017 2466 2068 αὑτοῦ
2522 2015 2774 2084 βοηθείας
2817 2017 3017 2083 μᾶλλον
3070 2014 3136 2087 ἦν
3187 2018 3504 2088 χρῄζουσιν
3555 2019 3730 2070 καίτοι

2161 2110 2414 2168 κάκεῖνος
2467 2107 2708 2169 τοιοῦτος
2767 2103 2834 2178 ἦν
2888 2109 3216 2174 τηνικαῦτα,
3273 2110 3412 2162 ῶστε
3475 2111 3727 2180 βοηθείας

2157 2198 2384 2260 δεῖσθαι,
2416 2198 2570 2265 ψιλὸς
2616 2199 2714 2266 μὲν
2749 2200 2969 2251 πάντων
3037 2203 3135 2268 τῆς
3181 2205 3422 2272 φρουρὶς
3473 2201 3729 2266 ἐξελθὼν,

2162 2291 2328 2360 μηδὲν
2360 2291 2414 2342 δὲ
2445 2289 2693 2356 δυνηθεὶς
2728 2290 2812 2342 διὰ
2861 2291 2952 2342 τὸν
2987 2292 3181 2359 καιρὸν
3213 2292 3541 2362 κτήσασθαι.
3575 2293 3753 2356 Λέγω·

2157 2382 2214 2434 δὲ
2271 2383 2465 2444 κτῆσιν
2495 2382 2592 2450 τὴν
2625 2374 2736 2432 ἀπδ
2761 2382 2870 2432 τῶν
2909 2383 3088 2434 ὅπλων
3140 2385 3311 2450 ἰσχὺν,
3343 2385 3435 2435 καὶ
3461 2385 3730 2454 ἀρκοῦντα

2159 2475 2437 2544 χρήματα,
2475 2473 2652 2534 καλῶς
2691 2472 3094 2542 ἀναλισκόμενα
3133 2477 3210 2536 είς
3236 2478 3302 2527 τὰ
3329 2476 3436 2528 τῶν
3468 2493 3732 2544 στρατιω-

2153 2567 2264 2620 τῶν
2289 2566 2590 2634 ἐπιτήδεια,
2623 2565 2716 2617 καὶ
2748 2565 2904 2629 ὅλως,
2936 2567 3042 2635 ὅπη
3082 2568 3327 2637 συνοίσῃ.
3363 2568 3597 2621 Πλοῦτον
3622 2571 3729 2635 γὰρ

2155 2654 2235 2706 ὅτι
2277 2653 2466 2718 πολὺν,
2525 2652 2942 2721 καὶ,βαλάντιον
2984 2654 3163 2723 ἁδρὸν,
3209 2657 3304 2707 καὶ
3349 2659 3588 2726 χρυσίον,
3631 2659 3728 2711 καὶ

2156 2741 2443 2812 ἀργύριον,
2471 2742 2839 2811 ἀθροιζόμενα
2873 2744 3082 2806 κακῶς,
3118 2746 3211 2798 καλ⁵
3239 2748 3419 2816 χεῖρον
3455 2750 3719 2815 φυλαττό-

2159 2851 2316 2903 μενα,
2351 2834 2522 2886 ταῦτα
2557 2835 2612 2886 δὲ
2643 2836 2691 2886 εί
2741 2834 2913 2904 ἔρρει,
2967 2837 3028 2887 οὐ
3074 2839 3427 2905 προσετίθετο
3473 2841 3719 2908 καρδίαν,

2155 2927 2232 2995 τῷ
2263 2926 2424 2978 Δαϐὶδ
2455 2926 2798 2992 πειθόμενος.
2822 2928 2966 2994 Πλὴν
2989 2927 3089 2980 οὐκ
3121 2927 3250 2980 ἄνευ
3283 2930 3427 2982 θείου
3460 2931 3726 2998 νεύματος

2161 3018 2256 3070 καὶ
2289 3020 2483 3088 ῥοπῆς,
2525 3018 2780 3086 δεομένου
2819 3019 2918 3086 μὲν
2947 3021 3156 3073 ἐκεῖθεν
3184 3022 3280 3074 τοῦ
3307 3023 3475 3086 θείου,
3513 3024 3723 3088 ἀξιοῦν-

490 3114 584 3168 sed
607 3119 660 3166 ct
696 3125 815 3164 mea
848 3111 1040 3176 ipsius,
1082 3109 1145 3162 ad
1171 3122 1265 3162 vos
1308 3106 1647 3161 desideratus
1673 3107 1839 3171 venit,
1882 3122 2058 3176 quan-

2165 3126 2255 3172 τος
2281 3108 2336 3162 δὲ
2360 3109 2452 3179 τοῦ
2481 3112 2726 3174 πάππου,
2748 3112 2929 3179 κρίσει
2955 3112 3053 3180 μὲν
3077 3116 3142 3182 τῇ
3164 3113 3256 3166 τοῦ
3283 3117 3508 3183 πατρὸς,
3534 3103 3748 3184 γνώμτγ

491 3217 797 3274 quamnon
848 3201 1006 3255 facile
1033 3200 1133 3253 fuit
1179 3199 1430 3267 paternis
1484 3199 1856 3266 maternisque
1900 3197 2061 3250 avelli

490 3294 767 3358 manibus,
801 3293 996 3346 addam
1024 3305 1150 3346 vero
1185 3300 1239 3344 et
1293 3290 1463 3355 meis;
1507 3289 1704 3342 nedum
1755 3289 1822 3340 ab
1853 3289 2064 3357 impen-

489 3385 619 3442 siori
650 3384 739 3438 illo
757 3381 974 3450 affectu,
1006 3383 1097 3436 sed
1123 3382 1343 3450 etquod
1379 3396 1444 3435 ex
1494 3379 1757 3434 anteactis
1793 3380 1901 3448 jam
1943 3395 2064 3448 pro-

490 3477 698 3538 basset,
728 3489 888 3544 quam
914 3473 1308 3541 possetjuvare
1351 3469 1692 3540 gravissimis
1723 3471 2059 3538 temporibus

491 3584 555 3622 ac
585 3569 749 3621 rebus
777 3583 806 3619 a
845 3567 1048 3634 quibus
1091 3564 1318 3617 necdum
1344 3561 1582 3632 perfecte
1638 3546 2058 3615 QIllCrSCI'illllUS;

489 3659 630 3724 Quia
660 3670 839 3712 tamen
875 3675 1053 3726 operte
1080 3657 1313 3725 pretium
1359 3663 1492 3716 erat,
1529 3663 1585 3705 ut
1615 3653 1882 3708 obtineret
1919 3653 2060 3721 qut-tl

489 3762 607 3808 erat
680 3751 881 3820 potius,
943 3748 1180 3802 obtinuit
1243 3762 1485 3816 quoque,
1544 3745 1796 3814 bonoque
1856 3747 2058 3806 omine,

490 3857 658 3895 unum
700 3842 828 3912 quid
866 3841 1168 3893 membrum
1207 3839 1275 3892 ab
1319 3842 1576 3894 universo
1627 3852 1854 3906 corpore
1894 3838 2057 3890 vestri

489 3939 653 3984 causa
670 3930 938 3994 avulsum,
960 3930 1116 3984 vobis
1145 3931 1340 3983 illuxit.
1360 3931 1505 3984 Sileo
1523 3947 1604 3985 res
1625 3932 1825 3984 interea
1853 3941 2054 3997 gestas,

491 4029 549 4076 ιε’.
576 4037 639 4074 ne
674 4023 946 4073 narrando
979 4022 1220 4089 pt'oliltts
1245 4023 1466 4076 ciliciar.

571 4287 660 4344 Sic
683 4303 811 4356 ergo
839 4290 950 4349 ilie,
997 4286 1163 4356 panis
1189 4286 1390 4354 pariter
1428 4285 1726 4353 matrisque
1759 4300 1821 4339 ac
1843 4287 2060 4338 univer-

489 4401 672 4440 sorum
708 4381 956 4451 precibus
981 4379 1184 4447 Optime
1237 4377 1562 4442 instructus,
1605 4377 2055 4445 praemittebatttr,

489 4475 690 4544 quibus
720 4470 883 4526 etiam
961 4469 1227 4521 educatus
1269 4475 1433 4531 esset,
1485 4483 1547 4520 ac
1599 4469 1953 4535 promovisset
1992 4469 2056 4521 atl
2087 4438 2137 4494 Β

489 4567 774 4634 tnelioraa
847 4561 1049 4614 teneris
1118 4560 1247 4627 ipsis
1313 4558 1603 4626 unguibus,
1659 4559 1833 4612 donec
1857 4559 1923 4611 ad
1971 4576 2062 4614 vos

461 4658 694 4711 missus
727 4663 826 4707 est.
862 4649 931 4704 lis
957 4651 1210 4720 pret-ibus
1246 4649 1634 4714 deducebatur,
1664 4665 1785 4703 eum
1819 4668 1847 4704 a
1888 4653 2058 4720 patria

487 4746 746 4800 dimissus
812 4743 990 4797 navim
1049 4743 1488 4796 conscendisset:
1549 4742 1614 4793 iis
1674 4729 2056 4811 adnavigabat,

489 4834 798 4904 lugentibus
838 4833 1083 4902 cognatis
1121 4847 1186 4886 ac
1255 4831 1698 4897 deducentibus;
1731 4833 1904 4901 iisque
1955 4836 2056 4888 sibi

490 4934 687 4994 prtesto
713 4923 826 4976 fore
874 4925 1130 4990 sperabat
1176 4923 1423 4977 divinum
1485 4939 1709 4978 numen.
1759 4924 1904 4976 Nihil
1944 4926 2063 4979 sine

491 5015 598 5070 illis
642 5022 736 5067 aut
769 5013 1062 5081 cogitabat,
1104 5023 1198 5067 aut
1229 5015 1452 5067 omnino
1484 5015 1674 5082 agebat
1702 5033 1716 5078 ;
1760 5030 1864 5082 qua
1900 5015 2061 5067 etiam

490 5107 555 5160 tle
601 5118 769 5160 causa
809 5103 1133 5156 conﬁciebat
1161 5105 1367 5169 omnia,
1400 5119 1521 5157 cum
1557 5103 1790 5156 tliﬂicilia
1833 5119 2065 5171 qumque

491 5211 555 5251 ac
607 5193 884 5250 tremenda
922 5192 975 5244 in
1003 5195 1336 5248 contrarium
1371 5195 1420 5247 ei
1453 5195 1724 5248 cedet-cut.

563 5385 703 5453 Quid
743 5398 868 5437 vero
914 5397 1050 5450 opus
1106 5382 1316 5450 singula
1380 5385 1658 5452 prosequi,
1719 5399 2056 5451 qua-cunque

494 5477 848 5554 l’eleptittrtt’si
897 5477 1081 5536 urbes,
1137 5476 1216 5527 vel
1260 5491 1288 5528 a
1341 5476 1533 5530 vicinis
1600 5477 1829 5536 Latinis,
1899 5477 1976 5528 vel
2030 5493 2058 5527 τι

495 5551 706 5632 Turcis,
786 5567 924 5619 mala
971 5551 1360 5628 ‘SUsliltt‘rClll,
1422 5582 1543 5618 cunt
1605 5565 1662 5628 ii,
1696 5581 1800 5634 qua
1849 5579 1877 5617 a
1927 5580 2053 5616 eon-

567 5746 611 5777 ⁸³
645 5717 784 5799 l’sal.
815 5761 921 5809 th,
958 5743 1040 5795 li.

2163 3200 2219 3252 δὲ
2249 3203 2311 3270 τῇ
2339 3202 2436 3269 τῆς
2479 3202 2707 3270 μητρὸς,
2740 3201 2932 3271 γνώμῃ
2960 3203 3015 3255 δὲ
3049 3206 3144 3256 καί⁵
3175 3206 3441 3276 ἡμετέρᾳ.
3487 3201 3620 3276 ἧκεν
3651 3210 3726 3268 είς

2163 3291 2307 3360 ὑμᾶς
2337 3294 2364 3343 ό
2415 3291 2783 3360 ποθούμενοςο
2823 3296 3000 3344 καῖτοι
3047 3295 3108 3346 οὐ
3157 3296 3357 3364 ῥᾳδίως
3409 3297 3726 3350 ἀπέσπαστο

2160 3382 2268 3434 τῶν
2296 3383 2495 3451 χειρῶν
2525 3382 2813 3459 πατρικῶν
2843 3399 2902 3435 τε
2942 3387 3036 3437 καὶ
3082 3387 3385 3456 μητρικῶν,
3432 3394 3724 3457 προσθήσω

2160 3474 2214 3525 δὲ
2242 3475 2322 3526 ὅτι
2357 3475 2448 3526 καὶ
2480 3474 2588 3526 τῶν
2631 3475 2778 3542 ἐμῶν
2807 3489 2821 3506 ·
2855 3465 2914 3526 οὗ
2951 3476 3036 3527 διὰ
3065 3476 3124 3529 τὸ
3172 3479 3392 3543 φίλτρον
3425 3481 3583 3546 μόνον
3612 3481 3725 3548 ἠλί-

2163 3583 2254 3617 κον
2283 3565 2361 3624 ὃν,
2395 3564 2529 3617 ἀλλὰ
2579 3569 2666 3616 καὶ
2701 3566 2790 3617 διὰ
2819 3566 2877 3618 τὸ
2911 3567 3084 3630 δεῖξαι
3135 3571 3248 3629 τοῖς
3284 3569 3578 3636 φθάσασιν,
3614 3567 3725 3630 οἷος

2160 3651 2227 3724 ἦν
2281 3657 2484 3718 ἐκεῖνος
2539 3655 2758 3724 βοηθεῖν
2814 3657 2870 3707 ἐν
2928 3658 3334 3725 χαλεπωτάτοις
3373 3662 3584 3728 καιροῖς
3637 3663 3728 3714 καὶ

2165 3748 2506 3814 πράγμασιν,
2561 3740 2636 3798 ὧν
2673 3745 2826 3800 οὔπω
2870 3748 3070 3810 τελέως
3122 3745 3263 3819 ἦμεν
3299 3751 3726 3820 ἀπηλλαγμένοι.

2175 3839 2314 3892 Ἀλλ’
2345 3839 2465 3890 ἐπεὶ
2490 3829 2567 3889 ⁸τδ
2608 3839 2855 3906 κρεῖττον
2887 3838 2993 3888 ἔδει
3021 3843 3265 3908 νικῆσαι,
3305 3842 3406 3909 ἤδη
3439 3842 3532 3893 καὶ
3579 3842 3719 3894 νενί-

2163 3946 2333 3999 κηκεο
2382 3930 2471 3979 καὶ
2509 3927 2826 3994 ἐπέλαμψεν
2875 3927 3003 3996 ὑμῖν
3035 3929 3210 3997 ἁγαθῇ
3247 3930 3384 4000 τύχῃ
3418 3931 3508 3998 βία
3543 3948 3592 3981 τι
3631 3931 3726 3996 μὲ-

2161 4023 2252 4083 λος
2284 4019 2516 4090 ἐκραγὲν
2562 4017 2656 4069 τοῦ
2692 4017 2920 4070 καοὸλου
2951 4019 3200 4086 σώματος
3243 4021 3394 4089 ὑμῶν
3439 4022 3618 4074 ἕνεκα.
3653 4023 3729 4072 Τὰ

2164 4113 2218 4163 δὲ
2251 4109 2454 4179 μεταξὺ
2499 4109 2708 4174 σιωπῶ,
2738 4111 2797 4161 τὸ
2821 4112 2929 4172 τοῖς
2953 4109 3258 4179 διηγήμασι
3291 4111 3729 4169 συνεκτείνεσθαι

2165 4203 2402 4270 φεύγων.

2235 4295 2442 4356 Οὕτως.
2482 4297 2670 4364 εὐχαῖς
2699 4299 2818 4358 ταῖς
2867 4295 2958 4349 τοῦ
2995 4297 3222 4364 πατρὸς,
3271 4295 3459 4365 ὥσπερ
3506 4297 3598 4350 οὖν
3638 4300 3730 4349 καὶ

2166 4391 2262 4458 τῆς
2300 4390 2528 4458 μητρὸς,
2558 4391 2654 4440 καὶ
2685 4393 2800 4451 ταῖς
2832 4391 2940 4442 τῶν
2971 4390 3248 4455 ἁπάντων,
3283 4391 3480 4459 ἄριστα
3513 4391 3607 4441 καὶ
3633 4407 3732 4440 πε-

2166 4481 2482 4548 φραγμένος
2514 4480 2611 4530 καὶ
2657 4477 3024 4545 ὡπλισμένος,
3059 4480 3465 4548 προεπέμπετο,
3509 4475 3596 4539 αἷς
3642 4480 3732 4530 καὶ

2165 4571 2514 4641 ἁνετρέφετο,
2554 4570 2647 4621 καὶ
2679 4571 2813 4638 πρὸς
2849 4571 2915 4621 τὰ
2951 4569 3142 4639 βελτίω
3177 4569 3487 4638 προύχώρει
3521 4569 3577 4632 ἐξ
3611 4571 3732 4620 όνύ-

2165 4680 2276 4730 χων
2298 4660 2524 4714 ἁπαλῶν
2557 4659 2684 4727 ἄχρι
2713 4660 2804 4708 καὶ
2832 4657 2926 4710 τοῦ
2970 4659 3093 4726 μεθ’
3125 4659 3279 4727 ὑμῶν
3303 4655 3467 4712 εἶναι.
3498 4660 3732 4720 Ταύταις

2166 4752 2400 4819 ἀνήγετο
2431 4750 2549 4809 ταῖς
2590 4749 2792 4816 εὐχαῖς,
2823 4749 2979 4814 ἀφεὶς
3010 4750 3071 4800 ὲκ
3101 4748 3200 4815 τῆς
3239 4747 3498 4818 πατρίδος
3524 4749 3604 4809 είς
3638 4752 3730 4799 πέ-

2166 4841 2331 4906 λαγος
2353 4856 2367 4870 ·
2399 4841 2620 4900 ταύταις
2651 4837 2906 4901 ἀπέπλει,
2937 4838 3045 4889 τῶν
3080 4838 3361 4904 συγγενῶν
3390 4837 3735 4906 δακρυόντων

2167 4929 2283 4997 ἄμα
2314 4929 2408 4982 καὶ
2454 4929 2892 4997 προπεμπόντων
2918 4943 2930 4955 ·
2976 4929 3202 4990 ταύταις
3238 4927 3332 4981 καῖ
3372 4929 3470 4995 τὴν
3504 4928 3610 4980 ἀπὸ
3638 4927 3732 4980 τοῦ

2166 5019 2302 5070 Θεοῦ
2332 5019 2649 5088 συμμαχίαν
2684 5015 2879 5087 ἤλπιζε
2912 5018 3155 5087 σχήσειν.
3205 5018 3372 5071 Οὐδὲν
3401 5019 3432 5087 ἢ
3464 5017 3734 5085 ἐλογίζετο

2170 5110 2202 5177 ἢ
2234 5110 2293 5160 τὸ
2325 5110 2587 5177 παράπαν
2621 5109 2912 5176 εἰργάζετο
2949 5108 3154 5161 τούτων
3199 5111 3329 5162 ἄνευ
3354 5125 3372 5142 ο
3399 5109 3478 5161 διὸ
3511 5127 3604 5162 και
3633 5110 3738 5162 πᾶν

2174 5203 2324 5268 ἤνυε,
2357 5201 2465 5252 τῶν
2515 5216 2573 5251 τε
2606 5199 2882 5252 δυσκόλων
2927 5201 3020 5251 καὶ
3070 5201 3320 5269 φοϐερῶν
3347 5200 3540 5272 ὥσπερ
3575 5201 3737 5254 αύτο-

2180 5292 2362 5358 μάτων
2393 5293 2474 5350 είς
2501 5288 2809 5340 τούναντίον
2847 5291 3357 5358 μετενηνεγμένων.

2240 5381 2421 5432 Πάντα
2466 5379 2563 5446 μὲν
2601 5375 2694 5430 οὖν
2723 5380 2815 5430 καί
2855 5378 3062 5432 ἕκαστα
3107 5380 3360 5448 φράζειν,
3397 5380 3500 5433 ὅσα
3543 5397 3602 5432 τε
3631 5380 3735 5432 ὑπὸ

2167 5472 2274 5522 τῶν
2301 5470 2687 5534 γειτονούντων
2723 5467 2969 5519 Λατίνων
3003 5469 3056 5519 αἱ
3098 5469 3348 5520 ἐνταυθοῖ
3388 5469 3595 5530 πόλεις,
3636 5469 3737 5520 ὅσα

2163 5578 2220 5614 τε
2250 5560 2354 5612 ὑπὸ
2376 5559 2484 5612 τῶν
2514 5558 2771 5628 Τούρκων
2804 5559 3095 5626 ὑφίσταντο
3133 5561 3298 5620 κακὲ,
3332 5559 3596 5611 ἐπιόντων
3631 5556 3731 5626 μὲν
