4166 6270
510 410 615 474 269

1290 414 1683 474 THEODORI
1722 414 2081 476 DESPOT/E
2126 413 2512 475 LAUDATIO
2550 416 2960 476 FUNEBRIS.

3642 416 3786 485 910.

511 526 699 586 ῖπποις
726 526 789 576 ἐκ
814 524 911 591 τῆς
937 524 1186 593 ἠπείρου,
1215 527 1474 578 ἐπιόντων
1497 528 1551 579 δὲ
1576 529 1730 579 ναυσὶ
1759 528 2077 598 λῃστρικαῖς

2189 526 2407 591 tinenti,
2444 527 2597 594 cquis
2625 527 2962 589 iiileerent,
3000 540 3102 595 qua
3134 540 3161 577 a
3206 524 3334 576 mari
3362 525 3598 589 piraticis
3628 537 3744 579 ten-

514 616 621 668 ἁπὸ
646 614 738 666 τοῦ
770 614 1039 680 πελάγους
1061 629 1074 642 ·
1125 616 1217 667 καὶ
1246 616 1388 669 τίσιν
1420 619 1451 683 ἡ
1499 617 1593 668 τοῦ
1629 618 1869 681 Πέλοπος
1913 635 2072 670 κατε·

510 706 731 775 τρίϐετο
762 707 987 775 τρόποις
1010 722 1025 737 ο
1056 706 1151 760 τοῦ
1210 708 1307 777 μὲν
1345 710 1441 776 τῆς
1473 711 1678 778 μητρδς
1716 711 1873 777 ἡμῶν
1918 710 2072 761 ἀδελ.-

514 796 641 865 φοῦ,
675 794 895 863 ἀρίστου
927 796 1028 864 μὲν
1054 797 1207 858 ὄντος
1250 801 1348 866 τὴν
1382 800 1566 865 φύσιν,
1601 798 1781 860 καλῶς
1802 798 1857 849 δὲ
1885 798 2073 867 ἄρχειν

512 887 714 947 εἰδότος
736 923 751 947 ,
786 885 880 937 τοῦ
906 888 999 939 καὶ
1023 890 1256 956 ταυτησὶ
1287 889 1386 957 τῆς
1410 888 1504 941 τοῦ
1534 890 1772 951 Πέλοπος
1793 889 2071 958 ἄρχοντος,

512 978 610 1047 ἤδη
645 978 737 1028 τὸν
772 975 883 1044 βίον
927 978 1304 1041 ἀπολιπόντος,
1339 980 1438 1031 οὐκ
1486 980 1577 1031 ἐπὶ
1609 981 1756 1031 παιδί
1794 994 1902 1031 τινι
1927 1018 1941 1039 ,
1980 979 2071 1031 τοῦ

511 1067 565 1118 δὲ
600 1066 829 1133 ἀδελφοῦ
880 1067 1088 1118 ἐκείνου
1121 1071 1219 1135 τὴν
1262 1070 1433 1137 ἀρχὴν
1475 1070 1881 1136 διαδεξαμένου,
1922 1070 2075 1130 ὄντος

515 1158 612 1218 μὲν
646 1159 787 1211 πάνυ
840 1159 1100 1227 χρηστοῦ,
1149 1162 1242 1212 καὶ
1281 1161 1340 1212 τὸ
1372 1162 1559 1229 σχῆμα
1607 1163 1927 1231 ὑπερτέρου,
1979 1163 2073 1212 καὶ

508 1250 599 1300 τὸν
629 1252 820 1318 χρόνον
847 1252 1194 1321 γεραιτέρου,
1232 1254 1337 1305 ὑπὸ
1379 1253 1435 1305 δὲ
1476 1254 1665 1315 παιδὸς
1709 1254 1963 1320 θρασέος,
1994 1253 2074 1304 δεῖ

509 1343 617 1409 γὰρ
644 1342 877 1410 τάληθὲς
928 1344 1127 1407 εἰπεῖν,
1158 1344 1508 1412 κωλυομένου
1559 1348 1735 1394 ποιεῖν
1766 1343 1833 1393 τὰ
1869 1343 2074 1406 δέοντα,

509 1434 598 1484 καὶ
628 1432 716 1484 διὰ
746 1433 906 1486 τοῦτο
936 1434 1155 1487 πάντων
1179 1435 1314 1503 ὁμοῦ
1356 1436 1753 1503 φθειρομένων,
1786 1432 2074 1497 αὐλητοῦ,

509 1525 695 1589 φασὶν,
730 1525 1010 1591 Ἀραϐίου
1033 1541 1049 1555 ο
1081 1528 1131 1577 τί
1169 1526 1227 1576 δὲ
1259 1527 1340 1577 δεῖ
1374 1526 1467 1577 καὶ
1510 1524 1819 1587 ἀναξαίνειν
1854 1525 1980 1591 ὑμῖν
2010 1522 2079 1574 τὰ

504 1616 819 1683 τραύματα,
869 1615 1061 1684 ὥσπερ
1091 1616 1242 1681 owe:
1288 1618 1605 1685 χρωμένους
1654 1618 1765 1677 τοῖς
1800 1615 2075 1682 διηγήμαο

508 1724 593 1759 σιν
620 1723 633 1770 ;
660 1706 873 1769 Ἀλλως
902 1724 963 1758 τε
994 1709 1089 1759 xai
1118 1709 1427 1777 περιέργως
1450 1708 1515 1759 ἂν
1540 1708 1669 1775 ὑμῖν
1703 1706 1935 1773 λέγοιτο,
1965 1708 2076 1768 τοῖς

508 1797 566 1845 ὲν
604 1796 772 1864 πείρᾳ
802 1797 911 1847 τῶν
965 1797 1314 1866 πραγμάτων
1352 1798 1621 1863 γεγονόσι,
1662 1798 1755 1848 καὶ
1800 1796 1888 1849 διὰ
1918 1798 2075 1849 τοῦτο

2178 627 2351 671 tareut
2376 619 2625 679 navibus.
2646 633 2709 672 ac
2739 628 2869 687 quot
2902 619 3076 672 modis
3104 632 3164 670 ea
3226 617 3497 684 provincia
3535 632 3749 670 vexare-

2175 719 2284 774 tur,
2304 726 2426 764 cum
2455 713 2646 765 matris
2669 712 2886 779 quidem
2925 712 3110 770 frater,
3156 707 3358 776 optima
3409 709 3491 760 vir
3545 708 3745 769 indole,

2174 817 2236 855 ac
2268 801 2861 870 reipubliczeregendre
2915 802 3084 869 probe
3126 815 3346 868 gnarus,
3381 799 3474 869 qui
3500 809 3557 853 et
3598 798 3748 859 Pelo-

2177 892 2798 961 ponnesiprazfecturam
2835 894 3074 962 gerebat,
3129 892 3241 959 jam
3292 891 3430 943 vivis
3489 890 3751 943 excessis-

2173 993 2273 1047 Bel,
2300 984 2450 1037 nullo
2477 986 2667 1037 relicto
2695 984 2804 1038 ﬁlio
2838 983 3072 1046 haerede,
3120 982 3210 1035 sed
3247 981 3367 1049 ejus
3388 981 3552 1033 fratre
3580 981 3750 1048 impe-

2174 1072 2237 1123 rii
2265 1087 2597 1133 successore,
2658 1073 2775 1124 viro
2794 1072 3008 1140 quidem
3038 1071 3230 1140 probo,
3260 1078 3519 1138 atque,ut
3540 1079 3748 1137 spectes

2174 1175 2479 1226 personam,
2525 1164 2785 1230 praeclaro
2839 1178 2900 1217 ac
2972 1171 3187 1216 senecta
3226 1160 3541 1225 venerabili,
3587 1175 3748 1227 quem

2177 1261 2353 1303 tamen
2380 1253 2647 1304 morosior
2679 1253 2822 1305 filius
2851 1252 3162 1319 (dicendum
3198 1252 3341 1304 enim
3376 1252 3517 1319 quod
3546 1266 3631 1303 res
3652 1250 3751 1302 ha~

2176 1338 2285 1404 bet)
2311 1379 2323 1402 ,
2358 1353 2480 1404 quae
2501 1350 2881 1405 essentoperre
2920 1340 3153 1407 pretium
3192 1349 3451 1405 praestare
3492 1339 3750 1407 prohibe-

2180 1433 2288 1486 ret;
2316 1424 2670 1489 quamobrem
2704 1427 2885 1477 omnia
2916 1426 3078 1478 simul
3114 1441 3331 1493 pessum
3362 1474 3363 1481 η
3392 1428 3563 1490 ibant,
3610 1428 3749 1479 Ara-

2178 1514 2282 1578 bio,
2310 1525 2369 1569 ut
2390 1515 2600 1578 dicunt,
2636 1517 2861 1571 tibicine.
2886 1518 3024 1582 Quid
3058 1534 3185 1571 vero
3214 1518 3392 1580 vobis,
3418 1534 3512 1572 ceu
3558 1520 3751 1588 ungui-

2176 1607 2298 1671 bus,
2332 1608 2647 1662 narratione
2705 1608 3246 1677 vulucrzuel‘riccm?
3289 1609 3511 1678 Alioqui
3550 1608 3749 1664 frustra

2177 1698 2624 1761 harenarrentur,
2688 1713 2811 1752 cum
2870 1699 3111 1753 feceritis
3139 1700 3238 1768 ipsi
3292 1716 3475 1754 rerum
3528 1702 3748 1769 pericu-

2180 1790 2318 1850 lum,
2345 1789 2592 1859 adeoque
2623 1791 2788 1859 probe
2817 1792 3026 1846 sciatis.
3082 1791 3202 1845 Sint
3250 1793 3434 1861 itaque
3486 1793 3748 1847 hactenus

507 1885 683 1937 ταῦτα
725 1887 904 1949 καλῶς
947 1890 1161 1940 εἰδόσιν.
1209 1889 1423 1940 Ἐκεῖνα
1462 1888 1645 1940 τοίνυν
1676 1890 1731 1939 ἐν
1772 1890 1926 1956 μέρει
1971 1888 2080 1940 κεί-

2180 1877 2229 1929 in
2264 1888 2416 1945 parte
2458 1885 2676 1943 posita:
2706 1896 2826 1949 qua:
2850 1896 2979 1935 vero
3038 1894 3156 1949 post
3202 1883 3323 1950 ejus
3375 1882 3633 1951 deinceps
3654 1885 3751 1936 ad—

511 1976 621 2027 σθω
644 1993 658 2006 ·
688 1979 753 2029 τὰ
781 1978 837 2031 δὲ
863 1979 1000 2045 μετὰ
1046 1978 1142 2047 τὴν
1171 1977 1406 2030 ἐνταῦθα
1450 1979 1746 2047 ἐπιδημίαν
1781 1978 1875 2030 τοῦ
1932 1979 2060 2030 ἐαυ-

507 2068 600 2117 τὸν
655 2068 785 2134 ἡμῖν
841 2068 1096 2121 ὑπόθεσιν
1145 2069 1237 2121 τοῦ
1290 2069 1558 2139 παρόντος
1594 2070 1806 2136 ἀγῶνος
1870 2085 2063 2139 προτε-

506 2152 746 2213 θεικότος
772 2154 897 2223 ἑξῆς
923 2157 989 2207 ἂν
1018 2158 1262 2226 είρητέα.

584 2243 821 2307 Ἐκεῖνος
878 2247 979 2316 τῆς
1023 2247 1159 2309 νεὼς
1206 2250 1437 2313 ἀποϐὰς,
1468 2252 1564 2304 καὶ
1620 2253 1765 2321 μάλα
1805 2254 2064 2323 ἀσμένως

500 2334 817 2404 ὑποδεχθεὶς
852 2338 954 2389 ὑπὸ
988 2339 1095 2390 τῶν
1128 2338 1404 2400 ἁπάντων,
1434 2342 1494 2394 οὐ
1528 2343 1735 2409 προῖὼν
1766 2344 2064 2419 ἠμαύρωσε

463 2454 474 2464 ·
499 2426 588 2476 τὸν
626 2428 706 2487 είς
762 2428 927 2480 αὐτὸν
964 2429 1140 2496 ἔρωτα
1169 2447 1181 2460 ο
1213 2432 1371 2483 τοῦτο
1416 2431 1479 2498 δὴ
1531 2435 1591 2484 τὸ
1624 2434 1851 2499 σύνηθες
1911 2432 2065 2504 οἶμαι

499 2514 575 2574 ὡς
610 2514 680 2567 τὰ
713 2516 884 2567 πολλὰ
915 2517 1190 2586 πανταχοῦ
1227 2519 1518 2585 γενέσθαι·
1560 2521 1675 2572 ἀλλ’
1713 2519 1782 2592 ἦν
1814 2524 2066 2593 λαμπρύ-

501 2622 608 2654 νων
640 2603 767 2674 ἄχρι
817 2606 1038 2670 παντὸς,
1089 2606 1334 2669 ἅπαντας
1368 2610 1536 2661 ποιῶν
1576 2606 1634 2663 εὖ
1664 2628 1676 2641 ·
1727 2615 1821 2666 xai
1869 2615 2069 2677 πάντες

502 2690 643 2762 ἦσαν
674 2696 731 2746 ἐν
764 2697 978 2763 ἑορταῖς
1004 2714 1017 2728 ·
1053 2698 1181 2751 ἄνευ
1212 2699 1395 2767 μέντοι
1424 2699 1533 2751 τῶν
1558 2700 1792 2769 ἐχθρῶν,
1831 2705 1925 2756 καὶ
1960 2706 2070 2756 τῶν

502 2785 802 2858 ἁϐελτηρίᾳ
833 2804 893 2840 τε
926 2790 1019 2840 καὶ
1044 2791 1348 2860 κακοηθείᾳ
1376 2792 1546 2861 πολλῇ
1582 2794 1893 2858 συζώντων,
1931 2797 2072 2849 Exsi—

502 2896 606 2931 νων
644 2880 766 2947 μὲν,
796 2881 893 2933 άτε
932 2881 1233 2935 δοκούντων
1276 2884 1407 2937 είσω
1448 2887 1689 2955 σαγήνης
1730 2887 1875 2954 ὑμᾶς
1903 2888 2069 2957 ἔχειν,

506 2968 671 3037 μηδὲν
704 2970 810 3022 τῶν
844 2971 994 3025 ἔνδον
1028 2973 1206 3043 ἐώσης
1254 2976 1496 3042 φεύγειν,
1547 2973 1670 3030 εἶτα
1704 2979 1805 3046 τῆς
1856 2980 2072 3043 ἐλπίδος

500 3066 945 3134 διαμαρτόντων,
986 3068 1194 3123 τούτων
1248 3070 1305 3122 δὲ
1366 3072 1533 3141 μηδὲν
1590 3073 1896 3146 είδότων,ἦ
1951 3080 2072 3137 ταῖς

501 3155 676 3207 ἄλλων
730 3160 1040 3228 συμφοραῖς
1094 3163 1389 3231 ἐντρυφᾷν,
1441 3163 1609 3217 ὄντων
1654 3167 1747 3218 καὶ
1798 3168 1977 3221 αὐτῶν
2013 3172 2070 3222 ἐν

2166 1977 2381 2022 ventum
2414 1971 2777 2038 cootigeruut,
2816 1971 2929 2026 haec
2969 1976 3342 2042 prosequenda
3399 1988 3577 2042 opera:
3628 1990 3745 2044 pre-

2166 2060 2297 2114 tium
2332 2062 2649 2120 habeamus.

2242 2239 2344 2295 Ubi
2382 2242 2567 2311 itaque
2594 2244 2714 2297 navi
2758 2243 2994 2299 emissus
3024 2254 3187 2311 esset,
3221 2260 3433 2299 summa
3468 2247 3534 2297 ab
3568 2236 3748 2299 omni-

2167 2332 2268 2387 bus
2292 2334 2476 2388 laetitia
2505 2346 2790 2404 susceptus
2822 2345 2903 2390 est
2932 2356 2944 2401 ;
3008 2352 3107 2391 nec
3140 2353 3262 2390 cum
3302 2337 3353 2389 in
3388 2352 3446 2390 se
3503 2351 3744 2390 amorem

2172 2439 2430 2491 processu
2464 2426 2802 2492 obscuravit,
2861 2428 3005 2494 quod
3046 2429 3366 2497 plerumque
3392 2428 3577 2483 videas
3604 2429 3749 2483 acciv

2170 2517 2327 2570 dere:
2362 2518 2492 2585 quin
2540 2520 2722 2586 potius
2778 2520 3064 2573 universos
3105 2521 3455 2582 demerendo,
3508 2518 3749 2587 cepiosis

2173 2621 2386 2671 semper
2408 2609 2713 2674 augmentis
2743 2608 3056 2662 illustravit.
3076 2609 3280 2661 ’Festis
3312 2623 3505 2661 omnes
3533 2610 3747 2673 gaudiis
3815 2617 3822 2623 '

2171 2697 2571 2763 epulabantur;
2603 2697 2645 2749 si
2703 2692 2886 2749 tamen
2938 2698 3177 2765 excipias
3235 2698 3442 2756 hostes.
3492 2697 3747 2765 virosque

2174 2786 2338 2839 multa
2376 2789 2592 2841 vesania
2624 2802 2686 2841 ac
2712 2790 3029 2842 morositate
3063 2789 3326 2843 ducentes
3374 2787 3573 2842 vitam:
3609 2804 3748 2856 quo-

2173 2892 2293 2929 rum
2324 2877 2503 2944 primi,
2541 2892 2661 2931 curnt
2695 2877 2805 2945 jam
2862 2879 3158 2932 inevitabili
3213 2894 3412 2948 sagena
3459 2880 3750 2934 conclusos

2173 2984 2269 3023 vos
2307 2976 2581 3037 putarent,
2643 2986 2739 3039 spe
2773 2971 3025 3040 deinceps
3059 2972 3482 3038 frustrarentur;
3522 2973 3749 3027 secundi

2171 3076 2320 3126 vero,
2358 3061 2498 3114 haud
2527 3063 2671 3115 aliud
2709 3078 2870 3131 quam
2910 3063 3104 3116 alienis
3145 3065 3547 3119 calamitatibus
3594 3064 3748 3119 dele~
3782 3122 3785 3127 ,

2175 3155 2309 3205 ctari
2346 3164 2586 3220 nossent,
2616 3171 2737 3209 cum
2768 3167 2821 3208 et
2854 3157 2954 3225 ipsi
2985 3158 3202 3225 paribus
3232 3157 3493 3225 implicati
3522 3166 3742 3221 essent;

501 3248 623 3307 ταῖς
650 3222 828 3311 ῖσαιςν·
860 3222 998 3319 όπερ
1028 3222 1129 3304 καὶ
1159 3222 1285 3305 λίαν.
1312 3222 1605 3321 κακόηθες,
1638 3260 1732 3312 καὶ
1768 3261 1919 3313 οὐδὲν
1965 3257 2062 3333 ἦτ-

2170 3242 2304 3309 quod
2340 3243 2494 3310 plane
2522 3260 2643 3297 cum
2680 3246 2831 3299 valde
2857 3262 3153 3313 morosum,
3187 3256 3297 3299 tum
3371 3247 3595 3316 aequalis
3646 3248 3746 3301 dea

430 3392 433 3397 ν
500 3352 593 3387 τον
620 3336 836 3407 εὕηθες.
866 3341 1057 3410 Χρεὼν
1100 3344 1209 3414 γάρ
1240 3344 1299 3399 ὃν
1328 3346 1467 3416 ὑπὲρ
1496 3350 1706 3403 ἐαυτῶν
1747 3354 1992 3420 τρέμειν,
2022 3355 2068 3406 oi

499 3428 555 3479 δὲ
582 3431 704 3492 τοὺς
737 3432 935 3501 ἥττους
963 3436 1170 3501 ἤσθιον,
1208 3438 1324 3490 ὅσοι
1359 3440 1489 3502 τοὺς
1538 3440 1762 3506 μείζους
1788 3442 2065 3512 διέφυγον,

500 3523 641 3575 κατὰ
674 3526 800 3587 τοὺς
854 3526 1280 3600 ἐζωγρημένους
1341 3531 1514 3605 ἰχθῦς,
1551 3535 1600 3586 oi
1648 3535 1906 3598 πολλάκις
1938 3537 2068 3589 εἴσω

499 3616 718 3685 κύρτων
753 3621 1203 3690 κατειλημμένοι,
1250 3626 1310 3677 τὸ
1340 3626 1460 3678 κατ’
1489 3627 1712 3691 αὐτοὺς,
1760 3627 1834 3690 ὡς
1868 3629 2063 3691 ἔοικεν,

498 3708 775 3775 ἀγνοοῦσι,
810 3713 907 3764 καὶ
951 3716 1072 3776 τοὺς
1100 3715 1469 3787 βραχυτέρους
1502 3721 1567 3771 οί-
1592 3719 1815 3788 μείζους
1861 3720 2066 3773 ἐσθίον-

499 3815 609 3861 τες,
638 3805 734 3852 καὶ
776 3798 933 3864 αὖθις
991 3806 1212 3868 τούτους
1243 3808 1290 3859 oi
1323 3809 1521 3875 μᾶλλον
1547 3810 1782 3879 μείζους,
1808 3811 2062 3879 ἕρμαιον,

498 3893 574 3955 ὡς
616 3894 811 3954 εἰπεῖν,
843 3894 1103 3961 ἡγοῦνται
1135 3897 1193 3945 τὸ
1233 3898 1522 3967 θήρατρον,
1554 3899 1627 3960 ὡς
1677 3901 1805 3967 ῥᾷον
1835 3901 1890 3950 ἐν
1916 3898 2065 3965 αὺτῷ

499 3987 595 4047 τὰς
628 3987 898 4054 γαστέρας
938 3986 1321 4052 ἐμπιπλῶντες
1351 3991 1556 4058 τροφῆς
1594 3991 1739 4058 ἥπερ
1771 3989 1855 4039 ἐπ’
1900 3988 2062 4039 αὑτοῦ

500 4072 792 4139 πελάγους.
826 4072 946 4125 Τῶν
999 4074 1098 4141 μὲν
1153 4073 1245 4125 οὖν
1290 4076 1502 4144 ἐχθρῶν
1534 4077 1791 4128 ἁπάντων
1820 4075 1926 4127 άπὸ
1969 4077 2063 4128 τοῦ

500 4162 684 4229 φοϐεῖν
724 4164 814 4215 ἐπὶ
845 4163 905 4215 τὸ
937 4164 1184 4233 φρίττειν
1223 4165 1653 4233 μεταϐαλόντων,
1703 4166 1810 4218 τῶν
1849 4167 1907 4219 δὲ
1967 4182 2066 4218 κα-

498 4260 755 4323 κουργεῖν
802 4255 1021 4308 εἰδότων
1084 4259 1163 4317 εἰς
1218 4257 1503 4325 χηραμοὺς
1558 4259 1923 4318 καταδύντων.
1969 4259 2061 4311 καὶ

497 4348 602 4399 τῶν
630 4348 852 4413 ἀγαθῶν
893 4347 1262 4414 σκιρτῶντων,
1299 4350 1373 4410 ὡς
1425 4350 1566 4418 μετὰ
1616 4350 1819 4420 πολλῆς
1879 4353 2061 4414 ἀδείας

499 4437 614 4502 ἐξὸν
646 4441 831 4492 ἐκεῖνα
863 4444 1059 4506 ποιεῖν,
1107 4441 1179 4492 δι’
1207 4435 1283 4493 ὧν
1312 4442 1376 4493 ἂν
1408 4443 1683 4515 εὐπορὼτε
1697 4461 1787 4513 ραι
1818 4444 2059 4512 γένοιντο

500 4531 701 4594 πόλεις,
735 4532 958 4601 εἰρήνης
1004 4533 1229 4601 βαθείας
1266 4534 1660 4597 ἀπολαύουσαι,
1692 4537 1723 4604 ἥ
1772 4536 1834 4605 δὴ
1863 4538 2059 4607 ῗκρείτ-
2093 4564 2139 4622 D

497 4635 603 4669 των
630 4620 871 4687 ἀτεχνῶς
909 4623 1000 4673 καὶ
1029 4622 1288 4691 εὐπορίας
1339 4624 1576 4692 ἀπάσης,
1619 4626 1838 4693 ἀνεψιὸς
1888 4628 2060 4696 αὐτῷ,

497 4705 555 4757 οὗ
611 4710 788 4777 μικρῴ
844 4711 1078 4777 πρόσθεν
1132 4712 1507 4781 ἐμνήσθημεν,
1570 4713 1781 4777 πολλοῖς
1839 4717 2061 4769 ἐπέθετο

497 4800 738 4865 τρόποις,
791 4801 1055 4871 Τούρκοις
1084 4804 1180 4855 καὶ
1220 4807 1469 4867 Λατίνοις
1500 4806 1691 4858 ἑαυτὸν
1734 4807 1912 4875 μίξας.
1960 4810 2059 4859 Εὑ-

498 4891 593 4952 θὺς
622 4888 714 4945 οὖν
756 4895 932 4946 πάντα
960 4898 1234 4964 συνέχεεν,
1264 4898 1370 4950 ἀπὸ
1402 4901 1643 4969 γαλήνης
1669 4902 1816 4967 αἰγὶς
1845 4904 2057 4967 φανεὶς,

495 4982 647 5037 οὔπω
685 4985 792 5037 τῶν
849 4989 1188 5056 πραγμάτων
1217 4993 1304 5041 ἐπὶ
1337 4992 1570 5054 κρείττω
1615 4995 1917 5059 παγέντων.
1952 4990 2061 5046 Ἦν

494 5072 552 5125 δὲ
582 5078 702 5136 ταῖς
752 5075 1003 5137 ἀπειλαῖς
1054 5079 1307 5146 φοϐερὸς,
1364 5081 1455 5133 καὶ
1512 5083 1624 5142 τοῖς
1665 5082 1845 5149 ἔργοις
1907 5082 2059 5134 οὐδὲν

493 5158 675 5233 ἧττον,
728 5165 822 5217 ἅτε
857 5167 1017 5235 ξένην
1071 5169 1208 5237 ἔχων
1254 5173 1536 5241 στρατιὰν,
1576 5174 1809 5226 καὶτῶν
1861 5177 2061 5246 ἐπιχω-

498 5254 630 5320 ρίων
684 5255 942 5321 πολλοὺς,
1004 5260 1099 5311 καὶ
1160 5263 1403 5332 κατέχων
1474 5266 1710 5334 φρούρια
1780 5268 1884 5320 ὑπὸ
1961 5268 2057 5321 τοῦ

494 5346 701 5413 πατρὸς
767 5347 915 5416 αὐτῷ
988 5350 1291 5418 δεδομένα’
1341 5356 1435 5408 καὶ
1496 5357 1786 5410 συνελόντα
1860 5362 2055 5424 εἰπεῖν,

494 5434 636 5509 πλῂν
698 5436 790 5489 τοῦ
849 5441 999 5509 παρὰ
1049 5440 1204 5508 λόγον
1269 5444 1657 5512 θρασύνεσθαι,
1711 5449 1804 5500 καὶ
1857 5451 2057 5512 ἀδίκως

499 5527 676 5596 μάχης
712 5528 976 5597 ὑπάρξαι,
1026 5532 1176 5584 τᾶλλ’
1206 5536 1305 5587 οὐκ
1338 5536 1537 5606 ἀγενὴς
1565 5537 1661 5603 ὢν,
1707 5540 1820 5591 οὐδ’
1859 5541 2058 5607 ἀμέτο-

492 5632 583 5683 χος
614 5619 1020 5687 μηχανημάτων
1051 5622 1145 5675 xai
1192 5626 1481 5687 ποικιλίας.
1516 5629 1742 5681 Πάντων
1797 5625 1889 5683 οὖν
1917 5632 2055 5682 άπε-

489 5707 797 5773 γνωκότων,
850 5711 943 5762 καὶ
980 5713 1463 5780 συμϐουλευόντων
1502 5718 1654 5788 αὐτῷ
1702 5719 1948 5788 φεύγειν,
1980 5720 2055 5782 ὡς

489 5795 550 5847 οὐ
580 5796 881 5853 δοκούντων
915 5801 1142 5857 δυνατὸν
1177 5808 1327 5874 πρὸς
1360 5810 1632 5879 τοσαύτην
1667 5810 1933 5879 σύρροιαν
1962 5812 2054 5864 ἁν-

2172 3335 2389 3389 mcntia?
2420 3344 2523 3390 est.
2559 3336 2695 3390 Cum
2724 3340 2867 3391 enim
2903 3356 2999 3405 pro
3028 3354 3126 3393 sua
3158 3340 3401 3407 ipsorum
3441 3344 3613 3395 salute
3643 3351 3750 3394 tre-

2172 3443 2321 3483 mere
2348 3429 2691 3497 habuissent,
2726 3432 2759 3484 ii
2812 3434 2992 3500 potius
3020 3433 3377 3486 comedehant
3412 3433 3745 3495 minores,’si

2170 3521 2260 3587 qui
2296 3520 2535 3591 majores
2563 3535 2874 3587 evaserant,
2912 3526 2985 3577 uti
3032 3525 3082 3576 in
3114 3524 3286 3590 captis
3316 3523 3557 3590 piscibus
3586 3523 3743 3578 solet.

2168 3611 2315 3676 Quos
2351 3615 2493 3666 enim
2524 3630 2720 3683 sageua
2746 3616 2963 3667 clausos
3001 3616 3217 3679 habeat,
3258 3616 3398 3667 haud
3425 3630 3577 3667 suam
3610 3615 3746 3667 satis

2178 3703 2411 3755 scientes
2470 3714 2699 3767 sortem,
2767 3707 2998 3774 majores
3057 3707 3156 3775 ipsi
3221 3706 3577 3760 munitiorcsl
3613 3708 3748 3763 alios

2167 3794 2476 3859 comedunt,
2503 3810 2642 3863 quos
2681 3796 2827 3863 ipsos
2877 3813 3067 3851 rursus
3122 3799 3441 3866 grandiores
3498 3799 3585 3851 alii
3636 3801 3747 3853 sint

2168 3888 2502 3942 comesturi:
2546 3888 2802 3955 huncque
2837 3890 3079 3952 modum,
3119 3890 3373 3943 Mercurii
3410 3899 3543 3955 rete,
3575 3900 3634 3943 ut
3668 3892 3746 3945 sic

2168 3970 2380 4033 dicam,
2421 3982 2675 4040 tanquam
2702 3975 2754 4025 in
2796 3990 2885 4038 eo,
2952 3992 3111 4044 quam
3144 3980 3195 4029 in
3243 3960 3746 4048 ruarchpeditius

2169 4069 2413 4115 ventrem
2479 4064 2775 4129 impleturi,
2820 4067 3063 4121 trahunt.
3144 4070 3281 4123 Cum
3323 4086 3452 4141 ergo
3501 4073 3742 4125 universi

2170 4154 2351 4206 hostes
2402 4154 2470 4207 ab
2491 4170 2556 4207 eo
2590 4162 2647 4208 ut
2680 4163 2942 4211 terrerent
2996 4159 3049 4211 in
3078 4168 3341 4215 terrorem
3396 4163 3496 4230 ipsi
3523 4178 3748 4231 agereno

2168 4257 2292 4308 tur,
2330 4248 2686 4315 hominesque
2722 4250 2951 4303 nocendi
3013 4261 3182 4305 artem
3235 4254 3377 4307 docti
3438 4255 3491 4305 in
3525 4253 3742 4306 latibula

2165 4354 2225 4392 se
2256 4339 2648 4405 subducerent,
2680 4340 2835 4395 bonis
2861 4343 3077 4395 mterim
3102 4344 3479 4413 gestientibus,
3511 4346 3652 4411 quod
3683 4360 3743 4400 ea

2164 4431 2421 4500 deinceps
2446 4444 2559 4487 tuto
2584 4434 2872 4488 admodum
2897 4446 3153 4504 prrestare
3174 4444 3417 4505 possent,
3462 4451 3524 4488 ex
3547 4436 3744 4501 quibus

2166 4525 2326 4578 urbes
2358 4526 2560 4579 divitiis
2590 4539 2909 4595 augeantur.
2930 4528 3089 4580 altam
3115 4536 3333 4597 agentes
3356 4542 3543 4595 pacem
3576 4567 3590 4590 ,
3621 4543 3742 4595 qua:

2166 4626 2219 4671 et
2257 4616 2370 4685 ipsa
2421 4619 2627 4672 divitiis
2656 4620 2913 4672 omnibus
2948 4620 3139 4671 melior
3187 4628 3311 4673 cst:
3352 4618 3738 4680 consobrinus,

2166 4711 2316 4778 cujus
2341 4713 2500 4775 paulo
2528 4713 2777 4779 superius
2812 4712 2950 4765 facta
3012 4721 3095 4765 est
3123 4712 3349 4776 mentio,
3375 4710 3571 4766 Turcis
3598 4726 3656 4766 se
3679 4727 3742 4765 ac

2169 4800 2373 4855 Latinis
2405 4804 2660 4865 miscens,
2689 4803 2874 4856 multis
2905 4804 2952 4857 ei
2978 4805 3155 4858 modis
3192 4806 3460 4873 negotium
3496 4803 3736 4858 facessit.

2168 4892 2360 4945 Statim
2393 4910 2523 4961 ergo
2556 4894 2803 4947 confudit
2826 4897 3027 4951 omnia.
3063 4877 3158 4949 ceu
3193 4896 3354 4949 turbo
3403 4912 3429 4947 a
3468 4896 3736 4965 tranquil-

2165 4984 2318 5037 litate
2349 4998 2655 5051 emergens,
2687 4999 2810 5037 cum
2839 4986 3071 5038 necdum
3118 5000 3203 5039 res
3236 4985 3458 5038 firmiori
3496 4995 3642 5040 statu
3679 4987 3731 5038 in

2164 5077 2307 5131 bono
2344 5077 2624 5130 traherent.
2658 5076 2786 5130 Erat
2845 5092 3006 5145 porro
3086 5078 3247 5133 minis
3291 5078 3640 5142 tremendus;
3674 5094 3736 5132 ac

2164 5183 2338 5239 neque
2371 5184 2458 5223 res
2488 5168 2551 5222 ad
2585 5177 2845 5223 terrorem
2881 5170 3119 5225 minores
3145 5182 3321 5231 erant,
3360 5172 3502 5242 quo]
3532 5187 3729 5226 novum

2165 5263 2391 5317 haberet
2416 5262 2781 5329 conscriptum
2836 5263 3083 5327 militem,
3121 5264 3411 5333 pluresque
3466 5264 3730 5329 indigena:

2162 5355 2229 5408 ab
2288 5368 2352 5407 eo
2381 5362 2607 5416 starent,
2639 5368 2702 5407 ac
2741 5353 2927 5408 relicta
2962 5370 2991 5407 a
3018 5366 3171 5423 patre
3220 5356 3464 5423 praesidia
3504 5360 3727 5406 teneret.

2161 5447 2337 5513 Atque
2370 5455 2427 5497 ut
2464 5445 2630 5497 verbo
2665 5444 2866 5509 dicam,
2894 5456 3117 5514 excepta
3150 5447 3239 5499 illa
3296 5462 3402 5500 non
3445 5460 3476 5498 e
3516 5445 3726 5499 ratione

2162 5538 2409 5602 audacia,
2438 5545 2599 5605 atque
2628 5547 2685 5591 ιιι
2738 5538 2921 5606 iujusti
2978 5539 3107 5592 belli
3159 5548 3349 5592 auctor
3396 5546 3559 5602 esset,
3613 5548 3731 5591 erat

2163 5629 2361 5697 alioqui
2389 5643 2493 5682 non
2517 5630 2797 5695 degeneris
2819 5630 3011 5694 animi,
3040 5646 3139 5685 nec
3156 5644 3283 5683 vero
3300 5643 3493 5695 expers
3518 5628 3728 5699 peritia:

2158 5720 2365 5774 bellica:
2396 5734 2458 5773 ac
2485 5721 2805 5788 prudentiae.
2847 5720 2983 5775 Cum
3014 5736 3142 5789 ergo
3169 5734 3360 5773 omnes
3388 5719 3442 5772 in
3472 5720 3724 5790 despera-

2162 5812 2362 5866 tionem
2395 5811 2594 5876 adacti,
2661 5813 2836 5883 fugam
2873 5812 3242 5876 consulerent,
3285 5820 3539 5881 tanquam
3574 5812 3724 5865 vide-
