4166 6270
444 353 553 453 an

1606 374 2008 438 MANUELIS
2042 378 2491 440 PALEOLOGI

3572 382 3680 446 212

407 538 428 555 h
452 491 602 537 retur
639 493 744 535 non
768 492 928 547 posse
982 480 1118 547 ﬁeri,
1151 489 1209 536 ut
1241 491 1402 538 tanta:
1434 484 1509 539 illi
1541 488 1807 543 malorum
1857 490 2017 545 iuun-

2122 493 2405 547 θίστασθαί
2459 494 2664 559 κακῶν,
2695 494 2804 547 ὀδὲ
2856 494 3107 563 τεθνάναι
3159 493 3436 565 πρόθυμος
3480 488 3549 563 ἦν
3579 495 3686 562 πρὸ

453 573 663 631 dationi
699 586 843 629 unus
865 571 981 640 ipse
1009 571 1335 631 obsisteret:
1363 590 1522 634 secus
1541 578 1649 645 ille,
1671 582 1811 635 mori
1839 596 2026 651 prom—

463 674 610 729 ptus.
636 677 796 732 quam
821 671 878 718 ut
899 664 1261 721 committeret
1281 667 1506 736 aliquid,
1531 669 1676 739 quod
1701 671 1883 728 minus
1902 687 2029 741 per-

455 766 648 807 sonam
666 765 821 804 suam
853 765 915 802 ac
936 750 1098 804 vitam
1123 752 1611 825 deceretzﬁsicque,
1628 773 1752 812 cum
1779 766 2029 829 parentes

456 857 521 895 ac
554 856 723 911 genus
751 841 1089 907 universum,
1133 853 1244 898 tum
1279 853 1540 913 praeterea
1579 847 1698 916 ejus
1730 849 2027 903 admirato-

333 960 341 966 -
452 949 541 988 res
569 935 809 1002 virtutis,
837 949 1106 1005 suamque
1131 937 1245 1007 ipse
1269 938 1524 1004 indolem,
1548 942 1748 1008 probro
1768 941 2025 996 alliceret.

452 1026 600 1083 Bene
630 1026 815 1096 itaque
835 1028 902 1084 de
933 1027 1065 1094 Deo,
1095 1044 1159 1086 ac
1183 1040 1467 1100 parentum
1496 1034 1772 1101 precibus,
1802 1034 2026 1103 suisque

453 1117 589 1172 adeo
619 1117 793 1185 ipsius
828 1120 1094 1186 moribus,
1137 1121 1330 1188 fretus,
1362 1139 1426 1179 ac
1470 1124 1617 1192 quod
1676 1125 1897 1179 iuvasor
1932 1126 2024 1179 in-
2060 1156 2067 1157 ν

447 1208 599 1276 juste
628 1208 919 1278 imperium
948 1221 1185 1280 pararet,
1219 1213 1367 1282 juste
1416 1230 1475 1269 se
1511 1217 1619 1269 vim
1675 1218 2025 1288 propulsatu-

454 1313 575 1351 rum
646 1299 903 1367 sperabat
939 1318 954 1354 :
989 1303 1212 1372 reliquis
1281 1306 1426 1359 enim
1474 1307 1727 1363 omnibus
1785 1309 2024 1369 hosﬁum

450 1389 777 1455 praestabant
812 1400 1014 1460 partes.

522 1478 835 1548 Enimvero,
866 1499 986 1541 cum
1007 1499 1073 1540 eo
1095 1502 1181 1542 res
1201 1498 1343 1543 statu
1370 1489 1628 1549 haberent
1668 1494 1720 1546 in
1749 1498 2023 1567 nouacula,

460 1582 521 1624 ut
548 1572 701 1626 aiunt
726 1591 739 1625 :
774 1577 1050 1644 negotium
1081 1586 1251 1634 totum
1283 1582 1447 1648 probe
1471 1582 1712 1653 dirigens
1732 1588 2026 1652 sapientia,

458 1678 522 1716 ac
555 1668 698 1732 quod
727 1667 923 1735 cuique
947 1671 1261 1725 conducens
1277 1683 1421 1729 esset
1443 1677 1657 1743 egregie
1678 1676 2024 1746 diapensans,

451 1755 708 1821 juvenem
741 1759 959 1827 quidem
987 1761 1055 1814 ab
1090 1760 1342 1817 humanis
1386 1764 1600 1830 tollens,
1638 1766 1873 1822 inhibuit
1900 1782 2025 1836 age-

2125 585 2222 638 τοῦ
2277 586 2555 654 ποιῆσαιδ
2593 587 2669 657 μὴ
2718 588 2957 657 προσῆκε
2996 587 3075 657 τῷ
3112 603 3171 640 τε
3218 585 3415 641 ἑαυτοῦ
3445 586 3683 655 σχήματι

2128 676 2223 729 καὶ
2255 675 2334 745 τῷ
2368 676 2487 746 βίῳ,
2534 679 2626 731 καὶ
2655 679 2828 749 ταύτῃ
2855 695 2919 745 γε
2967 678 3284 747 περιφανῶς
3324 676 3684 746 καταισχῦναι

2122 767 2250 831 τούς
2287 785 2348 821 τε
2375 771 2591 835 γονέας,
2618 771 2713 823 καὶ
2743 772 2849 825 πᾶν
2877 771 2937 824 τὸ
2961 772 3146 838 γένος,
3175 773 3268 843 και
3302 768 3530 838 προσέτι
3559 769 3685 831 τοὺς

2126 858 2225 927 τὴν
2256 859 2459 930 ἀρετὴν
2511 861 2913 930 Θαυμάζοντας,
2961 865 3053 915 καὶ
3101 861 3265 931 φύσιν
3310 861 3409 928 τὴν
3453 862 3712 914 ἐκείνουΛ

2138 951 2454 1006 Ἐπεποίθει
2479 951 2535 1004 δὲ
2562 951 2706 1021 Θεῷ,
2739 954 2834 1005 καὶ
2863 951 2984 1013 ταῖς
3014 951 3123 1004 τῶν
3162 950 3452 1019 φυσάντων
3477 951 3685 1020 εὐχαῖς,

2124 1043 2217 1096 καὶ
2246 1044 2358 1106 τοῖς
2383 1042 2579 1097 ἐαυτοῦ
2626 1045 2872 1112 τρόποις,
2900 1042 2981 1113 τῷ
3026 1060 3086 1096 τε
3123 1042 3323 1104 ἀδίκως
3371 1041 3467 1095 τοῦ
3504 1043 3686 1094 ἐπιόν-

2124 1147 2217 1195 τος
2248 1130 2349 1201 τὴν
2372 1131 2547 1202 ἀρχὴν
2576 1132 3054 1201 σφετεριζομένου,
3106 1133 3272 1185 αὑτὸν
3292 1131 3515 1194 δικαίως
3543 1131 3686 1200 ἀμύ-

2124 1220 2334 1275 νεσθαι.
2374 1222 2460 1275 Ἐν
2490 1222 2599 1292 γὰρ
2632 1225 2744 1288 τοῖς
2794 1224 2977 1288 ἄλλοις
3009 1224 3213 1279 ἅπασιν
3241 1224 3293 1279 οἱ
3322 1223 3688 1293 πολεμοῦντες

2123 1312 2539 1367 ἐπλεονέκτουν.

2210 1495 2352 1549 Ἀλλ’
2377 1497 2436 1549 ἐν
2488 1496 2695 1559 τούτοις
2739 1496 3040 1564 ἱσταμένων
3084 1496 3195 1550 τῶν
3236 1494 3581 1567 πραγμάτων
3613 1496 3689 1560 ὡς

2123 1584 2217 1637 ἐπὶ
2260 1584 2445 1654 ξυροῦ,
2496 1588 2684 1653 φασιν,
2715 1587 2747 1654 ἡ
2778 1586 2960 1647 καλῶς
2993 1583 3244 1637 ίθύνουσα
3276 1584 3437 1652 σοφία
3480 1584 3599 1637 τόδε
3628 1584 3688 1638 τὸ

2124 1678 2254 1737 πᾶν,
2287 1679 2379 1728 καὶ
2432 1678 2844 1749 πρυτανεύουφσα
2892 1676 2953 1729 τὺ
2990 1676 3269 1745 συμφέρον
3315 1676 3554 1744 ἑκάστῳ,
3597 1675 3685 1728 τὸν

2130 1769 2230 1836 μὲν
2262 1770 2479 1820 νεανίαν
2530 1769 2757 1831 ἐκεῖνον,
2798 1768 2907 1820 τῶν
2954 1769 3080 1838 τῇδε
3129 1768 3540 1836 μεταστήσασα,
3588 1766 3687 1820 οὐκ

457 1861 539 1910 re,
571 1848 717 1916 quod
753 1850 935 1907 animo
986 1853 1343 1910 constitutum
1391 1864 1543 1912 erat:
1589 1856 1791 1913 dixerit
1846 1832 2025 1924 alius,

2129 1832 2280 1911 εἴασε
2317 1859 2577 1928 πράττειν
2604 1861 2672 1912 τὰ
2710 1859 2853 1911 κατὰ
2900 1832 3056 1912 νοῦν’
3091 1832 3249 1920 ἄλλος
3276 1858 3320 1911 δ’
3351 1832 3418 1912 ἀν
3449 1855 3597 1922 εἷπε,
3618 1858 3687 1911 τὰ

457 1937 605 2005 quod
629 1939 677 1991 ei
710 1940 906 1995 malum
939 1952 1105 2007 esset,
1154 1945 1310 2000 vobis
1362 1955 1541 2001 autem
1595 1949 1896 2017 despolam,
1926 1949 2026 2004 Pe-

458 2031 736 2097 loponnesi
778 2034 941 2089 totius
969 2035 1251 2090 dominum
1302 2037 1566 2105 prmlecit,
1610 2041 2026 2109 appellationem

455 2123 620 2175 rebus
647 2124 1058 2181 confirmantem
1095 2143 1111 2193 ;
1141 2128 1275 2183 nihil
1324 2130 1521 2201 quippe
1545 2132 1770 2187 omnino
1801 2134 2017 2203 agebat,

456 2225 548 2266 aut
582 2214 834 2272 volvebat
861 2217 1070 2285 animo,
1102 2234 1265 2289 quam
1306 2222 1449 2289 quod
1479 2221 1721 2279 modeste
1769 2239 1833 2279 ac
1854 2241 1886 2280 e
1915 2226 2026 2279 vir-

458 2315 574 2360 tute
631 2308 1022 2374 rempublicam
1046 2320 1321 2379 gerentem
1344 2312 1597 2369 deceret:
1625 2329 1745 2383 quae
1761 2330 1852 2371 res
1878 2316 2023 2373 fama

454 2396 667 2460 volans,
720 2412 815 2452 eos
847 2413 1067 2468 quoque
1110 2401 1175 2454 ad
1230 2403 1585 2458 sobrietatem
1617 2406 1898 2473 compulit,
1929 2408 2023 2477 qui

457 2505 574 2544 rem
605 2491 726 2557 ejus
768 2491 899 2545 nihil
929 2494 1159 2548 scirent:
1198 2495 1483 2565 plurisque
1508 2496 1783 2554 faciebant
1809 2515 2022 2569 omnes,

376 2610 379 2611 ν
457 2585 519 2629 ιιι
549 2577 692 2645 quod
727 2578 819 2632 ille
849 2590 1060 2648 gratum
1096 2582 1337 2649 haberet,
1370 2595 1693 2653 praestarent
1720 2627 1737 2655 ,
1771 2588 2024 2660 idemque

455 2668 601 2723 dictu
633 2670 721 2732 sit,
750 2671 893 2739 quod
921 2670 1031 2725 Deo
1062 2682 1273 2741 gratum
1300 2680 1469 2731 esset.

430 2800 433 2803 .
527 2759 690 2815 Fama
724 2760 889 2830 igitur
916 2762 1118 2832 ubique
1172 2778 1520 2837 pervagante,
1578 2778 1634 2825 ut
1660 2770 1745 2824 vir
1799 2770 2020 2840 quidam

455 2851 795 2937 admirabilis
848 2854 958 2909 haec
1019 2871 1084 2911 ac
1115 2857 1206 2913 illa
1235 2858 1376 2913 bona
1415 2862 1682 2917 universis
1713 2874 2020 2931 praestaret,

456 2957 563 2997 non
595 2959 845 3013 quaerens
874 2947 1018 3015 quod
1072 2964 1228 3005 suum
1260 2961 1424 3016 esset,
1460 2951 1553 3007 sed
1583 2954 1728 3020 quod
1755 2954 2019 3011 aliorum:

454 3048 565 3089 non
598 3034 740 3087 enim
767 3033 935 3088 latent
963 3050 1303 3091 summorum
1337 3053 1425 3094 res
1454 3055 1470 3094 ε
1500 3040 1566 3095 ad
1598 3055 1724 3096 eum
1779 3042 2019 3097 conﬂue-

2128 1949 2255 2003 καθ’
2292 1949 2487 2002 ἑαυτοῦ
2510 1966 2525 1980 °
2555 1950 2647 2004 τὸν
2669 1951 2725 2005 δέ
2756 1951 3024 2016 δεσπότην
3058 1950 3184 2019 ὑμῖν
3209 1950 3475 2017 δεσπότην
3506 1952 3685 2018 πάσης

2126 2039 2293 2104 ἔδειξε
2350 2042 2448 2109 τῆς
2495 2042 2929 2110 Πελοποννήσου,
2990 2041 3172 2110 ἔργοις
3221 2041 3544 2110 βεϐαιοῦντα
3586 2042 3688 2111 τὴν

2126 2131 2339 2202 κλῆσιν.
2376 2132 2541 2185 Ούδὲν
2581 2134 2689 2201 γὰρ
2741 2133 2876 2196 ὅλως
2906 2133 3167 2199 πράττων
3197 2129 3266 2203 ἦν
3309 2133 3688 2204 ἢδιανοούμε-

2126 2210 2237 2286 νος,
2273 2221 2302 2274 δ
2334 2220 2409 2292 μὴ
2444 2224 2724 2291 προσῆκεν
2763 2222 3020 2284 ἐπιεικῶς
3050 2222 3295 2293 ἄρχοντι.
3321 2222 3493 2276 Τοῦτο
3514 2223 3571 2276 δὲ
3592 2222 3688 2292 δῆ-

2124 2311 2215 2365 λον
2272 2313 2516 2381 γεγονὸς,
2569 2316 2868 2383 σωφρονεῖν
2923 2315 3200 2384 ἠνάγκαζε
3257 2315 3353 2368 καὶ
3406 2315 3535 2378 τοὺς
3586 2315 3687 2367 οὐκ

2125 2404 2333 2467 είδότας
2351 2420 2367 2438 ο
2402 2408 2495 2458 καὶ
2530 2405 2727 2459 πολλοῦ
2753 2406 2821 2461 ἃν
2853 2409 3055 2470 πάντες
3097 2406 3395 2474 ἠλλάξαντο
3423 2407 3486 2460 τδ
3514 2409 3689 2460 ποιεῖν
3716 2436 3728 2447 -

2123 2498 2185 2550 τὸ
2213 2497 2383 2570 τούτῳ
2411 2499 2807 2569 κεχαρισμένον
2828 2538 2844 2566 ,
2872 2498 3039 2554 ταυτὸ
3067 2498 3114 2554 δ’
3146 2499 3323 2553 είπετν
3348 2500 3443 2553 καὶ
3470 2498 3611 2569 Θεῷ.

2196 2762 2616 2832 Διαδραμούσης
2658 2763 2752 2817 οῦν
2802 2763 3111 2832 πανταχόσε
3152 2762 3252 2832 τῆς
3297 2764 3509 2834 φήμης,
3543 2761 3617 2824 ὡς
3655 2764 3689 2817 ό

2125 2853 2278 2907 δεῖνα
2302 2854 2624 2923 θαυμαστὸς
2648 2853 2719 2906 τὰ
2749 2856 2843 2907 καὶ
2869 2855 2933 2906 τὲ
2956 2854 3251 2924 εἰργάσατο
3285 2855 3457 2913 πᾶσιν
3478 2852 3680 2921 ἀγαθὰζ

2122 2946 2182 2998 ού
2218 2944 2399 3014 ζητῶν
2442 2946 2502 2998 τὸ
2533 2945 2750 3009 ἐαυτοῦ,
2788 2946 2926 3000 ἀλλά
2967 2947 3028 3000 τὸ
3055 2946 3167 3001 τῶν
3213 2946 3439 3015 ἐτέρων·
3467 2948 3538 3000 τὰ
3576 2947 3685 3015 γὰρ

2124 3035 2232 3089 τῶν
2263 3037 2537 3105 μεγίστων
2560 3038 2620 3090 οὐ
2663 3038 2990 3109 κρύπτεται·
3024 3040 3319 3111 συνέρρεον
3345 3039 3475 3109 ἔθνη
3514 3038 3686 3094 πολλὰ

457 3125 610 3187 hant,
643 3140 769 3179 cum.
798 3126 1009 3188 vicinae,
1036 3138 1150 3181 tum
1181 3128 1396 3199 longius
1422 3130 1612 3199 positae
1641 3143 1850 3200 gentes.
1882 3134 2015 3187 Nam

2122 3126 2197 3187 di;
2227 3127 2391 3181 αὐτὸν
2415 3128 2524 3182 τῶν
2560 3146 2619 3182 τε
2646 3131 2933 3202 ἐγγυτέρῳ
2959 3132 3052 3185 καὶ
3108 3132 3466 3202 πορρωτάτω.
3483 3132 3545 3183 Ἦ
3576 3132 3685 3201 γὰρ

457 3214 628 3267 \irtus
656 3229 743 3270 res
798 3225 879 3270 est
907 3217 1237 3273 desiderium
1288 3218 1513 3284 habens,
1553 3220 1823 3288 bonisque
1853 3232 2022 3277 attra-

455 3306 649 3365 hendis
710 3308 899 3376 majori
934 3325 1095 3378 supra
1127 3320 1431 3380 magnetem
1479 3311 1796 3371 ellicacitate
1834 3316 2019 3383 pollet.

456 3396 589 3449 Cum
612 3412 741 3471 ergo
762 3399 1069 3465 continens,
1091 3410 1203 3454 tum
1233 3416 1382 3455 mare
1415 3401 1751 3458 conﬂuentes
1776 3402 2024 3461 ferebant

456 3491 684 3563 p0pulos
710 3510 725 3557 ς
752 3502 975 3562 eratque
1022 3494 1180 3549 dulce
1207 3496 1336 3564 quid
1359 3495 1424 3549 ad
1451 3497 1848 3565 spectaculum.
1878 3503 2024 3569 quod

455 3596 550 3649 per
585 3582 713 3638 illud
751 3595 963 3654 tempus
998 3586 1180 3641 ﬂebat.
1220 3585 1460 3642 Deserta
1480 3588 1684 3656 pridem
1744 3590 1906 3646 urbes
1958 3606 2025 3648 ac

452 3674 569 3730 loca
627 3691 796 3731 novos
846 3678 1069 3732 colonos
1139 3678 1432 3744 habebant,
1484 3680 1765 3750 saltusque
1839 3692 2022 3739 aratro

452 3765 860 3832 scindebantur,
881 3781 946 3823 ac
998 3776 1106 3823 tota
1163 3769 1525 3825 mundabatur
1594 3772 1777 3842 regio:
1826 3772 1919 3829 sed
1969 3782 2027 3829 et

458 3856 626 3910 multa
656 3858 772 3912 loca
799 3873 1012 3928 aspera,
1042 3859 1206 3916 nullis
1237 3861 1363 3915 olim
1397 3871 1755 3932 praeterquam
1798 3863 2024 3920 latroni-

454 3950 558 4005 bus'
583 3949 887 4021 comem,
926 3956 1132 4013 leniora
1166 3956 1376 4025 effecta,
1396 3973 1461 4014 ac
1495 3958 1791 4028 peritorum
1858 3974 2028 4014 aran-

453 4042 508 4096 di
535 4044 791 4101 manibus
818 4047 1083 4113 cicurata,
1137 4050 1425 4105 mandatas
1455 4051 1703 4116 arbores,
1751 4066 1816 4107 ac
1846 4051 2027 4121 omnis

454 4134 668 4204 generis
694 4137 901 4193 semina
937 4140 1288 4209 recipiebant.
1323 4141 1429 4197 Sed
1456 4151 1512 4196 et
1548 4143 1857 4212 Illyriorum
1880 4145 2025 4199 dena

454 4229 676 4284 circiter
734 4230 925 4297 millia,
987 4240 1196 4289 mutato
1255 4234 1543 4290 confertim
1599 4236 1737 4298 solo,
1769 4234 2027 4289 adductis

457 4321 580 4375 tiliis
612 4335 677 4375 ac
701 4323 983 4387 uxoribus,
1026 4324 1462 4393 substantiisque
1511 4340 1576 4381 ac
1612 4328 1828 4395 pecore,
1887 4328 2024 4382 Isth-

455 4428 601 4466 mum
633 4414 939 4482 petierunt;
968 4412 1197 4482 ﬁxisque
1228 4414 1338 4468 illic
1372 4415 1764 4481 tabernaculis,
1784 4431 1849 4472 ac
1878 4427 2022 4472 stra-

2123 3218 2295 3288 ἀρετὴ
2347 3219 2616 3285 ποθεινὸν,
2670 3223 2764 3274 καὶ
2821 3222 3153 3292 παρελαύνει
3204 3227 3464 3293 μαγνῖτιν
3512 3224 3682 3287 λίθον,

2124 3308 2466 3378 ἐφελκομένη
2493 3311 2619 3374 τοὺς
2648 3312 2909 3379 ἀγαθούς.
2959 3312 3213 3383 Ἑκόμιζε
3241 3313 3305 3383 δὴ
3334 3316 3428 3369 καὶ
3459 3315 3686 3385 ἧπειρος

2124 3399 2219 3451 καὶ
2267 3397 2516 3454 θάλασσα
2559 3403 2687 3463 τοὺς
2741 3403 3183 3472 ἐπιδημοῦνταςο
3239 3405 3334 3458 καὶ
3381 3400 3448 3476 ἦν
3497 3404 3597 3471 ἡδύ
3630 3420 3685 3457 τι

2125 3490 2422 3545 θεάσασθαι
2496 3493 2557 3546 τ’)
2612 3495 2731 3547 κατ’
2787 3498 2963 3549 ἐκεῖνο
3017 3495 3217 3567 καιροῦ
3282 3496 3682 3567 πραττόμενον.

2129 3581 2330 3651 ’ᾩκουν
2357 3583 2407 3634 οί
2447 3584 2696 3650 νεήλυδες
2740 3585 2838 3647 τὰς
2875 3587 3187 3656 ἀοικήτους,
3226 3588 3323 3642 καὶ
3357 3588 3496 3657 ἄλση
3524 3603 3687 3642 κατε·-

2124 3674 2372 3743 τέμνετο,
2397 3676 2494 3728 καὶ
2521 3676 2839 3746 ὲκαθαίρετο
2866 3679 3041 3749 χῶρος
3066 3680 3212 3743 ἅπας
3237 3696 3252 3711 ο
3290 3680 3461 3735 πολλά
3489 3697 3548 3733 τε
3588 3682 3687 3734 αύ-

2118 3765 2234 3819 (τῶν
2261 3765 2552 3836 ἀνημέρων
2592 3770 2831 3838 χωρίων,
2866 3770 3008 3841 ἅπερ
3048 3770 3263 3824 οὐδέσιν
3300 3770 3515 3842 ὑπῆρχε
3555 3773 3688 3842 χρή-

2127 3873 2264 3928 σιμα
2302 3857 2442 3928 πλὴν
2478 3857 2722 3929 λῃσταῖς,
2756 3861 3057 3932 ᾖμεροῦτο,
3089 3864 3183 3917 καὶ
3230 3863 3448 3933 ἐδέχετο
3493 3865 3682 3931 φυτὶν,

2098 3952 2220 4013 ,καὶ
2273 3951 2616 4005 παντοδαπὸν
2666 3953 2910 4023 σπέρμα,
2961 3955 3177 4009 εἴκοντα
3229 3957 3386 4025 χερσὶ
3431 3955 3691 4024 γηπόνων

2124 4041 2295 4113 ἀροῦν
2334 4044 2574 4101 εἰδότων.
2621 4044 2780 4102 ’Δλλά
2820 4047 2914 4099 καὶ
2975 4046 3222 4114 Ἰλλυριοὶ
3264 4048 3392 4116 περὶ⁵
3446 4046 3684 4117 μυριάδα

2124 4130 2310 4200 ἀθρόοι
2343 4136 2769 4203 μετοικήσαντες
2796 4134 2911 4203 ἅμα
2933 4137 3091 4190 παισί
3115 4154 3172 4190 τε
3205 4136 3301 4190 καὶ
3326 4137 3562 4204 γυναιξὶ,
3591 4136 3685 4189 καὶ

2123 4228 2243 4290 ταῖς
2275 4227 2491 4291 οὐσίαις
2516 4229 2614 4282 καὶ
2644 4229 2945 4299 θρέμμασι,
2974 4229 3069 4282 τὸν
3101 4229 3321 4299 Ἰσθμὸν
3348 4229 3647 4284 κατέλαϐον
3666 4244 3683 4262 ⁸

2125 4318 2294 4372 αὐτοῦ
2340 4318 2398 4371 δὲ
2440 4320 2747 4390 πηξάμενοι
2792 4321 2888 4383 τὰς
2921 4322 3145 4391 σκηνὰς,
3183 4322 3279 4375 καὶ
3324 4322 3423 4384 τὰς
3470 4322 3685 4385 κλισίας

2125 4409 2490 4479 ἐκτείναντες,
2522 4412 2677 4464 αὐτοὶ
2714 4412 2823 4466 τῶν
2863 4412 2986 4465 καθ’
3011 4413 3237 4477 ἐαυτοὺς
3266 4410 3406 4485 ἦσαν
3441 4414 3680 4488 ἄγγελοι·

455 4505 525 4561 tis
554 4505 789 4570 lectulis,
813 4520 1037 4560 suarum
1071 4506 1175 4575 ipsi
1198 4521 1379 4561 rerum
1399 4507 1576 4561 nuntii
1613 4522 1713 4575 pro
1738 4508 2022 4577 inopinato

2127 4499 2303 4564 οὕτως
2343 4502 2601 4571 ἐξαίφνης
2630 4502 3011 4573 παρεγένοντο.
3045 4499 3178 4558 Εῐτα
3213 4504 3457 4573 μηδόλως
3490 4504 3688 4574 μελλή-

455 4597 689 4653 adventu
728 4597 970 4653 luerunt.
1003 4596 1083 4651 Ad
1116 4598 1250 4664 haec,
1313 4598 1462 4653 nulla
1521 4614 1694 4666 mora,
1757 4616 2018 4672 perquam

453 4690 793 4759 magniﬁcam
842 4689 1164 4758 legationem
1202 4690 1270 4746 ad
1324 4705 1448 4746 eum
1501 4690 1854 4768 instruentes,
1899 4708 2022 4761 per-

452 4782 837 4848 contabantur,
862 4782 992 4851 quid
1013 4781 1080 4836 de
1107 4781 1214 4837 illis
1237 4795 1415 4849 opera:
1457 4782 1693 4851 pretium
1730 4784 1833 4852 ipsi
1876 4784 2023 4840 vide-

455 4876 637 4925 retur:
669 4869 884 4938 sibique
915 4870 1273 4927 constitutum
1336 4871 1575 4938 aiebant,
1627 4881 1687 4927 ut
1737 4873 2022 4943 impetrata

453 4960 610 5013 venia
642 4961 799 5014 sedes
843 4960 1070 5030 ﬁgerent
1104 4978 1167 5020 ac
1223 4964 1451 5021 omnino
1504 4974 1830 5034 praestarent
1872 4967 2021 5037 quod

453 5049 534 5105 illi
562 5052 739 5105 visum
773 5059 937 5108 esset.
989 5053 1084 5109 ille
1121 5057 1321 5125 gaudio
1375 5058 1611 5125 receptis
1661 5058 1872 5128 legatis,
1926 5074 2023 5129 per
2076 5110 2083 5118 .

454 5157 570 5205 eos,
601 5141 720 5210 ejus
749 5142 849 5197 sibi
888 5144 1070 5212 populi
1106 5145 1279 5203 duces
1302 5148 1493 5204 adesse
1518 5147 1693 5217 jubet.
1726 5148 1863 5204 Tum
1892 5164 2021 5204 vero

455 5242 516 5287 ut
537 5248 597 5290 se
630 5243 1131 5302 repraesentassent,
1185 5238 1438 5306 prudenti
1466 5239 1763 5294 admodum
1793 5239 2022 5295 oonsilio

457 5333 702 5379 amanter
731 5323 1068 5392 amplexans,
1098 5325 1406 5395 innataque
1450 5327 1755 5384 dulcedinis
1802 5336 2022 5399 gustum

457 5416 686 5483 faciens,
717 5417 818 5473 sibi
849 5417 1070 5485 illectat,
1104 5434 1172 5474 ne
1233 5419 1414 5488 petitis
1452 5420 1674 5490 quidem
1710 5420 2019 5485 obsidibus,

458 5519 553 5565 aut
581 5509 675 5579 qui
702 5508 806 5565 lide
836 5509 1111 5579 juberent,
1142 5525 1330 5565 eorum
1364 5512 1497 5568 satis
1523 5513 1591 5568 ad
1634 5512 1793 5568 [idem
1833 5526 2023 5569 sacra-

457 5613 698 5667 mentum
735 5601 979 5659 habens:
1020 5616 1332 5673 quanquam
1365 5614 1525 5659 erant
1552 5614 1809 5659 auctores
1839 5602 2020 5667 multi,

457 5694 591 5747 nihil
623 5693 676 5746 id
709 5693 944 5751 alienum
978 5710 1007 5749 a
1041 5696 1249 5750 ratione
1273 5695 1537 5762 dicentes,
1568 5703 1628 5749 ut
1672 5709 1739 5747 ne
1772 5694 1884 5749 ullo
1909 5707 2025 5747 mo-

458 5787 525 5839 do
570 5788 853 5856 reciperet,
888 5797 1001 5845 tum
1036 5788 1187 5859 quod
1215 5787 1503 5843 multitudo
1538 5784 1817 5843 formidini
1854 5792 2022 5854 esset,

2124 4608 2341 4661 σαντες,
2362 4593 2662 4664 πρεσϐείαν
2685 4594 2829 4647 πάνυ
2850 4594 3110 4665 λαμπρὰν
3128 4596 3265 4665 πρὸς
3286 4595 3344 4649 δν
3364 4596 3686 4665 ἀφικνοῦντο

2123 4683 2464 4753 πέμψαντες,
2511 4684 2894 4745 ἐπυνθάνοντο.
2936 4686 2990 4739 τί
3016 4685 3134 4739 ποτ’
3168 4687 3235 4739 ἂν
3267 4686 3354 4755 εἴη
3395 4686 3458 4739 τὸ
3496 4686 3686 4739 δοκοῦν

2123 4777 2316 4847 ἐκείνῳ
2352 4781 2480 4848 περὶ
2509 4779 2691 4834 αὐτῶν
2715 4796 2729 4810 °
2765 4780 2861 4833 καὶ
2884 4774 3249 4850 παρεδήλουν,
3279 4780 3355 4844 ὡς
3381 4780 3682 4850 βούλονται,

2122 4866 2472 4935 τούνδόσιμον
2518 4868 2775 4932 λαϐόντες
2803 4869 2933 4941 παρ’
2967 4870 3156 4937 αὐτοῦ,
3185 4872 3282 4925 καὶ
3310 4871 3539 4925 εἰσιέναι
3588 4872 3687 4924 καὶ

2124 4959 2331 5025 μεῖναι,
2374 4957 2470 5010 καὶ
2502 4958 2647 5029 ἅπερ
2695 4960 2761 5013 ἂν
2793 4960 2879 5013 ὅδε
2926 4961 3082 5031 γνοίη
3142 4960 3417 5031 πράττειν
3461 4960 3683 5035 αύτούς.

2134 5049 2195 5102 Ὁ
2226 5049 2283 5102 δὲ
2308 5050 2402 5103 καὶ¹
2429 5049 2644 5119 δέχεται
2673 5051 2800 5115 τοὺς
2844 5051 3104 5119 πρέσϐεις
3142 5052 3417 5120 ἀσμένως,
3449 5054 3544 5106 καὶ
3586 5069 3687 5105 κα-

2125 5139 2209 5191 λεῖ
2239 5139 2370 5210 παρ’
2400 5139 2594 5193 ἑαυτὸν
2617 5140 2706 5193 διὰ
2740 5140 3023 5211 πρέσϐεων
3050 5144 3275 5196 τουτωνὶ
3307 5145 3433 5206 τοὺς
3462 5142 3689 5210 ἐξηγου-

2129 5230 2326 5299 μένους
2364 5230 2474 5284 τῶν
2515 5230 2714 5286 ἄλλων.
2746 5233 2856 5285 Καὶ
2890 5233 3434 5303 φιλοφρονησάμενος
3482 5232 3686 5294 αὐτοὺς

2127 5322 2574 5393 παραγεγονότας
2604 5320 2795 5387 δεξιῶς
2827 5322 2988 5389 ἄγαν,
3034 5324 3129 5377 καὶ¹
3160 5324 3260 5393 τῆς
3286 5324 3528 5392 ἐμφύτου
3554 5322 3687 5391 γεύ-

2129 5433 2229 5482 σας
2281 5416 2638 5485 γλυκύτητος,
2686 5416 2985 5469 ἐπισπᾶται
3037 5415 3136 5477 τάς
3190 5415 3372 5469 αὐτῶν
3424 5415 3682 5485 γνώμαςσ

2129 5509 2266 5578 μήτε
2300 5507 2344 5561 δ’
2365 5509 2547 5578 ὅμηρα
2582 5507 2786 5571 λαϐὼν,
2823 5508 2961 5574 μήτε
2995 5507 3197 5574 ἐγγύας
3226 5507 3481 5577 αἰτήσας,
3504 5506 3687 5573 ὅρκοις

2125 5599 2376 5669 ἠρκέσθη
2418 5600 2530 5661 τοῖς
2581 5598 2710 5665 παρ’
2770 5597 2989 5653 αὐτῶν·
3025 5598 3315 5666 καίτοιπερ
3359 5598 3407 5651 οἱ
3461 5597 3685 5657 πλείους

2127 5692 2424 5762 παρῄνουν,
2458 5691 2607 5747 οὐδὲν
2635 5691 2919 5760 ἀλόγιστον
2964 5680 3232 5759 λέγοντες,
3272 5689 3538 5759 μηδαμῶς
3582 5687 3684 5740 αὐ-

2125 5782 2251 5847 τοὺς
2281 5781 2558 5850 δέξασθαι,
2583 5781 2642 5837 τό
2684 5799 2741 5836 τε
2777 5782 2975 5853 πλῆθος
3001 5781 3249 5850 δεδιότες,
3283 5782 3375 5835 καὶ
3411 5780 3469 5832 τὸ
3502 5777 3682 5831 ἔθεσιν
