4166 6270
368 418 377 425 ›
440 384 548 450 213

1236 384 1629 447 THEODORI
1705 384 2024 448 DESPOTI
2089 388 2478 452 LAUDATIO
2520 388 2931 453 FUNEBRIS.

3572 385 3678 450 2H

441 505 649 572 ἑτέροις
681 499 926 560 ἐκείνους
952 498 1049 566 ζῇν
1081 496 1478 563 ὑποπτεύοντες
1511 501 1685 553 αῐτιον
1711 503 2010 556 σκανδάλου

2123 511 2228 556 tum
2280 503 2423 569 quod
2476 502 2795 556 scandalum
2828 499 3065 555 creaturi
3119 498 3454 561 viderentur,
3488 511 3588 568 pro
3619 516 3684 554 eo

438 591 797 665 γενήσεσθαι.
838 587 1076 650 Ἐκεῖνος
1102 590 1159 643 δὲ
1196 590 1442 644 πιστεύει
1480 591 1600 660 μὲν,
1628 592 1842 647 οίκοθεν
1869 593 2009 664 ἔχων

438 684 500 737 τὸ
535 680 726 742 πιστὸς
754 673 920 731 εἶναι’
949 677 977 729 ὅ
1009 678 1119 748 γάρ
1158 694 1241 741 τις
1281 679 1416 748 ἔχει,
1447 680 1652 745 δίδωσι,
1696 684 1791 736 καὶ
1815 685 1841 736 ὃ
1869 687 2006 751 ἐστι,

439 772 720 841 λογίζεται
751 771 843 823 καὶ
872 770 998 832 τοὺς
1024 771 1243 834 λοιποὺς
1278 766 1446 845 εἶναι’
1475 775 1649 828 πείθει
1676 776 1734 829 δὲ
1764 778 1859 829 καὶ
1883 778 2010 832 ἑαυ-

408 864 555 929 ητδν,
599 863 692 915 καὶ
733 861 947 926 ἄλλους,
990 862 1285 932 λογισμοὺς
1327 866 1629 935 προτείνων
1674 869 2008 940 ἀναντιῤῥή-

436 973 585 1017 τους,
618 955 688 1019 ὡς
720 955 822 1007 κᾶν
874 954 1194 1023 βουληθεῖεν
1220 957 1422 1011 ἐκεῖνοι
1475 960 1646 1013 κακόν
1679 978 1735 1014 τι
1783 962 2003 1031 δρᾶσαι.

440 1049 539 1100 οὐκ
569 1049 634 1102 ἄν
668 1064 799 1099 ποτε
845 1045 1126 1113 δυνηθεῖεν
1150 1062 1165 1078 ο
1195 1049 1290 1101 καὶ
1324 1049 1415 1102 διὰ
1465 1052 1624 1105 τοῦτο
1665 1052 1786 1106 οὐδὲ
1823 1053 2011 1123 βουλή-

448 1156 652 1193 σονται.
700 1138 889 1206 Ἐξέϐη
921 1139 966 1191 δ’
996 1139 1187 1210 ὥσπερ
1216 1142 1377 1205 αὐτὸς
1407 1142 1629 1213 ἐνόμισέ
1651 1162 1710 1197 τε
1739 1145 1835 1198 καὶ
1860 1148 2011 1215 ἰσχυ-

448 1230 646 1300 ρίζετο.
679 1232 790 1283 Καὶ
815 1229 978 1283 τοῦτο
1008 1231 1132 1300 τρία
1166 1234 1325 1286 ταυτὶ
1364 1239 1919 1306 προσμαρτυρήσειεν
1943 1239 2012 1291 ἂν

445 1319 613 1388 αὐτῷ,
647 1319 1013 1386 ἀξιοπιστίαν,
1056 1323 1302 1391 ἀνδρίαν,
1353 1327 1648 1396 φρόνησιν’
1684 1329 1761 1398 τῷ
1789 1329 2015 1382 πιστεῦ-

446 1412 671 1495 σαι,λτῷ
698 1414 1000 1484 θαρρῆσαι,
1038 1414 1114 1485 τῷ
1142 1417 1324 1479 καλῶς
1373 1419 1766 1495 στοχάσασθαι.
1802 1421 2014 1474 κτᾶται

442 1505 734 1575 τοιγαροῦν
755 1507 1018 1578 στρατιὰν
1041 1507 1338 1578 τοσαύτην,
1360 1510 1461 1564 οὐκ
1477 1512 1702 1582 ἄπειρον
1735 1513 1836 1582 μὲν
1850 1530 2016 1581 τραυ-

447 1599 657 1666 μάτων,
686 1598 899 1669 άγαθην
933 1599 989 1651 δὲ
1040 1600 1110 1653 τὰ
1148 1600 1408 1669 πολέμια,
1445 1603 1611 1672 μηδὲν
1654 1605 2013 1674 προσαναλώ-

440 1704 537 1751 σας
568 1689 600 1758 ἢ
646 1693 774 1759 τρία
808 1690 1009 1753 ταῦτα,
1053 1691 1282 1760 γνώμης
1310 1692 1571 1762 ὀξύτητα,
1605 1695 1852 1766 γλώττης
1900 1697 2012 1749 δει-

440 1779 667 1849 νότητα,
711 1783 929 1853 τρόπων
965 1787 1311 1855 χρηστότητα
1337 1802 1350 1816 ο
1396 1785 1627 1841 ἕκαστον
1663 1790 1849 1859 χρῆμα
1883 1789 2011 1843 ἀκέ-

438 1886 634 1926 νωτον.

520 2043 702 2113 Ἐχων
728 2063 789 2115 γε
824 2048 1003 2101 τοίνυν
1034 2050 1234 2114 αὐτοὺς
1263 2053 1400 2123 πρὸς
1436 2057 1499 2124 τῇ
1536 2056 1637 2124 τῆς
1666 2058 2011 2131 Πελοποννή-

442 2153 535 2229 σου
565 2138 811 2205 δυνάμει,
849 2140 906 2229 οὐ
946 2144 1159 2213 σμικρᾷ
1192 2144 1285 2197 καὶ
1316 2147 1626 2218 καθἀὑτὴν
1659 2148 1813 2223 οῦσῃ,
1835 2170 2009 2222 προσ-

437 2224 614 2298 θήκην
666 2229 748 2281 ὅτι
796 2224 1084 2301 μεγίστην,
1118 2235 1247 2303 ρᾷον
1278 2236 1311 2305 ἧ
1352 2253 1434 2299 τις
1473 2237 1539 2291 ἂν
1569 2240 1823 2308 ἐνόμιζεν
1854 2241 1915 2297 εὖ
1942 2244 2010 2298 τὰ

437 2318 580 2370 κατὰ
616 2319 740 2371 νοῦν
764 2321 973 2377 διέθετο
1023 2326 1219 2379 πάντα.
1252 2326 1312 2379 Εἰ
1349 2332 1457 2398 γὰρ
1490 2330 1552 2399 δὴ
1586 2337 1679 2384 καὶ
1723 2336 1895 2403 μικρά
1922 2354 2008 2399 τις

440 2412 668 2483 ἐπιϐολὴ
697 2414 757 2465 τὸ
786 2418 894 2468 πᾶν
929 2418 1106 2497 ἰσχύει
1139 2418 1423 2486 πολλάκις,
1457 2424 1488 2492 ή
1524 2428 1760 2495 τοσαύτη
1797 2429 1894 2495 μὲν
1932 2429 2009 2498 τῷ

444 2504 664 2572 πλήθει,
694 2505 835 2574 καλὴ
864 2507 922 2560 δὲ
952 2510 1049 2561 καὶ
1077 2511 1144 2579 τῇ
1170 2510 1281 2562 τῶν
1302 2511 1617 2579 πολεμικῶν
1646 2516 1928 2586 ἐμπειρίᾳ,
1959 2518 2012 2570 τί

442 2594 544 2653 οὐκ
578 2593 644 2647 ἂν
675 2595 803 2665 ἕδρα
830 2614 843 2661 ;
886 2598 960 2649 Οὐ
990 2599 1120 2669 γὰρ,
1153 2600 1333 2654 καίτοι
1366 2603 1487 2654 καθ’
1538 2604 1766 2670 ἑαυτοὺς
1805 2608 2014 2676 προθύ-

450 2698 586 2750 μους
617 2698 677 2736 τε
703 2686 799 2738 καὶ
844 2686 1082 2753 ἀγαθοὺς
1118 2690 1459 2757 στρατιώτας
1488 2691 1671 2757 ὄντας,
1706 2696 1767 2747 οὐ
1812 2697 2015 2765 προσέ-

445 2772 569 2827 θετο
631 2775 860 2845 ποιῆσαι
911 2778 1136 2841 τούτους
1195 2780 1476 2850 βελτίους·
1530 2784 1647 2837 ἀλλ’
1705 2785 2015 2857 ἐπηύξησεν

446 2867 652 2931 αὐτοῖς,
687 2868 880 2940 ῶσπερ
909 2871 1000 2924 οῦν
1030 2871 1091 2924 τὸ
1123 2875 1260 2945 πρὸς
1305 2876 1472 2927 αὑτὸν
1512 2876 1758 2946 φίλτρον,
1788 2878 1929 2933 οὕτω
1957 2881 2015 2934 δὲ

448 2960 544 3013 καὶ
572 2961 640 3014 τὰ
663 2964 1006 3033 χρηστότερα
1033 2965 1232 3029 πάντα,
1262 2966 1563 3034 λέγωνκαὶ
1590 2969 1915 3034 ὑποδεικνὺς
1949 2975 2016 3027 τὰ

449 3053 721 3120 πρακτέα.
760 3054 870 3108 Καὶ
894 3055 1047 3125 δηλοί
1097 3059 1165 3110 τὰ
1197 3057 1263 3110 δι’
1299 3059 1479 3112 αὐτῶν
1527 3061 1722 3133 ἐκείνῳ
1761 3080 2015 3133 πεπραγ-

2111 596 2254 663 quod
2287 595 2411 650 aliis
2444 595 2689 650 moribus
2717 594 2986 648 viverent.
3026 591 3293 647 Caeterum
3324 592 3415 645 ille
3437 606 3683 645 commo-

2108 688 2203 742 dat
2225 686 2447 756 quidem
2473 686 2652 751 (idem,
2677 685 2770 755 qui
2796 702 2827 741 α
2853 699 2911 739 se
2931 685 3047 754 ipse
3071 683 3230 738 fidem
3262 683 3503 739 haberet.
3529 680 3684 746 Quod

2110 779 2235 847 quis
2265 778 2411 832 enim
2444 777 2624 843 habet,
2655 777 2816 831 etiam
2845 776 2961 839 dat,
3013 789 3080 829 ac
3107 772 3252 842 quod
3288 778 3373 825 est
3407 772 3542 837 ipse,
3584 772 3689 825 hoc

2110 871 2250 927 alios
2280 886 2496 940 quoque
2521 870 2835 925 existimat:
2894 882 3017 922 cum
3059 880 3189 921 vero
3213 863 3339 927 sibi,
3397 871 3510 917 tum
3568 861 3689 915 aliis

2110 960 2326 1021 suadet,
2357 959 2690 1015 firmissimis
2721 959 2999 1012 rationum
3029 957 3350 1019 momentis,
3382 968 3450 1006 ne
3502 952 3545 1007 si
3602 966 3691 1005 ve-

2112 1052 2232 1117 lint,
2267 1065 2429 1120 posse
2450 1065 2545 1104 eos
2572 1049 2703 1120 quid
2742 1048 2866 1102 mali
2904 1046 3123 1109 facere;
3164 1057 3338 1115 eoque
3372 1043 3489 1096 fore
3524 1048 3582 1094 ut
3636 1049 3692 1093 ct

2112 1144 2326 1207 nolint,
2352 1140 2753 1210 ,evenitque‘uti
2790 1148 3083 1194 censuerat
3107 1138 3223 1207 ipse
3256 1151 3320 1190 ac
3347 1134 3647 1189 atﬁrmarat
3675 1151 3688 1198 ;

2113 1248 2235 1303 qua:
2267 1248 2396 1288 sane
2432 1248 2521 1287 res
2576 1233 2675 1285 tria
2705 1232 2821 1285 haec
2851 1231 2927 1284 illi
2962 1229 3179 1283 abunde
3207 1228 3441 1292 astruit;
3493 1234 3688 1279 aucto-

2115 1327 2328 1379 ritatem
2356 1325 2421 1378 ad
2451 1322 2637 1386 fidem,
2670 1322 3069 1385 fortitudinem,
3132 1320 3498 1387 prudentiam,
3535 1317 3688 1386 quod

2116 1415 2369 1470 habuerit
2403 1414 2587 1478 ﬁdem,
2629 1413 2772 1481 quod
2809 1412 3085 1474 ﬁduciam,
3159 1411 3303 1479 quod
3342 1411 3475 1464 bene
3512 1409 3697 1476 conje-

2116 1506 2304 1562 CIarit.
2336 1506 2487 1560 Adeo
2506 1519 2635 1573 ergo
2660 1501 3258 1558 nutucrosum'militem
3279 1512 3581 1572 comparat,
3610 1502 3697 1555 ni-

2113 1597 2192 1651 hil
2223 1597 2375 1652 illum
2407 1597 2689 1651 vulnerum
2718 1595 2905 1649 rudem
2929 1634 2944 1657 ,
2973 1594 3114 1648 bello
3148 1601 3333 1647 autem
3373 1594 3694 1662 cumprimis

2114 1695 2510 1757 opportunum,
2543 1700 2663 1738 cum
2700 1693 2892 1752 prattcr
2929 1683 3043 1736 haec
3074 1666 3229 1744 tria?
3270 1680 3447 1734 nullos
3482 1680 3699 1748 posuis-

2114 1789 2195 1833 sct
2224 1787 2496 1847 sumptus,
2534 1791 2787 1843 sagacem
2820 1775 3086 1834 animum,
3124 1775 3316 1841 lingua:
3357 1768 3466 1824 vim
3504 1810 3518 1835 ,
3570 1783 3692 1823 mo-

2116 1886 2236 1926 rum
2273 1870 2593 1934 bonitatem,
2626 1869 2941 1923 thesaurum
2974 1866 3131 1937 plane
3174 1864 3386 1936 singula
3424 1862 3697 1916 inexhau-

2116 1969 2287 2014 stum.

2180 2052 2315 2108 Cum
2345 2053 2529 2121 itaque
2559 2062 2783 2122 excepta
2847 2051 3210 2121 Peloponnesi
3240 2049 3457 2110 virtute,
3491 2061 3611 2115 quze
3646 2054 3698 2097 et

2116 2145 2235 2215 ipsa
2265 2160 2359 2216 per
2379 2161 2439 2201 se
2463 2160 2572 2200 non
2604 2146 2816 2199 molica
2844 2152 3012 2208 esset,
3045 2141 3299 2196 maximae
3323 2153 3419 2193 eos
3474 2138 3700 2190 haberet

2116 2236 2449 2291 accessionis
2480 2236 2622 2301 loco,
2658 2234 2850 2304 majori
2874 2248 3039 2302 supra
3081 2228 3699 2286 omnemexistimatio-

2116 2340 2241 2379 nem
2282 2325 2561 2392 facilitate,
2593 2326 2729 2379 bene
2753 2341 2819 2379 ex
2847 2324 3029 2378 animo
3082 2322 3267 2376 omnia
3302 2318 3698 2375 constituebat.

2118 2417 2349 2484 Quando
2381 2418 2528 2472 enim
2559 2416 2769 2471 modica
2801 2431 3021 2486 quoque
3046 2415 3291 2470 accessio
3320 2426 3431 2467 non
3462 2427 3588 2465 raro
3612 2417 3698 2463 to-

2120 2519 2232 2563 tum
2263 2520 2503 2578 praestat,
2531 2509 2660 2576 quid
2689 2524 2795 2561 non
2829 2517 2977 2560 tanta
3006 2507 3116 2571 illa,
3153 2507 3343 2573 reique
3385 2504 3522 2556 adeo
3548 2502 3702 2555 helli-

2121 2614 2199 2655 ραι
2230 2603 2419 2668 peritia
2451 2609 2735 2670 praestans,
2771 2597 3090 2652 confectura
3132 2595 3289 2649 erat?
3317 2592 3506 2659 Neque
3556 2593 3701 2644 enim

2122 2706 2432 2759 quanquam
2486 2705 2582 2759 per
2603 2704 2662 2743 se
2719 2688 2930 2742 alat-res
2985 2701 3048 2739 ac
3109 2683 3319 2740 strenui
3355 2691 3532 2745 erant,
3561 2681 3701 2735 omi—

2123 2785 2290 2847 sit,ut
2322 2783 2574 2838 meliores
2605 2781 2837 2836 efficeret
2862 2781 3024 2849 ;quin
3055 2779 3185 2844 imo,
3217 2778 3290 2832 uti
3324 2789 3514 2830 eorum
3553 2774 3605 2826 in
3634 2776 3705 2825 'se

2124 2890 2388 2941 amorem,
2422 2875 2501 2930 sic
2524 2884 2576 2929 et
2601 2874 2819 2928 meliora
2849 2872 3033 2927 omnia
3058 2871 3137 2925 eis
3162 2868 3383 2923 adauxit
3409 2907 3423 2929 ,
3453 2879 3559 2935 qua
3586 2877 3709 2919 νει-υ

2126 2969 2230 3031 bis,
2259 2983 2366 3037 qua
2410 2968 2577 3023 rebus
2608 2977 2949 3028 monstrans,
2983 2978 3106 3033 quas
3136 2961 3276 3016 facto
3309 2976 3449 3029 opus
3475 2967 3660 3013 essent
3688 2972 3701 3007 :

2126 3061 2473 3129 produntque
2494 3075 2589 3129 per
2606 3075 2700 3114 cos
2735 3059 2801 3112 ab
2823 3058 2914 3111 illo
2941 3066 3089 3127 gesta
3114 3072 3128 3121 ;
3160 3068 3471 3123 quanquam
3492 3050 3571 3104 eis
3595 3064 3701 3102 non

453 3146 614 3212 μένα,
643 3146 692 3198 εί
723 3148 817 3200 καὶ
846 3148 922 3217 μὴ
948 3149 1009 3201 τὸ
1032 3150 1143 3202 πᾶν
1173 3150 1354 3214 αὐτοῖς
1381 3152 1699 3220 ἀνατίθημι.
1727 3155 1849 3218 Πῶς
1872 3159 2013 3226 γάρ;

2125 3156 2307 3209 omnia
2340 3163 2563 3222 accepta
2598 3151 2798 3207 refero.
2843 3152 2945 3216 Qui
2971 3151 3156 3204 enim?
3189 3148 3379 3202 Nonne
3428 3147 3572 3199 enim
3608 3136 3735 3197 lto-'

448 3238 522 3289 οὐ
553 3238 660 3307 γὰρ
687 3237 967 3308 δυσμενῶν
997 3235 1109 3294 εἷλε
1138 3240 1342 3305 πόλεις,
1371 3244 1471 3306 τὰς
1503 3246 1602 3313 μὲν
1657 3246 2019 3318 πολιορκήσας

447 3346 507 3381 τε
545 3330 640 3383 καὶ
691 3331 1216 3400 παραστησάμενος,
1264 3334 1364 3397 τὰς
1418 3335 1462 3387 δ’
1495 3336 1745 3392 αὐτοϐοεὶ
1792 3338 1871 3409 τῷ
1918 3358 2013 3394 ποι

448 3420 621 3491 λέμῳ,
654 3423 751 3484 τὰς
782 3422 1005 3487 πλείους
1036 3425 1090 3478 δὲ
1126 3426 1220 3479 καὶ
1262 3427 1552 3493 φθασάσας
1585 3430 1686 3497 τὴν
1719 3433 1818 3500 τῆς
1859 3449 2022 3503 στρα-

450 3514 572 3576 τιᾶς
598 3513 806 3580 ἔφοδον,
862 3516 958 3568 καὶ
1002 3516 1133 3583 πρὶν
1177 3516 1271 3569 τοῦ
1302 3517 1515 3589 ταύτην
1559 3520 1728 3589 ἐγγὺς
1769 3524 2021 3590 γενέσθαι

454 3606 892 3675 παραδοθείσας;
939 3607 1012 3660 Ού
1049 3607 1289 3673 δεδιότας
1340 3610 1509 3678 ἔδειξε
1541 3615 1667 3678 τοὺς
1713 3615 2024 3687 δεδιττομέ-

451 3715 610 3764 νους;
644 3698 718 3750 Οὐ
746 3698 926 3751 πάντα
956 3698 1109 3751 ταῦτ’
1141 3701 1317 3754 ἐποίει
1352 3705 1481 3766 τοὺς
1509 3705 1797 3774 δυσμενεῖς
1825 3707 2024 3776 θρασυ-

390 3832 397 3833 ,
454 3782 733 3855 νομὲνους’
766 3789 885 3849 ταῖς
941 3788 1047 3857 πρὸ
1102 3790 1199 3856 τῆς
1242 3791 1407 3844 αὑτοῦ
1462 3795 1770 3863 παρουσίας
1820 3796 2023 3859 νίκαις,

454 3878 870 3947 κατεπτηχότας
915 3879 1202 3944 φαίνεσθαι
1259 3884 1355 3935 καὶ
1400 3887 2025 3956 κατῃσχυμμένους,ἆτε

368 4018 371 4019 ,
453 3970 519 4038 δὴ
555 3971 649 4022 τοῦ
677 3970 913 4040 θράσους
948 3973 1155 4035 αὐτοῖς,
1189 3975 1284 4025 καὶ
1314 3975 1425 4026 τῶν
1454 3974 1540 4041 ἐφ’
1577 3970 1659 4038 οἷς
1700 3977 1841 4045 μέγα
1872 3977 2030 4045 ἐφρό-

453 4080 600 4126 νουν,
630 4063 768 4132 πρὸς
796 4064 1114 4117 τούναντίον
1145 4066 1468 4135 τραπέντων
1494 4083 1510 4131 ;
1536 4068 1611 4120 Οὐ
1642 4068 1988 4140 παρῃτοῦντο
2012 4087 2026 4135 ;

457 4156 534 4208 (ιύ
589 4156 1001 4224 προσεκύνουν;
1057 4156 1172 4210 υύκ
1226 4157 1550 4211 ἀπεδίδοσαν
1605 4158 1827 4213 ἅπαντα
1862 4161 2029 4229 Γμετὰ

455 4249 777 4318 προσθήκης
820 4250 887 4301 τὰ
922 4250 1255 4319 ήρπαγμένα
1286 4268 1299 4311 ;
1332 4252 1407 4303 Ού
1460 4252 1661 4320 φόρους
1714 4255 2029 4322 προσεδίδο-

457 4358 577 4402 σαν,
612 4341 661 4393 οἳ
708 4342 803 4394 καὶ
856 4340 989 4410 ὄναρ
1015 4341 1163 4393 τοῦτ’
1214 4341 1436 4406 ίδόντες,
1484 4345 1786 4414 ἀπεπήδων
1818 4347 1886 4400 ἂν
1930 4350 2031 4416 τῆς

456 4432 662 4497 κλίνης,
698 4432 773 4499 τῷ
804 4434 1197 4503 ἀπροσδοκήτῳ
1234 4433 1521 4502 βληθέντες
1547 4437 1658 4500 ;Οὐ
1690 4436 1849 4491 τοῦτο
1882 4439 2030 4508 ἥδιον

2119 3249 2284 3305 stium
2302 3245 3045 3317 cepiturbesfaliasqnidem
3084 3241 3444 3311 expugnando
3475 3256 3538 3294 ac
3578 3253 3704 3294 cum

2122 3342 2425 3397 obsedisset
2450 3357 2465 3408 ;
2491 3339 2627 3394 alias
2652 3340 2773 3407 ipso
2802 3338 2923 3393 belli
2947 3340 3208 3399 clamore,
3231 3350 3295 3390 ac
3316 3335 3491 3404 prima
3524 3332 3704 3387 statim

2125 3433 2460 3503 irruptione;
2504 3432 2685 3502 plures
2717 3445 2935 3499 quoque
2965 3445 3089 3484 cum
3111 3428 3410 3483 exercitum
3445 3424 3707 3478 invaden-

2124 3532 2230 3578 tem
2262 3530 2643 3589 occupassent,
2673 3538 2736 3575 ac
2770 3521 3000 3576 necdum
3050 3519 3275 3587 pr0pius
3300 3520 3541 3581 admoto,
3584 3528 3706 3567 sese

2124 3616 2477 3680 dedidissent,
2500 3615 2523 3667 ’ί
2552 3614 2742 3668 Nonne
2765 3615 2957 3668 solitos
2977 3622 3183 3666 terrere
3212 3613 3265 3662 in
3289 3619 3553 3662 terrorem
3577 3605 3710 3673 egit?

2125 3706 2313 3761 Nonne
2340 3706 2407 3759 iis
2437 3706 2695 3759 omnibus
2736 3704 2915 3768 flebat,
2951 3710 3009 3757 ut
3036 3703 3127 3770 qui
3161 3710 3287 3754 ante
3343 3699 3460 3767 ejus
3492 3698 3545 3750 in
3574 3711 3707 3764 pro-

2130 3793 2360 3846 vinciam
2408 3794 2721 3858 adventum,
2754 3810 2819 3846 ex
2861 3794 3142 3863 prioribus
3169 3791 3417 3845 victoriis
3470 3791 3709 3845 insolen«

2130 3882 2301 3935 tiores
2327 3883 2655 3944 evasissent,
2701 3883 2915 3935 attoniti
2961 3883 3220 3950 deinceps
3254 3879 3581 3948 confusique
3635 3884 3711 3935 vi-

2130 3972 2412 4035 derentur,
2438 3971 2640 4040 quibus
2669 3972 2891 4026 audacia
2922 3973 3035 4035 illa,
3066 3989 3128 4027 ac
3161 3973 3365 4043 quibus
3393 3973 3712 4028 attollebant

2132 4063 2368 4125 animos,
2396 4063 2451 4116 in
2487 4063 2825 4116 contrarium
2852 4063 3155 4119 cederent?
3206 4063 3397 4119 Nonne
3448 4065 3712 4135 depreca-

2133 4153 2336 4208 bantur
2360 4155 2383 4207 ?
2414 4154 2605 4208 Nonne
2632 4155 3033 4209 venerabantur
3062 4156 3085 4209 ’ί
3109 4157 3300 4211 Nonne
3323 4165 3475 4226 rapta
3528 4157 3711 4212 omnia

2132 4261 2255 4300 cum
2295 4247 2607 4302 accessione
2637 4245 2979 4302 reddebant?
3022 4244 3213 4301 Nonne
3252 4248 3479 4315 insuper
3508 4248 3712 4317 pende—

2133 4339 2265 4394 bant
2292 4341 2514 4405 tributa,
2579 4342 2673 4412 qui
2702 4350 2759 4395 ttt
2788 4341 2842 4396 in
2874 4341 3084 4397 somnis
3121 4340 3408 4405 vidissent,
3463 4341 3715 4408 inexspe—

2132 4438 2281 4484 ctato
2306 4430 2423 4484 visu
2453 4431 2648 4494 territi,
2666 4446 2696 4486 e
2722 4439 2894 4486 strato
2922 4429 3263 4500 prosilissent
3285 4430 3308 4481 ?
3332 4428 3522 4483 Nonne
3540 4428 3718 4483 dulci-

458 4524 642 4582 αὐτοῖς
692 4523 767 4586 ὡς
823 4524 1088 4578 κινδύνων
1143 4527 1491 4580 ἀπαλλάττον
1540 4528 1574 4598 ἢ
1634 4527 1696 4582 τὸ
1747 4530 2029 4598 εἰληφέναι

2137 4537 2201 4576 us
2230 4522 2334 4576 hoc
2364 4522 2659 4590 habebant,
2695 4540 2804 4593 quo
2828 4530 3013 4579 essent
3053 4537 3081 4576 a
3132 4521 3388 4592 periculis
3417 4520 3713 4583 immunes,

458 4614 728 4681 πρόσθεν;
758 4615 872 4667 Οὐκ
901 4615 1180 4669 ἐδούλευον
1216 4615 1336 4684 μεθ’
1394 4617 1596 4682 ὅπλων,
1627 4610 1711 4680 οἷς
1757 4634 1816 4686 γε
1846 4618 2028 4687 ληίζε-

458 4704 583 4758 σθαι
616 4705 716 4776 την
755 4705 1032 4776 ἡμετέραν
1078 4708 1168 4758 καὶ
1213 4707 1340 4760 ἄνευ
1371 4708 1553 4762 ὅπλων
1581 4710 1891 4779 πανήγυρις
1941 4728 2025 4773 τις

438 4795 668 4871 lari-aet;
726 4797 837 4849 Kal.
869 4797 1060 4849 σιωπῶ
1103 4798 1202 4865 τήν
1256 4797 1559 4868 πρίγγιπος
1609 4800 2027 4870 ύπερηφανείαν

460 4886 560 4957 τὴν
591 4887 817 4956 πολλὴν,
872 4887 1054 4951 αὐτοῖς
1102 4890 1215 4950 τοῖς
1275 4888 1601 4958 πράγμασιν
1654 4892 2024 4962 ἐλεγχθεῖσα-θ.

458 4977 532 5029 Οὐ
563 4979 671 5049 γὰρ
700 4975 767 5048 ἦν
819 4978 1141 5047 ἀκροϐατῶν
1171 4996 1185 5044 ;
1220 4980 1319 5050 οὐχ
1350 4981 1490 5051 ὑπὲρ
1546 4984 1722 5051 νεφῶν
1750 5002 1764 5049 ;
1803 4985 1916 5037 Ούκ
1949 4986 2028 5047 είς

456 5068 756 5139 τοῦσχατον
782 5071 984 5138 ἀφῖκτο
1021 5068 1344 5133 ἀλαζονείας
1371 5073 1586 5141 ἁπάσης
1617 5090 1631 5138 ;
1682 5075 1819 5127 Ἀλλ’
1849 5078 1876 5128 ὁ
1918 5093 2030 5128 τοι-

457 5160 615 5220 οὗτος
650 5159 750 5229 μὲν
791 5162 906 5221 τοῖς
936 5160 1220 5230 λογισμοῖς
1245 5164 1339 5216 καὶ
1386 5166 1500 5228 τοῖς
1542 5165 1746 5232 λόγοις,
1786 5167 2029 5231 τοιοῦτος

456 5250 514 5303 δὲ
547 5252 660 5312 τοῖς
702 5253 967 5320 σχήμασι,
1004 5253 1100 5305 καὶ
1140 5256 1306 5307 πᾶσιν
1357 5251 1438 5319 οἷς
1482 5256 1549 5309 ἂν
1594 5258 1837 5324 φαίνοιτο
1885 5258 2029 5327 μέγα

462 5344 681 5414 φρονῶν
730 5342 1040 5413 ἄνθρωπος,
1097 5347 1211 5407 τοῖς
1264 5346 1451 5415 ἔργοις
1499 5348 1682 5409 ἄλλοις
1737 5348 2033 5414 δέδεικται,

459 5436 589 5488 οὐδὲ
614 5436 813 5490 πολλοῦ
866 5436 961 5489 τοῦ
1004 5437 1209 5506 μεταξὺ
1264 5440 1571 5505 γεγονότος.
1636 5440 1869 5508 Ὀλίγοις
1919 5444 2031 5514 γαρ

462 5524 726 5596 ἐντυχὼν,
783 5521 858 5577 ὧν
909 5543 1054 5588 τινες
1108 5528 1193 5596 ἐφ’
1250 5528 1528 5598 ἱππαρίων
1581 5534 1857 5601 πονηρῶν,
1906 5535 2029 5587 τότε

463 5617 694 5685 πρώτως
742 5614 899 5686 οἶμαι
954 5619 1349 5686 γυμνώσαντες
1399 5622 1490 5672 ἐπὶ
1519 5624 1645 5686 τοὺς
1689 5626 1916 5693 ἐχθροὺς
1970 5629 2031 5678 τὸ

464 5707 637 5773 ξίφος,
674 5709 701 5761 ὁ
727 5710 955 5779 θρασὺς,
1011 5712 1038 5762 ὁ
1079 5711 1303 5780 γαῦρος,
1347 5715 1374 5765 ὁ
1403 5715 1592 5781 πολὺς,
1644 5718 1784 5782 μετὰ
1820 5718 2032 5770 πολλῶν

467 5801 685 5884 ἱππέων
704 5802 897 5868 ἐπιὼν,
933 5803 1027 5857 καὶ
1059 5803 1272 5869 πολλοῖς
1305 5806 1551 5868 ὁπλίταις
1590 5808 2031 5878 περικυκλούμη-

2130 4631 2291 4685 quam
2318 4617 2462 4685 quod
2489 4618 2638 4686 prius
2662 4618 3028 4685 acceperant?
3053 4616 3248 4670 Nonne
3278 4613 3590 4667 serviebant
3614 4614 3716 4666 sub

2131 4709 2319 4779 armis,
2353 4708 2554 4776 quibus
2578 4709 2755 4763 fuerat
2784 4707 2919 4763 festa
2945 4708 3061 4763 dies
3080 4716 3139 4761 ut
3159 4706 3497 4760 velinermes
3511 4712 3713 4758 terram

2132 4812 2374 4855 nostram
2411 4800 2747 4870 diriperent?
2792 4801 2960 4856 Porro
3005 4801 3142 4856 sileo
3171 4799 3433 4871 principis
3488 4799 3713 4853 multam

2131 4894 2695 4959 superbiam,abunde
2747 4911 2809 4948 ex
2876 4894 3038 4948 rebus
3084 4902 3417 4961 eoargutam.
3446 4891 3635 4947 Nonne
3670 4895 3715 4946 is

2131 4985 2388 5039 extremis
2411 4985 2591 5053 digitis
2618 5000 2681 5039 ac
2707 4984 2845 5037 fastu
2869 4984 3191 5037 incedebat?
3214 4982 3404 5038 Nonne
3424 4999 3588 5053 supra
3614 5000 3713 5037 nu-

2133 5077 2227 5132 bes
2250 5079 2273 5130 ?
2298 5076 2489 5132 Nonne
2524 5086 2870 5145 promoverat
2898 5076 2964 5129 ad
2992 5091 3259 5130 summam
3293 5076 3713 5146 arrOgantiam?

2132 5171 2227 5225 Ille
2250 5171 2606 5225 nihilominus
2629 5171 2709 5225 sic
2742 5170 2908 5223 animi
2938 5172 3113 5225 sensis
3139 5185 3205 5225 ac
3254 5171 3436 5226 verbis
3465 5170 3673 5224 habens
3693 5212 3707 5231 ,

2134 5262 2215 5317 sic
2238 5276 2368 5316 vero
2395 5262 2599 5322 verbis,
2636 5260 2928 5315 inflexione
2963 5277 3027 5316 ac
3057 5263 3270 5326 habitu,
3326 5263 3709 5329 omnibusque,

2136 5352 2334 5420 quibus
2369 5353 2490 5420 quis
2550 5354 2790 5406 animum
2842 5364 3137 5409 tumentem
3189 5356 3404 5423 prodat,
3441 5355 3581 5407 alius
3645 5367 3707 5403 ex

2137 5442 2298 5496 rebus
2341 5444 2587 5512 proditus
2610 5452 2712 5505 est,
2744 5459 2847 5498 nec
2886 5445 2939 5498 id
3000 5447 3173 5500 multo
3219 5447 3476 5513 deinecps
3528 5443 3713 5511 elapso

2138 5542 2401 5602 tempore.
2435 5533 2631 5588 Paucis
2659 5535 2926 5603 siquidem
2961 5537 3183 5590 obviam
3242 5535 3443 5596 factus,
3476 5546 3710 5600 quorum

2134 5636 2250 5679 erat
2280 5629 2600 5693 equisonum
2631 5627 2807 5696 aliqua
2860 5644 3075 5691 manus,
3111 5642 3175 5681 ac
3219 5640 3407 5679 eorum
3430 5625 3518 5691 qui
3570 5638 3715 5675 nun-

2137 5734 2298 5785 quam
2333 5719 2467 5773 forte
2493 5719 2729 5788 gladium
2764 5722 2815 5774 in
2847 5720 3030 5775 hostes
3087 5717 3439 5774 strinxissent
3469 5756 3481 5780 ,
3535 5717 3713 5771 θυόεν(

2139 5812 2246 5876 ille,
2280 5812 2367 5867 ille
2403 5828 2684 5883 arrogans,
2720 5812 3211 5883 illejactabundus,
3238 5810 3327 5880 qni
3357 5810 3523 5864 multo
3564 5813 3714 5877 cqui-
