4166 6270
470 386 575 450 215

1627 390 2038 459 ΜΛΝΠΕΙᾸΞῘ
2073 397 2517 459 PALIEOLOGI

3616 398 3724 461 216

443 514 526 589 ‘te
566 503 867 560 instructus
902 504 1198 570 invaderet,
1233 506 1527 579 multisque
1556 511 1800 581 undique
1821 512 2051 564 armatis

2172 514 2254 573 νὸς
2303 530 2361 563 τε
2403 512 2497 565 καὶ
2551 509 3112 581 περιστοιχιζόμενος,
3171 509 3265 561 καὶ
3312 508 3533 580 θαρρῶν
3577 511 3743 563 πολυ-

435 584 843 650 “circumfusus
865 611 930 651 ac
953 597 1188 653 vallatus
1217 610 1384 665 esset,
1419 616 1819 671 numerosaqus
1852 603 1944 656 illa
1972 616 2065 654 ca-

471 685 739 752 taphraeti
765 685 954 739 militis
1008 687 1242 743 cohorte
1296 701 1681 759 praesumeret,
1735 709 1834 747 nec
1868 708 2064 747 manus

468 777 687 845 quidem
719 779 979 833 sustinuit
1011 794 1323 846 conserere,
1350 785 1443 838 sed
1471 795 1524 839 et
1544 792 1673 855 puto
1701 785 1852 855 prior
1882 767 2065 838 o'mni-

470 864 574 919 bus
661 867 898 933 arripuit
962 868 1171 936 fugam,
1232 887 1356 925 cum
1422 875 1651 928 necdum
1731 888 2065 945 congressus

468 966 647 1022 esset,
710 967 1076 1028 opportunum
1136 961 1436 1027 arbitrans,
1470 974 1525 1017 ut
1610 964 1812 1018 lanceae
1873 980 1937 1020 ac
1964 980 2064 1018 en-

426 1049 548 1104 :sis
610 1049 728 1103 loco
791 1051 1046 1106 stimulos
1118 1067 1185 1106 ac
1238 1054 1502 1108 scuticam
1562 1056 1864 1108 adhiberet.
1923 1055 2065 1108 Sane

472 1141 563 1196 ubi.
587 1158 787 1211 equum
811 1143 1039 1199 habenis
1064 1154 1210 1199 retro
1240 1145 1558 1211 inﬂexisset,
1588 1156 1810 1215 tergath
1831 1147 2065 1200 evertis-

473 1238 557 1282 set
592 1230 895 1284 volentibus
952 1231 1185 1299 insequi,
1221 1234 1361 1287 haud
1422 1235 1572 1301 prius
1604 1250 1632 1288 a
1660 1234 1786 1304 fuga
1832 1236 2061 1290 destitit.

471 1336 635 1388 quam
669 1336 791 1374 cum
830 1336 972 1376 unus
1005 1334 1275 1386 nostrum,
1312 1340 1419 1378 non
1472 1328 1639 1379 hasta:
1678 1327 1921 1395 cuspide,
1970 1330 2062 1381 sed

475 1411 733 1464 manibus
777 1414 1036 1480 cepisset.
1080 1412 1180 1467 llic
1237 1430 1365 1468 vero
1397 1417 1560 1483 quis?
1592 1416 1729 1470 Num
1772 1417 1877 1471 dux
1909 1433 2064 1472 exer-

471 1504 658 1557 citus?
688 1503 1143 1574 Haudquaquam.
1172 1506 1453 1575 Siquidem
1483 1510 1626 1564 enim
1657 1510 1876 1564 Achaiae
1906 1512 2054 1580 priu-

468 1610 598 1663 ccps
655 1611 720 1649 eo
760 1598 945 1665 praelia
1003 1599 1255 1653 manibus
1322 1615 1456 1653 usus
1508 1611 1676 1662 esset.
1710 1604 1785 1656 uti
1816 1612 1869 1655 et
1894 1602 2062 1655 armis

471 1686 703 1741 habebat
737 1688 834 1753 uti,
856 1689 997 1742 haud
1031 1690 1100 1743 ab
1126 1690 1255 1752 alio,
1293 1700 1447 1759 puto,
1480 1707 1644 1760 quam
1680 1694 1745 1746 ab
1789 1695 2062 1748 exercitus

472 1780 631 1840 duce,
657 1779 954 1847 capiendus
983 1779 1195 1834 fuisset.
1224 1780 1354 1834 Erat
1408 1785 1611 1850 quippe
1640 1783 1718 1835 vir
1743 1784 1901 1852 plane
1924 1792 2061 1838 stre-

471 1886 614 1923 unus
646 1885 710 1923 ac
743 1869 938 1935 fortis;
990 1886 1181 1939 nempe
1243 1872 1471 1927 Raoum.
1510 1874 1559 1928 Is
1590 1874 1733 1927 enim
1768 1889 1891 1929 cum
1919 1876 2059 1943 apud

472 1976 562 2015 me
593 1977 830 2027 merens,
858 1970 968 2015 tum
1005 1963 1097 2016 ubi
1121 1962 1551 2033 Peloponnesum
1572 1966 1819 2037 petisset,
1849 1966 2056 2019 clarum

472 2052 729 2106 omnibus
788 2052 891 2107 viri
919 2052 1109 2119 optimi
1133 2053 1407 2121 specimen
1431 2055 1682 2122 praebuit.
1712 2053 1849 2118 Quia
1879 2062 2059 2107 tamen

472 2140 561 2194 ille
594 2141 729 2194 nihil
792 2153 939 2196 retro
970 2141 1273 2210 aspiciens,
1319 2152 1463 2196 totus
1497 2144 1549 2195 in
1615 2143 1794 2212 fugam
1855 2142 2061 2195 eﬂusus

476 2244 612 2293 erat,
654 2233 795 2287 haud
823 2234 1125 2288 licuitduci
1191 2235 1485 2297 exercitus,
1531 2235 1827 2289 utdescrto
1872 2234 2061 2287 ordine

476 2325 694 2395 longius
746 2326 1144 2394 insequeretur.
1208 2321 1348 2379 Num
1386 2341 1516 2380 vero
1546 2327 1667 2393 quis
1702 2338 1948 2379 nos'rum
1980 2327 2063 2376 vir

472 2416 692 2480 nobilis,
724 2423 815 2469 ant
843 2417 1068 2470 omnino
1102 2415 1259 2470 fortis
1290 2417 1597 2470 deilititium
1651 2416 1883 2484 accepit?
1911 2413 1988 2467 Ne
2012 2415 2061 2466 id

473 2507 724 2573 quidem:
756 2522 913 2560 nrmo
967 2508 1195 2570 talium;
1241 2522 1304 2561 ac
1360 2522 1536 2573 neque
1586 2522 1808 2575 prorsus
1868 2506 2062 2574 aliquis

473 2598 700 2665 Spiritus
733 2597 961 2661 habens,
993 2600 1085 2655 sed
1117 2600 1209 2669 qui
1249 2600 1376 2652 tnba
1408 2600 1634 2653 haberet
1667 2598 1873 2667 agenda
1927 2612 2061 2666 pra»

474 2706 715 2753 monere,
744 2707 806 2745 ac
834 2693 1180 2755 caduceator,
1211 2708 1334 2747 cum
1370 2692 1603 2762 turpiter
1660 2691 1947 2745 dedititius
1975 2690 2064 2744 ille

425 2797 429 2800 ‘
482 2785 617 2837 nihil
651 2794 845 2854 praeter
880 2786 1042 2838 vitam
1081 2786 1316 2853 rogaret.

545 2875 812 2931 Creterqu
842 2878 1059 2947 ingenui
1091 2893 1391 2946 quoqueac
1424 2877 1636 2939 nobiles
1656 2878 1901 2946 quinam,
1937 2891 2060 2930 cum

476 2978 672 3035 prater
706 2968 969 3022 decorum
1001 2985 1162 3023 omne
1197 2971 1248 3023 in
1289 2971 1527 3024 hostium
1566 2981 1695 3025 tunc
1732 2971 1927 3024 castris
1957 2968 2063 3022 mi-

477 3062 738 3123 litarent,
777 3062 920 3129 quod
968 3069 1021 3115 et
1053 3062 1247 3116 habeat
1282 3062 1718 3121 admirationem.
1756 3071 1811 3116 et
1840 3062 1939 3130 ipsi
1976 3076 2066 3114 ca-

2170 602 2355 673 χεφίᾳ
2386 603 2482 654 καὶ
2523 601 2723 671 σιδηρᾷ
2751 600 3016 668 φάλαγγι,
3045 598 3164 651 0ὐᾶ
3194 598 3324 667 γοῦν
3355 599 3746 669 συμπλακῆναι

2167 691 2289 743 τότε
2339 692 2580 762 ὑπέστη·
2636 692 2751 744 ἀλλ’
2800 689 3099 760 οἶμαικαὶ
3153 692 3261 743 τῶν
3311 690 3486 744 ἄλλων
3528 692 3747 760 πρῶτος

2137 783 2440 855 ⁴,ι-ἒτρόιτιεετο
2483 782 2590 852 πρδ
2621 782 2719 853 τῆς
2747 784 3098 851 συμπλοκῆς,
3128 780 3277 852 ῶραν
3327 777 3467 835 εἷναί
3510 782 3561 833 οἱ
3595 782 3750 849 νομί-

2172 890 2269 937 σας
2300 876 2421 927 ἀντὶ
2444 874 2672 944 δόρατος
2725 876 2818 927 καὶ
2845 874 3032 942 ξίφους
3059 874 3304 944 κέντροις
3327 889 3385 924 τε
3409 872 3501 925 καὶ
3523 873 3747 939 μάστιγι

2169 964 2644 1034 καταχρήσασθαι.
2692 966 2803 1017 Καὶ
2833 972 3013 1018 τοίνυν
3040 967 3104 1017 ὲκ
3143 964 3389 1016 τούπίσω
3419 964 3537 1023 ταῖς
3567 960 3745 1025 ἡνίαις

2168 1061 2260 1111 τὸν
2314 1060 2480 1110 ἵππον
2540 1057 2798 1127 στρέψας,
2860 1058 2982 1121 δοὺς
3040 1058 3110 1108 τὰ
3155 1056 3299 1108 νῶτα
3352 1058 3462 1116 τοῖς
3525 1053 3745 1105 διώκειν

2171 1149 2540 1218 βουλομένοις,
2571 1151 2598 1200 6
2628 1149 2683 1201 δὲ
2722 1149 2970 1216 ἔφευγεν,
2999 1149 3103 1209 ἕως
3146 1143 3255 1199 εἷλε
3283 1146 3473 1199 τοῦτόν
3500 1162 3584 1206 τις
3626 1148 3746 1196 ταῖν

2168 1244 2370 1311 χεροῖν,
2402 1241 2519 1293 ἁλλ’
2570 1241 2667 1292 οὐκ
2709 1242 2903 1309 αἰχμῇ.
2950 1239 3119 1301 Οὗτος
3167 1238 3222 1291 δὲ
3253 1238 3372 1301 τίς;
3408 1236 3470 1288 '0
3499 1251 3746 1315 1319111;-

2167 1337 2303 1404 γός;
2350 1334 2620 1403 Οὐδαμῶς
2646 1350 2658 1363 ’
2686 1335 2734 1385 εἰ
2769 1337 2878 1401 γὰρ
2930 1334 3132 1402 ἐχρῆτο
3172 1332 3290 1382 ταῖν
3316 1330 3519 1398 χεροῖν,
3554 1326 3745 1394 ὥσπερ

2166 1427 2336 1496 ἐχρῆν
2372 1426 2608 1487 καὶτοῖς
2654 1424 2863 1487 ὅπλοις,
2898 1427 2923 1476 6
2958 1425 3055 1490 τῆς
3103 1423 3328 1491 Ἀχαΐας
3384 1422 3491 1472 τότ’
3536 1419 3744 1489 ἄρχων,

2167 1520 2243 1586 μὴ
2272 1520 2336 1571 ἂν
2389 1518 2552 1570 αὐτὸν
2586 1515 2739 1585 οἶμαι
2770 1518 2910 1569 ἑλεῖν
2944 1517 3152 1585 μηδένα
3201 1515 3391 1580 ἕτερον
3426 1513 3535 1563 τῶν
3575 1512 3749 1563 ἁπὰνο

2165 1629 2272 1663 των
2296 1612 2402 1679 πρὸ
2426 1610 2519 1662 τοῦ
2549 1609 2651 1676 τῆς
2674 1610 2943 1676 στρατιᾶς
2969 1609 3261 1676 ἡγεμόνος.
3284 1602 3395 1658 Ἦν
3427 1605 3536 1673 γὰρ
3564 1605 3743 1656 πάντα

2167 1701 2370 1766 ἁγαθδς
2403 1702 2497 1752 καὶ
2529 1703 2777 1769 ἀνδρεῖος
2805 1717 2818 1731 ·
2858 1696 3055 1750 Ῥαοῦν
3084 1697 3191 1763 γὰρ
3224 1692 3290 1765 ῆν
3325 1697 3351 1746 6
3384 1693 3616 1762 χρηστός
3641 1708 3658 1724 ο
3685 1692 3745 1755 ὃς

2167 1791 2263 1841 καὶ
2297 1790 2427 1858 παρ’
2459 1790 2581 1857 ἐμοὶ
2608 1790 2815 1856 ’μένων
2854 1788 2957 1850 ἔτι,
2991 1788 3084 1838 καὶ
3122 1786 3373 1837 ἐνταυθοῖ
3427 1798 3739 1852 παραγεγο-

2169 1884 2272 1944 νὼς
2302 1883 2493 1935 οὐδένα
2525 1882 2739 1950 λέληθε,
2791 1880 3064 1949 βέλτιστος
3114 1877 3209 1932 ῶν.
3261 1876 3411 1929 Ἐπεὶ
3443 1876 3487 1927 δ’
3540 1877 3746 1935 ἐκεῖνος

2170 1976 2388 2045 πτερῶν
2415 1976 2607 2041 ἐδεῖτο,
2643 1975 3056 2044 ἀμεταστρεπτὶ
3092 1972 3333 2041 φεύγων,
3384 1973 3483 2023 οὐκ
3510 1968 3637 2039 ἐξῆν
3667 1969 3745 2038 τῷ

2172 2067 2467 2135 στρατηγῷ
2498 2108 2505 2113 .
2532 2067 2751 2135 μακρὰν
2793 2066 3071 2118 ποιεῖσθαι
3112 2069 3210 2130 τὴν
3261 2063 3465 2126 δίωξιν,
3522 2059 3747 2129 καταλισ

2171 2163 2324 2211 πόντι
2352 2158 2449 2228 τὴν
2482 2159 2658 2222 τάξιν.
2694 2158 2831 2210 Ἀλλ’
2870 2157 3219 2225 αἰχμάλωτος
3250 2156 3457 2215 ἐκεῖνος
3479 2150 3746 2220 γεγονὼς.

2170 2254 2277 2303 τινί
2303 2253 2412 2303 τῶν
2455 2251 2587 2319 παρ’
2632 2252 2764 2321 ἡμῖν
2801 2250 3061 2316 εὐγενῶν,
3093 2249 3124 2318 ἣ
3155 2248 3264 2299 τῶν
3297 2246 3560 2315 ἀνδρείων
3607 2243 3747 2306 ὅλως

2170 2346 2386 2411 ἐγένετο
2411 2362 2425 2407 ;
2464 2343 2732 2409 Οὐδαμῶς
2754 2358 2766 2371 ·
2803 2342 2981 2393 οὐδενὶ⁸
3011 2338 3134 2392 οὔτε
3177 2339 3285 2392 τῶν
3311 2336 3591 2411 τοιούτων¹
3622 2332 3746 2391 οὔτε

2170 2435 2279 2486 τῶν
2309 2435 2445 2495 ὅλως
2477 2432 2815 2501 μετεχόντων
2840 2430 3191 2499 φρονήματος
3214 2441 3226 2454 ⁸
3262 2426 3401 2479 ἀλλὰ
3423 2426 3499 2493 τῷ
3527 2427 3592 2494 τῇ
3624 2422 3750 2475 σά).-

2174 2543 2330 2593 πιγγι
2362 2528 2429 2595 τῇ
2460 2526 2693 2594 στρατιᾷ
2733 2523 2801 2577 τὰ
2850 2520 3102 2592 πρακτέα
3136 2521 3458 2590 σημαίνοντι
3505 2513 3746 2585 αἰσχρῶς

2172 2619 2335 2671 αὐτὸν
2370 2617 2593 2682 ἔδωκεν,
2635 2617 2900 2668 ἱκετεύων
2939 2613 3079 2682 ὑπὲρ
3117 2613 3217 2681 τῆς
3245 2612 3389 2680 ζωῆς
3423 2609 3614 2680 μόνης.

2246 2889 2318 2940 Οὔ
2356 2886 2462 2953 μὴν
2494 2884 2627 2937 ἀλλὰ
2660 2883 2753 2935 καὶ
2799 2882 3039 2948 εὐγενεῖς
3071 2897 3215 2943 τινες
3259 2880 3474 2950 ἄνδρες,
3506 2876 3656 2948 παρᾶ
3686 2876 3745 2929 τὸ

2174 2978 2454 3046 προσῆκον
2488 2976 2633 3029 ἆπαν
2664 2973 2813 3035 ὅντες
2853 2974 2976 3025 τότε
3026 2973 3151 3024 καθ’
3190 2972 3366 3041 ἡμῶν,
3402 2970 3688 3036 ὲάλωσανῖ·
3719 2967 3747 3020 6

2175 3072 2238 3139 δὴ
2272 3069 2366 3122 καὶ
2417 3069 2645 3135 παρεῖχε
2678 3063 3008 3131 θαυμάζειν.
3066 3064 3388 3115 Τούναντῐον
3431 3061 3538 3131 γὰρ
3581 3060 3746 3128 ἐχρῆν

477 3154 552 3224 pti
581 3165 730 3209 sunt.
767 3156 933 3207 Plane
961 3170 1084 3207 vero
1111 3170 1270 3209 secus
1296 3154 1605 3222 oportebat,
1637 3155 1824 3208 multis
1848 3156 1912 3208 de
1938 3170 2067 3208 cau-

2176 3160 2387 3213 πολλῶν
2416 3158 2599 3209 ἕνεκα.
2635 3154 2841 3218 Τίνων;
2877 3154 3256 3223 Προσήκοντες
3284 3147 3425 3221 ἦσαν
3456 3152 3591 3219 ἡμῖν
3624 3147 3744 3199 καθ’
3826 3216 3827 3221 η

482 3245 578 3299 sis.
605 3242 739 3297 Nam
778 3258 876 3298 nos
930 3244 1192 3313 sanguine
1232 3246 1655 3313 contingebant;
1698 3247 2066 3300 eosdemeru—

481 3354 728 3402 eramus,
757 3353 879 3391 cum
939 3338 1015 3391 illi
1045 3339 1255 3407 priores
1291 3339 1424 3391 nihil
1469 3338 1876 3402 contulissent;
1911 3352 2068 3393 acce-

480 3442 673 3499 perant
708 3446 815 3485 non
851 3430 1098 3484 modicos
1135 3431 1375 3483 honores
1407 3446 1421 3493 ;
1448 3432 1591 3484 ultro
1629 3430 1687 3484 se
1724 3437 2067 3485 sacremento

481 3523 913 3586 obstrinxerant,
944 3523 1105 3592 cujus
1136 3522 1456 3591 religionem
1492 3524 1662 3575 etiam
1699 3522 1866 3575 homo
1919 3520 2067 3574 ferus

484 3624 795 3670 revereatur
833 3630 895 3669 ac
925 3615 1050 3667 vclit
1076 3614 1377 3682 integrant:
1409 3613 1764 3677 offenderant,
1785 3628 1909 3666 cum
1935 3612 2069 3666 nihil

483 3707 717 3761 fuissent
744 3706 893 3773 laesi;
926 3721 1023 3775 pro
1048 3720 1112 3759 eo
1146 3715 1204 3759 ut
1238 3707 1433 3759 darent
1493 3721 1709 3774 prunas,
1742 3720 1867 3758 cum
1907 3703 2067 3757 nobis

482 3808 627 3854 esset
658 3799 712 3852 in
742 3806 993 3868 promptu
1036 3797 1260 3863 ulcisci,
1307 3797 1571 3851 auxilium
1610 3797 1793 3863 potius
1822 3795 2069 3852 secundo

490 3900 872 3962 unpetrarant,
906 3906 972 3946 eo
1005 3893 1085 3947 cis
1124 3890 1266 3944 bello
1315 3889 1538 3955 infesto,
1607 3905 1715 3958 quo
1754 3906 1877 3943 cum
1908 3889 2069 3958 paulo

486 3994 630 4052 post,
672 3985 816 4038 bello
859 3984 911 4037 in
950 4000 1052 4038 nos
1084 3983 1344 4047 conﬂato,
1374 3983 1598 4050 turpeid
1624 3983 1769 4036 factu
1798 3997 1861 4035 ac
1891 3989 2065 4045 atrox,

486 4088 681 4129 manus
740 4075 942 4127 auxilio
987 4075 1309 4141 junxerunt.
1364 4073 1530 4127 Planc
1601 4089 1777 4142 operte
1832 4073 2068 4141 pretium

486 4174 625 4229 erat,
658 4174 790 4220 utet
823 4164 989 4218 vitam
1022 4165 1193 4220 nostri
1254 4180 1419 4219 causa
1455 4174 1813 4233 spernerent;
1851 4164 1887 4216 ii
1918 4180 2069 4229 vero,

487 4277 609 4314 cum
636 4261 707 4313 ita
737 4273 919 4329 opera:
951 4259 1183 4328 pretium
1213 4267 1377 4321 esset,
1412 4256 1845 4322 nihil'ejusmodi
1877 4258 1928 4307 in
1956 4255 2073 4307 ani-

490 4369 638 4411 mum
666 4352 1006 4414 inducentes,
1028 4350 1163 4404 nihil
1191 4350 1297 4403 nisi
1323 4366 1497 4418 nugas
1520 4351 1703 4401 Omnia
1731 4348 2067 4416 cogitabant,

492 4463 617 4500 cum
650 4446 732 4498 vir
760 4447 998 4512 quisque
1037 4444 1280 4511 sapiens,
1319 4458 1385 4495 ne
1423 4442 1708 4493 minimum
1740 4440 1868 4507 quid
1905 4440 2072 4507 negli-

2169 3251 2312 3323 αἷμα
2336 3269 2350 3283 ο
2384 3249 2443 3303 εὖ
2478 3248 2783 3301 πεπόνθασι
2816 3248 2945 3317 παρ’
2978 3246 3158 3315 ἡμῶν,
3194 3244 3365 3314 μηδὲν
3396 3254 3749 3312 προεισενεγ-

2170 3349 2362 3407 κόντες
2389 3360 2401 3373 ·
2429 3343 2596 3411 τιμῆς
2624 3340 2943 3393 ἀπέλαυσαν
2972 3339 3031 3390 οὐ
3064 3338 3303 3407 σμικρᾶς
3326 3352 3339 3364 ·
3371 3335 3566 3403 ὅρκους
3598 3334 3752 3384 ἐκουο

2173 3440 2331 3501 σίους,
2362 3435 2662 3505 παρέσχον,
2695 3432 2787 3495 οὓς
2814 3431 2920 3485 κᾶν
2947 3430 3086 3499 ἀνὴρ
3115 3430 3373 3498 ἀγροῖκος
3411 3423 3749 3495 ὀμωμοκὼς,

2169 3528 2372 3600 ᾐδέσθη
2396 3543 2453 3578 τε
2474 3524 2789 3587 διαπαντὸς,
2813 3522 2907 3574 καὶ
2931 3522 3254 3591 διετήρησεν
3278 3517 3521 3586 ἀκριϐῶς
3545 3533 3560 3547 ·
3581 3532 3755 3584 προσ-

2170 3622 2559 3693 κεκρούκασιν,
2599 3618 2926 3688 ἠδικημένοι
2955 3616 3077 3686 μηδ’
3106 3613 3311 3667 ὁτιοῦν.
3348 3614 3495 3663 Ἀντὶ
3545 3610 3642 3662 τοῦ
3675 3607 3754 3661 δί-

2171 3734 2275 3787 κην
2306 3714 2513 3777 δοῦναι,
2556 3711 2755 3780 παρὸν,
2806 3710 2854 3763 οἱ
2884 3709 2940 3760 δὲ
2968 3709 3059 3761 καὶ
3110 3706 3364 3776 βοηθείας
3396 3699 3553 3765 αὖθις
3595 3701 3755 3787 €361:-

2172 3783 2336 3876 χανον
2364 3802 2494 3872 παρ’
2538 3801 2718 3872 ἡμῶν,
2762 3800 2853 3851 ὑπ’
2882 3797 3092 3852 ἐκείνου
3147 3794 3570 3864 πολεμούμενοι,
3614 3783 3658 3857 ᾧ
3684 3806 3749 3856 γε

2176 3899 2372 3970 μικρὸν
2407 3897 2633 3964 ὕστερον
2666 3892 2792 3946 καθ’
2822 3890 2977 3961 ἡμῶν
3017 3889 3386 3959 συνεμάχουν,
3438 3884 3663 3954 αἰσχρόν
3694 3899 3747 3934 τι

2172 3989 2507 4059 καὶίὰνόσιον
2556 3985 2701 4055 μάλα
2742 3982 3003 4052 δρῶντες.
3050 3980 3198 4032 Ἔδει
3232 3979 3330 4043 μὲν
3361 3977 3470 4046 γὰρ
3520 3975 3614 4026 καὶ
3648 3972 3746 4039 τῆς

2174 4083 2316 4151 ζωῆς
2351 4081 2492 4149 ὑπὲρ
2522 4078 2679 4148 ἡμῶν
2710 4076 2911 4137 αὐτοὺς
2943 4073 3234 4141 ἁλογῆσαι,
3284 4071 3477 4123 τούτου
3509 4068 3707 4136 δεῆσαν
3732 4081 3748 4096 ·

2173 4176 2222 4227 οἱ
2253 4174 2333 4238 δὲ,
2370 4174 2560 4242 μηδὲν,
2592 4170 2667 4231 ὡς
2698 4170 2863 4231 ἔοικε,
2900 4166 3180 4236 προσῆκον
3212 4161 3635 4231 ἐνθυμηθέντες,
3664 4156 3756 4209 οὐ·

2173 4269 2262 4321 δὲν
2302 4267 2335 4335 ἦ
2368 4266 2534 4333 λῆρον
2579 4263 2758 4316 πάντα
2803 4259 3098 4327 ἐνόμισαν·
3135 4251 3209 4308 ὧν
3253 4256 3348 4307 καὶ
3385 4252 3753 4321 σμικρότατον

2174 4359 2274 4411 οὐκ
2308 4357 2375 4409 ἂν
2410 4352 2749 4421 ὐπεροπτέον
2800 4351 2977 4402 ἐδόκει
3007 4349 3114 4401 οὐδ’
3145 4347 3349 4417 ὁτῳοῦν
3395 4345 3523 4397 νοῦν
3552 4343 3753 4412 ἔχοντι.

2188 4447 2328 4500 Ἀλλ’
2363 4440 2406 4514 ᾧ
2437 4446 2533 4498 καὶ
2562 4444 2722 4496 τοῦτο
2756 4446 2815 4495 16
2846 4442 3100 4510 λαμπρὸν
3148 4440 3273 4509 έστη
3315 4438 3582 4506 τρόπαιον
3616 4434 3753 4503 πρὸς

492 4543 727 4609 gendum
781 4545 1073 4606 Ρυιίηυτυε
1122 4542 1287 4589 εεεθι·
1350 4531 1645 4595 εἱυίθΐυῖην
1698 4534 1784 4585 (ἒηῖ
1827 4531 2065 4599 Plurim“
2103 4520 2144 4570 θ
2176 4541 2391 4602 πολλοῖς
2436 4538 2529 4590 καὶ
2560 4536 2774 4605 μείζοσι
2802 4536 2897 4586 καὶ
2936 4532 3216 4585 καλλίοσιν
3255 4530 3482 4594 ἑτέροις,
3517 4526 3757 4594 εὐγενῶς

492 4632 747 4695 aliorum,
782 4643 1085 4697 eorumque
1118 4626 1383 4695 majorum
1420 4639 1483 4678 ac
1511 4623 1810 4678 clariorum
1840 4632 2073 4691 tropum-

402 4776 405 4777 ν
493 4742 613 4779 rum
638 4724 979 4787 accessione,
1005 4720 1109 4773 hoc
1136 4733 1375 4787 quoque,
1397 4716 1740 4786 splendidum
1766 4714 1897 4769 illud
1929 4715 2075 4768 exci-

496 4830 665 4871 tatum
727 4827 897 4875 esset.
934 4815 1172 4881 ingenue
1197 4824 1261 4863 ac
1294 4809 1581 4863 clementia
1619 4808 1728 4861 illis
1749 4816 1931 4873 utens,
1968 4806 2067 4859 do-

498 4925 646 4963 mum
671 4908 820 4961 abire
838 4907 1134 4977 permisit;
1197 4917 1510 4972 quanquam
1569 4902 1702 4954 nihil
1735 4902 1871 4970 grati
1905 4899 2069 4952 animi

498 5006 854 5054 monumento
894 4999 963 5051 ab
991 4998 1071 5052 eis
1121 5006 1475 5065 accepturum
1513 5003 1777 5063 speraret.
1814 4992 2078 5058 Quamvis

498 5093 644 5147 enim
672 5108 736 5144 cx
764 5089 831 5144 iis
863 5104 983 5158 quae
1011 5090 1399 5157 praecesisscnt
1430 5088 1573 5141 haud
1600 5088 1828 5141 obscura
1858 5083 2075 5138 futuro-

500 5199 620 5245 rum
673 5180 826 5235 notio
888 5179 1209 5242 haberetur,
1274 5180 1363 5233 ille
1416 5177 1773 5233 nihilominus
1821 5191 1849 5227 a
1883 5185 2072 5227 natura

499 5285 875 5347 ccinparatum
906 5273 1135 5335 habens,
1170 5280 1231 5325 ut
1265 5272 1445 5327 bonus
1474 5281 1654 5336 esset,
1687 5271 1828 5323 haud
1866 5267 1968 5321 sibi
1997 5264 2104 5337 fa-~

498 5372 680 5426 cii-hat
715 5368 872 5432 satis,
901 5364 1008 5419 nisi
1034 5365 1184 5434 ipsos
1216 5380 1433 5434 quoque
1464 5364 1650 5418 hostes
1678 5364 2072 5417 (lcriicrercttir.

501 5464 894 5531 Quamobrem,
931 5458 1034 5513 etsi
1081 5458 1357 5512 anteriora
1389 5456 1599 5526 liquido
1640 5456 1826 5509 futura
1871 5454 2076 5508 indica-

503 5568 644 5623 rent,
674 5558 791 5627 ipse
822 5564 1001 5609 tamen
1065 5551 1116 5605 id
1165 5550 1343 5604 solum
1394 5551 1677 5619 spectabat
1724 5547 1869 5617 quod
1912 5547 2077 5599 hone-

504 5661 648 5703 stum
680 5655 847 5713 esset,
875 5662 940 5700 ac
982 5659 1049 5699 ne
1099 5659 1158 5698 re
1199 5642 1306 5695 ulla
1337 5656 1367 5694 a
1395 5641 1597 5695 decoro
1629 5638 1933 5692 decederet.
1970 5637 2076 5691 Eos

507 5755 669 5810 porro
720 5742 812 5808 qui
865 5739 991 5794 boni
1045 5753 1169 5792 esse
1212 5744 1522 5799 retinerent,
1585 5733 1807 5786 timebat
1854 5732 2072 5798 quidem

506 5846 669 5900 quam
704 5832 1013 5894 minimum,
1036 5846 1198 5900 quam
1229 5828 1461 5882 maxime
1486 5835 1662 5881 autem
1692 5824 2074 5879 miscrabatur.

2174 4631 2267 4683 καὶ
2301 4629 2704 4697 φιλανθρώπως
2754 4627 2941 4687 αὐτοῖς
2988 4624 3362 4694 χρησάμενος,
3414 4618 3598 4671 οἶκαδε
3628 4615 3757 4669 τού-

2173 4740 2298 4784 τους
2332 4722 2514 4774 εἴασεν
2564 4717 2845 4780 ἀπελθεῖν,
2880 4717 3060 4770 καίτοι
3116 4715 3284 4785 μηδὲν
3335 4710 3575 4773 ἐλπίζων
3625 4710 3756 4778 παρ’

2176 4811 2358 4865 αὐτῶν
2389 4810 2679 4878 εὐγνωμον
2727 4806 3135 4877 ἀπολήψεσθαι.
3168 4805 3228 4857 Εἰ
3256 4803 3366 4874 γὰρ
3412 4804 3507 4855 καὶ
3532 4800 3593 4852 τὸ
3629 4798 3758 4868 μέλ-

2172 4905 2266 4956 λον
2298 4900 2465 4970 σαφὲς
2508 4901 2725 4970 ὑπῆρχε
2774 4901 2886 4961 τοῖς
2925 4898 3026 4966 ἥδη
3072 4896 3510 4965 πεπραγμένοις,
3559 4890 3696 4942 ἀλλὰ
3728 4891 3757 4941 6

2174 4994 2431 5063 πεφυκὼς
2468 4993 2671 5062 ἀγαθὸς
2721 4986 2863 5044 εῖναι
2910 4990 3009 5042 οὐκ
3042 4990 3254 5059 ἠγάπα,
3287 4989 3333 5039 εἰ
3376 4986 3450 5054 μὴ
3501 4982 3755 5042 καὶτοὺς

2177 5088 2405 5159 ἐχθροὺς
2433 5085 2490 5138 εὖ
2529 5085 2797 5153 ποιήσειε.
2829 5082 2939 5135 Καὶ
2966 5082 3053 5134 διὰ
3084 5078 3265 5143 τοῦτο,
3299 5078 3408 5129 τῶν
3456 5073 3758 5144 προλαϐόν-

2178 5199 2285 5233 των
2322 5179 2510 5247 σαφῶς
2556 5160 2861 5245 δηλούντων
2888 5174 3035 5235 ὅπως
3065 5172 3221 5223 ἔσται
3271 5169 3337 5222 τὰ
3386 5166 3505 5236 μετ’
3549 5167 3755 5227 ἐκεῖνα,

2178 5270 2386 5332 ἐκεῖνός
2441 5285 2503 5335 γε
2537 5267 2674 5336 πρὸς
2706 5266 2866 5333 μόνον
2906 5262 3101 5315 έῦλεπε
3129 5261 3193 5313 τὸ
3245 5260 3430 5325 καλὸν,
3466 5259 3559 5311 καὶ
3610 5256 3663 5307 τί
3691 5254 3756 5307 ἂν

2182 5363 2417 5432 πράξας,
2452 5361 2527 5430 μὴ
2560 5357 2887 5426 παρεξέλθοι
2920 5354 3014 5406 τοῦ
3047 5370 3109 5427 γε
3140 5353 3500 5422 καθήκοντος.
3532 5348 3669 5408 Tati;
3696 5362 3755 5397 τε

2178 5458 2277 5506 οὐκ
2306 5451 2589 5510 ἐθέλοντας
2626 5448 2865 5516 ἀγαθοὺς
2902 5441 3041 5498 εἶναι
3069 5444 3258 5495 ἐδεδίει
3291 5444 3388 5510 μὲν
3412 5441 3487 5503 ὡς
3525 5440 3755 5509 ﬁxura,

2176 5545 2324 5614 ⁴ὴλέει
2358 5544 2412 5595 δὲ
2446 5543 2522 5604 ὡς
2572 5542 2831 5610 μάλιστα.
2879 5537 3066 5591 Βίαιον
3112 5537 3221 5604 γάρ
3263 5552 3316 5586 τι
3369 5533 3430 5585 τὸ
3466 5530 3711 5599 πεφυκός
3739 5545 3756 5561 ο

2182 5638 2285 5691 κᾶν
2313 5638 2492 5689 ἐκεῖνο
2526 5634 2661 5703 πρός
2690 5650 2740 5685 τι
2776 5629 3045 5701 καθέλκῃ,
3074 5629 3133 5680 οὐ
3172 5627 3399 5679 δύναταί
3427 5641 3512 5686 τις
3556 5621 3757 5693 ῥᾳδίως

2183 5728 2563 5784 ἀνθίστασθαι.
2604 5725 2840 5777 Ἐκεῖνον
2892 5721 2948 5776 δὲ
2999 5720 3059 5773 τὸ
3114 5718 3359 5787 πεφυκὸς
3406 5717 3488 5776 εἰς
3550 5713 3757 5781 ἀγαθὸν

2184 5816 2351 5885 εἷλκε,
2388 5818 2481 5873 καὶ
2537 5818 2747 5887 προσῆν
2792 5816 2823 5885 ἡ
2860 5813 2953 5867 τοῦ
2992 5811 3261 5883 βελτίονος
3299 5807 3433 5872 ἕξις.
3468 5806 3670 5875 ’Ἄμφω
3698 5805 3757 5857 δὲ
