4166 6270
397 364 535 439 917

1186 373 1583 432 TIiEODORI
1634 372 1991 433 ΟΕΞΡΟΤιΕ
2033 348 2425 435 LAUDATIO
2456 378 2868 437 FUNEBRIS.

3550 372 3665 439 218

398 483 555 536 ταυτὶ
600 481 936 551 συνδεδραμτ
953 482 1106 540 κότα.
1142 487 1392 553 κατεῖχεν
1423 484 1667 551 ἀκριϐῶς
1718 486 1775 536 ἐν
1804 483 1882 552 τῷ
1918 479 1977 536 εὖ
2012 530 2019 544 ,

2104 485 2214 539 iam
2277 496 2471 543 natura
2512 492 2643 559 quid
2704 491 3006 543 violentum
3050 498 3166 554 est;
3200 504 3295 542 nec
3324 497 3381 541 nt
3414 489 3537 558 quis
3562 486 3667 541 ali-

406 576 582 628 ποιεῖν
618 576 827 635 πάντας
870 572 1178 642 βούλεσθαι.

2091 595 2200 646 quo
2226 582 2352 633 velit
2379 583 2614 643 trahere,
2639 583 2693 635 in
2722 581 3007 635 adversam
3035 591 3238 649 partem
3270 581 3425 634 facile
3446 578 3667 634 inﬂexe-

402 671 491 725 rit.
537 671 810 724 Trabebat
866 669 955 723 illa
992 672 1042 724 in
1072 673 1293 735 bonum,
1340 672 1529 741 illique
1572 671 1692 740 ejus
1715 674 1961 743 ponderi,
1992 676 2234 729 melioris
2267 676 2486 732 habitus
2517 679 2740 733 cumulo
2821 677 3139 742 accedebat,
3194 691 3317 743 qum
3376 677 3535 729 ambo
3588 679 3667 736 sic

403 773 681 826 conserta,
733 764 786 816 in
820 767 1098 833 proposito
1155 766 1472 820 demeremli
1522 781 1713 820 omnes
1742 766 1978 835 perfecte
2019 770 2298 824 tenebant.

475 858 613 927 Περὶ
648 857 703 909 δὲ
734 858 845 909 τῶν
882 859 1379 929 αὐτομολησάντων
1430 862 1508 923 εἰς
1550 864 1678 924 τοὺς
1724 862 1974 933 ἐχθροὺς,

405 950 500 1001 καὶ
538 951 677 1017 μετὰ
703 949 813 1002 τῶν
842 949 1023 1003 λύκων
1053 953 1128 1015 ὡς
1158 954 1336 1004 εἰπεῖν
1366 954 1695 1021 γενομένων,
1737 955 1829 1006 καὶ
1858 957 1979 1006 ἐπι-

406 1040 726 1107 θυμούντων
760 1041 860 1109 μὲν
907 1042 1115 1094 ἐσθίειν
1145 1044 1244 1105 τὰς
1284 1045 1391 1096 τῶν
1421 1043 1711 1113 ὁμοφύλων
1746 1045 1977 1113 σάρκας,

409 1130 698 1184 ἐσθιόντων
751 1133 937 1194 δὲτὰς
978 1134 1138 1199 ἰδίας,
1172 1136 1223 1186 τί
1265 1136 1329 1189 άν
1378 1155 1464 1199 τις
1509 1138 1699 1203 λέγοι;
1760 1137 1987 1205 Μακρδν

412 1224 677 1278 τάκείνων
729 1225 1059 1291 διεξελθεῖν·
1096 1227 1192 1279 καλ¹
1237 1226 1445 1296 βέλτιον
1493 1228 1669 1280 ταῦτα
1706 1228 1987 1296 παραδρα-

411 1319 536 1385 μεῖν
559 1318 702 1387 ηπερ
728 1319 1069 1371 ἐπιτίθεσθαι
1097 1321 1434 1393 μελαγχολίᾳ
1460 1324 1757 1390 νοσήσασιν
1784 1322 1876 1372 ἀνθ
1890 1320 1992 1387 ρῶ-

410 1422 560 1469 ποις.
595 1407 774 1470 Ὂλως
816 1410 893 1472 δὲ,
925 1409 1083 1477 εἴπερ
1115 1410 1174 1461 ού
1219 1411 1385 1463 καλὸν
1429 1408 1495 1479 ἦν
1527 1410 1762 1465 ἐκείνοις
1796 1409 1862 1459 τά
1890 1408 1990 1458 κά-

412 1513 573 1550 κιστα
601 1498 949 1567 δεδρακέναι,
1001 1501 1122 1553 οὐδὲ
1158 1502 1283 1567 ἐμοὶ
1324 1501 1502 1570 δήπου
1538 1500 1803 1569 φέρεσθαι
1852 1500 1993 1553 κατὰ

411 1588 519 1640 τῶν
550 1589 876 1658 ἀνθρώπων.
927 1591 1069 1659 Ἐρῶ
1114 1592 1195 1655 δὲ,
1230 1593 1283 1642 τί
1313 1592 1372 1642 τὸ
1404 1595 1598 1642 πεῖσαν
1634 1591 1831 1651 αὐτοὺς
1866 1590 1991 1641 καθ’

413 1682 574 1749 ἡμῶν
606 1682 998 1749 θρασύνεσθαι,
1050 1682 1219 1751 μηδὲν
1251 1684 1506 1750 ἐγκαλεῖν
1547 1682 1771 1750 ἔχοντας
1799 1721 1812 1742 ,
1862 1680 1894 1748 ἢ
1932 1680 1993 1732 τὸ

421 1772 497 1841 μὴ
528 1772 705 1825 θέλειν
734 1772 1001 1842 ἄρχεσθαι
1036 1775 1125 1840 ὑφ’
1156 1770 1214 1826 οὗ
1248 1790 1310 1840 γε
1340 1773 1550 1825 δίκαιον
1585 1767 1674 1841 ἦν.

495 1960 641 2011 "Is-:3
690 1975 795 2010 που
842 1959 931 2009 τὸν
972 1957 1188 2026 Πέρσην
1242 1960 1471 2023 ἐκεῖνον,
1504 1957 1597 2011 τὸν
1649 1958 1989 2030 Παγιαζίτην

416 2051 580 2118 λέγω,
613 2051 705 2103 τὸν
749 2052 939 2113 Ἀσίας
972 2051 1230 2121 ἄρχοντα,
1266 2053 1355 2106 τὸν
1384 2053 1654 2122 Εὐρώπης
1691 2055 1903 2122 κύριον,
1934 2056 1992 2117 ὃς

413 2142 690 2209 ἀφόρητός
711 2160 797 2204 τις
818 2142 915 2207 ὢν,
944 2144 1065 2194 οὐδὲ
1096 2144 1332 2212 φορητὸν
1362 2145 1570 2213 ἡγεῖτο,
1605 2145 1843 2213 ἄρχοντά
1868 2163 1991 2198 τινα

414 2231 743 2303 Χριστιανὶν
788 2232 1177 2302 ὀνομάζεσθαι.
1220 2234 1393 2295 Οὗτος
1429 2233 1498 2305 ἦν
1542 2238 1575 2305 ὴ
1616 2234 1821 2288 τούτων
1858 2236 1992 2304 θρα-

416 2324 584 2392 σύτης
605 2340 620 2355 ·
654 2325 848 2378 τούτου
876 2329 942 2397 τῇ
974 2326 1199 2395 δυνάμει
1230 2326 1583 2396 θαρροῦντες,
1620 2328 1715 2382 καὶ
1757 2331 1895 2397 πρός
1929 2345 1991 2395 γε

414 2414 496 2469 ἔτι
524 2419 591 2485 τῇ
621 2416 925 2488 δυσμενείᾳ
962 2418 1073 2470 τῶν
1120 2418 1511 2483 γειτονούντων
1542 2422 1676 2489 ἡμῖν
1723 2422 1991 2487 Λατίνων,

418 2510 529 2570 τοῖς
581 2511 702 2562 καθ’
742 2509 902 2585 ἡμῶν
957 2511 1320 2578 ἐπεχείρουν’
1354 2511 1488 2562 ἀλλὰ
1530 2511 1635 2579 μὴν
1689 2514 1785 2565 καὶ
1834 2509 1992 2575 οὗτος

421 2598 585 2660 αὐτὸς
633 2601 659 2650 ὁ
712 2599 1151 2665 δυσμενέστατος
1208 2602 1332 2671 θὴρ,
1368 2603 1707 2673 ἀμφοτέροις
1754 2604 1993 2673 θαρρῶν,

420 2689 534 2750 τοῖς
568 2689 728 2757 ἡμῶν
774 2690 1001 2741 ἐπέθετο
1034 2690 1324 2759 πράγμασι
1348 2707 1361 2722 ·
1396 2693 1489 2744 καὶ
1522 2691 1738 2763 θατέρῳ
1770 2694 1999 2762 θάτερον

425 2780 591 2847 μέρος
623 2780 715 2831 καὶ
756 2781 1016 2849 ἡκονᾶτο,
1047 2783 1143 2833 καὶ
1172 2783 1524 2852 παρωξύνετο
1569 2786 1707 2837 κατὰ
1734 2785 1861 2847 τοὺς
1890 2784 2000 2836 τῶν

420 2872 622 2939 χοίρων
644 2872 897 2933 νόδόντας.

492 2956 619 3012 Εἶεν
638 2963 651 2976 ⁸
677 2960 937 3030 βούλομαι
957 2963 1012 3014 δέ
1037 2962 1267 3016 καθόλου
1295 2965 1449 3032 λόγον
1472 2966 1663 3029 εἰπεῖν,
1730 2967 1821 3019 τὸν
1852 2969 2000 3021 δεῖνα

423 3052 520 3107 καὶ
541 3051 631 3105 τὸν
661 3052 811 3105 δεῖνα
841 3054 1219 3124 παραδραμών
1240 3072 1255 3086 θ
1290 3058 1431 3126 φημὶ
1466 3055 1548 3125 δὴ,
1591 3058 1716 3119 τοὺς
1768 3060 2002 3128 αὐτομο-

422 3143 653 3205 λοῦντας
705 3144 1070 3213 Χριστιανοὺς
1114 3149 1355 3199 τουτοισὶ
1381 3150 1498 3210 τοῖς
1532 3149 1657 3201 καθ’
1687 3150 1844 3218 ἡμῶν
1871 3151 1999 3203 άσε-

425 3237 545 3287 ὕέσι
582 3208 901 3302 περιφανῶς
964 3238 1292 3304 μαίνεσθαι·
1328 3208 1529 3308 μᾶλλον
1580 3241 1635 3293 δὲ
1687 3208 1779 3295 καὶ
1827 3243 2000 3313 χείρω
2026 3208 2071 3272 C

429 3330 602 3381 ποιεῖν
633 3326 741 3380 τῶν
788 3328 1181 3397 βεϐλαμμένων
1226 3330 1325 3393 τὰς
1359 3333 1585 3400 φρένας.
1635 3332 1866 3385 Ἐκεῖνοι
1905 3334 2003 3403 μὲν

427 3421 557 3490 γὰρ,
586 3422 682 3473 ἐὰν
710 3421 803 3474 καὶ
837 3419 985 3489 ξίφος
1028 3420 1213 3474 ὧπωσι
1245 3424 1367 3476 καθ’
1395 3424 1595 3490 αὐτῶν,
1630 3424 1754 3489 οὔτε
1785 3426 1881 3489 τὰς
1907 3428 2003 3478 αὐ-

427 3515 536 3565 τῶν
566 3513 745 3583 ψυχὰς
774 3514 1038 3582 ἔϐλαψαν,
1067 3515 1159 3570 καὶ
1192 3515 1384 3585 μίσους
1411 3517 1509 3585 μὲν
1530 3517 1799 3587 οὐδαμῶς,
1819 3518 2004 3580 ἐλέους

426 3606 484 3657 δὲ
510 3607 660 3674 παρὰ
692 3608 801 3658 τῶν
830 3605 1086 3674 ὁρώντων
1114 3606 1334 3676 τύχοιεν
1361 3608 1426 3661 άν
1452 3624 1464 3637 ·
1497 3608 1722 3671 τούτους
1751 3609 1807 3662 δέ
1835 3610 2003 3679 πολλὴ

426 3700 645 3767 ἀνάγκη
695 3700 851 3766 μῖσος
899 3698 1043 3765 ἔχειν
1092 3699 1149 3751 ἐν
1198 3698 1591 3769 σωφρονοῦσιν,
1642 3701 1876 3754 ἐθελοντὶ
1906 3704 2005 3764 τὰς

428 3790 641 3842 ἑαυτῶν
663 3787 987 3855 μολύνοντας
1004 3790 1183 3859 ψυχὰς
1212 3790 1302 3842 διὰ
1330 3791 1521 3843 πασῶν
1544 3792 1650 3843 τῶν
1678 3794 1999 3861 αἰσθήσεων.

442 3880 807 3951 Ἐπιθυμοῦσι
830 3881 942 3949 γὰρ
970 3882 1168 3951 εὑρεῖν,
1201 3878 1274 3935 ὦν
1303 3883 1444 3952 ἕνεχ’
1473 3878 1607 3953 ἧκον
1630 3884 1691 3935 τὸ
1723 3882 2003 3949 καταρχὰς

430 3979 510 4037 εἷς
548 3973 675 4035 τοὺς
727 3975 826 4039 τῆς
864 3972 1100 4034 πίστεως
1153 3972 1419 4041 ἐχθρούς’
1453 3972 1682 4023 πλοῦτόν
1728 3989 1785 4023 τε
1841 3972 2004 4038 λέγω,

430 4066 735 4131 καὶδόξαν,
766 4066 861 4117 καὶ
897 4065 997 4116 ὅσα
1024 4081 1087 4132 γε
1138 4064 1215 4133 τῷ
1267 4065 1390 4133 τῇδε
1422 4063 1523 4132 βίῳ
1570 4063 1812 4133 τερπνά·
1862 4063 2008 4131 ἀμή-

430 4177 590 4230 χανον
637 4158 695 4211 δὲ
747 4156 957 4210 τούτων
1014 4159 1238 4225 τυχεῖν,
1303 4157 1377 4225 μὴ
1436 4156 1584 4225 ἡδεῖς
1642 4158 2006 4225 φαινομένους

428 4253 680 4315 ἐκείνοις,
718 4252 855 4319 πρὸς
878 4248 970 4311 οὖς
996 4266 1059 4317 γε
1095 4249 1482 4318 ηὐτομόλησαν
1504 4264 1517 4278 ·
1550 4249 1692 4317 ἡδεῖς
1714 4247 1768 4301 δὲ
1798 4250 2006 4312 τούτοις

430 4344 717 4435 φαίνεσθαι
766 4343 826 4394 οὐ
876 4341 983 4393 τῶν
1016 4340 1386 4409 ἐνδεχομένων
1438 4340 1573 4403 ἐστὶ,
1626 4340 1698 4409 μὴ
1738 4340 2006 4410 πρότερον

431 4440 643 4489 ἅπαντα
666 4426 1195 4504 δῖαπραττομένους,
1226 4426 1304 4493 οἷς
1323 4433 1521 4482 ἐκεῖνοι
1549 4432 1824 4499 χαίρουσι·
1850 4431 2007 4482 τοῦτο

2146 865 2288 931 Quid
2320 868 2600 922 enimvero
2662 868 2728 921 de
2758 867 2824 921 iis
2858 867 3041 921 dicere
3081 874 3315 934 spectat.
3345 863 3434 932 qui
3470 863 3534 917 ad
3570 864 3668 916 ho-

2079 964 2240 1014 stium
2304 972 2481 1015 castra
2538 963 2930 1032 perfugissent,
2994 976 3057 1013 ac
3098 976 3220 1011 ('tlnt
3277 960 3445 1025 lupis,
3503 967 3561 1010 ιιι
3594 960 3666 1010 ita

2082 1053 2279 1117 dicam,
2305 1068 2677 1118 versarentur,
2719 1055 2809 1123 qui
2876 1056 3095 1119 quidem
3134 1054 3417 1120 gentilium
3446 1066 3669 1105 suorum

2089 1158 2285 1195 carnes
2326 1145 2614 1197 comedere
2665 1154 2957 1213 cuperent,
3006 1159 3241 1211 suasque
3276 1143 3374 1211 ipsi
3414 1142 3670 1193 comede-

2094 1234 2248 1284 rent?
2272 1233 2547 1287 Prolixnm
2579 1246 2721 1288 esset
2754 1238 2818 1287 ab
2839 1238 2918 1287 eis
2942 1245 3249 1303 perpetrata
3283 1235 3507 1293 referre,
3533 1247 3673 1300 pra:-

2098 1333 2313 1391 statqne
2367 1326 2640 1388 omittere,
2670 1340 2835 1392 quam
2891 1326 2968 1378 sic
3016 1336 3132 1377 atra
3170 1326 3275 1377 hih-
3300 1324 3673 1376 laborantibus

2098 1413 2635 1468 insnltare.Prorsus
2659 1430 2785 1467 vero
2820 1423 2878 1467 ut
2905 1432 3079 1483 neque
3113 1417 3189 1468 illi
3222 1430 3400 1483 opera:
3436 1416 3670 1481 pretium

2104 1506 2371 1558 habebant
2399 1507 2633 1574 pessima
2675 1516 2916 1577 patrare,
2957 1509 3037 1561 sic
3081 1524 3177 1563 nec
3209 1524 3307 1574 ego
3356 1508 3581 1559 habeam
3617 1513 3676 1559 ut

2104 1601 2156 1652 in
2192 1601 2313 1653 illos
2337 1600 2505 1654 ferar.
2568 1600 2752 1653 Dicam
2810 1617 2960 1665 vero,
3020 1602 3165 1653 unde
3216 1600 3305 1652 ille
3353 1600 3432 1651 eis
3457 1599 3673 1650 animus

2103 1682 2416 1753 coaluisset,
2468 1701 2525 1745 ut
2576 1693 2629 1744 in
2692 1707 2793 1745 nos
2844 1692 3384 1771 ita"insolescere‘nt,
3422 1690 3513 1759 qui
3540 1689 3673 1742 nihil

2104 1783 2505 1836 criminandum
2564 1783 2850 1844 haberent.
2911 1799 3071 1851 quam
3114 1782 3258 1851 quod
3298 1781 3506 1834 nollent
3553 1782 3674 1847 eius

2012 1870 2053 1924 Β
2083 1876 2239 1928 subdi
2268 1876 2516 1944 imperio,
2552 1877 2638 1929 cui
2674 1876 2804 1945 jure
2831 1876 3027 1929 subditi
3056 1882 3259 1929 essent.

2173 1965 2335 2020 Scitis
2359 1967 2515 2035 plane
2543 1967 2763 2019 Persam
2798 1966 2947 2019 illum
2970 2007 2983 2027 ,
3024 1966 3328 2030 Bajazctcm
3359 1963 3510 2025 dico,
3534 1960 3675 2015 Asire

2100 2057 2481 2123 imperantem,
2545 2072 2608 2109 ac
2649 2056 2879 2124 Europze
2933 2057 3215 2110 dominum
3246 2094 3259 2117 ,
3316 2062 3375 2105 ut
3400 2052 3581 2121 gravis
3613 2067 3678 2105 ac

2100 2149 2461 2203 intolerabilis
2484 2150 2775 2213 exsistens,
2796 2164 2863 2203 ne
2892 2148 3171 2201 ferendum
3197 2144 3419 2213 quidem
3446 2143 3497 2195 in
3520 2143 3680 2197 Chri-

2098 2241 2291 2295 stianis
2358 2242 2617 2307 principis
2663 2257 2856 2294 nomen
2904 2248 3141 2309 putaret.
3182 2237 3277 2292 llic
3304 2237 3411 2291 illis
3440 2235 3675 2290 addebat

2102 2331 2332 2385 animos.
2370 2331 2498 2399 Ejus
2531 2331 2649 2384 l'reti
2686 2332 3064 2400 potentia.nec
3094 2345 3202 2383 non
3232 2328 3538 2382 vicinorum
3573 2341 3677 2379 no-

2102 2421 2186 2473 bis
2213 2421 2532 2476 Latinorum
2568 2424 2752 2477 hostili
2789 2424 3007 2476 feritate
3032 2464 3045 2484 ,
3084 2423 3285 2476 nostris
3315 2422 3678 2474 imminebant

2105 2514 2268 2566 rebus
2302 2532 2316 2567 :
2352 2515 2443 2566 sed
2484 2526 2535 2566 et
2569 2513 2840 2567 ferissima
2878 2514 3053 2567 bellua
3082 2514 3331 2580 utrisque
3393 2512 3587 2572 ﬁdens,
3619 2510 3674 2562 in

2109 2620 2212 2657 nos
2250 2605 2537 2658 invadebat
2566 2622 2578 2668 ;
2639 2606 2918 2675 ambrgqne
2949 2606 3155 2673 partes,
3187 2613 3395 2670 partem
3427 2602 3677 2665 alteram,

2111 2692 2446 2760 ringentium
2482 2708 2769 2762 porcorum
2806 2708 2976 2755 more,
3013 2692 3251 2746 vicissim
3312 2690 3585 2743 acuebant
3615 2702 3679 2741 ac

2110 2783 2421 2838 irritabant.

2180 2966 2271 3020 Sic
2302 2980 2429 3018 vero
2472 2964 2634 3017 habet
2664 2964 2857 3031 (porro
2914 2965 3060 3019 lubet
3115 2965 3365 3017 universe
3393 2963 3595 3025 dicere,
3620 2972 3681 3017 ut

2108 3066 2426 3127 pratteream
2452 3056 2753 3124 singulos);
2792 3056 2979 3121 habet,
3012 3055 3259 3123 inquam,
3288 3062 3345 3107 ut
3378 3052 3678 3107 Christiani

2110 3152 2162 3204 in
2199 3148 2497 3202 inﬁdelium
2544 3146 2702 3200 nobis
2735 3146 2967 3199 hostium
3002 3147 3197 3199 castris
3233 3143 3472 3213 perfugae
3517 3139 3681 3212 liqui-

2105 3243 2175 3296 do
2210 3242 2385 3295 insani
2422 3241 2551 3301 sint,
2589 3250 2751 3304 atque
2790 3238 2928 3291 adeo
2958 3239 3026 3291 iis
3051 3239 3324 3291 deteriora
3381 3234 3678 3306 agant,qni

2107 3333 2235 3386 laeso
2264 3331 2493 3385 cerebro
2556 3339 2685 3384 sunt
2726 3331 2925 3383 insani.
2974 3330 3051 3383 llli
3084 3331 3323 3398 {quippe,
3368 3329 3452 3381 vel
3486 3327 3530 3382 si
3564 3326 3680 3394 gla-

2105 3426 2255 3477 dium
2289 3425 2342 3478 in
2372 3438 2430 3477 se
2460 3423 2702 3490 adigant,
2736 3423 2875 3475 nihil
2924 3432 3103 3475 tamen
3146 3421 3385 3475 laeserint
3428 3418 3676 3472 animas:

2105 3516 2417 3585 nullumque
2441 3517 2562 3569 inde
2590 3516 2917 3569 contrahant
2952 3514 3163 3576 odium,
3192 3512 3283 3565 sed
3318 3510 3545 3563 multam
3580 3523 3680 3577 po-

2108 3611 2213 3662 tius
2272 3610 2682 3663 miserationcm
2738 3608 3048 3661 videntibus
3102 3604 3342 3657 faciant:
3378 3617 3503 3655 cum
3540 3600 3673 3655 illos

2107 3700 2331 3752 omnino
2408 3715 2629 3753 necesse
2692 3699 2763 3751 sit
2822 3699 2962 3765 apud
3022 3696 3237 3750 Sobrios
3273 3707 3523 3763 quosque
3574 3691 3678 3745 sibi

2108 3791 2292 3843 odium
2322 3792 2578 3851 conﬂare,
2616 3790 2706 3857 qui
2736 3799 2932 3857 sponte
2989 3806 3086 3857 per
3114 3804 3305 3843 sensus
3343 3799 3535 3840 omnes
3567 3785 3683 3836 ani-

2111 3894 2228 3931 mas
2268 3893 2396 3932 suas
2429 3879 2697 3946 polluant.
2733 3878 2806 3931 Ea
2848 3879 2992 3930 enim
3024 3878 3220 3944 oppido
3258 3878 3491 3944 cupiunt
3520 3875 3675 3928 inve-

2110 3971 2250 4033 nire,
2278 3986 2509 4040 quorum
2546 3984 2711 4023 causa
2743 3984 2770 4021 a
2805 3970 3079 4038 principio
3113 3968 3179 4021 ad
3212 3968 3335 4022 fidei
3371 3968 3554 4021 hostes
3589 3966 3682 4020 de-

2110 4062 2286 4116 fecere
2315 4079 2329 4127 ;
2366 4075 2559 4127 nempe
2606 4059 2847 4123 divitias,
2887 4068 2937 4112 et
2966 4061 3218 4127 gloriam,
3253 4076 3313 4113 ac
3342 4060 3385 4114 si
3416 4074 3521 4127 qua
3552 4066 3682 4112 sunt

2109 4154 2451 4209 delectabilia
2489 4152 2653 4222 hujus
2692 4152 2815 4205 vitae
2852 4171 2863 4205 :
2899 4152 3011 4205 ﬁeri
3045 4162 3225 4204 autem
3252 4167 3356 4203 non
3386 4156 3584 4219 potest,
3623 4156 3682 4201 ut

2112 4249 2223 4300 bzec
2302 4248 2369 4299 ab
2430 4246 2535 4299 illis
2582 4256 3015 4314 consequantur,
3075 4246 3176 4299 nisi
3234 4260 3291 4298 se
3344 4245 3413 4297 iis
3498 4251 3683 4312 gratos

2110 4355 2437 4406 componere
2508 4340 2789 4400 studeant,
2853 4339 2957 4391 nisi
2995 4338 3453 4408 prazstentomnia
3479 4337 3681 4405 quibus

2110 4430 2183 4482 illi
2241 4429 2502 4497 gaudent;
2570 4430 2625 4481 id
2675 4439 2853 4483 autem
2928 4429 3079 4485 haud
3133 4428 3361 4499 omnino
3409 4425 3553 4477 aliud
3586 4424 3679 4483 sit,

429 4526 483 4578 δέ
526 4528 639 4576 ἐστι
676 4526 892 4585 πάντως
941 4524 1295 4593 βαρϐαρικῶς
1327 4540 1383 4574 τε
1431 4522 1552 4591 ζῇν,
1589 4524 1681 4574 καὶ
1728 4523 2010 4592 ἀθεμίτοις

2114 4536 2276 4589 quam
2314 4536 2466 4574 more
2507 4521 2721 4574 barbari
2772 4523 2974 4583 vivere,
3041 4537 3104 4573 ac
3136 4529 3330 4588 sponte
3364 4534 3423 4571 se
3454 4516 3680 4571 nefariis

429 4617 695 4683 πράξεσιν
730 4616 909 4668 ἑκοντὶ
962 4615 1059 4677 τὰς
1108 4614 1320 4666 ἑαυτῶν
1371 4613 1623 4680 μολύνειν
1672 4614 1871 4683 ψυχάς.
1906 4613 2007 4679 ιΤὰ

427 4705 635 4768 τούτοις
666 4706 773 4773 ἄρα
798 4707 1163 4774 συμῦαίνοντα
1194 4709 1260 4759 τὰ
1310 4709 1421 4767 τοῖς
1457 4708 1803 4775 μαινομένοις
1831 4709 2004 4777 ὑπερ-

425 4801 719 4866 ἠκόντισε⁸
775 4801 869 4852 καὶ
944 4799 1139 4866 μίσους
1182 4801 1282 4866 μὲν
1334 4799 1416 4851 ὅτι
1466 4799 1685 4863 πολλοῦ,
1735 4799 1921 4861 ἐλέους
1951 4800 2007 4851 δὲ

428 4892 638 4952 οὐδενὸς
670 4890 809 4953 ἄξιοι
866 4891 998 4971 πᾶσι
1031 4892 1409 4959 κριθήσονται,
1445 4891 1521 4959 τῷ
1557 4908 1615 4943 τε
1657 4890 1849 4961 γνώμῃ
1893 4892 2007 4952 τοῖς
2045 4945 2049 4949 ,

429 4984 621 5042 κακοῖς
669 4982 895 5041 ἐαυτοῦς
961 4982 1249 5041 ἐκδιδόναι,
1303 4980 1381 5050 τῷ
1432 5000 1491 5034 τε
1524 4984 1624 5052 τὴν
1670 4982 1849 5052 ψυχὴν
1884 4981 2007 5033 ἀντὶ

429 5073 524 5143 τοῦ
559 5074 809 5140 σώματος
839 5073 1127 5141 βλάπτειν·
1162 5074 1222 5125 τὸ
1249 5074 1303 5125 δὲ
1342 5076 1560 5127 πάντων
1588 5075 2003 5143 σχετλιώτατον,

424 5141 513 5217 ἑτι
565 5164 625 5214 τὸ
660 5166 757 5230 μὲν
798 5164 896 5225 τὰς
934 5165 1112 5234 ψυχὰς
1159 5165 1486 5233 προδιδόναι,
1538 5141 1774 5234 καῖ-την
1828 5164 2006 5217 αὐτῶν

424 5243 980 5351 ᾗτιμὴκζκαθυϐρίσαι,
1013 5258 1105 5308 καὶ
1134 5260 1241 5309 πᾶν
1268 5258 1329 5310 τὸ
1362 5260 1542 5325 γένος,
1573 5259 1719 5309 πᾶσα
1751 5258 1964 5323 ἀνάγκη
1987 5272 2002 5287 ⁶

429 5347 551 5417 ᾁνθ⁹
584 5340 658 5400 ὧν
691 5347 748 5399 δὲ
776 5346 948 5400 ταῦτα
979 5348 1244 5417 πράττειν
1286 5350 1645 5416 προάγονται,
1694 5347 1726 5415 ἦ
1755 5346 1877 5399 οὐδὲ
1907 5347 2007 5417 τὴν

434 5438 658 5509 πρώτην
693 5438 875 5500 αὐτοῖς
902 5440 1317 5506 παραγίγνεται,
1351 5438 1382 5508 ἦ
1414 5438 1512 5490 οὐκ
1551 5438 1642 5489 ἐπὶ
1677 5437 1871 5508 μακρῷ
1902 5454 2004 5489 ποις

437 5530 682 5597 ραμένει,
712 5531 915 5583 ὁπόταν
964 5533 1059 5583 καὶ
1098 5532 1495 5600 παραγένηται.
1534 5531 1696 5583 Ὅθεν
1728 5533 1821 5583 καὶ
1850 5530 2006 5600 δίκην

435 5621 786 5689 πομφόλυγος
839 5620 1004 5684 ὀξέως
1060 5621 1201 5688 ἄγαν
1237 5620 1713 5691 ὑπερφυσώμενοι,
1753 5622 1900 5688 λέγω
1948 5621 2005 5673 δὲ

434 5711 560 5773 τούς
589 5728 653 5780 γε
684 5712 975 5775 δοκοῦντας
1019 5714 1171 5784 παρὰ
1209 5715 1321 5776 τοῖς
1356 5714 1577 5767 ἀσεϐέσι
1618 5716 1801 5785 χώραν
1837 5716 2004 5783 εὑρη-

438 5803 588 5859 κέναι
646 5806 957 5877 καλλίστην,
1017 5806 1185 5873 ὀξέως
1233 5808 1374 5876 άγαν
1419 5808 1511 5862 καὶ
1554 5809 2001 5879 διαρῤήγνυνται,

2113 4613 2425 4666 actionibus
2484 4612 2885 4665 contaminare.
2922 4612 3052 4676 Qum
3085 4626 3216 4679 ergo
3246 4610 3351 4663 illis
3400 4608 3676 4672 accidunt,

2110 4705 2267 4774 longe
2304 4707 2370 4758 iis
2411 4714 2536 4759 sunt
2578 4705 2873 4770 deteriora,
2905 4721 3023 4772 quae
3060 4704 3309 4766 furiosis,
3350 4715 3680 4769 sutumoque

2108 4798 2361 4850 omnibus
2382 4798 2527 4860 odio,
2554 4797 2697 4850 nulla
2727 4806 2905 4850 autem
2938 4796 3286 4849 miseratione
3307 4791 3676 4862 prosequendi

2108 4889 2411 4949 videantur,
2444 4899 2554 4941 tum
2584 4891 2710 4957 quia
2741 4904 2837 4941 sua
2871 4903 2929 4942 se
2964 4888 3242 4941 voluntate
3266 4884 3424 4939 malis
3454 4884 3675 4949 dedant,

2111 4990 2225 5033 tum
2267 4981 2390 5047 quia
2438 4980 2682 5048 corporis
2724 4981 2845 5033 loco
2879 4980 3078 5031 laedant
3129 4979 3404 5031 animam:
3441 4991 3503 5029 ac
3534 4976 3678 5044 quod

2108 5073 2358 5125 omnibus
2401 5071 2927 5125 miserabilissimum
2979 5070 3246 5133 videatur,
3284 5070 3427 5138 quod
3452 5068 3678 5121 omnino

2109 5180 2389 5218 necessum
2417 5164 2647 5217 habeant
2672 5173 2728 5215 ut
2749 5163 2974 5229 perdant
2992 5163 3208 5230 quidem
3235 5163 3467 5223 animas,
3491 5174 3675 5212 suum—

2109 5274 2213 5326 que
2250 5259 2486 5326 ipsornm
2541 5259 2824 5320 honorem,
2861 5271 2924 5310 ac
2970 5271 3139 5324 genus
3207 5255 3520 5308 universum
3552 5264 3680 5319 pro-

2112 5353 2208 5406 bro
2236 5350 2489 5404 all‘niant.
2517 5350 2811 5414 sztcrum,
2844 5365 2964 5417 qua:
2991 5348 3055 5402 ad
3086 5349 3199 5401 haac
3218 5347 3461 5415 impellat
3488 5358 3674 5408 causa,

2110 5444 2258 5494 vela
2316 5442 2585 5509 principio
2639 5442 2783 5493 nulla
2844 5442 3093 5503 exsistat,
3147 5439 3228 5493 vel
3272 5446 3329 5491 ut
3382 5436 3687 5503 aliquando

2109 5533 2401 5595 exstiterit,
2429 5532 2571 5586 haud
2622 5533 2915 5587 admodum
2958 5533 3032 5587 sit
3072 5533 3353 5587 duratura.
3395 5524 3679 5591 Quam0b-
3718 5552 3737 5567 ο

2108 5640 2221 5679 rem
2290 5624 2450 5678 etiam
2499 5624 2563 5676 ad
2614 5622 2786 5676 instar
2825 5624 2982 5677 bulbc
3016 5624 3123 5677 cito
3156 5619 3324 5675 inﬂati
3368 5630 3431 5669 ac
3464 5625 3677 5667 tumen-

2110 5725 2226 5779 tes;
2256 5713 2370 5781 qui,
2404 5714 2661 5781 inquam,
2695 5714 2872 5768 locum
2906 5694 3179 5782 optimum
3214 5722 3277 5761 ac
3299 5705 3494 5758 fortem
3529 5707 3671 5770 apud

2109 5807 2351 5863 infideles
2379 5807 2521 5862 nacti
2552 5806 2799 5863 videntur
2826 5824 2839 5863 :
2869 5806 2977 5860 cito
3008 5803 3420 5868 dirumpuntur,
3453 5795 3669 5850 inanes-
