4166 6270
474 354 586 418 ειθ

1642 360 1692 417 Μ
1707 362 1747 416 Α
1764 358 1805 415 L\'
1824 357 1871 425 U
1886 355 2057 415 ELIS
2098 356 2543 417 PALIEOLOGI

3621 356 3725 418 220

477 487 586 537 que
653 469 763 524 illis
804 468 972 522 animi
1001 484 1063 523 ac
1096 468 1259 523 ﬂatus
1290 469 1344 523 in
1401 470 1631 523 nihilum
1668 470 1889 525 cedunt.
1929 468 2056 524 Jure

2163 469 2250 521 καὶ
2280 469 2361 530 είς
2389 469 2542 521 οὐδὲν
2583 470 2766 532 αὐτοῖς
2786 470 3011 541 τελευτᾷ
3039 470 3099 523 τὸ
3127 469 3280 522 κενὸν
3318 469 3594 540 φρόνημα.
3625 473 3720 524 Εὐ-

479 563 530 615 id
567 562 807 631 quidem.
839 561 910 615 Ut
958 561 1101 614 enim
1137 576 1325 615 eorum
1364 561 1584 630 segnius
1612 560 1922 615 voluntates
1959 574 2047 614 se-

478 662 737 720 quantur,
773 653 1142 719 suspectiores
1182 651 1384 715 effecti,
1440 667 1562 705 mox
1598 661 2043 715 contemnuntur,

479 754 605 811 tanq
616 759 739 796 nam
758 758 945 797 eorum
963 743 1160 798 studiis
1186 743 1365 796 minus
1393 752 1698 812 congruant
1723 761 1737 797 :
1764 757 1827 797 ac
1840 752 2048 812 quanto

480 847 637 904 putas
665 837 940 891 habentur
956 835 1255 903 despicatui
1283 836 1305 889 ί
1340 835 1435 889 Sin
1460 845 1641 889 autem
1669 835 1857 891 faciles
1891 850 2044 891 acce-

477 930 627 989 dant,
655 928 722 980 iis
745 943 865 995 quze
897 930 1010 980 visa
1045 928 1155 980 sint
1201 925 1477 992 Bai'haris,
1539 930 1707 982 velint
1746 929 1821 983 illi
1855 944 2047 984 eorum

478 1019 692 1088 legibus
724 1037 786 1072 ac
808 1021 1052 1073 moribus
1093 1021 1191 1081 uti,
1236 1029 1405 1090 utque
1443 1022 1562 1074 dira
1587 1021 1926 1076 immanitate
1955 1038 2048 1092 ge-

480 1126 583 1165 nus
621 1111 847 1178 perdere
887 1121 1178 1177 Satagant;
1220 1113 1320 1166 hac
1351 1130 1571 1182 quoque
1631 1129 1737 1167 non
1773 1115 2048 1170 immerito

476 1202 663 1254 odium
718 1201 979 1264 referunt,
1034 1214 1253 1271 propter
1313 1205 1462 1257 illam
1506 1206 1560 1258 in
1595 1222 1767 1275 genus
1806 1222 1868 1261 ac
1917 1223 2050 1262 suos

479 1295 853 1348 crudelitatem
880 1311 894 1348 :
926 1312 1025 1348 nec
1071 1307 1294 1365 propter
1320 1307 1562 1351 mutatos
1585 1315 1789 1363 mores,
1813 1315 1875 1353 ac
1902 1302 2049 1369 quod

479 1381 544 1435 ad
593 1383 905 1436 institutum
941 1382 1086 1437 aliud
1139 1384 1577 1453 commigrarint,
1615 1386 1836 1441 laudem
1874 1389 1942 1441 ab
1971 1388 2053 1442 eis

482 1471 702 1534 habent,
770 1483 1030 1542 tanquam
1090 1474 1195 1527 visi
1243 1475 1433 1530 faciles
1490 1477 1556 1531 ad
1589 1495 1709 1547 qum
1741 1479 1866 1545 quis
1898 1482 2048 1534 velit.

479 1568 841 1632 Quamobrem
892 1571 1056 1624 etiam
1117 1584 1220 1621 non
1244 1570 1326 1623 eis
1363 1570 1622 1646 credunt,
1659 1582 1719 1627 ut
1746 1576 1856 1628 sint
1882 1574 1935 1628 in
1969 1589 2053 1628 se-

479 1660 674 1714 cundis
701 1661 1127 1729 perseveraturi.
1161 1662 1291 1715 Jure
1340 1664 1612 1733 equidem.
1649 1664 1751 1729 Qui
1788 1666 1934 1719 enim
1974 1663 2057 1718 fa-

480 1753 587 1806 cile
614 1753 750 1807 adeo
786 1768 963 1810 mores
1018 1758 1365 1811 conculcavit
1397 1758 1599 1824 quibus
1653 1757 2051 1823 consuevisset,

480 1858 589 1908 qua
649 1844 719 1899 sit
775 1845 986 1900 ratione
1044 1856 1301 1903 accurate
1343 1858 1684 1913 servaturus,
1714 1864 1852 1918 quos
1883 1864 2053 1919 nuper

481 1934 762 2001 amplexus
785 1935 911 1990 est?
943 1934 1072 1991 Item
1102 1938 1197 2006 qui
1221 1939 1393 1992 malus
1414 1948 1498 1992 est
1526 1940 1578 1991 in
1603 1954 1775 2006 genus
1807 1952 1870 1992 ac
1899 1952 2051 2001 suos,

483 2022 670 2091 utique
698 2032 751 2076 et
784 2026 835 2078 in
868 2029 1131 2094 selpsum.
1166 2024 1299 2079 Nam
1335 2043 1461 2095 pars
1490 2028 1804 2082 continetur
1828 2028 1881 2081 in
1914 2036 2053 2083 toto.

482 2117 549 2169 At
574 2117 664 2184 qui
693 2117 869 2171 malus
901 2127 989 2171 est
1023 2120 1075 2171 in
1108 2118 1369 2187 scipsum,
1392 2118 1445 2172 in
1486 2134 1647 2187 quem
1679 2118 1846 2172 alium
1886 2118 2058 2186 possit

484 2208 661 2262 bonus
696 2210 849 2263 esse?
886 2208 1044 2274 Quin
1096 2211 1205 2263 imo
1239 2218 1300 2263 ut
1327 2210 1642 2277 diligentius
1687 2212 2056 2274 attendamus,

484 2298 574 2355 hic
607 2301 730 2356 talis
783 2318 895 2355 suae
950 2302 1122 2371 ipsius
1158 2303 1510 2357 conscientiae
1565 2302 1784 2357 odibilis
1818 2312 1938 2356 est:
1965 2303 2055 2371 qui

483 2408 616 2447 vero
640 2407 748 2447 non
774 2393 1080 2447 universis?
1101 2391 1301 2447 Verum
1335 2394 1464 2462 quid
1493 2393 1608 2448 haec
1637 2394 1781 2454 dico,
1815 2394 1907 2462 qui
1936 2409 2060 2461 pos-

486 2488 592 2542 sim
628 2488 771 2557 quod
795 2497 874 2542 est
910 2486 1087 2555 majus
1123 2486 1462 2541 ostendere?
1491 2486 1677 2554 Neque
1698 2484 1844 2538 enim
1874 2486 2053 2539 since-

487 2595 605 2634 ram
657 2579 713 2634 in
772 2578 1048 2635 Christum
1107 2578 1267 2632 ﬁdem
1319 2593 1382 2643 at:
1413 2576 1814 2631 confessionem
1842 2590 2060 2630 servare

484 2684 736 2742 possunt.
779 2670 992 2741 thuid
1039 2686 1165 2725 vero
1180 2649 1210 2723 ’τ
1233 2669 1338 2735 Qui
1370 2670 1514 2725 enim
1551 2671 1725 2737 pactis
1753 2684 1878 2722 cum
1903 2668 2061 2722 Chri-

384 2810 387 2813 .
486 2776 572 2820 sto
597 2764 817 2834 iuratis,
838 2779 1149 2834 supremam
1178 2764 1233 2817 in
1261 2779 1383 2818 eum
1436 2762 1733 2817 amicitiam
1767 2762 2059 2829 odiumque

487 2858 542 2911 in
576 2859 851 2911 daemones
902 2855 1133 2925 polliciti
1183 2866 1351 2919 sunt;
1386 2869 1545 2908 sec-.us
1584 2864 1767 2906 tamen
1796 2854 2058 2922 deinceps

488 2956 765 3015 praestant.
797 2940 909 3000 lmo
941 2945 1013 3000 sit
1044 2943 1290 3013 apertius
1321 2944 1615 2998 dicendum
1650 2959 1714 2998 ac
1747 2943 1876 2997 mali
1913 2943 2059 2998 indi-

487 3038 663 3093 canda
679 3037 941 3107 gravitas,
969 3046 1173 3107 quanta
1191 3037 1300 3089 sit:
1324 3035 1416 3104 qui
1447 3035 1696 3090 lubentes
1718 3050 1843 3089 cum
1876 3033 2064 3089 Μειὴο-

489 3132 765 3185 methanis
794 3140 984 3200 agunt,
1008 3132 1221 3199 eisque,
1255 3143 1380 3183 cum
1416 3127 1539 3181 ﬁdei
1565 3129 1748 3182 hostes
1774 3130 2058 3191 exsistant,

489 3233 683 3276 contra
714 3237 815 3276 nos
845 3222 1112 3275 auxilium
1149 3222 1352 3284 ferunt,
1378 3219 1599 3273 inimica
1651 3220 1768 3272 acie
1797 3220 2058 3272 adversus

492 3310 832 3366 Salvatorem
884 3325 950 3365 ac
984 3310 1271 3364 Dominum
1303 3307 1518 3372 Jesum,
1547 3306 1641 3377 qui
1676 3308 1905 3362 exsistat
1937 3306 2059 3360 ﬁdei

444 3398 451 3403 ’
491 3414 724 3464 auctor,
778 3402 1117 3468 consistunt,
1143 3401 1437 3473 palamque
1488 3400 1541 3454 in
1574 3414 1698 3474 eum
1733 3398 1931 3453 bellum
1966 3414 2057 3467 ge-

492 3505 638 3552 runt.
1028 3566 1031 3573 Ι

564 3589 670 3643 Sed
705 3598 757 3642 et
776 3588 920 3642 aliud
954 3601 1059 3642 non
1082 3585 1286 3641 bonum
1302 3584 1582 3654 sequitur,
1614 3581 1723 3637 nisi
1754 3581 1888 3636 velis
1905 3580 2061 3636 valde

494 3681 721 3735 malum.
758 3678 882 3734 Suis
906 3678 1108 3747 quippe
1135 3677 1211 3730 illi
1249 3676 1413 3730 rebus
1453 3691 1516 3729 ac
1548 3674 1715 3743 gestis
1770 3671 2050 3727 Mahome-

440 3796 445 3801 ι
496 3775 642 3827 them
692 3769 1010 3839 prophetam
1056 3769 1376 3822 ostendunt.
1415 3765 1546 3821 Nam
1582 3765 1845 3820 scelestus
1870 3763 2056 3827 homo,

495 3863 746 3933 gentibus
784 3878 813 3916 a
845 3876 903 3915 se
964 3858 1229 3928 deceptis,
1262 3872 1325 3913 ac
1369 3856 1668 3927 compulsis
1722 3856 1775 3909 in
1794 3868 2057 3919 errorem,

494 3955 778 4010 victoriam
805 3954 870 4008 de
918 3962 1105 4007 nostra
1134 3966 1200 4005 ac
1234 3948 1671 4004 Christianorum
1744 3956 1902 4017 gente
1930 3961 2062 4016 pro-'

495 4048 662 4103 misit.
712 4045 815 4112 Qui
851 4060 981 4113 ergo
1017 4044 1124 4099 illis
1172 4043 1242 4096 ad
1294 4041 1578 4096 victoriam
1648 4054 1808 4107 opem
1855 4034 2057 4102 ferunt,

496 4138 781 4195 mendacio
811 4137 1000 4206 utique
1041 4134 1200 4190 Iidem
1252 4141 1527 4189 astruunt.
1560 4131 1948 4199 Quamobrem,
1979 4130 2059 4184 uti

494 4231 741 4285 dicebam
806 4228 990 4293 modo,
1048 4226 1222 4281 nostri
1270 4225 1343 4278 illi
1396 4225 1583 4278 hostes
1646 4225 1700 4275 in
1761 4222 2058 4275 inﬁdelium

495 4322 690 4378 castris
736 4318 996 4390 perfugae,
1026 4318 1222 4371 insano
1256 4316 1432 4383 palam
1469 4313 1650 4367 furore
1685 4312 1954 4377 feruntur,
1997 4324 2060 4364 ac

496 4417 563 4469 iis
622 4412 715 4483 qui
742 4412 900 4466 hesos
926 4408 1129 4463 habent
1159 4421 1343 4468 renes,
1398 4404 1666 4457 deteriora
1718 4401 1961 4455 faciunt:
2001 4416 2063 4455 ac

498 4508 675 4577 plane,
725 4518 849 4558 cum
903 4499 958 4553 in
1010 4494 1221 4567 se'ipsi
1276 4495 1514 4564 gladium
1571 4493 1871 4561 impellant,
1932 4508 2061 4547 suas

499 4600 670 4672 magis
694 4598 934 4668 ipsorum
956 4594 1168 4647 animas
1195 4605 1355 4660 quam
1392 4604 1491 4642 nos
1522 4587 1813 4656 itnpetnnt.

569 4715 867 4784 Resumpto
920 4717 1108 4763 autem
1158 4718 1433 4769 sermone,
1491 4716 1611 4768 quae
1638 4708 1767 4763 sunt
1811 4699 2067 4768 deinceps

499 4818 920 4877 prosequamur.
984 4799 1225 4856 luvicem
1275 4810 1334 4851 se
1383 4795 1448 4849 ad
1481 4794 1622 4848 mala
1674 4791 2067 4861 provocabant,

499 4908 721 4964 satrapa
750 4895 952 4965 pariter
976 4934 989 4951 .
1025 4894 1223 4961 quique
1259 4889 1401 4956 apud
1436 4901 1560 4940 eum
1599 4884 1837 4955 perl'ugm
1868 4891 2066 4936 erant:

502 5002 568 5043 ac
588 5002 695 5056 qua
709 4987 919 5039 ratione
945 4994 1130 5038 vector
1146 4982 1392 5037 actuario
1407 4982 1572 5033 remis
1603 4986 1780 5037 utens,
1811 4974 2068 5042 scapham

500 5080 717 5149 quidem
766 5077 995 5146 remigio
1028 5080 1157 5146 agit,
1216 5077 1442 5145 ipseque
1495 5070 1736 5125 vicissim
1768 5068 1837 5121 ab
1870 5065 2071 5131 scapha

504 5170 850 5242 rapiturzcsic
879 5169 953 5223 illi
981 5184 1218 5238 quoque,
1256 5182 1382 5222 cum
1414 5166 1465 5219 iu
1520 5178 1642 5226 nos,
1684 5175 1777 5230 per
1800 5172 2071 5213 summam

505 5260 760 5327 iniuriam
835 5256 1083 5311 inﬁdeles
1134 5257 1258 5310 illos
1307 5262 1551 5325 agerent,
1605 5250 1709 5321 ipsi
1753 5251 1820 5302 ab
1872 5249 1951 5303 eis
1997 5247 2075 5300 vi-

507 5354 692 5407 cissim
753 5348 1394 5419 raptabantuer-icem
1455 5347 1640 5415 itaque
1688 5351 2074 5413 provocantes,

508 5444 739 5498 invicem
824 5442 1142 5505 irritantes,
1202 5455 1265 5494 ac
1329 5441 1432 5495 sibi
1501 5447 1695 5493 mutuo
1774 5436 2076 5496 stimulus,

511 5534 589 5586 uti
622 5533 676 5587 in
725 5547 922 5602 pueros
950 5532 1003 5584 in
1042 5547 1137 5585 vos
1188 5532 1518 5592 invaserant,
1557 5546 1620 5583 ac
1662 5529 1830 5582 multa
1885 5528 1957 5589 vi,
1991 5541 2081 5579 ve-

511 5638 629 5683 stra
673 5627 859 5681 omnia
934 5635 1308 5679 transversum
1365 5635 1622 5691 agentes,
1654 5621 2080 5674 labefactaturos

511 5719 811 5787 putabant,
873 5716 1092 5771 tametsi
1148 5715 1284 5768 nihil
1356 5713 1768 5773 conﬁciebant,
1819 5709 1939 5776 ejus
2001 5708 2079 5762 si-

515 5809 734 5877 quidem
772 5811 950 5867 virtus
979 5810 1305 5875 obsistebat,
1338 5822 1499 5879 quem
1536 5806 1613 5861 illi
1647 5799 2033 5872 expugnabant
2062 5817 2077 5867 ;

2151 561 2347 628 λόγως.
2393 563 2454 614 Εἰ
2488 562 2588 631 μὲν
2624 564 2733 632 γὰρ
2763 562 2960 633 νωθροί
2990 580 3132 625 τινες
3182 559 3294 615 εἷεν
3321 563 3462 633 πρὸς
3492 563 3555 616 τὸ
3583 564 3723 618 ἐκείσ

2150 668 2259 704 νων
2290 652 2523 722 θέλημα,
2556 652 2788 706 ὕποπτοι
2826 656 3130 723 γενόμενοι,
3163 652 3325 716 εὐθὺς
3364 655 3726 724 καταπεφρό-

2151 760 2363 813 νηνται,
2394 744 2470 807 ὡς
2498 745 2575 815 μὴ
2610 746 2999 814 συμϐαίνοντες
3050 746 3236 808 αὐτοῖς
3256 761 3271 776 ο
3310 745 3401 798 καὶ
3431 746 3727 815 παρορῶνα

2150 851 2261 898 ται,
2291 835 2410 897 πῶς
2436 836 2537 888 οἴει
2561 851 2577 868 ο
2610 837 2658 889 εί
2688 836 2745 889 δὲ
2785 838 2984 907 ῥᾳδίως
3025 838 3484 907 προστρέχοντες,
3531 835 3612 898 οἷς
3657 828 3729 891 ἂν

2151 926 2200 976 οί
2236 925 2500 996 βάρϐαροι
2560 927 2839 997 βούλοιντο
2864 947 2878 960 ο
2928 928 3202 998 βούλοιντο
3243 930 3290 982 δ’
3322 929 3389 981 ἂν
3441 929 3533 982 καὶ
3578 929 3729 982 ἔθεσι

2151 1018 2247 1071 καὶ
2280 1019 2466 1086 νόμοις
2505 1024 2616 1083 τοῖς
2668 1021 2847 1074 αὐτῶν
2887 1022 3113 1084 τούτους
3142 1021 3401 1093 χρῆσθαι,
3432 1023 3527 1074 καὶ
3554 1025 3613 1074 τὸ
3637 1024 3713 1089 γέν

2152 1127 2241 1173 νος
2282 1110 2517 1177 ἀφειδῶς
2564 1112 2941 1182 διαφθείρειν
2994 1113 3281 1180 μισοῦνται
3332 1113 3431 1179 μέν
3482 1112 3625 1180 μάλα
3651 1113 3731 1163 δι-

2153 1206 2320 1264 καίως
2372 1203 2533 1256 ἕνεκα
2580 1208 2679 1273 τῆς
2741 1206 2820 1266 είς
2868 1205 2928 1257 τὺ
2966 1206 3121 1271 γένος
3160 1204 3477 1273 ὠμότητος’
3522 1204 3621 1273 τῆς
3668 1205 3730 1257 δὲ

2151 1294 2244 1348 τοῦ
2291 1295 2456 1364 ἦθους
2494 1294 2824 1365 μεταϐολῆς,
2873 1298 2967 1349 καὶ
3010 1297 3105 1358 τῆς
3137 1297 3230 1349 τοῦ
3274 1295 3391 1364 βίου
3438 1296 3731 1365 μεταπτώ-

2154 1404 2315 1453 σεως,
2349 1387 2590 1441 ἐπαίνων
2625 1388 2685 1441 οὐ
2734 1390 3064 1458 τυγχάνουσι
3100 1388 3232 1459 παρ’
3281 1390 3488 1455 αὐτοῖς,
3526 1388 3609 1441 ἆτ’
3636 1390 3732 1440 εὑ-

2153 1482 2334 1549 χερεῖς
2369 1481 2682 1549 φαινόμενοι
2713 1480 2853 1550 πρὸς
2886 1481 2913 1532 ὅ
2944 1497 2996 1533 τι
3032 1481 3097 1532 ἄν
3124 1497 3207 1543 τις
3237 1479 3505 1549 βούλοιτο.
3535 1480 3634 1532 Διὰ
3660 1480 3730 1548 δὴ

2152 1571 2311 1623 τοῦτο
2340 1572 2463 1624 οὐδὲ
2490 1571 2861 1637 πιστεύονται,
2897 1572 2971 1634 ὼς
3004 1574 3111 1642 ἄρα
3136 1589 3199 1639 γε
3234 1572 3491 1639 μενοῦσιν
3522 1574 3581 1625 ὲν
3613 1574 3730 1635 τοῖς

2154 1662 2451 1731 δευτέροις.
2514 1664 2772 1726 Εἰκότως.
2815 1665 2878 1718 '0
2926 1665 3034 1734 γὰρ
3065 1664 3303 1737 εὐκόλως
3340 1664 3437 1732 ἔθη
3480 1678 3729 1716 καταπα-

2157 1756 2352 1822 τήσας,
2381 1748 2462 1816 οἷς
2493 1754 2866 1823 συμϐεϐίωκε,
2898 1756 3013 1817 πῶς
3046 1756 3111 1808 ἂν
3137 1754 3431 1825 τηρήσειεν
3456 1754 3728 1823 ἀκριϐῶς,

2158 1844 2301 1914 ἅπερ
2347 1844 2405 1909 ἐξ
2446 1846 2708 1911 ὑπογυίου
2758 1845 3010 1910 ἐδέξατος
3047 1846 3153 1897 Καὶ
3207 1844 3415 1907 αὖθιςό
3451 1844 3528 1913 τῷ
3579 1846 3731 1911 γένει

2159 1938 2325 2001 κακὸς
2343 1938 2435 1990 καὶ
2462 1939 2641 2007 ἑαυτῷ
2671 1937 2916 2008 δηλονότι
2938 1954 2950 1967 ·
2968 1940 3024 1990 ἐν
3054 1939 3160 2007 γὰρ
3182 1937 3259 2007 τῷ
3285 1936 3512 1991 καθόλου
3548 1939 3608 1991 τὺ
3639 1937 3732 2005 μέ-

2161 2048 2274 2100 ρος.
2325 2028 2386 2085 Ὀ
2409 2032 2463 2085 δὲ
2496 2029 2674 2100 ἐαυτῷ
2705 2030 2873 2092 κακδς
2898 2030 3014 2092 πῶς
3039 2029 3103 2082 ἂν
3133 2029 3308 2097 ἑτέρῳ
3348 2028 3583 2099 χρηστός
3611 2046 3625 2093 ;
3650 2028 3735 2080 Οὐ

2163 2122 2266 2192 μὴν
2307 2123 2420 2175 ἀλλ’
2455 2123 2504 2174 εί
2536 2123 2630 2175 καὶ
2661 2121 2820 2175 τοῦτο
2860 2121 3240 2189 θεωρήσαιμεν
3268 2119 3685 2188 ἀκριϐέστερον,
3705 2121 3735 2171 6

2159 2213 2399 2275 τοιοῦτος
2437 2214 2531 2265 καὶ
2585 2212 2664 2280 τῷ
2729 2213 2843 2283 ίδίῳ
2894 2212 3159 2265 συνειδότι
3211 2210 3441 2281 μισητδς
3473 2210 3738 2264 καθίσταο

2160 2322 2267 2357 ται.
2296 2306 2405 2358 Καὶ
2445 2304 2562 2367 πῶς
2584 2305 2684 2357 ούκ
2716 2304 2782 2359 ἂν
2817 2306 3061 2368 ἃπασιν;
3103 2303 3263 2357 ’Δλλὰ
3286 2303 3338 2355 τί
3368 2302 3541 2355 ταῦτά
3567 2320 3736 2371 φημι,

2159 2396 2294 2447 ὅπου
2327 2411 2390 2461 γε
2422 2395 2482 2446 «ca
2516 2394 2700 2464 μεῖζον
2731 2394 2839 2465 ἔχω
2870 2395 3140 2447 δεικνύναι
3167 2409 3183 2458 ;
3216 2393 3349 2447 Οὐδὲ
3386 2393 3494 2461 γὰρ
3526 2391 3625 2461 τὴν
3654 2394 3737 2454 είς

2163 2476 2399 2554 Χριστὸν
2425 2485 2719 2556 ὁμολογίαν
2750 2489 2840 2540 κα)⁹
2868 2487 3053 2539 πίστιν
3081 2481 3193 2538 οἷόν
3233 2502 3293 2538 τε
3324 2487 3511 2553 τηρεῖν
3537 2485 3736 2546 αὐτοὺς

2162 2579 2460 2649 ἀκραιφνῆ.
2503 2580 2655 2632 Διατί
2684 2596 2701 2646 ;
2731 2580 2856 2632 Ὀτι
2904 2579 2980 2647 τῷ
3016 2578 3239 2648 Χριστῷ
3276 2576 3736 2645 συνταττόμενοι.

2165 2670 2349 2737 φιλίαν
2386 2670 2486 2738 μὲν
2516 2670 2667 2738 αὐτῷ
2710 2669 2809 2739 τὴν
2843 2670 3104 2738 ἐσχάτην,
3140 2667 3339 2738 ἔχθραν
3366 2666 3424 2718 δέ
3456 2666 3557 2736 τὴν
3602 2666 3735 2736 πρὸς

2161 2763 2287 2823 τοῦς
2309 2760 2566 2829 δαίμονας
2586 2760 2980 2829 ὑπισχνοῦνται
3004 2777 3017 2790 ·
3035 2753 3155 2811 εἷτα
3169 2758 3481 2811 τούναντίον
3503 2756 3736 2811 ποιοῦσι.

2162 2850 2384 2903 Μᾶλλον
2414 2852 2472 2903 δὲ
2505 2852 2841 2920 σαφέστερον
2890 2853 3066 2904 είπεῖν
3098 2852 3226 2921 χρὴ.
3272 2851 3365 2903 καὶ
3393 2850 3634 2919 δηλῶσαι
3677 2851 3736 2904 τὸ

2162 2941 2351 3006 κακὸν,
2389 2942 2552 2994 ὅσονο
2580 2945 2694 3005 τοῖς
2741 2946 2851 3013 γὰρ
2874 2942 2967 2998 τοῦ
3016 2934 3273 3013 Μωάμεσ
3321 2942 3473 2995 οὗτοι
3521 2943 3707 2995 συνδια

2164 3038 2374 3107 τρίϐειν
2413 3038 2715 3102 ἐθέλοντες,
2764 3040 2998 3093 καὶτῶν
3039 3040 3156 3093 καθ’
3193 3042 3350 3110 ἡμῶν
3393 3040 3737 3106 συνεφαπτό-

2168 3145 2322 3199 μενοι
2356 3130 2566 3192 τούτοις
2596 3130 2801 3201 ἔργων,
2833 3132 3051 3202 ἐχθροῖς
3080 3133 3179 3199 τῆς
3219 3131 3459 3193 πίστεως
3493 3129 3633 3196 οὖσι,
3660 3129 3737 3200 τῷ

2167 3223 2384 3293 Σωτῆρι
2435 3224 2815 3293 διαμάχονται,
2868 3225 2944 3293 τῷ
2984 3225 3241 3278 δεδωκότι
3276 3224 3375 3291 τὴν
3410 3224 3616 3290 πίστιν,
3648 3224 3739 3277 καὶ

2170 3315 2419 3385 φανερῶς
2453 3315 2603 3386 αὐτῷ
2641 3315 2997 3388 πολεμοῦσιν.
3552 3304 3562 3317 ’

2238 3543 2473 3594 Ἐπετσιι
2524 3541 2579 3595 δέ
2624 3559 2674 3595 τι
2729 3542 2823 3595 καὶ
2858 3543 3049 3615 ἕτερον
3092 3544 3150 3596 ού
3200 3544 3384 3611 καλὸν,
3429 3546 3510 3599 δτι
3546 3547 3619 3616 μὴ
3647 3545 3740 3599 καὶ

2159 3634 2283 3688 λίαν
2310 3634 2501 3687 κακόν.
2551 3633 2638 3699 Ἐξ
2671 3629 2745 3685 ὧν
2784 3635 2892 3705 γὰρ
2930 3627 3078 3687 οὗτοι
3121 3634 3571 3707 διαπράττονται,
3608 3655 3739 3707 προ-

2164 3727 2345 3796 φήτην
2370 3724 2462 3777 τὸν
2516 3725 2763 3793 Μωάμεθ
2818 3727 3236 3794 ἀποφαίνουσιν.
3283 3722 3524 3791 Ἐκεῖνος
3572 3730 3680 3800 γὰρ
3710 3730 3739 3780 ὁ

2164 3817 2503 3888 μιαρὸς-τοῖς
2533 3816 2977 3887 ὲξηπατημένοις
3008 3836 3067 3871 τε
3095 3821 3189 3872 καὶ
3228 3820 3612 3890 βεϐιασμένοις
3643 3822 3736 3875 ὑπ’

2160 3910 2371 3962 ἐκείνου
2438 3909 2627 3976 γένεσι
2690 3909 2850 3979 νίκην
2907 3910 3031 3963 καθ’
3104 3913 3262 3982 ἡμῶν
3334 3914 3735 3982 ἐπηγγείλατο·

2166 4005 2317 4058 αὐτοὶ
2348 4004 2428 4066 δὲ,
2462 3998 2542 4065 οἷς
2589 4002 3066 4073 συλλαμϐάνουσιν
3106 4005 3348 4068 ἐκείνοις
3379 4007 3459 4069 είς
3498 4007 3554 4059 τὸ
3605 4024 3743 4059 νενι-

2162 4099 2416 4163 κηκέναι,
2452 4096 2709 4165 ἀφορμὰς
2742 4096 3076 4165 παρέχουσιν
3111 4095 3193 4158 είς
3236 4098 3296 4149 τὸ
3351 4096 3635 4150 πιστεύειν
3663 4098 3742 4166 τῷ

2160 4186 2375 4255 ψεύδει·
2405 4186 2536 4238 ὥσθ’
2566 4188 2704 4255 ὅπερ
2747 4186 2918 4255 ἔφθην
2954 4185 3145 4253 εἰπὼν,
3180 4188 3231 4239 οί
3289 4188 3415 4241 καθ’
3447 4188 3603 4258 ἡμῶν
3645 4190 3743 4242 αύ-

2165 4275 2525 4345 τομολούντες
2586 4277 2723 4347 πρὸς
2775 4278 2991 4341 ἀσεϐεῖς
3052 4280 3372 4348 περιφανῶς
3434 4282 3741 4350 μαίνονται,

2166 4369 2261 4420 καὶ
2312 4367 2421 4419 τῶν
2454 4367 2854 4436 βεϐλαμμένων
2903 4370 3004 4432 τὰς
3052 4372 3256 4437 φρένας
3292 4371 3475 4440 χείριιδ
3493 4372 3740 4425 ποιοῦσιο

2164 4458 2258 4511 καὶ
2312 4458 2376 4529 δὴ
2434 4461 2554 4513 καθ’
2610 4461 2820 4513 ἑαυτῶν
2875 4463 2936 4513 τὸ
3000 4463 3156 4530 ξῖφος
3210 4463 3399 4533 ὥσπερ
3453 4464 3742 4531 ὼθοῦντες;

2089 4535 2140 4596 D
2173 4551 2375 4618 μᾶλλον
2404 4554 2525 4615 ταῖς
2560 4553 2738 4605 αὐτῶν
2763 4554 2961 4625 ψυχαῖς
3008 4555 3152 4627 ἢπερ
3190 4556 3323 4626 ἡμῖν
3358 4557 3746 4627 διαμάχονται.

2255 4683 2415 4738 Ἀλλὰ
2472 4687 2581 4753 γὰρ
2634 4684 2888 4754 ἐχώμεθα
2944 4685 3054 4738 τῶν
3108 4684 3256 4753 ἑξῆς,
3308 4688 3749 4749 ἐπαναλαϐόντες

2173 4776 2267 4829 τὸν
2298 4777 2484 4845 λόγον.
2524 4776 2855 4843 Παρώξυνον
2900 4778 3170 4847 ἀλλήλους
3204 4779 3337 4847 πρὺς
3366 4780 3432 4833 τὰ
3465 4782 3609 4833 κακὰ
3635 4780 3662 4834 ὃ
3693 4799 3753 4835 τε

2180 4870 2489 4939 σατράπης,
2525 4872 2577 4922 οῖ
2610 4887 2668 4922 τε
2698 4871 2835 4940 πρὸς
2866 4873 3076 4927 ἐκεῖνον
3105 4872 3583 4943 αὐτομολήσαντες
3606 4891 3619 4904 ·
3661 4876 3755 4928 καὶ

2178 4961 2368 5031 ὥσπερ
2418 4980 2497 5025 τις
2550 4961 2837 5033 χρώμενος
2867 4965 2926 5014 ἐν
2967 4963 3183 5035 ἀκατίῳ
3220 4965 3459 5028 κώπαις,
3497 4965 3622 5031 ἄγει
3659 4967 3756 5035 μὲν

2179 5056 2243 5123 τῇ
2286 5054 2495 5124 εἰρεσίᾳ
2551 5053 2610 5106 τὸ
2662 5052 2889 5121 σκάφος,
2923 5054 3149 5123 φέρεται
3197 5054 3241 5106 δ’
3294 5050 3451 5114 αὖθις
3500 5053 3604 5105 ὑπὸ
3660 5054 3752 5106 τοῦ

2184 5147 2425 5225 σκριφους
2446 5162 2457 5173 ·
2491 5144 2664 5207 οὕτως
2699 5147 2897 5199 ἐκεῖνοι
2927 5148 3053 5207 τοὺς
3093 5147 3309 5209 ἀσεϐεῖς
3343 5147 3469 5199 καθ’
3500 5146 3663 5216 ἡμῶν
3697 5162 3753 5198 τε

2181 5236 2315 5312 ἦγον
2345 5240 2419 5302 ὡς
2470 5240 2568 5293 ούκ
2618 5237 2815 5308 ὢφελε,
2848 5240 2940 5291 καὶ
2992 5240 3083 5292 ὑπ’
3134 5239 3360 5292 ἐκείνων
3413 5236 3572 5302 αὖθις
3636 5241 3756 5306 ἐφέ-

2186 5350 2364 5403 ροντο.
2414 5334 2521 5387 Καὶ
2566 5331 2746 5384 τοίνυν
2803 5331 2896 5383 ὑπ’
2950 5330 3198 5402 ἀλλήλων
3248 5331 3756 5401 παρακαλούμενοι,

2187 5431 2279 5480 καί
2308 5425 2570 5494 ἀλλήλους
2604 5424 3061 5493 παροτρύνοντες,
3105 5424 3201 5476 καὶ
3241 5424 3404 5475 οίονεί
3446 5439 3499 5474 τι
3531 5422 3758 5489 κέντρον

2189 5521 2464 5587 γινόμενοι
2522 5517 2843 5584 ἑκατέροις,
2906 5514 2981 5571 ὡς
3053 5514 3145 5566 ἐπὶ
3208 5512 3401 5576 παῖδας
3458 5512 3545 5580 ἐφ’
3616 5510 3759 5577 ὑμᾶς

2190 5613 2360 5682 ᾔεσαν
2380 5625 2394 5639 ·
2437 5610 2531 5659 καῖ
2559 5605 2727 5677 ᾤοντό
2757 5622 2820 5672 γε
2860 5603 3363 5673 καταστρέψεσθαι,
3397 5603 3755 5672 παρασύρον-

2190 5721 2281 5765 τες
2313 5702 2480 5774 πολλῇ
2506 5703 2574 5769 τῇ
2608 5699 2755 5771 ῥύμῃ
2787 5700 2851 5750 τὰ
2888 5698 3012 5749 καθ’
3039 5698 3182 5762 ὑμᾶς
3217 5695 3433 5748 ἅπαντα
3459 5712 3472 5724 ·
3511 5694 3673 5763 ἤνυον
3712 5691 3758 5742 δ’

2193 5797 2343 5868 ὅμως
2368 5794 2541 5849 οὐδέν.
2582 5792 2816 5860 Ἀντεῖχε
2867 5790 2970 5859 γὰρ
3007 5791 3037 5857 ἡ
3073 5788 3239 5855 ἁρετὴ
3281 5787 3381 5839 τοῦ
3411 5782 3753 5849 πολεμουμέ·
3853 5775 3857 5780 ’
