4166 6270
378 382 477 446 221

1180 387 1584 450 TIIEODORI
1629 354 1998 448 osseum;
2043 388 2435 450 LAUDATIO
2477 387 2895 448 FUNEBRlS.

3534 391 3638 453 229

379 519 473 555 νου
494 519 505 530 ·
533 495 599 572 ἦς
630 499 902 568 δήπουθεν
935 500 993 551 τδ
1021 502 1211 570 περιδν
1238 503 1494 555 τοσοῦτον
1525 497 1593 572 ἦν
1620 503 1752 569 παρ’
1775 502 1943 570 αὐτῷ,

2054 501 2212 569 cujus
2263 510 2412 556 tanta
2477 501 2531 554 in
2573 516 2639 555 eo
2694 498 3013 568 prastantia
3062 507 3199 562 erat,
3231 508 3286 552 ut
3323 501 3523 571 ubique
3545 520 3634 559 vo-

378 593 458 655 ὡς
510 592 710 645 δ.δόναι
757 591 1034 663 πανταχοῦ
1076 598 1303 663 κρατεῖν
1346 596 1680 666 βουλομένῳ,
1731 596 1958 665 εὐμενὲς

377 687 442 738 τὸ
482 684 640 737 Θεῖον
672 684 872 754 ἔχοντι.

460 778 618 831 Ἐπεὶ
658 777 715 831 δέ
771 778 991 831 ᾶπαντα
1044 780 1143 848 μὲν
1188 779 1657 849 διαπραξαμένοις
1716 782 1827 843 τοῖς
1857 798 1959 833 κα-

380 868 700 938 κοδαίμοσιν
757 869 839 933 είς
879 871 1033 925 οὐδὲν
1073 870 1270 941 ἐχώρει
1331 872 1402 926 τὰ
1468 871 1595 926 καθ’
1626 873 1804 941 ὑμῶν,
1838 873 1957 927 £66-

380 978 469 1014 κει
522 961 580 1013 δὲ
633 963 664 1030 ἡ
731 963 790 1014 ἐν
848 964 915 1033 τῇ
981 963 1217 1034 Εὐρώπη
1296 963 1612 1035 βαρϐαρικὴ
1684 965 1956 1033 δύναμις,

380 1054 552 1107 πολλὰ
622 1054 903 1109 κύκλωθεν
978 1057 1285 1125 πράγματα
1357 1057 1594 1126 ἔχουσα,
1654 1058 1729 1127 μὴ
1794 1058 1957 1111 δύνα-

383 1145 511 1199 σθαι
556 1146 754 1215 ῥᾳδίως
814 1146 1045 1200 εἰσιέναι
1095 1148 1190 1201 τὸν
1257 1148 1497 1217 Ἰσθμὸν,
1552 1150 1649 1201 καὶ
1711 1148 1956 1219 συνεχῶς

377 1237 538 1291 τοῦτο
567 1242 760 1306 ποιετλ,
791 1242 887 1294 καὶ
934 1241 1049 1303 τοῖς
1100 1240 1198 1294 τοῦ
1254 1243 1536 1311 σατράπου
1591 1241 1958 1311 βουλεύμασιν

376 1332 706 1399 ὑπηρετεῖν
753 1334 1040 1404 ἀμηχανίᾳ
1093 1333 1549 1403 κατασχεθέντες,
1605 1331 1957 1402 εἰσηγοῦνται

372 1420 548 1490 τούτῳ
588 1420 842 1490 διαϐῆναι
895 1421 990 1473 τὸν
1045 1421 1448 1490 Ἑλλήσποντον
1504 1420 1564 1486 ἐξ
1625 1422 1814 1483 Ἀσίας
1866 1422 1959 1473 ἐπὶ

374 1514 621 1585 Θρᾴκην,
654 1515 753 1568 καὶ
803 1513 1037 1583 ταυτηνὶ
1083 1513 1454 1583 παρελθόντα,
1509 1515 1567 1575 ἐς
1614 1512 1961 1567 Μακεδονίαν

372 1602 734 1682 ἐπιδημῆσαι,
764 1603 1023 1658 κάκεῖθεν
1049 1602 1521 1673 μεταπέμψασθαι
1546 1602 1633 1654 διά
1659 1601 1959 1671 πρεσϐείας

372 1697 465 1749 τὸν
500 1698 637 1766 ἐμὸν
690 1697 923 1767 ἀδελφὸν
966 1697 1042 1760 ὡς
1098 1696 1264 1749 αὐτὸν
1298 1695 1495 1759 ἐλθεῖν,
1548 1695 1845 1766 ἀπειλῆσαί
1895 1712 1957 1749 τε

371 1787 525 1842 δεινὰ
554 1789 772 1859 ὑπούλῳ
801 1790 993 1859 τρόπῳ
1020 1781 1108 1844 διά
1132 1805 1326 1853 τινων,
1358 1789 1425 1841 ἂν
1451 1788 1529 1858 μὴ
1568 1787 1953 1858 παραγένηται

2065 592 2218 654 lenti,
2265 593 2402 645 bene
2436 591 2484 645 ei
2513 590 2753 661 prOpitio
2798 588 3060 654 Numine,
3085 590 3372 645 victoriam
3429 596 3635 663 praebe-

2062 691 2167 738 ret.

2130 773 2287 840 Quod
2314 790 2445 830 vero
2479 759 2666 828 omnia
2698 774 2751 828 in
2782 789 2877 829 vos
2911 774 3250 829 nefariorum
3275 774 3559 831 molimina
3584 777 3637 832 in

2061 868 2293 922 nihilum
2321 854 2597 930 cederent,
2626 868 3013 934 videreturque
3053 868 3423 922 Barbarornm
3451 870 3504 921 in
3536 869 3637 923 En-

2060 977 2191 1030 ropa
2221 964 2432 1030 positus
2453 962 2755 1021 exercitus,
2782 960 2973 1014 multis
2995 961 3241 1029 undique
3264 962 3526 1029 obseptus
3552 977 3638 1015 υθ-

2058 1053 2241 1123 gotiis,
2278 1052 2421 1107 haud
2448 1052 2608 1107 facile
2638 1052 2693 1106 in
2726 1051 2991 1105 Isthmum
3028 1068 3188 1120 posse
3226 1052 3513 1113 invadere,
3539 1054 3631 1120 ju-

2057 1147 2222 1215 giqne
2254 1146 2569 1200 incursione
2594 1146 2870 1212 regionem
2910 1154 3124 1199 vastare
3166 1160 3228 1199 ac
3267 1155 3500 1214 satrapa:
3528 1160 3618 1198 scr

2057 1237 2173 1291 vire
2201 1216 2477 1291 consiliis:
2520 1238 2737 1292 consilii
2772 1240 2986 1305 inopes,
3020 1248 3278 1292 auctores
3302 1247 3453 1295 sunt.
3480 1247 3538 1288 ttt
3572 1251 3635 1288 ex

2059 1329 2186 1383 Asia
2219 1329 2272 1381 in
2330 1328 2632 1383 'l‘braeiam'
2659 1345 2754 1397 per
2812 1329 3225 1397 Hellespontum
3280 1331 3639 1391 transmittat,

2060 1424 2488 1490 prmteriensque
2550 1430 2697 1488 petat
2752 1421 3147 1484 Macedoniam,
3180 1437 3243 1475 ac
3281 1422 3407 1475 inde
3437 1437 3533 1489 per
3560 1420 3641 1473 le-

2061 1521 2218 1581 gatos
2259 1511 2480 1565 fratrem
2536 1526 2715 1565 meum
2760 1511 2862 1566 sibi
2927 1512 3123 1566 adesse
3176 1512 3387 1581 iubeat,
3428 1513 3642 1566 occulte

2060 1618 2189 1657 vero
2216 1603 2481 1657 immissis
2539 1602 2987 1656 snsurraturibus
3027 1602 3168 1656 mala
3193 1604 3375 1673 gravia
3407 1603 3642 1657 commi-

2059 1707 2241 1761 ttetur,
2290 1696 2395 1751 nisi
2455 1710 2665 1749 morem
2696 1706 2916 1762 ’gerens
2961 1696 3219 1760 accedat;
3271 1696 3539 1764 pluraque
3574 1710 3640 1749 ac

2058 1804 2276 1858 magna,
2321 1803 2429 1857 qua
2484 1802 2579 1856 per
2622 1787 2853 1855 legatos.
2890 1801 2997 1856 qua
3044 1787 3305 1841 brevibus
3346 1788 3638 1841 destinatis

376 1857 756 1944 ὑπακούσαςοή
785 1857 1039 1952 φανερῶς
1094 1882 1153 1934 δέ
1209 1881 1258 1934 οἱ
1329 1857 1522 1935 πολλάν
1570 1880 1670 1933 καὶ
1734 1857 1952 1948 μεγάλα

2055 1857 2325 1949 epistolis,
2374 1878 2680 1947 promittat.
2715 1876 2843 1931 Haec
2870 1885 3051 1930 autem
3084 1875 3201 1930 fore
3230 1875 3635 1946 promittenda:

374 1972 733 2042 ὑποσχέσθαι,
765 1974 833 2028 τά
873 1974 975 2042 μὲν
1017 1973 1106 2027 διά
1147 1972 1257 2027 τῶν
1313 1972 1617 2041 πρέσϐεων,
1643 1972 1711 2025 τὰ
1756 1972 1813 2027 δὲ
1862 1991 1951 2042 μι-

372 2066 537 2132 κραῖς
562 2067 683 2128 ταῖς
732 2066 1079 2128 ἐπιστολαῖςο
1110 2061 1255 2118 εἶναι
1308 2063 1366 2117 δέ
1402 2063 1495 2117 καὶ
1543 2062 1700 2116 ταῦτ’
1746 2065 1804 2116 ἐν
1832 2067 1952 2127 ταῖς

370 2155 751 2224 ὑποσχέσεσιν.
784 2157 1030 2211 ἀνιάσειν
1081 2157 1183 2227 μὲν
1211 2158 1285 2221 ὠς
1325 2157 1550 2226 ἥκιστα,
1585 2158 1848 2227 τιμήσειν
1892 2157 1950 2210 δὲ

2059 1972 2176 2027 fore
2206 1982 2265 2026 ut
2289 1972 2425 2025 nihil
2480 1970 2811 2030 contristet;
2852 1979 2912 2023 ut
2939 1970 3195 2024 maximis
3239 1978 3435 2036 augeat
3463 1968 3637 2022 bono.

2059 2066 2232 2129 ribus,
2265 2079 2330 2120 ac
2363 2080 2526 2134 quant
2571 2063 2719 2118 brevi
2750 2066 3027 2126 remittat,
3060 2077 3160 2117 nec
3194 2064 3487 2132 quidquam
3522 2076 3640 2115 am-

2060 2159 2207 2227 plius
2233 2158 2341 2211 ulla
2381 2171 2688 2226 prorsusre
2718 2155 3026 2209 molestiam
3060 2155 3245 2209 faciat.

280 3382 287 3387 -
370 3350 451 3401 1.").
474 3348 722 3419 μηχανάς
753 3348 894 3402 κατὰ
922 3346 1033 3403 τῶν
1065 3349 1273 3403 πιστῶν
1324 3351 1585 3417 πλέκειν;
1624 3353 1813 3407 Καίτοι
1853 3354 1949 3408 καὶ

364 2247 441 2309 ὡς
473 2247 733 2315 μάλιστα,
767 2248 866 2302 καὶ⁵
917 2248 1316 2321 παραπέμψειν
1368 2249 1534 2304 αὑτὸν
1580 2251 1659 2314 ὡς
1688 2252 1949 2322 τάχιστα,
1988 2251 2085 2303 καὶ
2140 2250 2410 2321 μηδαμῶς
2460 2250 2660 2322 μηκέτι
2704 2248 3078 2321 διενοχλήσειν
3147 2248 3295 2320 αὐτῷ
3351 2250 3479 2319 περὶ
3528 2266 3637 2321 μη·

366 2339 518 2403 δενδς
544 2342 963 2400 τῶνὰπάντων.
3194 2410 3199 2413 ,

435 2432 623 2487 Ταῦτα
661 2434 763 2503 μιν
793 2428 891 2488 οὖν
917 2438 1118 2491 ἐκεῖνοι
1151 2439 1290 2507 πρὸς
1319 2438 1415 2493 τὸν
1456 2441 1748 2510 σατράπην
1775 2457 1789 2471 ο
1828 2441 1857 2493 6
1894 2439 1952 2493 at

2122 2433 2203 2488 ita
2259 2432 2482 2502 quidem
2543 2432 2619 2487 illi
2664 2432 2729 2486 ad
2768 2440 3088 2503 satrapam:
3122 2434 3212 2489 llic
3242 2450 3406 2504 porro
3441 2437 3639 2492 credit'

368 2525 615 2594 ἐπείσθη.
669 2530 765 2577 καὶ
816 2527 995 2580 πάντα
1042 2530 1275 2597 πράττει
1316 2530 1755 2601 κακοηθέστερον
1805 2533 1953 2602 ἥπερ

2053 2528 2398 2595 nequiusque
2457 2541 2521 2580 ac
2555 2526 2628 2579 illi
2663 2527 3013 2592 suasissent,
3064 2530 3321 2584 universa
3366 2533 3527 2599 gerit.
3563 2530 3634 2587 Ut

370 2614 522 2683 αὐτῷ
563 2614 975 2670 συνεϐούλευον.
1018 2617 1083 2669 Ei
1133 2618 1243 2687 γὰρ
1281 2618 1487 2688 φαῦλον
1521 2621 1614 2673 ἐπὶ
1642 2620 1823 2689 φαῦλα
1858 2640 1959 2675 κα-

2053 2615 2197 2670 enim
2232 2616 2359 2684 quis
2424 2616 2477 2669 in
2514 2616 2655 2669 mala
2712 2625 2975 2683 provocet
3000 2620 3226 2681 malum,
3254 2630 3348 2673 aut
3372 2622 3536 2675 etiam
3566 2620 3621 2674 in

370 2706 521 2759 λέσει
566 2723 672 2769 τις,
717 2706 749 2776 ἦ
799 2707 893 2759 καὶ
944 2708 1186 2776 χρηστὸν
1233 2711 1319 2762 ἐπ’
1368 2711 1570 2774 ἀγαθὰ,
1613 2712 1818 2767 Λυδὸν
1865 2716 1955 2780 εις

2053 2705 2195 2760 bona
2250 2706 2478 2767 bonum,
2515 2705 2720 2774 Lydum
2749 2706 2805 2758 in
2825 2721 3092 2774 campum,
3140 2710 3316 2762 aiunt.
3365 2710 3519 2764 "unc
3547 2711 3640 2765 ille

370 2794 605 2859 πεδίον,
659 2798 815 2863 φασί.
852 2797 961 2849 Καὶ
1012 2796 1077 2867 δη
1122 2798 1221 2851 καὶ
1275 2792 1438 2863 οὗτος
1483 2800 1579 2853 ἐπὶ
1638 2801 1795 2870 κακῷ
1845 2802 1956 2855 τῶν

2059 2812 2192 2854 sane
2223 2798 2470 2862 modum,
2534 2797 2588 2851 in
2620 2795 3020 2861 Romanorum,
3082 2814 3177 2854 seu
3206 2802 3367 2854 etiam
3401 2802 3626 2856 humani

382 2888 697 2958 Ῥωμαίων,
729 2889 762 2959 ἢ
797 2889 892 2942 καὶ
926 2891 1080 2960 κοινῇ
1122 2890 1233 2943 τῶν
1259 2888 1593 2962 ἀνθρώπων,
1635 2894 1953 2965 προκεκλη-

2062 2890 2233 2945 totius
2260 2891 2479 2959 generis
2508 2899 2841 2958 provocatus
2878 2890 3102 2955 malum,
3141 2907 3240 2946 sua
3294 2891 3409 2961 ipse
3441 2903 3637 2961 sponte

377 2982 559 3049 μένος,
590 2980 801 3051 ἔτρεχε,
837 2980 1007 3051 πολλῇ
1069 2982 1374 3053 κακοηθείᾳ
1430 2983 1612 3053 ῥάψας
1659 2985 1753 3038 τὸν
1779 2985 1950 3040 δόλον.

2060 2980 2343 3035 incitatior
2363 2980 2640 3045 currebat,
2661 2978 2943 3050 multaque
2968 2982 3171 3036 malitia
3203 2984 3396 3037 sueliat
3424 2983 3632 3039 dolum.

370 3073 480 3127 Καὶ
512 3072 627 3133 πῶς
666 3073 777 3142 γὰρ
806 3073 905 3127 οὐκ
940 3072 1166 3141 ἔμελλεν
1193 3074 1290 3145 οὐχ
1332 3076 1483 3138 ὅπως
1534 3078 1774 3147 τρέχειν,
1815 3079 1953 3134 ἀλλὰ

2060 3072 2161 3139 Qui
2192 3072 2361 3138 enim,
2410 3075 2607 3127 nedum
2636 3088 2829 3137 cursu,
2885 3075 2978 3131 sed
3011 3085 3065 3130 et
3096 3078 3310 3151 volans,
3366 3088 3422 3132 ut
3451 3088 3504 3133 et
3536 3080 3635 3133 alat

372 3165 468 3215 καὶ
516 3162 804 3224 πέτεσθαι,
837 3161 999 3232 είπερ
1046 3163 1182 3232 ὲνῆν
1215 3162 1385 3232 φῦσαι
1432 3166 1633 3235 πτερὰ,
1666 3170 1692 3220 6
1723 3167 1801 3238 τῷ
1840 3170 1945 3223 Σα-
1974 3198 1979 3228 4

2054 3166 2277 3222 adnasci
2330 3167 2664 3236 potuissent,
2716 3176 3017 3237 appeteret,
3062 3170 3157 3239 qui
3207 3172 3423 3225 Satanae
3476 3173 3636 3227 obse-

369 3257 470 3310 τᾶν
510 3256 979 3325 ύπηρετούμενος,
1011 3248 1163 3324 ᾧτινι
1216 3253 1450 3327 τοῦργον
1499 3259 1653 3312 οὐδὲν
1686 3260 1880 3333 ἕτερον
1912 3262 1944 3332 ἦ

2053 3260 2241 3329 quium
2274 3269 2581 3330 praestaret,
2617 3262 2704 3314 cui
2742 3260 2792 3315 id
2850 3277 3017 3315 unum
3049 3278 3227 3332 opera:
3261 3265 3493 3333 pretium
3526 3275 3630 3329 est,

2049 3362 2109 3407 ut
2138 3354 2420 3409 machinas
2464 3355 2731 3424 dolosquc
2796 3366 2979 3410 nectat
3024 3355 3077 3410 in
3137 3358 3340 3413 Christi
3400 3359 3635 3414 fideles?

368 3434 522 3503 οὗτος
556 3440 775 3494 οἴκοθεν
809 3440 962 3493 οὐδὲν
992 3440 1024 3509 ἢ
1073 3441 1259 3505 δόλους
1311 3441 1525 3509 ὤδινεν,
1553 3446 1659 3506 ἕως
1693 3447 1947 3501 ἐδεδώκει

2053 3445 2381 3513 Quanquam
2435 3456 2488 3501 ct
2527 3447 2645 3513 ipse
2696 3447 2829 3501 nihil
2885 3463 2915 3503 a
2981 3463 3039 3503 se
3072 3450 3219 3503 aliud
3266 3466 3427 3519 quam
3474 3450 3633 3505 dolos

367 3533 544 3603 δίκην,
575 3528 650 3587 ὧν
697 3534 776 3596 εἰς
814 3534 946 3598 τοὺς
986 3533 1097 3587 τῶν
1131 3534 1375 3589 εὐσεϐῶν
1419 3536 1677 3606 ἐξύϐρισε
1725 3542 1943 3601 παῖδας.

370 3627 481 3679 Καὶ
541 3626 723 3679 τοίνυν
778 3628 873 3680 καὶ
931 3626 1030 3695 τὴν
1078 3626 1306 3695 λεοντῆν
1367 3629 1462 3682 καὶ
1510 3634 1609 3701 την
1653 3631 1950 3704 ἀλωπεκῆν

366 3716 591 3781 ὑποδὺς,
625 3718 723 3770 καὶ
770 3716 983 3786 συχνῶς
1023 3717 1194 3780 αὑτὰς
1239 3716 1601 3774 ὑπαλλάττων
1625 3762 1640 3787 ,
1678 3722 1949 3792 κρύπτειν

364 3808 587 3880 ἐνόμιζε
639 3808 734 3859 τὸν
781 3806 949 3860 αὑτοῦ
998 3809 1223 3863 σκοπόν.
1270 3808 1330 3862 '0
1361 3810 1417 3862 δὲ
1453 3811 1546 3864 καὶ
1597 3812 1720 3865 λίαν
1771 3814 1949 3883 σαφὴς

362 3899 434 3973 ἦν
467 3916 483 3931 ·
538 3901 628 3953 ἵνα
679 3900 789 3969 γὰρ
831 3897 933 3970 ἕλῃ
975 3900 1067 3953 τὸν
1119 3900 1405 3969 τρέχοντα,
1452 3904 1545 3954 καὶ
1586 3902 1683 3965 τὰς
1736 3889 1954 3956 ἐκείνοδ

365 3994 792 4065 παραστήσηται
822 3990 1024 4057 πόλεις,
1059 3991 1157 4043 καὶ
1187 3990 1369 4060 ψυχάς
1401 3991 1539 4061 ὁμοῦ
1591 3998 1688 4046 καὶ
1718 3994 1951 4063 σώματα

362 4085 678 4158 διαφθείρῃ.

439 4269 630 4325 Ταῦτα
681 4268 781 4339 μὲν
831 4267 927 4322 οὖν
974 4268 1067 4321 τὸν
1119 4266 1350 4334 ἀδελφὸν
1404 4268 1467 4321 οὐ
1528 4267 1780 4322 διέλαθε·
1829 4271 1951 4335 πῶς

367 4362 510 4431 γάρ;
557 4362 667 4414 δέει
718 4360 907 4429 μέντοι
957 4359 1054 4413 τοῦ
1090 4359 1167 4430 μὴ
1198 4359 1349 4423 δόξαι
1385 4359 1591 4429 μᾶλλον
1617 4360 1883 4428 φιλόζωος
1914 4362 1946 4433 ἢ

2050 3542 2365 3608 parturiret,
2427 3541 2601 3594 donec
2638 3541 2937 3596 ulciscente
2979 3540 3215 3597 Numine
3268 3558 3457 3609 pmnas
3482 3543 3633 3596 dedit

2049 3648 2237 3686 earum
2278 3633 2627 3701 injuriarunt.
2663 3633 2866 3701 quibus
2901 3633 3089 3687 fideles
3128 3642 3397 3687 vexasset.
3427 3634 3632 3699 Leoni:-

2050 3738 2175 3776 nam
2218 3724 2403 3791 itaque
2431 3738 2493 3777 ac
2517 3723 2795 3791 vulpinam
2831 3725 3075 3789 indutus,
3114 3725 3411 3794 amliasque
3440 3726 3633 3781 crebro

2052 3824 2292 3874 mutans,
2345 3813 2678 3863 destinatum
2717 3825 2775 3865 se
2811 3811 2973 3865 finem
3041 3814 3347 3866 celaturum
3384 3815 3630 3882 putabat.

2060 3898 2153 3952 Ille
2215 3899 2575 3951 nihilominus
2602 3899 2760 3952 valde
2796 3901 2984 3967 utique
3015 3903 3343 3967 perspicuus
3375 3910 3515 3956 erat.
3551 3902 3629 3959 Eo

2053 3989 2253 4057 quippe
2310 4002 2424 4039 rem
2491 3996 2659 4039 totam
2731 3988 3075 4053 moliebatur,
3134 4001 3191 4045 ut
3244 4005 3627 4050 occurrentem

2053 4086 2293 4146 caperet,
2326 4078 2559 4147 ejusque
2591 4078 2755 4132 urbes
2787 4079 2838 4132 in
2870 4080 3202 4140 deditionem
3238 4087 3535 4158 acciperet,
3566 4104 3631 4145 ac

2053 4174 2265 4230 animas
2288 4174 2451 4229 simul
2476 4189 2538 4231 ac
2567 4190 2799 4244 corpora
2837 4178 3111 4246 perderet.

2128 4264 2287 4320 Haud
2318 4268 2505 4335 itaque
2548 4266 2772 4323 fratrem
2829 4270 2917 4324 illa
2955 4270 3276 4328 latuerunt:
3328 4276 3423 4344 qui
3482 4276 3629 4330 enim

2052 4359 2357 4429 potuissent
2379 4360 2401 4412 τ
2422 4358 2644 4416 Veritus
2667 4371 2869 4426 tamen,
2896 4377 2965 4417 ne
2990 4364 3113 4417 vitae
3146 4367 3432 4420 amantior
3460 4382 3625 4435 quam

368 4452 754 4522 φιλάνθρωπος
787 4450 883 4503 καὶ
932 4451 1221 4519 φιλότιμος
1252 4445 1392 4505 εἶναι
1426 4453 1648 4524 δέχεται
1692 4455 1785 4508 τὸν
1833 4456 1949 4510 κίν-

2055 4450 2217 4529 oflicii
2247 4466 2312 4505 ac
2341 4453 2571 4507 honoris
2620 4454 2921 4520 videretur,
2958 4457 3262 4524 periculum
3308 4473 3406 4527 pro
3438 4458 3626 4515 multis

366 4545 522 4597 δυνον
562 4545 705 4613 ὑπὲρ
732 4543 842 4598 τῶν
890 4542 1107 4597 πολλῶν
1133 4560 1147 4575 ο
1178 4544 1237 4607 ὃς
1268 4543 1330 4599 ού
1376 4545 1570 4600 τοῦτον
1613 4548 1941 4618 πρώτιστον,
1978 4576 1979 4581 η

2055 4528 2186 4595 adit.
2220 4540 2331 4597 Nec
2375 4559 2506 4597 vero
2538 4544 2670 4598 illud
2705 4545 2967 4613 primum,
3023 4547 3098 4599 uti
3152 4563 3254 4602 nec
3279 4558 3620 4617 postremum

366 4636 559 4705 ὥσπερ
595 4635 707 4690 οὐδ’
760 4634 1013 4701 ὕστατον,
1060 4636 1294 4706 ὑπέστη.
1334 4639 1455 4691 Αἱεὶ
1504 4640 1612 4709 γὰρ
1648 4640 1749 4710 τῆς
1781 4642 1946 4696 αὐτοῦ

367 4726 517 4796 ζωῆς
570 4726 752 4795 ὀλίγον
801 4726 997 4795 ἔμελεν
1080 4725 1229 4795 αύτῷ
1280 4727 1422 4798 ὑπὲρ
1470 4730 1654 4799 δόξης,
1701 4732 1799 4785 καὶ
1848 4733 1947 4785 τοῦ
1996 4766 1999 4773 .

367 4822 583 4889 γένους,
623 4818 719 4871 καὶ
760 4818 952 4880 ἁπλῶς
990 4815 1085 4871 τοῦ
1134 4820 1462 4887 γιγνομένου
1516 4822 1749 4887 παντὸς,
1789 4824 1946 4886 εἰδὼς

368 4912 464 4964 καὶ
496 4908 642 4963 τοῦτ’
670 4908 939 4979 ἀκριϐῶς.
967 4909 1045 4972 ὡς
1090 4908 1150 4962 τὸ
1200 4907 1309 4963 τῶν
1352 4911 1630 4980 ἀρχόντων
1664 4915 1947 4985 συμφέρον

332 5030 345 5049 .
372 5006 422 5053 ἒν
467 4998 545 5070 τῷ
590 4998 699 5053 τῶν
747 4998 1070 5070 ἀρχομένων
1118 4998 1385 5068 ἄντικρυς
1414 5004 1617 5058 κεῖται.
1651 5002 1815 5057 Ὅθεν
1846 5005 1946 5074 τὴν

369 5092 592 5145 ἐκείνων
624 5090 975 5160 εὐδαιμονίαν
1009 5088 1146 5143 ίδίαν
1181 5084 1322 5145 εἶναι
1373 5091 1634 5161 νομίζων,
1664 5096 1780 5156 τοῖς
1810 5096 1945 5148 πᾶσι

370 5183 548 5236 πάντα
603 5181 842 5249 ἐγένετο,
875 5181 963 5233 ἵνα
1003 5181 1206 5244 πάντες
1256 5180 1319 5235 εὖ
1362 5182 1655 5251 πράξαιεν.
1686 5184 1844 5239 Οὕτω
1877 5186 1943 5240 τὰ

364 5272 511 5344 ὑπὲρ
542 5273 745 5339 αὑτων,
773 5271 962 5340 ὥσπερ
1002 5271 1070 5325 τά
1099 5272 1239 5343 ὑπὲρ
1282 5274 1451 5327 αὐτοῦ
1482 5275 1701 5343 ἐνόμιζέ
1747 5294 1807 5329 τε
1848 5279 1945 5331 xat

364 5366 662 5438 ἔπραττεν,
697 5361 759 5420 εὖ
796 5365 998 5420 ποιῶν⁹
1041 5365 1137 5420 καὶ
1186 5369 1254 5421 τὰ
1300 5366 1603 5436 άλγύνοντα
1633 5368 1819 5438 ἔφερε,
1850 5370 1945 5423 καὶ

366 5460 493 5525 τοὺς
526 5460 673 5531 μετὰ
688 5457 847 5527 δόξης
880 5457 1167 5522 κινδύνους
1200 5459 1400 5529 ῥαδίως
1435 5460 1724 5528 ὑφίστατο.

442 5639 599 5701 ’Ὀλος
650 5634 741 5691 οὖν
789 5637 976 5708 γέμων
1014 5638 1317 5707 λογισμῶν,
1352 5633 1427 5691 ὧν
1474 5639 1579 5693 κᾶν
1625 5642 1941 5706 Πλάτωνες,

370 5730 476 5783 κᾶν
521 5730 886 5800 Ἀλέξανδροι,
915 5731 945 5782 6
976 5728 1167 5800 πατὴρ
1193 5730 1341 5798 ὑμῖν,
1372 5731 1399 5782 6
1433 5732 1607 5799 φίλος,
1642 5734 1669 5784 6
1718 5735 1942 5787 παιδευ-

370 5820 488 5891 τὴς,
510 5823 536 5873 6
574 5821 923 5891 φροντιστὴς,
954 5823 980 5873 ὁ
1011 5820 1283 5892 κηδεμὼν,
1303 5823 1330 5874 6
1358 5823 1646 5895 δεσπότης,
1670 5826 1697 5878 6
1726 5826 1816 5879 τὸν
1851 5827 1938 5878 τόη

2052 4634 2206 4687 adiit.
2236 4635 2464 4704 Semper
2492 4635 2639 4689 enim
2679 4638 2909 4693 minoris
2971 4638 3264 4692 aestimavit
3312 4641 3477 4694 vitam
3518 4655 3628 4710 pra:

2050 4725 2222 4794 gloria
2264 4741 2327 4779 ac
2351 4738 2532 4793 gente,
2555 4742 2619 4781 ac
2645 4729 2823 4797 siquid
2858 4730 3151 4784 universim
3183 4746 3365 4800 operae
3385 4737 3620 4801 pretium

2049 4818 2360 4872 videretur:
2425 4818 2516 4887 qui
2574 4819 2677 4873 hoc
2736 4835 2958 4889 quoque
3007 4822 3293 4891 perspicue
3324 4833 3533 4889 nosset,
3565 4835 3625 4881 ut

2051 4907 2472 4978 magistratuum
2527 4910 2949 4980 principumque
2996 4912 3209 4968 utilitas
3266 4915 3320 4966 in
3371 4916 3622 4971 subdito-

2049 5015 2168 5053 rum
2211 5001 2454 5056 vicissim
2488 5030 2491 5035 -
2519 5003 2825 5056 commodis
2855 5003 3034 5071 posita
3061 5004 3153 5058 sit.
3196 5006 3400 5060 Eorum
3432 5008 3622 5079 itaque

2050 5088 2365 5146 felicitatem
2447 5108 2605 5148 suam
2663 5092 2839 5163 ipsius
2894 5103 3079 5160 ratus,
3126 5098 3384 5153 omnibus
3436 5102 3619 5156 omnia

2048 5183 2230 5249 fiebat,
2266 5193 2325 5237 ut
2354 5184 2611 5239 omnibus
2645 5183 2982 5242 benefaceret
3009 5204 3023 5240 :
3065 5189 3144 5243 sic
3168 5190 3276 5244 illis
3309 5205 3373 5246 ac
3396 5192 3495 5246 sibi
3518 5195 3619 5263 ipsi

2046 5274 2409 5329 conducibilia
2442 5274 2725 5343 reputabat
2784 5276 2989 5344 pariter
3020 5278 3349 5348 agebatque.
3376 5295 3501 5333 cum
3545 5282 3617 5334 ita

2047 5367 2336 5421 honestum
2393 5366 2682 5430 suaderet;
2720 5366 3060 5439 ferebatque,
3112 5387 3234 5439 quae
3275 5372 3499 5425 molestia
3531 5386 3620 5425 es-

2047 5464 2191 5520 sent,
2228 5472 2293 5511 ac
2314 5457 2555 5527 pericula
2614 5457 2866 5512 habentia
2898 5460 3125 5530 gloriam
3180 5460 3337 5516 facile
3382 5459 3620 5515 sustine-

2048 5546 2161 5601 bat.
3576 5602 3579 5605 η

2116 5639 2288 5696 Totus
2320 5656 2449 5711 ergo
2478 5643 2545 5696 iis
2571 5644 2898 5712 cogitatihus
2921 5647 3134 5716 plenus,
3164 5647 3363 5715 quibus
3394 5640 3618 5696 vefPla-

2048 5743 2219 5799 tones,
2254 5735 2335 5790 vel
2367 5738 2678 5802 Alexandri,
2718 5750 2869 5810 pater
2899 5742 2986 5795 ille
3018 5751 3219 5803 vester,
3242 5738 3331 5791 ille
3364 5739 3614 5803 amicus;

2043 5838 2361 5902 praeceptor,
2420 5832 2719 5900 prudentiae
2770 5834 2979 5901 doctor,
3013 5841 3252 5897 curator,
3307 5830 3613 5897 dominus;
