  <div class='ocr_page' id='page_1' title='image "/cluster/home/n/w/nwhite01/storage/ocr_20150623/156/mdp.39015078384719/119.png"; bbox 0 0 4166 6270; ppageno 0'>
   <div class='ocr_carea' id='block_1_1' title="bbox 581 362 687 427">
    <p class='ocr_par' dir='ltr' id='par_1_1' title="bbox 581 362 687 427">
     <span class='ocr_line' id='line_1_1' title="bbox 581 362 687 427; baseline -0.028 0"><span class='ocrx_word' id='word_1_1' title='bbox 581 362 687 427; x_wconf 74' lang='grc'><strong>223</strong></span> 
     </span>
    </p>
   </div>
   <div class='ocr_carea' id='block_1_2' title="bbox 1698 365 2573 449">
    <p class='ocr_par' dir='ltr' id='par_1_2' title="bbox 1698 365 2573 449">
     <span class='ocr_line' id='line_1_2' title="bbox 1698 365 2573 449; baseline 0.007 -25"><span class='ocrx_word' id='word_1_2' title='bbox 1698 365 1750 424; x_wconf 82' lang='grc' dir='ltr'><strong>Μ</strong></span> <span class='ocrx_word' id='word_1_3' title='bbox 1764 366 2100 449; x_wconf 68' lang='grc' dir='ltr'><strong>ΑΝῌΕΙᾸδ</strong></span> <span class='ocrx_word' id='word_1_4' title='bbox 2137 368 2272 427; x_wconf 84' lang='lat' dir='ltr'><strong>PAL</strong></span> <span class='ocrx_word' id='word_1_5' title='bbox 2285 369 2573 430; x_wconf 66' lang='lat' dir='ltr'><strong>EOLOGI</strong></span> 
     </span>
    </p>
   </div>
   <div class='ocr_carea' id='block_1_3' title="bbox 3707 373 3814 437">
    <p class='ocr_par' dir='ltr' id='par_1_3' title="bbox 3707 373 3814 437">
     <span class='ocr_line' id='line_1_3' title="bbox 3707 373 3814 437; baseline -0.037 0"><span class='ocrx_word' id='word_1_6' title='bbox 3707 373 3814 437; x_wconf 68' lang='grc' dir='ltr'><strong>εει</strong></span> 
     </span>
    </p>
   </div>
   <div class='ocr_carea' id='block_1_4' title="bbox 579 477 2139 555">
    <p class='ocr_par' dir='ltr' id='par_1_4' title="bbox 579 477 2139 549">
     <span class='ocr_line' id='line_1_4' title="bbox 579 477 2139 549; baseline 0.003 -18"><span class='ocrx_word' id='word_1_7' title='bbox 579 479 668 531; x_wconf 91' lang='lat' dir='ltr'><strong>ille</strong></span> <span class='ocrx_word' id='word_1_8' title='bbox 696 477 836 546; x_wconf 84' lang='lat' dir='ltr'><strong>apud</strong></span> <span class='ocrx_word' id='word_1_9' title='bbox 889 491 985 529; x_wconf 90' lang='lat' dir='ltr'><strong>vos</strong></span> <span class='ocrx_word' id='word_1_10' title='bbox 1017 490 1229 546; x_wconf 64' lang='lat' dir='ltr'><strong>agens;</strong></span> <span class='ocrx_word' id='word_1_11' title='bbox 1277 491 1403 530; x_wconf 90' lang='lat' dir='ltr'><strong>cum</strong></span> <span class='ocrx_word' id='word_1_12' title='bbox 1449 478 1673 542; x_wconf 87' lang='lat' dir='ltr'><strong>medici,</strong></span> <span class='ocrx_word' id='word_1_13' title='bbox 1730 491 1840 532; x_wconf 91' lang='lat' dir='ltr'><strong>tum</strong></span> <span class='ocrx_word' id='word_1_14' title='bbox 1889 482 2139 549; x_wconf 73' lang='lat' dir='ltr'><strong>pastoris,</strong></span> 
     </span>
    </p>
   </div>
   <div class='ocr_carea' id='block_1_5' title="bbox 2242 477 3808 555">
    <p class='ocr_par' dir='ltr' id='par_1_5' title="bbox 2254 479 3808 555">
     <span class='ocr_line' id='line_1_5' title="bbox 2254 479 3808 555; baseline 0.001 -19"><span class='ocrx_word' id='word_1_15' title='bbox 2254 502 2353 536; x_wconf 88' lang='grc' dir='ltr'><strong>πον</strong></span> <span class='ocrx_word' id='word_1_16' title='bbox 2385 485 2629 554; x_wconf 76' lang='grc' dir='ltr'>ἀκριϐῶς</span> <span class='ocrx_word' id='word_1_17' title='bbox 2659 483 2963 549; x_wconf 76' lang='grc' dir='ltr'>διασὼζων,</span> <span class='ocrx_word' id='word_1_18' title='bbox 2997 485 3159 554; x_wconf 75' lang='grc' dir='ltr'>ἡνίκα</span> <span class='ocrx_word' id='word_1_19' title='bbox 3193 484 3288 536; x_wconf 76' lang='grc' dir='ltr'>σὺν</span> <span class='ocrx_word' id='word_1_20' title='bbox 3323 485 3452 551; x_wconf 78' lang='grc' dir='ltr'>ὑμῖν</span> <span class='ocrx_word' id='word_1_21' title='bbox 3483 479 3572 555; x_wconf 81' lang='grc' dir='ltr'>ἦν,</span> <span class='ocrx_word' id='word_1_22' title='bbox 3602 485 3712 537; x_wconf 88' lang='grc' dir='ltr'><strong>τῶν</strong></span> <span class='ocrx_word' id='word_1_23' title='bbox 3749 502 3808 540; x_wconf 80' lang='grc' dir='ltr'><strong>τε</strong></span> 
     </span>
    </p>
   </div>
   <div class='ocr_carea' id='block_1_6' title="bbox 577 569 2135 638">
    <p class='ocr_par' dir='ltr' id='par_1_6' title="bbox 577 569 2135 638">
     <span class='ocr_line' id='line_1_6' title="bbox 577 569 2135 638; baseline 0.002 -17"><span class='ocrx_word' id='word_1_24' title='bbox 577 569 1083 636; x_wconf 83' lang='lat' dir='ltr'><strong>guhernatorisque,</strong></span> <span class='ocrx_word' id='word_1_25' title='bbox 1135 583 1198 622; x_wconf 86' lang='lat' dir='ltr'><strong>ac</strong></span> <span class='ocrx_word' id='word_1_26' title='bbox 1233 569 1476 621; x_wconf 90' lang='lat' dir='ltr'><strong>omnium</strong></span> <span class='ocrx_word' id='word_1_27' title='bbox 1525 570 1782 638; x_wconf 79' lang='lat' dir='ltr'><strong>deinceps</strong></span> <span class='ocrx_word' id='word_1_28' title='bbox 1811 571 2135 624; x_wconf 76' lang='lat' dir='ltr'><strong>salutarium</strong></span> 
     </span>
    </p>
   </div>
   <div class='ocr_carea' id='block_1_7' title="bbox 577 659 2137 728">
    <p class='ocr_par' dir='ltr' id='par_1_7' title="bbox 577 659 2137 728">
     <span class='ocr_line' id='line_1_7' title="bbox 577 659 2137 728; baseline 0.002 -16"><span class='ocrx_word' id='word_1_29' title='bbox 577 674 758 712; x_wconf 89' lang='lat' dir='ltr'><strong>rerum</strong></span> <span class='ocrx_word' id='word_1_30' title='bbox 785 660 1087 726; x_wconf 87' lang='lat' dir='ltr'><strong>pariter-ac</strong></span> <span class='ocrx_word' id='word_1_31' title='bbox 1119 659 1418 723; x_wconf 89' lang='lat' dir='ltr'><strong>nominum,</strong></span> <span class='ocrx_word' id='word_1_32' title='bbox 1450 659 1689 728; x_wconf 87' lang='lat' dir='ltr'><strong>perfecte</strong></span> <span class='ocrx_word' id='word_1_33' title='bbox 1713 661 1891 713; x_wconf 89' lang='lat' dir='ltr'><strong>locum</strong></span> <span class='ocrx_word' id='word_1_34' title='bbox 1925 670 2137 726; x_wconf 88' lang='lat' dir='ltr'><strong>tenens,</strong></span> 
     </span>
    </p>
   </div>
   <div class='ocr_carea' id='block_1_8' title="bbox 515 751 2136 818">
    <p class='ocr_par' dir='ltr' id='par_1_8' title="bbox 515 751 2136 818">
     <span class='ocr_line' id='line_1_8' title="bbox 515 751 2136 818; baseline 0.006 -22"><span class='ocrx_word' id='word_1_35' title='bbox 515 805 523 808; x_wconf 91' lang='lat'>_</span> <span class='ocrx_word' id='word_1_36' title='bbox 575 765 866 817; x_wconf 79' lang='lat' dir='ltr'><strong>quemque,</strong></span> <span class='ocrx_word' id='word_1_37' title='bbox 904 761 962 802; x_wconf 90' lang='lat' dir='ltr'><strong>ut</strong></span> <span class='ocrx_word' id='word_1_38' title='bbox 998 751 1182 802; x_wconf 86' lang='lat' dir='ltr'><strong>omnia</strong></span> <span class='ocrx_word' id='word_1_39' title='bbox 1215 751 1376 804; x_wconf 89' lang='lat' dir='ltr'><strong>verho</strong></span> <span class='ocrx_word' id='word_1_40' title='bbox 1410 752 1765 818; x_wconf 89' lang='lat' dir='ltr'><strong>complectar,</strong></span> <span class='ocrx_word' id='word_1_41' title='bbox 1801 753 2006 804; x_wconf 90' lang='lat' dir='ltr'><strong>nullum</strong></span> <span class='ocrx_word' id='word_1_42' title='bbox 2039 753 2136 805; x_wconf 90' lang='lat' dir='ltr'><strong>de-</strong></span> 
     </span>
    </p>
   </div>
   <div class='ocr_carea' id='block_1_9' title="bbox 578 840 2137 909">
    <p class='ocr_par' dir='ltr' id='par_1_9' title="bbox 578 840 2137 909">
     <span class='ocr_line' id='line_1_9' title="bbox 578 840 2137 909; baseline 0.002 -17"><span class='ocrx_word' id='word_1_43' title='bbox 578 841 762 894; x_wconf 68' lang='lat' dir='ltr'><strong>flveret</strong></span> <span class='ocrx_word' id='word_1_44' title='bbox 802 840 1004 892; x_wconf 83' lang='lat' dir='ltr'><strong>bonum</strong></span> <span class='ocrx_word' id='word_1_45' title='bbox 1034 857 1048 892; x_wconf 89' lang='lat'><strong>:</strong></span> <span class='ocrx_word' id='word_1_46' title='bbox 1085 854 1144 893; x_wconf 87' lang='lat' dir='ltr'><strong>se</strong></span> <span class='ocrx_word' id='word_1_47' title='bbox 1205 841 1320 908; x_wconf 89' lang='lat' dir='ltr'><strong>ipse</strong></span> <span class='ocrx_word' id='word_1_48' title='bbox 1352 855 1451 908; x_wconf 89' lang='lat' dir='ltr'><strong>pro</strong></span> <span class='ocrx_word' id='word_1_49' title='bbox 1480 842 1619 903; x_wconf 91' lang='lat' dir='ltr'><strong>suis,</strong></span> <span class='ocrx_word' id='word_1_50' title='bbox 1652 851 1819 909; x_wconf 88' lang='lat' dir='ltr'><strong>atque</strong></span> <span class='ocrx_word' id='word_1_51' title='bbox 1852 843 1987 894; x_wconf 86' lang='lat' dir='ltr'><strong>adeo</strong></span> <span class='ocrx_word' id='word_1_52' title='bbox 2019 842 2137 908; x_wconf 89' lang='lat' dir='ltr'><strong>plu—</strong></span> 
     </span>
    </p>
   </div>
   <div class='ocr_carea' id='block_1_10' title="bbox 574 933 2136 1003">
    <p class='ocr_par' dir='ltr' id='par_1_10' title="bbox 574 933 2136 1003">
     <span class='ocr_line' id='line_1_10' title="bbox 574 933 2136 1003; baseline 0.001 -17"><span class='ocrx_word' id='word_1_53' title='bbox 574 934 731 986; x_wconf 88' lang='lat' dir='ltr'><strong>rimis</strong></span> <span class='ocrx_word' id='word_1_54' title='bbox 763 933 904 993; x_wconf 87' lang='lat' dir='ltr'><strong>aliis.</strong></span> <span class='ocrx_word' id='word_1_55' title='bbox 954 948 1240 1000; x_wconf 78' lang='lat' dir='ltr'><strong>spernens,</strong></span> <span class='ocrx_word' id='word_1_56' title='bbox 1273 944 1547 1003; x_wconf 85' lang='lat' dir='ltr'><strong>satrapam</strong></span> <span class='ocrx_word' id='word_1_57' title='bbox 1587 934 1720 998; x_wconf 91' lang='lat' dir='ltr'><strong>adit,</strong></span> <span class='ocrx_word' id='word_1_58' title='bbox 1776 949 1900 988; x_wconf 91' lang='lat' dir='ltr'><strong>cum</strong></span> <span class='ocrx_word' id='word_1_59' title='bbox 1933 936 2136 988; x_wconf 88' lang='lat' dir='ltr'><strong>nullam</strong></span> 
     </span>
    </p>
   </div>
   <div class='ocr_carea' id='block_1_11' title="bbox 580 1023 2134 1093">
    <p class='ocr_par' dir='ltr' id='par_1_11' title="bbox 580 1023 2134 1093">
     <span class='ocr_line' id='line_1_11' title="bbox 580 1023 2134 1093; baseline 0.003 -19"><span class='ocrx_word' id='word_1_60' title='bbox 580 1024 729 1090; x_wconf 88' lang='lat' dir='ltr'><strong>prius</strong></span> <span class='ocrx_word' id='word_1_61' title='bbox 761 1025 994 1075; x_wconf 74' lang='lat' dir='ltr'><strong>adeundi</strong></span> <span class='ocrx_word' id='word_1_62' title='bbox 1035 1023 1254 1077; x_wconf 83' lang='lat' dir='ltr'><strong>fecisset</strong></span> <span class='ocrx_word' id='word_1_63' title='bbox 1282 1040 1457 1092; x_wconf 73' lang='lat' dir='ltr'><strong>spem.</strong></span> <span class='ocrx_word' id='word_1_64' title='bbox 1491 1029 1601 1078; x_wconf 91' lang='lat' dir='ltr'><strong>imo</strong></span> <span class='ocrx_word' id='word_1_65' title='bbox 1632 1037 1881 1093; x_wconf 81' lang='lat' dir='ltr'><strong>negasset</strong></span> <span class='ocrx_word' id='word_1_66' title='bbox 1912 1027 2134 1090; x_wconf 89' lang='lat' dir='ltr'><strong>iturum,</strong></span> 
     </span>
    </p>
   </div>
   <div class='ocr_carea' id='block_1_12' title="bbox 578 1116 2139 1190">
    <p class='ocr_par' dir='ltr' id='par_1_12' title="bbox 578 1116 2139 1190">
     <span class='ocr_line' id='line_1_12' title="bbox 578 1116 2139 1190; baseline 0.005 -25"><span class='ocrx_word' id='word_1_67' title='bbox 578 1129 718 1168; x_wconf 80' lang='lat' dir='ltr'><strong>utex</strong></span> <span class='ocrx_word' id='word_1_68' title='bbox 754 1116 1026 1190; x_wconf 85' lang='lat' dir='ltr'><strong>insperata</strong></span> <span class='ocrx_word' id='word_1_69' title='bbox 1082 1119 1366 1182; x_wconf 67' lang='lat' dir='ltr'><strong>praesentia</strong></span> <span class='ocrx_word' id='word_1_70' title='bbox 1396 1118 1609 1171; x_wconf 82' lang='lat' dir='ltr'><strong>dulcius</strong></span> <span class='ocrx_word' id='word_1_71' title='bbox 1645 1120 1902 1180; x_wconf 83' lang='lat' dir='ltr'><strong>alliceret,</strong></span> <span class='ocrx_word' id='word_1_72' title='bbox 1933 1135 2139 1188; x_wconf 86' lang='lat' dir='ltr'><strong>proque</strong></span> 
     </span>
    </p>
   </div>
   <div class='ocr_carea' id='block_1_13' title="bbox 575 1204 2134 1283">
    <p class='ocr_par' dir='ltr' id='par_1_13' title="bbox 575 1204 2134 1283">
     <span class='ocr_line' id='line_1_13' title="bbox 575 1204 2134 1283; baseline 0.008 -29"><span class='ocrx_word' id='word_1_73' title='bbox 575 1204 651 1254; x_wconf 80' lang='lat' dir='ltr'><strong>rei</strong></span> <span class='ocrx_word' id='word_1_74' title='bbox 711 1205 1172 1272; x_wconf 79' lang='lat' dir='ltr'><strong>inexspectatiouc</strong></span> <span class='ocrx_word' id='word_1_75' title='bbox 1230 1208 1436 1275; x_wconf 80' lang='lat' dir='ltr'><strong>gratior</strong></span> <span class='ocrx_word' id='word_1_76' title='bbox 1494 1219 1726 1276; x_wconf 88' lang='lat' dir='ltr'><strong>tyranno</strong></span> <span class='ocrx_word' id='word_1_77' title='bbox 1781 1221 2134 1283; x_wconf 65' lang='lat' dir='ltr'><strong>occryreret,</strong></span> 
     </span>
    </p>
   </div>
   <div class='ocr_carea' id='block_1_14' title="bbox 575 1294 2138 1366">
    <p class='ocr_par' dir='ltr' id='par_1_14' title="bbox 575 1294 2138 1366">
     <span class='ocr_line' id='line_1_14' title="bbox 575 1294 2138 1366; baseline 0.007 -20"><span class='ocrx_word' id='word_1_78' title='bbox 575 1294 844 1361; x_wconf 75' lang='lat' dir='ltr'><strong>simulque</strong></span> <span class='ocrx_word' id='word_1_79' title='bbox 903 1299 1210 1351; x_wconf 84' lang='lat' dir='ltr'><strong>ostenderet</strong></span> <span class='ocrx_word' id='word_1_80' title='bbox 1245 1298 1543 1365; x_wconf 90' lang='lat' dir='ltr'><strong>profectum</strong></span> <span class='ocrx_word' id='word_1_81' title='bbox 1593 1315 1651 1353; x_wconf 90' lang='lat' dir='ltr'><strong>sc</strong></span> <span class='ocrx_word' id='word_1_82' title='bbox 1684 1303 1990 1366; x_wconf 88' lang='lat' dir='ltr'><strong>voluntate,</strong></span> <span class='ocrx_word' id='word_1_83' title='bbox 2028 1319 2138 1357; x_wconf 89' lang='lat' dir='ltr'><strong>non</strong></span> 
     </span>
    </p>
   </div>
   <div class='ocr_carea' id='block_1_15' title="bbox 573 1387 2130 1463">
    <p class='ocr_par' dir='ltr' id='par_1_15' title="bbox 573 1387 2130 1463">
     <span class='ocr_line' id='line_1_15' title="bbox 573 1387 2130 1463; baseline 0.008 -25"><span class='ocrx_word' id='word_1_84' title='bbox 573 1387 698 1453; x_wconf 89' lang='lat' dir='ltr'><strong>quia</strong></span> <span class='ocrx_word' id='word_1_85' title='bbox 739 1388 826 1441; x_wconf 89' lang='lat' dir='ltr'><strong>ille</strong></span> <span class='ocrx_word' id='word_1_86' title='bbox 885 1390 1161 1444; x_wconf 78' lang='lat' dir='ltr'><strong>blanditiis</strong></span> <span class='ocrx_word' id='word_1_87' title='bbox 1221 1401 1314 1445; x_wconf 88' lang='lat' dir='ltr'><strong>aut</strong></span> <span class='ocrx_word' id='word_1_88' title='bbox 1371 1394 1535 1447; x_wconf 85' lang='lat' dir='ltr'><strong>minis</strong></span> <span class='ocrx_word' id='word_1_89' title='bbox 1581 1394 1904 1463; x_wconf 82' lang='lat' dir='ltr'><strong>decepissct.</strong></span> <span class='ocrx_word' id='word_1_90' title='bbox 1968 1396 2130 1451; x_wconf 86' lang='lat' dir='ltr'><strong>Illum</strong></span> 
     </span>
    </p>
   </div>
   <div class='ocr_carea' id='block_1_16' title="bbox 576 1480 2133 1554">
    <p class='ocr_par' dir='ltr' id='par_1_16' title="bbox 576 1480 2133 1554">
     <span class='ocr_line' id='line_1_16' title="bbox 576 1480 2133 1554; baseline 0.008 -23"><span class='ocrx_word' id='word_1_91' title='bbox 576 1480 781 1548; x_wconf 85' lang='lat' dir='ltr'><strong>itaque,</strong></span> <span class='ocrx_word' id='word_1_92' title='bbox 814 1497 1020 1550; x_wconf 87' lang='lat' dir='ltr'><strong>nosque</strong></span> <span class='ocrx_word' id='word_1_93' title='bbox 1077 1482 1126 1536; x_wconf 90' lang='lat' dir='ltr'><strong>ei</strong></span> <span class='ocrx_word' id='word_1_94' title='bbox 1161 1485 1361 1546; x_wconf 82' lang='lat' dir='ltr'><strong>socios.</strong></span> <span class='ocrx_word' id='word_1_95' title='bbox 1396 1487 1485 1551; x_wconf 89' lang='lat' dir='ltr'><strong>qui</strong></span> <span class='ocrx_word' id='word_1_96' title='bbox 1528 1487 1744 1554; x_wconf 86' lang='lat' dir='ltr'><strong>priores</strong></span> <span class='ocrx_word' id='word_1_97' title='bbox 1775 1489 2133 1554; x_wconf 88' lang='lat' dir='ltr'><strong>venissemus,</strong></span> 
     </span>
    </p>
   </div>
   <div class='ocr_carea' id='block_1_17' title="bbox 575 1569 2138 1648">
    <p class='ocr_par' dir='ltr' id='par_1_17' title="bbox 575 1569 2138 1648">
     <span class='ocr_line' id='line_1_17' title="bbox 575 1569 2138 1648; baseline 0.008 -27"><span class='ocrx_word' id='word_1_98' title='bbox 575 1569 794 1626; x_wconf 86' lang='lat' dir='ltr'><strong>Pherris</strong></span> <span class='ocrx_word' id='word_1_99' title='bbox 847 1575 976 1627; x_wconf 85' lang='lat' dir='ltr'><strong>urbe</strong></span> <span class='ocrx_word' id='word_1_100' title='bbox 1003 1575 1228 1628; x_wconf 90' lang='lat' dir='ltr'><strong>invenit.</strong></span> <span class='ocrx_word' id='word_1_101' title='bbox 1286 1575 1495 1629; x_wconf 83' lang='lat' dir='ltr'><strong>Etenim</strong></span> <span class='ocrx_word' id='word_1_102' title='bbox 1529 1577 1632 1644; x_wconf 88' lang='lat' dir='ltr'><strong>ipsi</strong></span> <span class='ocrx_word' id='word_1_103' title='bbox 1670 1595 1909 1648; x_wconf 91' lang='lat' dir='ltr'><strong>quoque,</strong></span> <span class='ocrx_word' id='word_1_104' title='bbox 1947 1595 2138 1634; x_wconf 84' lang='lat' dir='ltr'><strong>accer-</strong></span> 
     </span>
    </p>
   </div>
   <div class='ocr_carea' id='block_1_18' title="bbox 577 1663 2138 1737">
    <p class='ocr_par' dir='ltr' id='par_1_18' title="bbox 577 1663 2138 1737">
     <span class='ocr_line' id='line_1_18' title="bbox 577 1663 2138 1737; baseline 0.008 -23"><span class='ocrx_word' id='word_1_105' title='bbox 577 1671 737 1716; x_wconf 83' lang='lat' dir='ltr'><strong>sente</strong></span> <span class='ocrx_word' id='word_1_106' title='bbox 770 1663 883 1728; x_wconf 91' lang='lat' dir='ltr'><strong>illo,</strong></span> <span class='ocrx_word' id='word_1_107' title='bbox 911 1681 1256 1726; x_wconf 84' lang='lat' dir='ltr'><strong>veneramus,</strong></span> <span class='ocrx_word' id='word_1_108' title='bbox 1292 1683 1415 1719; x_wconf 86' lang='lat' dir='ltr'><strong>cum</strong></span> <span class='ocrx_word' id='word_1_109' title='bbox 1459 1671 1638 1735; x_wconf 81' lang='lat' dir='ltr'><strong>gravis</strong></span> <span class='ocrx_word' id='word_1_110' title='bbox 1663 1673 1912 1737; x_wconf 58' lang='lat' dir='ltr'><strong>quaedam</strong></span> <span class='ocrx_word' id='word_1_111' title='bbox 1947 1688 2138 1727; x_wconf 81' lang='lat' dir='ltr'><strong>neces-</strong></span> 
     </span>
    </p>
   </div>
   <div class='ocr_carea' id='block_1_19' title="bbox 575 1754 2136 1830">
    <p class='ocr_par' dir='ltr' id='par_1_19' title="bbox 575 1754 2136 1830">
     <span class='ocr_line' id='line_1_19' title="bbox 575 1754 2136 1830; baseline 0.007 -24"><span class='ocrx_word' id='word_1_112' title='bbox 575 1754 732 1813; x_wconf 88' lang='lat' dir='ltr'><strong>sitas,</strong></span> <span class='ocrx_word' id='word_1_113' title='bbox 765 1770 860 1822; x_wconf 93' lang='lat' dir='ltr'><strong>pro</strong></span> <span class='ocrx_word' id='word_1_114' title='bbox 890 1757 1227 1811; x_wconf 84' lang='lat' dir='ltr'><strong>subditorum</strong></span> <span class='ocrx_word' id='word_1_115' title='bbox 1258 1759 1590 1828; x_wconf 86' lang='lat' dir='ltr'><strong>depellendis</strong></span> <span class='ocrx_word' id='word_1_116' title='bbox 1657 1763 1932 1830; x_wconf 88' lang='lat' dir='ltr'><strong>periculis,</strong></span> <span class='ocrx_word' id='word_1_117' title='bbox 1965 1779 2028 1817; x_wconf 93' lang='lat' dir='ltr'><strong>eo</strong></span> <span class='ocrx_word' id='word_1_118' title='bbox 2053 1779 2136 1817; x_wconf 90' lang='lat' dir='ltr'><strong>me</strong></span> 
     </span>
    </p>
   </div>
   <div class='ocr_carea' id='block_1_20' title="bbox 577 1847 2137 1918">
    <p class='ocr_par' dir='ltr' id='par_1_20' title="bbox 577 1847 2137 1918">
     <span class='ocr_line' id='line_1_20' title="bbox 577 1847 2137 1918; baseline 0.009 -24"><span class='ocrx_word' id='word_1_119' title='bbox 577 1851 704 1896; x_wconf 91' lang='lat' dir='ltr'><strong>tunc</strong></span> <span class='ocrx_word' id='word_1_120' title='bbox 739 1847 1105 1913; x_wconf 69' lang='lat' dir='ltr'><strong>praemisisset.</strong></span> <span class='ocrx_word' id='word_1_121' title='bbox 1137 1850 1246 1902; x_wconf 88' lang='lat' dir='ltr'><strong>Iloc</strong></span> <span class='ocrx_word' id='word_1_122' title='bbox 1279 1865 1439 1918; x_wconf 91' lang='lat' dir='ltr'><strong>porro</strong></span> <span class='ocrx_word' id='word_1_123' title='bbox 1464 1852 1809 1906; x_wconf 87' lang='lat' dir='ltr'><strong>interdictum</strong></span> <span class='ocrx_word' id='word_1_124' title='bbox 1841 1855 1998 1908; x_wconf 84' lang='lat' dir='ltr'><strong>nobis</strong></span> <span class='ocrx_word' id='word_1_125' title='bbox 2041 1870 2137 1908; x_wconf 90' lang='lat' dir='ltr'><strong>vo-</strong></span> 
     </span>
    </p>
   </div>
   <div class='ocr_carea' id='block_1_21' title="bbox 574 1935 2138 2012">
    <p class='ocr_par' dir='ltr' id='par_1_21' title="bbox 574 1935 2138 2012">
     <span class='ocr_line' id='line_1_21' title="bbox 574 1935 2138 2012; baseline 0.006 -24"><span class='ocrx_word' id='word_1_126' title='bbox 574 1935 874 1998; x_wconf 85' lang='lat' dir='ltr'><strong>lueramus,</strong></span> <span class='ocrx_word' id='word_1_127' title='bbox 907 1946 963 1990; x_wconf 91' lang='lat' dir='ltr'><strong>ut</strong></span> <span class='ocrx_word' id='word_1_128' title='bbox 1005 1953 1090 2000; x_wconf 89' lang='lat' dir='ltr'><strong>ne,</strong></span> <span class='ocrx_word' id='word_1_129' title='bbox 1128 1939 1374 2007; x_wconf 89' lang='lat' dir='ltr'><strong>inquam,</strong></span> <span class='ocrx_word' id='word_1_130' title='bbox 1398 1942 1672 1997; x_wconf 84' lang='lat' dir='ltr'><strong>adiremus</strong></span> <span class='ocrx_word' id='word_1_131' title='bbox 1719 1944 1901 1998; x_wconf 86' lang='lat' dir='ltr'><strong>simul.</strong></span> <span class='ocrx_word' id='word_1_132' title='bbox 1928 1944 2138 2012; x_wconf 86' lang='lat' dir='ltr'><strong>Quippe</strong></span> 
     </span>
    </p>
   </div>
   <div class='ocr_carea' id='block_1_22' title="bbox 574 2026 2136 2101">
    <p class='ocr_par' dir='ltr' id='par_1_22' title="bbox 574 2026 2136 2101">
     <span class='ocr_line' id='line_1_22' title="bbox 574 2026 2136 2101; baseline 0.005 -22"><span class='ocrx_word' id='word_1_133' title='bbox 574 2026 858 2080; x_wconf 76' lang='lat' dir='ltr'><strong>videbatur</strong></span> <span class='ocrx_word' id='word_1_134' title='bbox 900 2029 1039 2080; x_wconf 85' lang='lat' dir='ltr'><strong>haud</strong></span> <span class='ocrx_word' id='word_1_135' title='bbox 1087 2029 1157 2082; x_wconf 90' lang='lat' dir='ltr'><strong>ita</strong></span> <span class='ocrx_word' id='word_1_136' title='bbox 1212 2036 1323 2082; x_wconf 87' lang='lat' dir='ltr'><strong>tuta</strong></span> <span class='ocrx_word' id='word_1_137' title='bbox 1377 2040 1563 2085; x_wconf 89' lang='lat' dir='ltr'><strong>nostra</strong></span> <span class='ocrx_word' id='word_1_138' title='bbox 1598 2033 1660 2085; x_wconf 87' lang='lat' dir='ltr'><strong>ad</strong></span> <span class='ocrx_word' id='word_1_139' title='bbox 1695 2049 1817 2086; x_wconf 92' lang='lat' dir='ltr'><strong>cum</strong></span> <span class='ocrx_word' id='word_1_140' title='bbox 1849 2033 2136 2101; x_wconf 79' lang='lat' dir='ltr'><strong>profectio,</strong></span> 
     </span>
    </p>
   </div>
   <div class='ocr_carea' id='block_1_23' title="bbox 575 2119 2132 2194">
    <p class='ocr_par' dir='ltr' id='par_1_23' title="bbox 575 2119 2132 2194">
     <span class='ocr_line' id='line_1_23' title="bbox 575 2119 2132 2194; baseline 0.007 -25"><span class='ocrx_word' id='word_1_141' title='bbox 575 2134 697 2170; x_wconf 80' lang='lat' dir='ltr'><strong>eum</strong></span> <span class='ocrx_word' id='word_1_142' title='bbox 735 2119 824 2171; x_wconf 88' lang='lat' dir='ltr'><strong>ille</strong></span> <span class='ocrx_word' id='word_1_143' title='bbox 855 2120 1064 2187; x_wconf 81' lang='lat' dir='ltr'><strong>pridem</strong></span> <span class='ocrx_word' id='word_1_144' title='bbox 1099 2123 1339 2189; x_wconf 85' lang='lat' dir='ltr'><strong>iniquam</strong></span> <span class='ocrx_word' id='word_1_145' title='bbox 1379 2123 1431 2175; x_wconf 91' lang='lat' dir='ltr'><strong>in</strong></span> <span class='ocrx_word' id='word_1_146' title='bbox 1459 2139 1556 2178; x_wconf 90' lang='lat' dir='ltr'><strong>nos</strong></span> <span class='ocrx_word' id='word_1_147' title='bbox 1587 2141 1774 2179; x_wconf 91' lang='lat' dir='ltr'><strong>necem</strong></span> <span class='ocrx_word' id='word_1_148' title='bbox 1813 2127 2132 2194; x_wconf 90' lang='lat' dir='ltr'><strong>parturiret.</strong></span> 
     </span>
    </p>
   </div>
   <div class='ocr_carea' id='block_1_24' title="bbox 573 2206 2136 2282">
    <p class='ocr_par' dir='ltr' id='par_1_24' title="bbox 573 2206 2136 2282">
     <span class='ocr_line' id='line_1_24' title="bbox 573 2206 2136 2282; baseline 0.008 -24"><span class='ocrx_word' id='word_1_149' title='bbox 573 2206 784 2260; x_wconf 78' lang='lat' dir='ltr'><strong>Accidit</strong></span> <span class='ocrx_word' id='word_1_150' title='bbox 811 2217 985 2261; x_wconf 89' lang='lat' dir='ltr'><strong>tamen</strong></span> <span class='ocrx_word' id='word_1_151' title='bbox 1019 2209 1233 2275; x_wconf 88' lang='lat' dir='ltr'><strong>plenum</strong></span> <span class='ocrx_word' id='word_1_152' title='bbox 1271 2211 1401 2264; x_wconf 90' lang='lat' dir='ltr'><strong>illud</strong></span> <span class='ocrx_word' id='word_1_153' title='bbox 1427 2215 1642 2275; x_wconf 88' lang='lat' dir='ltr'><strong>timore,</strong></span> <span class='ocrx_word' id='word_1_154' title='bbox 1678 2228 1800 2266; x_wconf 90' lang='lat' dir='ltr'><strong>cum</strong></span> <span class='ocrx_word' id='word_1_155' title='bbox 1829 2231 1930 2282; x_wconf 88' lang='lat' dir='ltr'><strong>ego</strong></span> <span class='ocrx_word' id='word_1_156' title='bbox 1955 2216 2136 2270; x_wconf 85' lang='lat' dir='ltr'><strong>adhuc</strong></span> 
     </span>
    </p>
   </div>
   <div class='ocr_carea' id='block_1_25' title="bbox 576 2297 2134 2371">
    <p class='ocr_par' dir='ltr' id='par_1_25' title="bbox 576 2297 2134 2371">
     <span class='ocr_line' id='line_1_25' title="bbox 576 2297 2134 2371; baseline 0.004 -22"><span class='ocrx_word' id='word_1_157' title='bbox 576 2311 698 2349; x_wconf 88' lang='lat' dir='ltr'><strong>cum</strong></span> <span class='ocrx_word' id='word_1_158' title='bbox 732 2297 874 2349; x_wconf 91' lang='lat' dir='ltr'><strong>domi</strong></span> <span class='ocrx_word' id='word_1_159' title='bbox 909 2308 1181 2364; x_wconf 89' lang='lat' dir='ltr'><strong>putarem,</strong></span> <span class='ocrx_word' id='word_1_160' title='bbox 1217 2299 1374 2366; x_wconf 91' lang='lat' dir='ltr'><strong>isque</strong></span> <span class='ocrx_word' id='word_1_161' title='bbox 1403 2301 1646 2355; x_wconf 81' lang='lat' dir='ltr'><strong>vicissim</strong></span> <span class='ocrx_word' id='word_1_162' title='bbox 1688 2303 1924 2371; x_wconf 87' lang='lat' dir='ltr'><strong>idipsmn</strong></span> <span class='ocrx_word' id='word_1_163' title='bbox 1953 2305 2019 2357; x_wconf 85' lang='lat' dir='ltr'><strong>de</strong></span> <span class='ocrx_word' id='word_1_164' title='bbox 2051 2321 2134 2356; x_wconf 89' lang='lat' dir='ltr'><strong>me</strong></span> 
     </span>
    </p>
   </div>
   <div class='ocr_carea' id='block_1_26' title="bbox 576 2387 2134 2462">
    <p class='ocr_par' dir='ltr' id='par_1_26' title="bbox 576 2387 2134 2462">
     <span class='ocr_line' id='line_1_26' title="bbox 576 2387 2134 2462; baseline 0.008 -25"><span class='ocrx_word' id='word_1_165' title='bbox 576 2387 862 2454; x_wconf 74' lang='lat' dir='ltr'><strong>cogitaret,</strong></span> <span class='ocrx_word' id='word_1_166' title='bbox 913 2403 976 2442; x_wconf 91' lang='lat' dir='ltr'><strong>ac</strong></span> <span class='ocrx_word' id='word_1_167' title='bbox 1010 2390 1246 2443; x_wconf 85' lang='lat' dir='ltr'><strong>velutex</strong></span> <span class='ocrx_word' id='word_1_168' title='bbox 1274 2392 1527 2457; x_wconf 80' lang='lat' dir='ltr'><strong>condicto</strong></span> <span class='ocrx_word' id='word_1_169' title='bbox 1583 2407 1828 2448; x_wconf 87' lang='lat' dir='ltr'><strong>essemus</strong></span> <span class='ocrx_word' id='word_1_170' title='bbox 1872 2395 2134 2462; x_wconf 85' lang='lat' dir='ltr'><strong>profecti,</strong></span> 
     </span>
    </p>
   </div>
   <div class='ocr_carea' id='block_1_27' title="bbox 577 2479 2133 2552">
    <p class='ocr_par' dir='ltr' id='par_1_27' title="bbox 577 2479 2133 2552">
     <span class='ocr_line' id='line_1_27' title="bbox 577 2479 2133 2552; baseline 0.008 -22"><span class='ocrx_word' id='word_1_171' title='bbox 577 2479 762 2531; x_wconf 89' lang='lat' dir='ltr'><strong>eadem</strong></span> <span class='ocrx_word' id='word_1_172' title='bbox 797 2479 904 2543; x_wconf 89' lang='lat' dir='ltr'><strong>die,</strong></span> <span class='ocrx_word' id='word_1_173' title='bbox 945 2489 1002 2534; x_wconf 87' lang='lat' dir='ltr'><strong>ut</strong></span> <span class='ocrx_word' id='word_1_174' title='bbox 1033 2481 1169 2534; x_wconf 88' lang='lat' dir='ltr'><strong>bene</strong></span> <span class='ocrx_word' id='word_1_175' title='bbox 1229 2485 1570 2536; x_wconf 86' lang='lat' dir='ltr'><strong>meminerim</strong></span> <span class='ocrx_word' id='word_1_176' title='bbox 1611 2523 1625 2549; x_wconf 89' lang='lat'><strong>,</strong></span> <span class='ocrx_word' id='word_1_177' title='bbox 1656 2500 1718 2539; x_wconf 89' lang='lat' dir='ltr'><strong>ac</strong></span> <span class='ocrx_word' id='word_1_178' title='bbox 1747 2487 1790 2538; x_wconf 88' lang='lat' dir='ltr'><strong>si</strong></span> <span class='ocrx_word' id='word_1_179' title='bbox 1817 2487 1918 2552; x_wconf 87' lang='lat' dir='ltr'><strong>vis,</strong></span> <span class='ocrx_word' id='word_1_180' title='bbox 1948 2490 2133 2541; x_wconf 73' lang='lat' dir='ltr'><strong>eadem</strong></span> 
     </span>
    </p>
   </div>
   <div class='ocr_carea' id='block_1_28' title="bbox 577 2571 2138 2647">
    <p class='ocr_par' dir='ltr' id='par_1_28' title="bbox 577 2571 2138 2647">
     <span class='ocr_line' id='line_1_28' title="bbox 577 2571 2138 2647; baseline 0.006 -23"><span class='ocrx_word' id='word_1_181' title='bbox 577 2572 692 2639; x_wconf 90' lang='lat' dir='ltr'><strong>ipsa</strong></span> <span class='ocrx_word' id='word_1_182' title='bbox 723 2571 873 2626; x_wconf 89' lang='lat' dir='ltr'><strong>hora.</strong></span> <span class='ocrx_word' id='word_1_183' title='bbox 910 2573 1011 2626; x_wconf 85' lang='lat' dir='ltr'><strong>Sed</strong></span> <span class='ocrx_word' id='word_1_184' title='bbox 1043 2583 1096 2626; x_wconf 90' lang='lat' dir='ltr'><strong>et</strong></span> <span class='ocrx_word' id='word_1_185' title='bbox 1126 2575 1322 2628; x_wconf 90' lang='lat' dir='ltr'><strong>accidit</strong></span> <span class='ocrx_word' id='word_1_186' title='bbox 1348 2576 1478 2644; x_wconf 89' lang='lat' dir='ltr'><strong>quid</strong></span> <span class='ocrx_word' id='word_1_187' title='bbox 1504 2577 1677 2644; x_wconf 86' lang='lat' dir='ltr'><strong>pejus,</strong></span> <span class='ocrx_word' id='word_1_188' title='bbox 1705 2585 1765 2631; x_wconf 90' lang='lat' dir='ltr'><strong>ut</strong></span> <span class='ocrx_word' id='word_1_189' title='bbox 1799 2595 1990 2647; x_wconf 88' lang='lat' dir='ltr'><strong>nempe</strong></span> <span class='ocrx_word' id='word_1_190' title='bbox 2020 2596 2138 2634; x_wconf 88' lang='lat' dir='ltr'><strong>om—</strong></span> 
     </span>
    </p>
   </div>
   <div class='ocr_carea' id='block_1_29' title="bbox 578 2663 2135 2726">
    <p class='ocr_par' dir='ltr' id='par_1_29' title="bbox 578 2663 2135 2726">
     <span class='ocr_line' id='line_1_29' title="bbox 578 2663 2135 2726; baseline 0.008 -12"><span class='ocrx_word' id='word_1_191' title='bbox 578 2677 674 2716; x_wconf 88' lang='lat' dir='ltr'><strong>nes</strong></span> <span class='ocrx_word' id='word_1_192' title='bbox 701 2663 807 2716; x_wconf 92' lang='lat' dir='ltr'><strong>ullo</strong></span> <span class='ocrx_word' id='word_1_193' title='bbox 837 2665 997 2717; x_wconf 88' lang='lat' dir='ltr'><strong>modo</strong></span> <span class='ocrx_word' id='word_1_194' title='bbox 1015 2664 1449 2719; x_wconf 86' lang='lat' dir='ltr'><strong>Christianorum</strong></span> <span class='ocrx_word' id='word_1_195' title='bbox 1485 2669 1652 2722; x_wconf 89' lang='lat' dir='ltr'><strong>duces</strong></span> <span class='ocrx_word' id='word_1_196' title='bbox 1679 2669 1886 2724; x_wconf 89' lang='lat' dir='ltr'><strong>circum</strong></span> <span class='ocrx_word' id='word_1_197' title='bbox 1912 2670 2135 2726; x_wconf 87' lang='lat' dir='ltr'><strong>Persam</strong></span> 
     </span>
    </p>
   </div>
   <div class='ocr_carea' id='block_1_30' title="bbox 576 2753 2137 2828">
    <p class='ocr_par' dir='ltr' id='par_1_30' title="bbox 576 2753 2137 2828">
     <span class='ocr_line' id='line_1_30' title="bbox 576 2753 2137 2828; baseline 0.004 -21"><span class='ocrx_word' id='word_1_198' title='bbox 576 2753 879 2820; x_wconf 87' lang='lat' dir='ltr'><strong>stiparent;</strong></span> <span class='ocrx_word' id='word_1_199' title='bbox 915 2755 1005 2822; x_wconf 91' lang='lat' dir='ltr'><strong>qui</strong></span> <span class='ocrx_word' id='word_1_200' title='bbox 1043 2755 1300 2809; x_wconf 90' lang='lat' dir='ltr'><strong>nimirum</strong></span> <span class='ocrx_word' id='word_1_201' title='bbox 1335 2757 1399 2810; x_wconf 88' lang='lat' dir='ltr'><strong>ad</strong></span> <span class='ocrx_word' id='word_1_202' title='bbox 1421 2768 1545 2810; x_wconf 90' lang='lat' dir='ltr'><strong>eum</strong></span> <span class='ocrx_word' id='word_1_203' title='bbox 1572 2757 1730 2821; x_wconf 88' lang='lat' dir='ltr'><strong>itare,</strong></span> <span class='ocrx_word' id='word_1_204' title='bbox 1756 2761 1916 2828; x_wconf 88' lang='lat' dir='ltr'><strong>eique</strong></span> <span class='ocrx_word' id='word_1_205' title='bbox 1943 2761 2137 2815; x_wconf 84' lang='lat' dir='ltr'><strong>adesse</strong></span> 
     </span>
    </p>
   </div>
   <div class='ocr_carea' id='block_1_31' title="bbox 577 2845 2136 2918">
    <p class='ocr_par' dir='ltr' id='par_1_31' title="bbox 577 2845 2136 2918">
     <span class='ocr_line' id='line_1_31' title="bbox 577 2845 2136 2918; baseline 0.003 -20"><span class='ocrx_word' id='word_1_206' title='bbox 577 2845 717 2898; x_wconf 81' lang='lat' dir='ltr'><strong>soliti</strong></span> <span class='ocrx_word' id='word_1_207' title='bbox 763 2855 937 2897; x_wconf 88' lang='lat' dir='ltr'><strong>erant.</strong></span> <span class='ocrx_word' id='word_1_208' title='bbox 973 2845 1138 2899; x_wconf 81' lang='lat' dir='ltr'><strong>Multo</strong></span> <span class='ocrx_word' id='word_1_209' title='bbox 1213 2849 1418 2915; x_wconf 89' lang='lat' dir='ltr'><strong>quippe</strong></span> <span class='ocrx_word' id='word_1_210' title='bbox 1473 2849 1653 2902; x_wconf 88' lang='lat' dir='ltr'><strong>studio</strong></span> <span class='ocrx_word' id='word_1_211' title='bbox 1686 2859 2136 2918; x_wconf 77' lang='lat' dir='ltr'><strong>congregaverat,</strong></span> 
     </span>
    </p>
   </div>
   <div class='ocr_carea' id='block_1_32' title="bbox 577 2937 2133 2996">
    <p class='ocr_par' dir='ltr' id='par_1_32' title="bbox 577 2937 2133 2996">
     <span class='ocr_line' id='line_1_32' title="bbox 577 2937 2133 2996; baseline 0.006 -10"><span class='ocrx_word' id='word_1_212' title='bbox 577 2949 919 2988; x_wconf 73' lang='lat' dir='ltr'><strong>communem</strong></span> <span class='ocrx_word' id='word_1_213' title='bbox 955 2937 1194 2989; x_wconf 85' lang='lat' dir='ltr'><strong>omnium</strong></span> <span class='ocrx_word' id='word_1_214' title='bbox 1227 2937 1507 2991; x_wconf 91' lang='lat' dir='ltr'><strong>interitum</strong></span> <span class='ocrx_word' id='word_1_215' title='bbox 1531 2940 1818 2994; x_wconf 61' lang='lat' dir='ltr'><strong>meditans.</strong></span> <span class='ocrx_word' id='word_1_216' title='bbox 1856 2941 2026 2996; x_wconf 85' lang='lat' dir='ltr'><strong>Porro</strong></span> <span class='ocrx_word' id='word_1_217' title='bbox 2059 2942 2133 2995; x_wconf 86' lang='lat' dir='ltr'><strong>illi</strong></span> 
     </span>
    </p>
   </div>
   <div class='ocr_carea' id='block_1_33' title="bbox 579 3028 2136 3100">
    <p class='ocr_par' dir='ltr' id='par_1_33' title="bbox 579 3028 2136 3100">
     <span class='ocr_line' id='line_1_33' title="bbox 579 3028 2136 3100; baseline 0.006 -25"><span class='ocrx_word' id='word_1_218' title='bbox 579 3041 757 3093; x_wconf 70' lang='lat' dir='ltr'><strong>opt-rae</strong></span> <span class='ocrx_word' id='word_1_219' title='bbox 782 3028 953 3085; x_wconf 73' lang='lat' dir='ltr'><strong>magis</strong></span> <span class='ocrx_word' id='word_1_220' title='bbox 981 3028 1212 3096; x_wconf 88' lang='lat' dir='ltr'><strong>pretium</strong></span> <span class='ocrx_word' id='word_1_221' title='bbox 1238 3038 1578 3094; x_wconf 86' lang='lat' dir='ltr'><strong>putaverant,</strong></span> <span class='ocrx_word' id='word_1_222' title='bbox 1606 3038 1663 3082; x_wconf 90' lang='lat' dir='ltr'><strong>ut</strong></span> <span class='ocrx_word' id='word_1_223' title='bbox 1694 3032 1812 3100; x_wconf 78' lang='lat' dir='ltr'><strong>ejus</strong></span> <span class='ocrx_word' id='word_1_224' title='bbox 1837 3040 2136 3086; x_wconf 84' lang='lat' dir='ltr'><strong>conventus</strong></span> 
     </span>
    </p>
   </div>
   <div class='ocr_carea' id='block_1_34' title="bbox 2165 1803 2212 1863">
    <p class='ocr_par' dir='ltr' id='par_1_34' title="bbox 2165 1803 2212 1863">
     <span class='ocr_line' id='line_1_34' title="bbox 2165 1803 2212 1863; baseline 0 0"><span class='ocrx_word' id='word_1_225' title='bbox 2165 1803 2212 1863; x_wconf 92' lang='lat' dir='ltr'><strong>B</strong></span> 
     </span>
    </p>
   </div>
   <div class='ocr_carea' id='block_1_35' title="bbox 2248 575 3804 644">
    <p class='ocr_par' dir='ltr' id='par_1_35' title="bbox 2248 575 3804 644">
     <span class='ocr_line' id='line_1_35' title="bbox 2248 575 3804 644; baseline 0.003 -19"><span class='ocrx_word' id='word_1_226' title='bbox 2248 576 2467 643; x_wconf 81' lang='grc' dir='ltr'><strong>ἰατρῶν,</strong></span> <span class='ocrx_word' id='word_1_227' title='bbox 2508 575 2615 627; x_wconf 86' lang='grc' dir='ltr'><strong>τῶν</strong></span> <span class='ocrx_word' id='word_1_228' title='bbox 2647 593 2705 627; x_wconf 89' lang='grc' dir='ltr'><strong>τε</strong></span> <span class='ocrx_word' id='word_1_229' title='bbox 2734 577 3029 644; x_wconf 71' lang='grc' dir='ltr'>ποιμένων,</span> <span class='ocrx_word' id='word_1_230' title='bbox 3063 575 3171 627; x_wconf 87' lang='grc' dir='ltr'><strong>τῶν</strong></span> <span class='ocrx_word' id='word_1_231' title='bbox 3197 592 3254 627; x_wconf 88' lang='grc' dir='ltr'><strong>τε</strong></span> <span class='ocrx_word' id='word_1_232' title='bbox 3287 575 3662 644; x_wconf 79' lang='grc' dir='ltr'>κυϐερνητῶν,</span> <span class='ocrx_word' id='word_1_233' title='bbox 3695 577 3804 629; x_wconf 85' lang='grc' dir='ltr'><strong>τῶν</strong></span> 
     </span>
    </p>
   </div>
   <div class='ocr_carea' id='block_1_36' title="bbox 2243 665 3806 735">
    <p class='ocr_par' dir='ltr' id='par_1_36' title="bbox 2243 665 3806 735">
     <span class='ocr_line' id='line_1_36' title="bbox 2243 665 3806 735; baseline 0.002 -19"><span class='ocrx_word' id='word_1_234' title='bbox 2243 681 2300 716; x_wconf 90' lang='grc' dir='ltr'><strong>τε</strong></span> <span class='ocrx_word' id='word_1_235' title='bbox 2325 665 2608 734; x_wconf 78' lang='grc' dir='ltr'><strong>σωτηρίων</strong></span> <span class='ocrx_word' id='word_1_236' title='bbox 2664 665 2790 732; x_wconf 76' lang='grc' dir='ltr'><strong>ἑξῆς</strong></span> <span class='ocrx_word' id='word_1_237' title='bbox 2846 666 3103 718; x_wconf 83' lang='grc' dir='ltr'>ἀπάντων</span> <span class='ocrx_word' id='word_1_238' title='bbox 3163 669 3257 717; x_wconf 78' lang='grc' dir='ltr'>καὶ</span> <span class='ocrx_word' id='word_1_239' title='bbox 3315 666 3658 735; x_wconf 75' lang='grc' dir='ltr'><strong>πραγμάτων</strong></span> <span class='ocrx_word' id='word_1_240' title='bbox 3709 667 3806 719; x_wconf 79' lang='grc' dir='ltr'>καὶ</span> 
     </span>
    </p>
   </div>
   <div class='ocr_carea' id='block_1_37' title="bbox 2243 751 3807 826">
    <p class='ocr_par' dir='ltr' id='par_1_37' title="bbox 2243 751 3807 826">
     <span class='ocr_line' id='line_1_37' title="bbox 2243 751 3807 826; baseline 0.001 -18"><span class='ocrx_word' id='word_1_241' title='bbox 2243 758 2621 826; x_wconf 83' lang='grc' dir='ltr'>προσρήσεων,</span> <span class='ocrx_word' id='word_1_242' title='bbox 2654 759 2750 810; x_wconf 72' lang='grc' dir='ltr'>καὶ</span> <span class='ocrx_word' id='word_1_243' title='bbox 2790 758 2876 811; x_wconf 75' lang='grc' dir='ltr'>ἵνα</span> <span class='ocrx_word' id='word_1_244' title='bbox 2905 758 2965 810; x_wconf 75' lang='grc' dir='ltr'>τὸ</span> <span class='ocrx_word' id='word_1_245' title='bbox 3009 759 3118 810; x_wconf 82' lang='grc' dir='ltr'><strong>πᾶν</strong></span> <span class='ocrx_word' id='word_1_246' title='bbox 3151 757 3386 824; x_wconf 75' lang='grc' dir='ltr'>εἴποιμι,</span> <span class='ocrx_word' id='word_1_247' title='bbox 3417 751 3460 824; x_wconf 80' lang='grc' dir='ltr'>ᾧ</span> <span class='ocrx_word' id='word_1_248' title='bbox 3499 759 3666 826; x_wconf 75' lang='grc' dir='ltr'>μηδὲν</span> <span class='ocrx_word' id='word_1_249' title='bbox 3695 759 3807 810; x_wconf 86' lang='grc' dir='ltr'><strong>τῶν</strong></span> 
     </span>
    </p>
   </div>
   <div class='ocr_carea' id='block_1_38' title="bbox 2243 847 3806 917">
    <p class='ocr_par' dir='ltr' id='par_1_38' title="bbox 2243 847 3806 917">
     <span class='ocr_line' id='line_1_38' title="bbox 2243 847 3806 917; baseline 0 -18"><span class='ocrx_word' id='word_1_250' title='bbox 2243 849 2461 914; x_wconf 84' lang='grc' dir='ltr'>ἀγαθῶν</span> <span class='ocrx_word' id='word_1_251' title='bbox 2521 849 2582 900; x_wconf 86' lang='grc' dir='ltr'>οὐ</span> <span class='ocrx_word' id='word_1_252' title='bbox 2646 850 2847 917; x_wconf 85' lang='grc' dir='ltr'><strong>παρῆν,</strong></span> <span class='ocrx_word' id='word_1_253' title='bbox 2877 849 3177 914; x_wconf 83' lang='grc' dir='ltr'><strong>ἀφειδήσας</strong></span> <span class='ocrx_word' id='word_1_254' title='bbox 3229 847 3427 900; x_wconf 81' lang='grc' dir='ltr'>ἑαυτοῦ</span> <span class='ocrx_word' id='word_1_255' title='bbox 3477 848 3650 900; x_wconf 78' lang='grc' dir='ltr'>ἕνεκα</span> <span class='ocrx_word' id='word_1_256' title='bbox 3696 848 3806 899; x_wconf 86' lang='grc' dir='ltr'><strong>τῶν</strong></span> 
     </span>
    </p>
   </div>
   <div class='ocr_carea' id='block_1_39' title="bbox 2243 936 3804 1008">
    <p class='ocr_par' dir='ltr' id='par_1_39' title="bbox 2243 936 3804 1008">
     <span class='ocr_line' id='line_1_39' title="bbox 2243 936 3804 1008; baseline -0.001 -18"><span class='ocrx_word' id='word_1_257' title='bbox 2243 936 2460 997; x_wconf 80' lang='grc' dir='ltr'>ἑαυτοῦ,</span> <span class='ocrx_word' id='word_1_258' title='bbox 2495 937 2588 988; x_wconf 74' lang='grc' dir='ltr'>καὶ</span> <span class='ocrx_word' id='word_1_259' title='bbox 2617 937 2681 1004; x_wconf 82' lang='grc' dir='ltr'>δὴ</span> <span class='ocrx_word' id='word_1_260' title='bbox 2711 939 2805 990; x_wconf 68' lang='grc' dir='ltr'>καὶ</span> <span class='ocrx_word' id='word_1_261' title='bbox 2839 938 3108 991; x_wconf 80' lang='grc' dir='ltr'><strong>πλείστων</strong></span> <span class='ocrx_word' id='word_1_262' title='bbox 3143 939 3372 1005; x_wconf 83' lang='grc' dir='ltr'>ἑτέρων,</span> <span class='ocrx_word' id='word_1_263' title='bbox 3412 939 3632 1008; x_wconf 71' lang='grc' dir='ltr'>ἔρχεται</span> <span class='ocrx_word' id='word_1_264' title='bbox 3666 941 3804 1006; x_wconf 79' lang='grc' dir='ltr'>πρὸς</span> 
     </span>
    </p>
   </div>
   <div class='ocr_carea' id='block_1_40' title="bbox 2242 1029 3805 1098">
    <p class='ocr_par' dir='ltr' id='par_1_40' title="bbox 2242 1029 3805 1098">
     <span class='ocr_line' id='line_1_40' title="bbox 2242 1029 3805 1098; baseline 0.001 -18"><span class='ocrx_word' id='word_1_265' title='bbox 2242 1029 2333 1080; x_wconf 78' lang='grc' dir='ltr'>τὸν</span> <span class='ocrx_word' id='word_1_266' title='bbox 2367 1029 2670 1095; x_wconf 73' lang='grc' dir='ltr'>σατράπην,</span> <span class='ocrx_word' id='word_1_267' title='bbox 2710 1029 2783 1096; x_wconf 82' lang='grc' dir='ltr'>μὴ</span> <span class='ocrx_word' id='word_1_268' title='bbox 2817 1031 2942 1091; x_wconf 80' lang='grc' dir='ltr'>δοὺς</span> <span class='ocrx_word' id='word_1_269' title='bbox 2975 1030 3123 1098; x_wconf 84' lang='grc' dir='ltr'><strong>αὐτῷ</strong></span> <span class='ocrx_word' id='word_1_270' title='bbox 3153 1031 3420 1097; x_wconf 88' lang='grc' dir='ltr'>πρότερον</span> <span class='ocrx_word' id='word_1_271' title='bbox 3460 1031 3688 1098; x_wconf 79' lang='grc' dir='ltr'>θσρρεῖν</span> <span class='ocrx_word' id='word_1_272' title='bbox 3727 1030 3805 1092; x_wconf 84' lang='grc' dir='ltr'>ὡς</span> 
     </span>
    </p>
   </div>
   <div class='ocr_carea' id='block_1_41' title="bbox 2241 1119 3806 1190">
    <p class='ocr_par' dir='ltr' id='par_1_41' title="bbox 2241 1119 3806 1190">
     <span class='ocr_line' id='line_1_41' title="bbox 2241 1119 3806 1190; baseline -0.001 -18"><span class='ocrx_word' id='word_1_273' title='bbox 2241 1119 2529 1185; x_wconf 79' lang='grc' dir='ltr'>ἀφίξεται·</span> <span class='ocrx_word' id='word_1_274' title='bbox 2564 1119 2698 1171; x_wconf 81' lang='grc' dir='ltr'>ά).λά</span> <span class='ocrx_word' id='word_1_275' title='bbox 2729 1121 3063 1182; x_wconf 65' lang='grc' dir='ltr'>τούναντίον,</span> <span class='ocrx_word' id='word_1_276' title='bbox 3094 1119 3482 1187; x_wconf 79' lang='grc' dir='ltr'>ἀπαγορεύσας</span> <span class='ocrx_word' id='word_1_277' title='bbox 3513 1120 3612 1190; x_wconf 82' lang='grc' dir='ltr'>τὴν</span> <span class='ocrx_word' id='word_1_278' title='bbox 3657 1121 3806 1171; x_wconf 80' lang='grc' dir='ltr'>ἕλευ-</span> 
     </span>
    </p>
   </div>
   <div class='ocr_carea' id='block_1_42' title="bbox 2245 1207 3802 1284">
    <p class='ocr_par' dir='ltr' id='par_1_42' title="bbox 2245 1207 3802 1284">
     <span class='ocr_line' id='line_1_42' title="bbox 2245 1207 3802 1284; baseline 0 -22"><span class='ocrx_word' id='word_1_279' title='bbox 2245 1227 2346 1275; x_wconf 86' lang='grc' dir='ltr'>σιν,</span> <span class='ocrx_word' id='word_1_280' title='bbox 2382 1207 2500 1284; x_wconf 81' lang='grc' dir='ltr'><strong>ἵν’ᾗ</strong></span> <span class='ocrx_word' id='word_1_281' title='bbox 2528 1213 2622 1264; x_wconf 72' lang='grc' dir='ltr'>καὶ</span> <span class='ocrx_word' id='word_1_282' title='bbox 2673 1211 2838 1263; x_wconf 82' lang='grc' dir='ltr'>πλέον</span> <span class='ocrx_word' id='word_1_283' title='bbox 2881 1210 3013 1279; x_wconf 73' lang='grc' dir='ltr'>ἡδὺς</span> <span class='ocrx_word' id='word_1_284' title='bbox 3057 1211 3266 1278; x_wconf 73' lang='grc' dir='ltr'>φανεὶς,</span> <span class='ocrx_word' id='word_1_285' title='bbox 3299 1211 3545 1280; x_wconf 86' lang='grc' dir='ltr'>μηδόλως</span> <span class='ocrx_word' id='word_1_286' title='bbox 3588 1210 3802 1274; x_wconf 79' lang='grc' dir='ltr'>ἐλπιζό-</span> 
     </span>
    </p>
   </div>
   <div class='ocr_carea' id='block_1_43' title="bbox 2245 1301 3802 1372">
    <p class='ocr_par' dir='ltr' id='par_1_43' title="bbox 2245 1301 3802 1372">
     <span class='ocr_line' id='line_1_43' title="bbox 2245 1301 3802 1372; baseline -0.001 -18"><span class='ocrx_word' id='word_1_287' title='bbox 2245 1321 2426 1372; x_wconf 75' lang='grc' dir='ltr'>μενος,</span> <span class='ocrx_word' id='word_1_288' title='bbox 2457 1304 2553 1356; x_wconf 71' lang='grc' dir='ltr'><strong>καὶ</strong></span> <span class='ocrx_word' id='word_1_289' title='bbox 2578 1302 2654 1371; x_wconf 79' lang='grc' dir='ltr'>τῷ</span> <span class='ocrx_word' id='word_1_290' title='bbox 2679 1303 3072 1371; x_wconf 78' lang='grc' dir='ltr'><strong>ἀπροσδοκήτῳ</strong></span> <span class='ocrx_word' id='word_1_291' title='bbox 3118 1301 3212 1354; x_wconf 78' lang='grc' dir='ltr'>τοῦ</span> <span class='ocrx_word' id='word_1_292' title='bbox 3245 1303 3575 1370; x_wconf 84' lang='grc' dir='ltr'>πράγματος</span> <span class='ocrx_word' id='word_1_293' title='bbox 3607 1302 3802 1370; x_wconf 83' lang='grc' dir='ltr'>ἐκεινῳ</span> 
     </span>
    </p>
   </div>
   <div class='ocr_carea' id='block_1_44' title="bbox 2243 1392 3807 1466">
    <p class='ocr_par' dir='ltr' id='par_1_44' title="bbox 2243 1392 3807 1466">
     <span class='ocr_line' id='line_1_44' title="bbox 2243 1392 3807 1466; baseline -0.004 -15"><span class='ocrx_word' id='word_1_294' title='bbox 2243 1398 2442 1466; x_wconf 81' lang='grc' dir='ltr'>μᾶλλον</span> <span class='ocrx_word' id='word_1_295' title='bbox 2489 1396 2819 1466; x_wconf 77' lang='grc' dir='ltr'>χαρίσηται·</span> <span class='ocrx_word' id='word_1_296' title='bbox 2876 1394 3022 1465; x_wconf 80' lang='grc' dir='ltr'>δείξῃ</span> <span class='ocrx_word' id='word_1_297' title='bbox 3077 1395 3133 1446; x_wconf 83' lang='grc' dir='ltr'><strong>δέ</strong></span> <span class='ocrx_word' id='word_1_298' title='bbox 3187 1392 3382 1463; x_wconf 81' lang='grc' dir='ltr'>γνώμῃ</span> <span class='ocrx_word' id='word_1_299' title='bbox 3447 1395 3588 1461; x_wconf 83' lang='grc' dir='ltr'>πρὸς</span> <span class='ocrx_word' id='word_1_300' title='bbox 3641 1394 3807 1446; x_wconf 80' lang='grc' dir='ltr'>αὐτὸν</span> 
     </span>
    </p>
   </div>
   <div class='ocr_carea' id='block_1_45' title="bbox 2239 1485 3805 1559">
    <p class='ocr_par' dir='ltr' id='par_1_45' title="bbox 2239 1485 3805 1559">
     <span class='ocr_line' id='line_1_45' title="bbox 2239 1485 3805 1559; baseline -0.003 -18"><span class='ocrx_word' id='word_1_301' title='bbox 2239 1487 2648 1559; x_wconf 81' lang='grc' dir='ltr'>παραγεγονὼς,</span> <span class='ocrx_word' id='word_1_302' title='bbox 2675 1489 2769 1539; x_wconf 71' lang='grc' dir='ltr'><strong>καὶ</strong></span> <span class='ocrx_word' id='word_1_303' title='bbox 2814 1488 2874 1539; x_wconf 88' lang='grc' dir='ltr'>οὐ</span> <span class='ocrx_word' id='word_1_304' title='bbox 2904 1489 3023 1546; x_wconf 75' lang='grc' dir='ltr'>ταῖς</span> <span class='ocrx_word' id='word_1_305' title='bbox 3058 1485 3322 1546; x_wconf 80' lang='grc' dir='ltr'>θωπείαις</span> <span class='ocrx_word' id='word_1_306' title='bbox 3367 1485 3532 1537; x_wconf 75' lang='grc' dir='ltr'>αὑτοῦ</span> <span class='ocrx_word' id='word_1_307' title='bbox 3565 1486 3661 1536; x_wconf 74' lang='grc' dir='ltr'><strong>καὶ</strong></span> <span class='ocrx_word' id='word_1_308' title='bbox 3686 1488 3805 1547; x_wconf 88' lang='grc' dir='ltr'>ταῖς</span> 
     </span>
    </p>
   </div>
   <div class='ocr_carea' id='block_1_46' title="bbox 2240 1573 3808 1646">
    <p class='ocr_par' dir='ltr' id='par_1_46' title="bbox 2240 1573 3808 1646">
     <span class='ocr_line' id='line_1_46' title="bbox 2240 1573 3808 1646; baseline -0.003 -14"><span class='ocrx_word' id='word_1_309' title='bbox 2240 1579 2492 1640; x_wconf 72' lang='grc' dir='ltr'>ἀπειλαῖς</span> <span class='ocrx_word' id='word_1_310' title='bbox 2547 1577 2934 1646; x_wconf 76' lang='grc' dir='ltr'>ἐξαπατηθείς.</span> <span class='ocrx_word' id='word_1_311' title='bbox 2976 1576 3236 1644; x_wconf 81' lang='grc' dir='ltr'>Εὖρίσκει</span> <span class='ocrx_word' id='word_1_312' title='bbox 3280 1576 3461 1628; x_wconf 80' lang='grc' dir='ltr'>τοίνυν</span> <span class='ocrx_word' id='word_1_313' title='bbox 3507 1573 3698 1627; x_wconf 86' lang='grc' dir='ltr'>τοῦτον</span> <span class='ocrx_word' id='word_1_314' title='bbox 3745 1577 3808 1627; x_wconf 84' lang='grc' dir='ltr'><strong>ἐν</strong></span> 
     </span>
    </p>
   </div>
   <div class='ocr_carea' id='block_1_47' title="bbox 2239 1666 3807 1739">
    <p class='ocr_par' dir='ltr' id='par_1_47' title="bbox 2239 1666 3807 1739">
     <span class='ocr_line' id='line_1_47' title="bbox 2239 1666 3807 1739; baseline -0.002 -18"><span class='ocrx_word' id='word_1_315' title='bbox 2239 1671 2355 1731; x_wconf 86' lang='grc' dir='ltr'>ταῖς</span> <span class='ocrx_word' id='word_1_316' title='bbox 2408 1671 2664 1739; x_wconf 78' lang='grc' dir='ltr'>Φερραῖς,</span> <span class='ocrx_word' id='word_1_317' title='bbox 2721 1670 2814 1720; x_wconf 76' lang='grc' dir='ltr'>καὶ</span> <span class='ocrx_word' id='word_1_318' title='bbox 2867 1669 3036 1736; x_wconf 80' lang='grc' dir='ltr'>ἡμᾶς,</span> <span class='ocrx_word' id='word_1_319' title='bbox 3074 1670 3281 1719; x_wconf 85' lang='grc' dir='ltr'>ἐκεῖνον</span> <span class='ocrx_word' id='word_1_320' title='bbox 3325 1666 3662 1732; x_wconf 78' lang='grc' dir='ltr'>φθάσαντας,</span> <span class='ocrx_word' id='word_1_321' title='bbox 3700 1666 3807 1718; x_wconf 70' lang='grc' dir='ltr'>σὺν</span> 
     </span>
    </p>
   </div>
   <div class='ocr_carea' id='block_1_48' title="bbox 2244 1753 3801 1829">
    <p class='ocr_par' dir='ltr' id='par_1_48' title="bbox 2244 1753 3801 1829">
     <span class='ocr_line' id='line_1_48' title="bbox 2244 1753 3801 1829; baseline -0.003 -16"><span class='ocrx_word' id='word_1_322' title='bbox 2244 1761 2410 1829; x_wconf 82' lang='grc' dir='ltr'>αὐτῷ.</span> <span class='ocrx_word' id='word_1_323' title='bbox 2440 1762 2748 1828; x_wconf 86' lang='grc' dir='ltr'>Πεμπταῖοι</span> <span class='ocrx_word' id='word_1_324' title='bbox 2785 1759 2893 1828; x_wconf 75' lang='grc' dir='ltr'><strong>γὰρ</strong></span> <span class='ocrx_word' id='word_1_325' title='bbox 2936 1755 3078 1827; x_wconf 80' lang='grc' dir='ltr'>ἦμεν</span> <span class='ocrx_word' id='word_1_326' title='bbox 3132 1753 3400 1818; x_wconf 80' lang='grc' dir='ltr'>ἐλθόντες,</span> <span class='ocrx_word' id='word_1_327' title='bbox 3448 1759 3695 1826; x_wconf 83' lang='grc' dir='ltr'>ἀνάγκης</span> <span class='ocrx_word' id='word_1_328' title='bbox 3738 1757 3801 1825; x_wconf 87' lang='grc' dir='ltr'>δή</span> 
     </span>
    </p>
   </div>
   <div class='ocr_carea' id='block_1_49' title="bbox 2243 1848 3804 1918">
    <p class='ocr_par' dir='ltr' id='par_1_49' title="bbox 2243 1848 3804 1918">
     <span class='ocr_line' id='line_1_49' title="bbox 2243 1848 3804 1918; baseline -0.003 -16"><span class='ocrx_word' id='word_1_329' title='bbox 2243 1865 2384 1910; x_wconf 88' lang='grc' dir='ltr'>τινος</span> <span class='ocrx_word' id='word_1_330' title='bbox 2418 1851 2644 1918; x_wconf 76' lang='grc' dir='ltr'>ἰσχυρᾶς</span> <span class='ocrx_word' id='word_1_331' title='bbox 2679 1850 2818 1918; x_wconf 80' lang='grc' dir='ltr'>ὑπὲρ</span> <span class='ocrx_word' id='word_1_332' title='bbox 2850 1848 2943 1901; x_wconf 79' lang='grc' dir='ltr'>τοῦ</span> <span class='ocrx_word' id='word_1_333' title='bbox 2979 1848 3243 1918; x_wconf 81' lang='grc' dir='ltr'>ῥυσθῆναι</span> <span class='ocrx_word' id='word_1_334' title='bbox 3276 1848 3535 1900; x_wconf 77' lang='grc' dir='ltr'>κινδύνων</span> <span class='ocrx_word' id='word_1_335' title='bbox 3563 1848 3690 1908; x_wconf 74' lang='grc' dir='ltr'>τοὺς</span> <span class='ocrx_word' id='word_1_336' title='bbox 3716 1848 3804 1914; x_wconf 83' lang='grc' dir='ltr'><strong>ὑφ’</strong></span> 
     </span>
    </p>
   </div>
   <div class='ocr_carea' id='block_1_50' title="bbox 2239 1936 3806 2006">
    <p class='ocr_par' dir='ltr' id='par_1_50' title="bbox 2239 1936 3806 2006">
     <span class='ocr_line' id='line_1_50' title="bbox 2239 1936 3806 2006; baseline -0.001 -17"><span class='ocrx_word' id='word_1_337' title='bbox 2239 1939 2387 2006; x_wconf 76' lang='grc' dir='ltr'>ἡμᾶς</span> <span class='ocrx_word' id='word_1_338' title='bbox 2417 1937 2594 1989; x_wconf 84' lang='grc' dir='ltr'>ἐκεῖσὲ</span> <span class='ocrx_word' id='word_1_339' title='bbox 2631 1954 2698 2004; x_wconf 92' lang='grc' dir='ltr'><strong>με</strong></span> <span class='ocrx_word' id='word_1_340' title='bbox 2735 1938 2855 1989; x_wconf 84' lang='grc' dir='ltr'>τότε</span> <span class='ocrx_word' id='word_1_341' title='bbox 2905 1936 3382 2006; x_wconf 80' lang='grc' dir='ltr'>παραπεμψάσης.</span> <span class='ocrx_word' id='word_1_342' title='bbox 3414 1936 3610 1988; x_wconf 79' lang='grc' dir='ltr'>Καίτοι</span> <span class='ocrx_word' id='word_1_343' title='bbox 3644 1936 3806 1988; x_wconf 80' lang='grc' dir='ltr'>τοῦτο</span> 
     </span>
    </p>
   </div>
   <div class='ocr_carea' id='block_1_51' title="bbox 2238 2026 3804 2097">
    <p class='ocr_par' dir='ltr' id='par_1_51' title="bbox 2238 2026 3804 2097">
     <span class='ocr_line' id='line_1_51' title="bbox 2238 2026 3804 2097; baseline 0.001 -18"><span class='ocrx_word' id='word_1_344' title='bbox 2238 2031 2369 2097; x_wconf 80' lang='grc' dir='ltr'>ἡμῖν</span> <span class='ocrx_word' id='word_1_345' title='bbox 2402 2028 2683 2089; x_wconf 87' lang='grc' dir='ltr'>παντελῶς</span> <span class='ocrx_word' id='word_1_346' title='bbox 2731 2028 2806 2090; x_wconf 85' lang='grc' dir='ltr'><strong>ὡς</strong></span> <span class='ocrx_word' id='word_1_347' title='bbox 2854 2027 3124 2095; x_wconf 74' lang='grc' dir='ltr'>ἀπείρητο</span> <span class='ocrx_word' id='word_1_348' title='bbox 3148 2043 3160 2056; x_wconf 82' lang='lat'><strong><em>°</em></strong></span> <span class='ocrx_word' id='word_1_349' title='bbox 3189 2026 3332 2092; x_wconf 80' lang='grc' dir='ltr'>λέγω</span> <span class='ocrx_word' id='word_1_350' title='bbox 3367 2027 3429 2095; x_wconf 81' lang='grc' dir='ltr'>δὴ</span> <span class='ocrx_word' id='word_1_351' title='bbox 3458 2027 3516 2079; x_wconf 75' lang='grc' dir='ltr'>τὸ</span> <span class='ocrx_word' id='word_1_352' title='bbox 3561 2027 3804 2096; x_wconf 83' lang='grc' dir='ltr'>ἀμφοτέ-</span> 
     </span>
    </p>
   </div>
   <div class='ocr_carea' id='block_1_52' title="bbox 2241 2117 3808 2191">
    <p class='ocr_par' dir='ltr' id='par_1_52' title="bbox 2241 2117 3808 2191">
     <span class='ocr_line' id='line_1_52' title="bbox 2241 2117 3808 2191; baseline -0.001 -19"><span class='ocrx_word' id='word_1_353' title='bbox 2241 2137 2365 2191; x_wconf 88' lang='grc' dir='ltr'>ρους</span> <span class='ocrx_word' id='word_1_354' title='bbox 2411 2120 2550 2190; x_wconf 72' lang='grc' dir='ltr'>πρὸς</span> <span class='ocrx_word' id='word_1_355' title='bbox 2590 2121 2801 2172; x_wconf 88' lang='grc' dir='ltr'>ἐκεῖνον</span> <span class='ocrx_word' id='word_1_356' title='bbox 2835 2117 2951 2187; x_wconf 72' lang='grc' dir='ltr'>ἅμα</span> <span class='ocrx_word' id='word_1_357' title='bbox 2981 2118 3418 2187; x_wconf 85' lang='grc' dir='ltr'>παραγενέσθαι.</span> <span class='ocrx_word' id='word_1_358' title='bbox 3462 2118 3667 2171; x_wconf 85' lang='grc' dir='ltr'>Ἐδόκει</span> <span class='ocrx_word' id='word_1_359' title='bbox 3697 2119 3808 2185; x_wconf 83' lang='grc' dir='ltr'><strong>γὰρ</strong></span> 
     </span>
    </p>
   </div>
   <div class='ocr_carea' id='block_1_53' title="bbox 2238 2208 3807 2280">
    <p class='ocr_par' dir='ltr' id='par_1_53' title="bbox 2238 2208 3807 2280">
     <span class='ocr_line' id='line_1_53' title="bbox 2238 2208 3807 2280; baseline -0.003 -16"><span class='ocrx_word' id='word_1_360' title='bbox 2238 2213 2338 2264; x_wconf 88' lang='grc' dir='ltr'>οὐκ</span> <span class='ocrx_word' id='word_1_361' title='bbox 2380 2212 2619 2280; x_wconf 82' lang='grc' dir='ltr'>ἀσφαλὲς</span> <span class='ocrx_word' id='word_1_362' title='bbox 2653 2209 2828 2279; x_wconf 79' lang='grc' dir='ltr'>ταύτῃ</span> <span class='ocrx_word' id='word_1_363' title='bbox 2861 2209 3120 2275; x_wconf 79' lang='grc' dir='ltr'>γενέσθαι</span> <span class='ocrx_word' id='word_1_364' title='bbox 3169 2209 3269 2277; x_wconf 85' lang='grc' dir='ltr'>τὴν</span> <span class='ocrx_word' id='word_1_365' title='bbox 3307 2208 3584 2278; x_wconf 78' lang='grc' dir='ltr'>ἡμετέραν</span> <span class='ocrx_word' id='word_1_366' title='bbox 3616 2209 3807 2277; x_wconf 73' lang='grc' dir='ltr'>ἐπειδη-</span> 
     </span>
    </p>
   </div>
   <div class='ocr_carea' id='block_1_54' title="bbox 2243 2298 3806 2372">
    <p class='ocr_par' dir='ltr' id='par_1_54' title="bbox 2243 2298 3806 2372">
     <span class='ocr_line' id='line_1_54' title="bbox 2243 2298 3806 2372; baseline -0.002 -19"><span class='ocrx_word' id='word_1_367' title='bbox 2243 2303 2373 2372; x_wconf 84' lang='grc' dir='ltr'>μίαν</span> <span class='ocrx_word' id='word_1_368' title='bbox 2407 2305 2559 2370; x_wconf 88' lang='grc' dir='ltr'><strong>παρά</strong></span> <span class='ocrx_word' id='word_1_369' title='bbox 2605 2302 2698 2354; x_wconf 74' lang='grc' dir='ltr'>τὸν</span> <span class='ocrx_word' id='word_1_370' title='bbox 2756 2301 2922 2353; x_wconf 83' lang='grc' dir='ltr'>πάλαι</span> <span class='ocrx_word' id='word_1_371' title='bbox 2973 2300 3095 2352; x_wconf 84' lang='grc' dir='ltr'>καθ’</span> <span class='ocrx_word' id='word_1_372' title='bbox 3135 2300 3292 2368; x_wconf 74' lang='grc' dir='ltr'>ἡμῶν</span> <span class='ocrx_word' id='word_1_373' title='bbox 3331 2298 3806 2352; x_wconf 80' lang='grc' dir='ltr'>ἄδικον.ὠδίνοντα</span> 
     </span>
    </p>
   </div>
   <div class='ocr_carea' id='block_1_55' title="bbox 2239 2389 3798 2462">
    <p class='ocr_par' dir='ltr' id='par_1_55' title="bbox 2239 2389 3798 2462">
     <span class='ocr_line' id='line_1_55' title="bbox 2239 2389 3798 2462; baseline -0.001 -18"><span class='ocrx_word' id='word_1_374' title='bbox 2239 2393 2416 2460; x_wconf 85' lang='grc' dir='ltr'>φόνον.</span> <span class='ocrx_word' id='word_1_375' title='bbox 2451 2391 2655 2460; x_wconf 75' lang='grc' dir='ltr'>Συνέϐη</span> <span class='ocrx_word' id='word_1_376' title='bbox 2694 2389 2738 2444; x_wconf 79' lang='grc' dir='ltr'>δ’</span> <span class='ocrx_word' id='word_1_377' title='bbox 2783 2393 2932 2460; x_wconf 85' lang='grc' dir='ltr'>ὅμως</span> <span class='ocrx_word' id='word_1_378' title='bbox 2980 2393 3040 2444; x_wconf 80' lang='grc' dir='ltr'>τὸ</span> <span class='ocrx_word' id='word_1_379' title='bbox 3073 2392 3321 2462; x_wconf 75' lang='grc' dir='ltr'>φοϐερὸν,</span> <span class='ocrx_word' id='word_1_380' title='bbox 3352 2391 3490 2460; x_wconf 70' lang='grc' dir='ltr'>ἐμοῦ</span> <span class='ocrx_word' id='word_1_381' title='bbox 3529 2391 3629 2458; x_wconf 83' lang='grc' dir='ltr'>μὲν</span> <span class='ocrx_word' id='word_1_382' title='bbox 3657 2393 3798 2444; x_wconf 70' lang='grc' dir='ltr'>οἶκοι</span> 
     </span>
    </p>
   </div>
   <div class='ocr_carea' id='block_1_56' title="bbox 2241 2481 3800 2554">
    <p class='ocr_par' dir='ltr' id='par_1_56' title="bbox 2241 2481 3800 2554">
     <span class='ocr_line' id='line_1_56' title="bbox 2241 2481 3800 2554; baseline -0.002 -18"><span class='ocrx_word' id='word_1_383' title='bbox 2241 2484 2423 2554; x_wconf 80' lang='grc' dir='ltr'>μένειν</span> <span class='ocrx_word' id='word_1_384' title='bbox 2450 2485 2656 2536; x_wconf 84' lang='grc' dir='ltr'>ἐκεῖνον</span> <span class='ocrx_word' id='word_1_385' title='bbox 2683 2483 2768 2536; x_wconf 76' lang='grc' dir='ltr'>ἔτι</span> <span class='ocrx_word' id='word_1_386' title='bbox 2805 2481 3138 2552; x_wconf 80' lang='grc' dir='ltr'>νομίζοντος,</span> <span class='ocrx_word' id='word_1_387' title='bbox 3176 2483 3430 2535; x_wconf 87' lang='grc' dir='ltr'>κάκείνου</span> <span class='ocrx_word' id='word_1_388' title='bbox 3460 2483 3504 2535; x_wconf 79' lang='grc' dir='ltr'>δ’</span> <span class='ocrx_word' id='word_1_389' title='bbox 3535 2482 3602 2534; x_wconf 81' lang='grc' dir='ltr'>αὖ</span> <span class='ocrx_word' id='word_1_390' title='bbox 3638 2483 3800 2535; x_wconf 89' lang='grc' dir='ltr'>πάλιν</span> 
     </span>
    </p>
   </div>
   <div class='ocr_carea' id='block_1_57' title="bbox 2238 2573 3804 2646">
    <p class='ocr_par' dir='ltr' id='par_1_57' title="bbox 2238 2573 3804 2646">
     <span class='ocr_line' id='line_1_57' title="bbox 2238 2573 3804 2646; baseline -0.001 -18"><span class='ocrx_word' id='word_1_391' title='bbox 2238 2576 2366 2646; x_wconf 74' lang='grc' dir='ltr'>περὶ</span> <span class='ocrx_word' id='word_1_392' title='bbox 2399 2575 2533 2644; x_wconf 77' lang='grc' dir='ltr'>ἐμοῦ</span> <span class='ocrx_word' id='word_1_393' title='bbox 2567 2575 2634 2628; x_wconf 83' lang='grc' dir='ltr'><strong>τὰ</strong></span> <span class='ocrx_word' id='word_1_394' title='bbox 2681 2576 2770 2627; x_wconf 84' lang='grc' dir='ltr'>ῐσα</span> <span class='ocrx_word' id='word_1_395' title='bbox 2809 2573 3196 2643; x_wconf 76' lang='grc' dir='ltr'><strong>λογιζομένου⁹</strong></span> <span class='ocrx_word' id='word_1_396' title='bbox 3232 2574 3326 2627; x_wconf 76' lang='grc' dir='ltr'>καὶ</span> <span class='ocrx_word' id='word_1_397' title='bbox 3355 2573 3545 2644; x_wconf 80' lang='grc' dir='ltr'>ὥσπερ</span> <span class='ocrx_word' id='word_1_398' title='bbox 3573 2576 3636 2626; x_wconf 85' lang='grc' dir='ltr'><strong>ἐκ</strong></span> <span class='ocrx_word' id='word_1_399' title='bbox 3680 2592 3804 2627; x_wconf 87' lang='grc' dir='ltr'>συν-</span> 
     </span>
    </p>
   </div>
   <div class='ocr_carea' id='block_1_58' title="bbox 2239 2665 3802 2737">
    <p class='ocr_par' dir='ltr' id='par_1_58' title="bbox 2239 2665 3802 2737">
     <span class='ocr_line' id='line_1_58' title="bbox 2239 2665 3802 2737; baseline -0.001 -18"><span class='ocrx_word' id='word_1_400' title='bbox 2239 2666 2479 2737; x_wconf 85' lang='grc' dir='ltr'>θήματος</span> <span class='ocrx_word' id='word_1_401' title='bbox 2530 2666 2744 2719; x_wconf 78' lang='grc' dir='ltr'>οἴκοθεν</span> <span class='ocrx_word' id='word_1_402' title='bbox 2791 2665 3120 2728; x_wconf 77' lang='grc' dir='ltr'>ἐξελθόντων</span> <span class='ocrx_word' id='word_1_403' title='bbox 3154 2665 3389 2735; x_wconf 73' lang='grc' dir='ltr'>ἡμέραν,</span> <span class='ocrx_word' id='word_1_404' title='bbox 3431 2665 3481 2716; x_wconf 82' lang='grc' dir='ltr'><strong>εί</strong></span> <span class='ocrx_word' id='word_1_405' title='bbox 3517 2667 3802 2734; x_wconf 85' lang='grc' dir='ltr'>μέμνημαι</span> 
     </span>
    </p>
   </div>
   <div class='ocr_carea' id='block_1_59' title="bbox 2238 2754 3802 2828">
    <p class='ocr_par' dir='ltr' id='par_1_59' title="bbox 2238 2754 3802 2828">
     <span class='ocr_line' id='line_1_59' title="bbox 2238 2754 3802 2828; baseline -0.002 -16"><span class='ocrx_word' id='word_1_406' title='bbox 2238 2760 2441 2822; x_wconf 83' lang='grc' dir='ltr'>καλῶς,</span> <span class='ocrx_word' id='word_1_407' title='bbox 2497 2758 2595 2828; x_wconf 84' lang='grc' dir='ltr'>τὴν</span> <span class='ocrx_word' id='word_1_408' title='bbox 2660 2758 2864 2826; x_wconf 78' lang='grc' dir='ltr'>αὐτήν·</span> <span class='ocrx_word' id='word_1_409' title='bbox 2896 2757 2944 2808; x_wconf 87' lang='grc' dir='ltr'><strong>εί</strong></span> <span class='ocrx_word' id='word_1_410' title='bbox 3004 2755 3185 2822; x_wconf 83' lang='grc' dir='ltr'>βούλει</span> <span class='ocrx_word' id='word_1_411' title='bbox 3227 2755 3283 2806; x_wconf 73' lang='grc' dir='ltr'>δέ</span> <span class='ocrx_word' id='word_1_412' title='bbox 3339 2772 3426 2821; x_wconf 90' lang='grc' dir='ltr'><strong>γε,</strong></span> <span class='ocrx_word' id='word_1_413' title='bbox 3479 2757 3569 2809; x_wconf 82' lang='grc' dir='ltr'>καὶ</span> <span class='ocrx_word' id='word_1_414' title='bbox 3629 2754 3802 2824; x_wconf 82' lang='grc' dir='ltr'>ὥραν.</span> 
     </span>
    </p>
   </div>
   <div class='ocr_carea' id='block_1_60' title="bbox 2238 2841 3799 2914">
    <p class='ocr_par' dir='ltr' id='par_1_60' title="bbox 2238 2841 3799 2914">
     <span class='ocr_line' id='line_1_60' title="bbox 2238 2841 3799 2914; baseline -0.002 -14"><span class='ocrx_word' id='word_1_415' title='bbox 2238 2850 2506 2901; x_wconf 81' lang='grc' dir='ltr'>Συνέπεσε</span> <span class='ocrx_word' id='word_1_416' title='bbox 2564 2847 2620 2900; x_wconf 80' lang='grc' dir='ltr'>δέ</span> <span class='ocrx_word' id='word_1_417' title='bbox 2677 2865 2730 2900; x_wconf 90' lang='grc' dir='ltr'><strong>τι</strong></span> <span class='ocrx_word' id='word_1_418' title='bbox 2785 2847 2879 2899; x_wconf 78' lang='grc' dir='ltr'>καὶ</span> <span class='ocrx_word' id='word_1_419' title='bbox 2934 2847 3134 2914; x_wconf 86' lang='grc' dir='ltr'>χεῖρον.</span> <span class='ocrx_word' id='word_1_420' title='bbox 3174 2841 3326 2898; x_wconf 73' lang='grc' dir='ltr'>Εἶναι</span> <span class='ocrx_word' id='word_1_421' title='bbox 3373 2845 3481 2913; x_wconf 79' lang='grc' dir='ltr'>γὰρ</span> <span class='ocrx_word' id='word_1_422' title='bbox 3523 2847 3667 2913; x_wconf 76' lang='grc' dir='ltr'>ἀμφὶ</span> <span class='ocrx_word' id='word_1_423' title='bbox 3708 2846 3799 2897; x_wconf 83' lang='grc' dir='ltr'>τὸν</span> 
     </span>
    </p>
   </div>
   <div class='ocr_carea' id='block_1_61' title="bbox 2238 2929 3803 3008">
    <p class='ocr_par' dir='ltr' id='par_1_61' title="bbox 2238 2929 3803 3008">
     <span class='ocr_line' id='line_1_61' title="bbox 2238 2929 3803 3008; baseline -0.003 -13"><span class='ocrx_word' id='word_1_424' title='bbox 2238 2944 2454 3008; x_wconf 82' lang='grc' dir='ltr'>Πέρσην</span> <span class='ocrx_word' id='word_1_425' title='bbox 2493 2942 2619 3003; x_wconf 82' lang='grc' dir='ltr'>τοὺς</span> <span class='ocrx_word' id='word_1_426' title='bbox 2653 2939 2748 2992; x_wconf 74' lang='grc' dir='ltr'>καὶ</span> <span class='ocrx_word' id='word_1_427' title='bbox 2800 2929 3050 2992; x_wconf 77' lang='grc' dir='ltr'>ὁπωσοῦν</span> <span class='ocrx_word' id='word_1_428' title='bbox 3101 2937 3504 3006; x_wconf 79' lang='grc' dir='ltr'>ἐξηγουμένους</span> <span class='ocrx_word' id='word_1_429' title='bbox 3543 2939 3803 3004; x_wconf 84' lang='grc' dir='ltr'>Χριστια-</span> 
     </span>
    </p>
   </div>
   <div class='ocr_carea' id='block_1_62' title="bbox 2239 3017 3797 3098">
    <p class='ocr_par' dir='ltr' id='par_1_62' title="bbox 2239 3017 3797 3098">
     <span class='ocr_line' id='line_1_62' title="bbox 2239 3017 3797 3098; baseline -0.004 -12"><span class='ocrx_word' id='word_1_430' title='bbox 2239 3031 2342 3086; x_wconf 86' lang='grc' dir='ltr'><strong>νῶν</strong></span> <span class='ocrx_word' id='word_1_431' title='bbox 2367 3049 2382 3062; x_wconf 88' lang='grc'><strong>·</strong></span> <span class='ocrx_word' id='word_1_432' title='bbox 2417 3031 2558 3098; x_wconf 85' lang='grc' dir='ltr'>λέγω</span> <span class='ocrx_word' id='word_1_433' title='bbox 2587 3030 2642 3082; x_wconf 81' lang='grc' dir='ltr'><strong>δέ</strong></span> <span class='ocrx_word' id='word_1_434' title='bbox 2687 3031 2813 3092; x_wconf 67' lang='grc' dir='ltr'>τοὺς</span> <span class='ocrx_word' id='word_1_435' title='bbox 2839 3029 3098 3091; x_wconf 82' lang='grc' dir='ltr'>εἰωθότας</span> <span class='ocrx_word' id='word_1_436' title='bbox 3126 3028 3202 3090; x_wconf 87' lang='grc' dir='ltr'>ὡς</span> <span class='ocrx_word' id='word_1_437' title='bbox 3231 3017 3392 3081; x_wconf 77' lang='grc' dir='ltr'>αὐτὸν</span> <span class='ocrx_word' id='word_1_438' title='bbox 3429 3027 3797 3097; x_wconf 79' lang='grc' dir='ltr'>ἀφικνεῖσθαι.</span> 
     </span>
    </p>
   </div>
   <div class='ocr_carea' id='block_1_63' title="bbox 578 3117 2139 3195">
    <p class='ocr_par' dir='ltr' id='par_1_63' title="bbox 578 3117 2137 3193">
     <span class='ocr_line' id='line_1_63' title="bbox 578 3117 2137 3193; baseline 0.003 -23"><span class='ocrx_word' id='word_1_439' title='bbox 578 3119 748 3170; x_wconf 83' lang='lat' dir='ltr'><strong>aleam</strong></span> <span class='ocrx_word' id='word_1_440' title='bbox 785 3117 1054 3193; x_wconf 84' lang='lat' dir='ltr'><strong>subirent,</strong></span> <span class='ocrx_word' id='word_1_441' title='bbox 1085 3134 1246 3186; x_wconf 88' lang='lat' dir='ltr'><strong>quam</strong></span> <span class='ocrx_word' id='word_1_442' title='bbox 1284 3127 1343 3170; x_wconf 86' lang='lat' dir='ltr'><strong>ut</strong></span> <span class='ocrx_word' id='word_1_443' title='bbox 1367 3120 1580 3187; x_wconf 89' lang='lat' dir='ltr'><strong>jnhenti</strong></span> <span class='ocrx_word' id='word_1_444' title='bbox 1611 3136 1815 3174; x_wconf 90' lang='lat' dir='ltr'><strong>morem</strong></span> <span class='ocrx_word' id='word_1_445' title='bbox 1843 3137 1951 3174; x_wconf 91' lang='lat' dir='ltr'><strong>non</strong></span> <span class='ocrx_word' id='word_1_446' title='bbox 1985 3137 2137 3190; x_wconf 80' lang='lat' dir='ltr'><strong>gere-</strong></span> 
     </span>
    </p>
   </div>
   <div class='ocr_carea' id='block_1_64' title="bbox 2242 3117 3802 3195">
    <p class='ocr_par' dir='ltr' id='par_1_64' title="bbox 2251 3120 3802 3193">
     <span class='ocr_line' id='line_1_64' title="bbox 2251 3120 3802 3193; baseline -0.005 -15"><span class='ocrx_word' id='word_1_447' title='bbox 2251 3125 2487 3186; x_wconf 86' lang='grc' dir='ltr'>Ἐκεῖνός</span> <span class='ocrx_word' id='word_1_448' title='bbox 2540 3127 2610 3176; x_wconf 79' lang='grc' dir='ltr'><strong>τε</strong></span> <span class='ocrx_word' id='word_1_449' title='bbox 2641 3123 2754 3193; x_wconf 83' lang='grc' dir='ltr'>γὰρ</span> <span class='ocrx_word' id='word_1_450' title='bbox 2791 3123 2987 3185; x_wconf 84' lang='grc' dir='ltr'>αὐτοὺς</span> <span class='ocrx_word' id='word_1_451' title='bbox 3019 3122 3295 3189; x_wconf 75' lang='grc' dir='ltr'>ἐπιμελῶς</span> <span class='ocrx_word' id='word_1_452' title='bbox 3331 3120 3606 3191; x_wconf 77' lang='grc' dir='ltr'>ἥθροιζεν,</span> <span class='ocrx_word' id='word_1_453' title='bbox 3635 3120 3802 3188; x_wconf 80' lang='grc' dir='ltr'>άρδην</span> 
     </span>
    </p>
   </div>
   <div class='ocr_carea' id='block_1_65' title="bbox 576 3207 2138 3276">
    <p class='ocr_par' dir='ltr' id='par_1_65' title="bbox 576 3207 2138 3276">
     <span class='ocr_line' id='line_1_65' title="bbox 576 3207 2138 3276; baseline 0.003 -14"><span class='ocrx_word' id='word_1_454' title='bbox 576 3220 715 3262; x_wconf 82' lang='lat' dir='ltr'><strong>rent.</strong></span> <span class='ocrx_word' id='word_1_455' title='bbox 747 3207 850 3262; x_wconf 80' lang='lat' dir='ltr'><strong>Res</strong></span> <span class='ocrx_word' id='word_1_456' title='bbox 881 3223 1010 3263; x_wconf 85' lang='lat' dir='ltr'><strong>sane</strong></span> <span class='ocrx_word' id='word_1_457' title='bbox 1036 3209 1186 3276; x_wconf 87' lang='lat' dir='ltr'><strong>plena</strong></span> <span class='ocrx_word' id='word_1_458' title='bbox 1221 3210 1462 3276; x_wconf 83' lang='lat' dir='ltr'><strong>periculo</strong></span> <span class='ocrx_word' id='word_1_459' title='bbox 1487 3213 1740 3265; x_wconf 90' lang='lat' dir='ltr'><strong>omnibus</strong></span> <span class='ocrx_word' id='word_1_460' title='bbox 1761 3213 1952 3267; x_wconf 85' lang='lat' dir='ltr'><strong>merito</strong></span> <span class='ocrx_word' id='word_1_461' title='bbox 1985 3212 2138 3268; x_wconf 85' lang='lat' dir='ltr'><strong>vide-</strong></span> 
     </span>
    </p>
   </div>
   <div class='ocr_carea' id='block_1_66' title="bbox 578 3302 2138 3377">
    <p class='ocr_par' dir='ltr' id='par_1_66' title="bbox 578 3302 2138 3377">
     <span class='ocr_line' id='line_1_66' title="bbox 578 3302 2138 3377; baseline 0.004 -21"><span class='ocrx_word' id='word_1_462' title='bbox 578 3303 758 3366; x_wconf 83' lang='lat' dir='ltr'><strong>hatur,</strong></span> <span class='ocrx_word' id='word_1_463' title='bbox 785 3312 841 3355; x_wconf 86' lang='grc' dir='ltr'><strong>ιιι</strong></span> <span class='ocrx_word' id='word_1_464' title='bbox 865 3304 930 3355; x_wconf 89' lang='lat' dir='ltr'><strong>ad</strong></span> <span class='ocrx_word' id='word_1_465' title='bbox 955 3317 1077 3355; x_wconf 90' lang='lat' dir='ltr'><strong>eum</strong></span> <span class='ocrx_word' id='word_1_466' title='bbox 1102 3302 1340 3356; x_wconf 89' lang='lat' dir='ltr'><strong>universi</strong></span> <span class='ocrx_word' id='word_1_467' title='bbox 1364 3304 1525 3357; x_wconf 89' lang='lat' dir='ltr'><strong>simul</strong></span> <span class='ocrx_word' id='word_1_468' title='bbox 1556 3304 1916 3360; x_wconf 82' lang='lat' dir='ltr'><strong>confluerent.</strong></span> <span class='ocrx_word' id='word_1_469' title='bbox 1953 3306 2138 3377; x_wconf 84' lang='lat' dir='ltr'><strong>Neque</strong></span> 
     </span>
    </p>
   </div>
   <div class='ocr_carea' id='block_1_67' title="bbox 577 3393 2137 3467">
    <p class='ocr_par' dir='ltr' id='par_1_67' title="bbox 577 3393 2137 3467">
     <span class='ocr_line' id='line_1_67' title="bbox 577 3393 2137 3467; baseline 0.004 -21"><span class='ocrx_word' id='word_1_470' title='bbox 577 3393 720 3447; x_wconf 87' lang='lat' dir='ltr'><strong>enim</strong></span> <span class='ocrx_word' id='word_1_471' title='bbox 779 3404 932 3448; x_wconf 91' lang='lat' dir='ltr'><strong>crant</strong></span> <span class='ocrx_word' id='word_1_472' title='bbox 971 3396 1063 3465; x_wconf 89' lang='lat' dir='ltr'><strong>qui</strong></span> <span class='ocrx_word' id='word_1_473' title='bbox 1103 3399 1279 3450; x_wconf 88' lang='lat' dir='ltr'><strong>virmn</strong></span> <span class='ocrx_word' id='word_1_474' title='bbox 1337 3397 1642 3460; x_wconf 88' lang='lat' dir='ltr'><strong>nescirent,</strong></span> <span class='ocrx_word' id='word_1_475' title='bbox 1695 3397 1922 3467; x_wconf 86' lang='lat' dir='ltr'><strong>ejusque</strong></span> <span class='ocrx_word' id='word_1_476' title='bbox 1953 3399 2007 3452; x_wconf 91' lang='lat' dir='ltr'><strong>in</strong></span> <span class='ocrx_word' id='word_1_477' title='bbox 2042 3413 2137 3453; x_wconf 87' lang='lat' dir='ltr'><strong>eos</strong></span> 
     </span>
    </p>
   </div>
   <div class='ocr_carea' id='block_1_68' title="bbox 576 3484 2136 3554">
    <p class='ocr_par' dir='ltr' id='par_1_68' title="bbox 576 3484 2136 3554">
     <span class='ocr_line' id='line_1_68' title="bbox 576 3484 2136 3554; baseline 0.004 -17"><span class='ocrx_word' id='word_1_478' title='bbox 576 3484 949 3539; x_wconf 86' lang='lat' dir='ltr'><strong>voluntatem:</strong></span> <span class='ocrx_word' id='word_1_479' title='bbox 1012 3486 1132 3554; x_wconf 86' lang='lat' dir='ltr'><strong>ejus</strong></span> <span class='ocrx_word' id='word_1_480' title='bbox 1195 3498 1374 3540; x_wconf 83' lang='lat' dir='ltr'><strong>tamen</strong></span> <span class='ocrx_word' id='word_1_481' title='bbox 1432 3489 1703 3543; x_wconf 84' lang='lat' dir='ltr'><strong>mandatis</strong></span> <span class='ocrx_word' id='word_1_482' title='bbox 1754 3490 1899 3543; x_wconf 91' lang='lat' dir='ltr'><strong>nolle</strong></span> <span class='ocrx_word' id='word_1_483' title='bbox 1931 3505 2136 3544; x_wconf 91' lang='lat' dir='ltr'><strong>morem</strong></span> 
     </span>
    </p>
   </div>
   <div class='ocr_carea' id='block_1_69' title="bbox 578 3577 2136 3648">
    <p class='ocr_par' dir='ltr' id='par_1_69' title="bbox 578 3577 2136 3648">
     <span class='ocr_line' id='line_1_69' title="bbox 578 3577 2136 3648; baseline 0.003 -19"><span class='ocrx_word' id='word_1_484' title='bbox 578 3593 785 3642; x_wconf 73' lang='lat' dir='ltr'><strong>gerere,</strong></span> <span class='ocrx_word' id='word_1_485' title='bbox 817 3578 866 3630; x_wconf 81' lang='lat' dir='ltr'><strong>id</strong></span> <span class='ocrx_word' id='word_1_486' title='bbox 906 3593 1035 3633; x_wconf 91' lang='lat' dir='ltr'><strong>vero</strong></span> <span class='ocrx_word' id='word_1_487' title='bbox 1078 3579 1344 3647; x_wconf 80' lang='lat' dir='ltr'><strong>gravioris</strong></span> <span class='ocrx_word' id='word_1_488' title='bbox 1376 3577 1536 3646; x_wconf 80' lang='lat' dir='ltr'><strong>longe</strong></span> <span class='ocrx_word' id='word_1_489' title='bbox 1589 3581 1815 3648; x_wconf 88' lang='lat' dir='ltr'><strong>periculi</strong></span> <span class='ocrx_word' id='word_1_490' title='bbox 1845 3580 2136 3635; x_wconf 88' lang='lat' dir='ltr'><strong>ducebant.</strong></span> 
     </span>
    </p>
   </div>
   <div class='ocr_carea' id='block_1_70' title="bbox 576 3667 2137 3741">
    <p class='ocr_par' dir='ltr' id='par_1_70' title="bbox 576 3667 2137 3741">
     <span class='ocr_line' id='line_1_70' title="bbox 576 3667 2137 3741; baseline 0.002 -20"><span class='ocrx_word' id='word_1_491' title='bbox 576 3667 762 3736; x_wconf 85' lang='lat' dir='ltr'><strong>Neque</strong></span> <span class='ocrx_word' id='word_1_492' title='bbox 793 3669 935 3723; x_wconf 88' lang='lat' dir='ltr'><strong>enim</strong></span> <span class='ocrx_word' id='word_1_493' title='bbox 957 3686 1096 3732; x_wconf 89' lang='lat' dir='ltr'><strong>esse,</strong></span> <span class='ocrx_word' id='word_1_494' title='bbox 1119 3671 1211 3737; x_wconf 91' lang='lat' dir='ltr'><strong>qui</strong></span> <span class='ocrx_word' id='word_1_495' title='bbox 1236 3680 1560 3738; x_wconf 57' lang='lat' dir='ltr'><strong>contempta?</strong></span> <span class='ocrx_word' id='word_1_496' title='bbox 1587 3669 1853 3739; x_wconf 89' lang='lat' dir='ltr'><strong>jussionis</strong></span> <span class='ocrx_word' id='word_1_497' title='bbox 1879 3673 2137 3741; x_wconf 90' lang='lat' dir='ltr'><strong>injuriam</strong></span> 
     </span>
    </p>
   </div>
   <div class='ocr_carea' id='block_1_71' title="bbox 579 3761 2132 3831">
    <p class='ocr_par' dir='ltr' id='par_1_71' title="bbox 579 3761 2132 3831">
     <span class='ocr_line' id='line_1_71' title="bbox 579 3761 2132 3831; baseline 0.005 -19"><span class='ocrx_word' id='word_1_498' title='bbox 579 3761 764 3823; x_wconf 88' lang='lat' dir='ltr'><strong>ferret,</strong></span> <span class='ocrx_word' id='word_1_499' title='bbox 807 3770 901 3814; x_wconf 92' lang='lat' dir='ltr'><strong>aut</strong></span> <span class='ocrx_word' id='word_1_500' title='bbox 931 3762 1033 3814; x_wconf 89' lang='lat' dir='ltr'><strong>sibi</strong></span> <span class='ocrx_word' id='word_1_501' title='bbox 1086 3762 1200 3830; x_wconf 85' lang='lat' dir='ltr'><strong>ipse</strong></span> <span class='ocrx_word' id='word_1_502' title='bbox 1228 3762 1465 3831; x_wconf 89' lang='lat' dir='ltr'><strong>quietem</strong></span> <span class='ocrx_word' id='word_1_503' title='bbox 1509 3763 1876 3825; x_wconf 84' lang='lat' dir='ltr'><strong>imperaturus</strong></span> <span class='ocrx_word' id='word_1_504' title='bbox 1941 3771 2132 3820; x_wconf 85' lang='lat' dir='ltr'><strong>esset:</strong></span> 
     </span>
    </p>
   </div>
   <div class='ocr_carea' id='block_1_72' title="bbox 581 3851 2139 3924">
    <p class='ocr_par' dir='ltr' id='par_1_72' title="bbox 581 3851 2139 3924">
     <span class='ocr_line' id='line_1_72' title="bbox 581 3851 2139 3924; baseline 0.002 -19"><span class='ocrx_word' id='word_1_505' title='bbox 581 3851 695 3905; x_wconf 83' lang='lat' dir='ltr'><strong>fore</strong></span> <span class='ocrx_word' id='word_1_506' title='bbox 722 3861 921 3919; x_wconf 74' lang='lat' dir='ltr'><strong>autem,</strong></span> <span class='ocrx_word' id='word_1_507' title='bbox 974 3862 1244 3908; x_wconf 87' lang='lat' dir='ltr'><strong>utomnes</strong></span> <span class='ocrx_word' id='word_1_508' title='bbox 1276 3854 1434 3907; x_wconf 91' lang='lat' dir='ltr'><strong>vellet</strong></span> <span class='ocrx_word' id='word_1_509' title='bbox 1498 3855 1700 3924; x_wconf 89' lang='lat' dir='ltr'><strong>perire,</strong></span> <span class='ocrx_word' id='word_1_510' title='bbox 1762 3867 1930 3922; x_wconf 89' lang='lat' dir='ltr'><strong>utque</strong></span> <span class='ocrx_word' id='word_1_511' title='bbox 1955 3855 2139 3908; x_wconf 72' lang='lat' dir='ltr'><strong>volens</strong></span> 
     </span>
    </p>
   </div>
   <div class='ocr_carea' id='block_1_73' title="bbox 581 3942 2134 4014">
    <p class='ocr_par' dir='ltr' id='par_1_73' title="bbox 581 3942 2134 4014">
     <span class='ocr_line' id='line_1_73' title="bbox 581 3942 2134 4014; baseline 0.005 -23"><span class='ocrx_word' id='word_1_512' title='bbox 581 3944 806 4010; x_wconf 87' lang='lat' dir='ltr'><strong>perdere</strong></span> <span class='ocrx_word' id='word_1_513' title='bbox 837 3955 1036 4011; x_wconf 76' lang='lat' dir='ltr'><strong>posset.</strong></span> <span class='ocrx_word' id='word_1_514' title='bbox 1103 3942 1301 3997; x_wconf 85' lang='lat' dir='ltr'><strong>Malum</strong></span> <span class='ocrx_word' id='word_1_515' title='bbox 1345 3945 1529 4014; x_wconf 87' lang='lat' dir='ltr'><strong>itaque</strong></span> <span class='ocrx_word' id='word_1_516' title='bbox 1574 3945 1718 3998; x_wconf 89' lang='lat' dir='ltr'><strong>malo</strong></span> <span class='ocrx_word' id='word_1_517' title='bbox 1753 3954 2134 4014; x_wconf 64' lang='lat' dir='ltr'><strong>praeoptantes,</strong></span> 
     </span>
    </p>
   </div>
   <div class='ocr_carea' id='block_1_74' title="bbox 580 4033 2138 4103">
    <p class='ocr_par' dir='ltr' id='par_1_74' title="bbox 580 4033 2138 4103">
     <span class='ocr_line' id='line_1_74' title="bbox 580 4033 2138 4103; baseline -0.001 -17"><span class='ocrx_word' id='word_1_518' title='bbox 580 4047 845 4103; x_wconf 75' lang='lat' dir='ltr'><strong>Suamque</strong></span> <span class='ocrx_word' id='word_1_519' title='bbox 930 4035 1035 4089; x_wconf 87' lang='lat' dir='ltr'><strong>Deo</strong></span> <span class='ocrx_word' id='word_1_520' title='bbox 1103 4038 1548 4091; x_wconf 81' lang='lat' dir='ltr'><strong>commendantes</strong></span> <span class='ocrx_word' id='word_1_521' title='bbox 1628 4045 1875 4102; x_wconf 72' lang='lat' dir='ltr'><strong>sortem,</strong></span> <span class='ocrx_word' id='word_1_522' title='bbox 1949 4049 2016 4088; x_wconf 89' lang='lat' dir='ltr'><strong>ac</strong></span> <span class='ocrx_word' id='word_1_523' title='bbox 2084 4033 2138 4086; x_wconf 93' lang='lat' dir='ltr'><strong>in</strong></span> 
     </span>
    </p>
   </div>
   <div class='ocr_carea' id='block_1_75' title="bbox 581 4125 2136 4192">
    <p class='ocr_par' dir='ltr' id='par_1_75' title="bbox 581 4125 2136 4192">
     <span class='ocr_line' id='line_1_75' title="bbox 581 4125 2136 4192; baseline 0 -16"><span class='ocrx_word' id='word_1_524' title='bbox 581 4139 675 4184; x_wconf 74' lang='lat' dir='ltr'><strong>sne</strong></span> <span class='ocrx_word' id='word_1_525' title='bbox 727 4134 1041 4192; x_wconf 83' lang='lat' dir='ltr'><strong>peragentes</strong></span> <span class='ocrx_word' id='word_1_526' title='bbox 1105 4125 1229 4186; x_wconf 89' lang='lat' dir='ltr'><strong>iter,</strong></span> <span class='ocrx_word' id='word_1_527' title='bbox 1256 4126 1358 4180; x_wconf 66' lang='lat' dir='ltr'><strong>vice</strong></span> <span class='ocrx_word' id='word_1_528' title='bbox 1383 4142 1441 4180; x_wconf 91' lang='lat' dir='ltr'><strong>se</strong></span> <span class='ocrx_word' id='word_1_529' title='bbox 1482 4127 1690 4182; x_wconf 84' lang='lat' dir='ltr'><strong>ittt‘crtu</strong></span> <span class='ocrx_word' id='word_1_530' title='bbox 1725 4127 2136 4180; x_wconf 88' lang='lat' dir='ltr'><strong>commiserant.</strong></span> 
     </span>
    </p>
   </div>
   <div class='ocr_carea' id='block_1_76' title="bbox 2237 3210 3802 3285">
    <p class='ocr_par' dir='ltr' id='par_1_76' title="bbox 2237 3210 3802 3285">
     <span class='ocr_line' id='line_1_76' title="bbox 2237 3210 3802 3285; baseline -0.006 -16"><span class='ocrx_word' id='word_1_531' title='bbox 2237 3216 2494 3285; x_wconf 85' lang='grc' dir='ltr'>ἀφανίσαι</span> <span class='ocrx_word' id='word_1_532' title='bbox 2531 3217 2736 3276; x_wconf 80' lang='grc' dir='ltr'>πάντας</span> <span class='ocrx_word' id='word_1_533' title='bbox 2770 3212 3122 3283; x_wconf 75' lang='grc' dir='ltr'>βουλόμενος·</span> <span class='ocrx_word' id='word_1_534' title='bbox 3157 3213 3339 3273; x_wconf 82' lang='grc' dir='ltr'>αὐτοῖς</span> <span class='ocrx_word' id='word_1_535' title='bbox 3369 3229 3430 3264; x_wconf 88' lang='grc' dir='ltr'><strong>τε</strong></span> <span class='ocrx_word' id='word_1_536' title='bbox 3474 3210 3583 3262; x_wconf 85' lang='grc' dir='ltr'>δεῖν</span> <span class='ocrx_word' id='word_1_537' title='bbox 3627 3211 3802 3262; x_wconf 79' lang='grc' dir='ltr'>ἐδόκει</span> 
     </span>
    </p>
   </div>
   <div class='ocr_carea' id='block_1_77' title="bbox 2239 3301 3806 3376">
    <p class='ocr_par' dir='ltr' id='par_1_77' title="bbox 2239 3301 3806 3376">
     <span class='ocr_line' id='line_1_77' title="bbox 2239 3301 3806 3376; baseline -0.004 -15"><span class='ocrx_word' id='word_1_538' title='bbox 2239 3308 2673 3376; x_wconf 78' lang='grc' dir='ltr'>παραγενέσθαι,</span> <span class='ocrx_word' id='word_1_539' title='bbox 2706 3307 2800 3358; x_wconf 77' lang='grc' dir='ltr'>καὶ</span> <span class='ocrx_word' id='word_1_540' title='bbox 2841 3307 2932 3358; x_wconf 71' lang='grc' dir='ltr'>τὸν</span> <span class='ocrx_word' id='word_1_541' title='bbox 2977 3305 3085 3358; x_wconf 75' lang='grc' dir='ltr'>ἀπὸ</span> <span class='ocrx_word' id='word_1_542' title='bbox 3119 3305 3275 3357; x_wconf 83' lang='grc' dir='ltr'>τοῦδε</span> <span class='ocrx_word' id='word_1_543' title='bbox 3323 3304 3525 3370; x_wconf 80' lang='grc' dir='ltr'>μᾶλλον</span> <span class='ocrx_word' id='word_1_544' title='bbox 3553 3301 3806 3367; x_wconf 83' lang='grc' dir='ltr'>δέξασθαι</span> 
     </span>
    </p>
   </div>
   <div class='ocr_carea' id='block_1_78' title="bbox 2239 3394 3806 3465">
    <p class='ocr_par' dir='ltr' id='par_1_78' title="bbox 2239 3394 3806 3465">
     <span class='ocr_line' id='line_1_78' title="bbox 2239 3394 3806 3465; baseline -0.004 -15"><span class='ocrx_word' id='word_1_545' title='bbox 2239 3399 2480 3452; x_wconf 87' lang='grc' dir='ltr'>κίνδυνον</span> <span class='ocrx_word' id='word_1_546' title='bbox 2511 3397 2542 3465; x_wconf 86' lang='grc' dir='ltr'><strong>ἦ</strong></span> <span class='ocrx_word' id='word_1_547' title='bbox 2578 3399 2666 3448; x_wconf 69' lang='grc' dir='ltr'><strong>τὸν</strong></span> <span class='ocrx_word' id='word_1_548' title='bbox 2706 3398 2770 3449; x_wconf 88' lang='grc' dir='ltr'><strong>ἐκ</strong></span> <span class='ocrx_word' id='word_1_549' title='bbox 2803 3396 2899 3448; x_wconf 81' lang='grc' dir='ltr'>τοῦ</span> <span class='ocrx_word' id='word_1_550' title='bbox 2959 3394 3308 3463; x_wconf 80' lang='grc' dir='ltr'>παρακοῦσαι</span> <span class='ocrx_word' id='word_1_551' title='bbox 3341 3394 3433 3446; x_wconf 72' lang='grc' dir='ltr'>τοῦ</span> <span class='ocrx_word' id='word_1_552' title='bbox 3484 3394 3806 3445; x_wconf 76' lang='grc' dir='ltr'>ἐπιτάττον-</span> 
     </span>
    </p>
   </div>
   <div class='ocr_carea' id='block_1_79' title="bbox 2237 3485 3808 3558">
    <p class='ocr_par' dir='ltr' id='par_1_79' title="bbox 2237 3485 3808 3558">
     <span class='ocr_line' id='line_1_79' title="bbox 2237 3485 3808 3558; baseline -0.007 -14"><span class='ocrx_word' id='word_1_553' title='bbox 2237 3508 2348 3554; x_wconf 86' lang='grc' dir='ltr'>τος.</span> <span class='ocrx_word' id='word_1_554' title='bbox 2381 3487 2532 3542; x_wconf 81' lang='grc' dir='ltr'>Εἶναι</span> <span class='ocrx_word' id='word_1_555' title='bbox 2563 3489 2661 3558; x_wconf 81' lang='grc' dir='ltr'>μὲν</span> <span class='ocrx_word' id='word_1_556' title='bbox 2712 3488 2819 3558; x_wconf 90' lang='grc' dir='ltr'><strong>γάρ</strong></span> <span class='ocrx_word' id='word_1_557' title='bbox 2856 3488 3104 3540; x_wconf 86' lang='grc' dir='ltr'>κινδύνου</span> <span class='ocrx_word' id='word_1_558' title='bbox 3163 3489 3364 3554; x_wconf 71' lang='grc' dir='ltr'>μεστὸν</span> <span class='ocrx_word' id='word_1_559' title='bbox 3422 3486 3517 3538; x_wconf 78' lang='grc' dir='ltr'>καὶ</span> <span class='ocrx_word' id='word_1_560' title='bbox 3564 3486 3622 3537; x_wconf 73' lang='grc' dir='ltr'><strong>τὸ</strong></span> <span class='ocrx_word' id='word_1_561' title='bbox 3674 3485 3808 3552; x_wconf 79' lang='grc' dir='ltr'>πρὸς</span> 
     </span>
    </p>
   </div>
   <div class='ocr_carea' id='block_1_80' title="bbox 2240 3575 3802 3651">
    <p class='ocr_par' dir='ltr' id='par_1_80' title="bbox 2240 3575 3802 3651">
     <span class='ocr_line' id='line_1_80' title="bbox 2240 3575 3802 3651; baseline -0.006 -16"><span class='ocrx_word' id='word_1_562' title='bbox 2240 3583 2396 3635; x_wconf 80' lang='grc' dir='ltr'>αὐτὸν</span> <span class='ocrx_word' id='word_1_563' title='bbox 2427 3583 2544 3651; x_wconf 78' lang='grc' dir='ltr'>ἅμα</span> <span class='ocrx_word' id='word_1_564' title='bbox 2567 3579 3004 3650; x_wconf 77' lang='grc' dir='ltr'>παραγεγονέναι</span> <span class='ocrx_word' id='word_1_565' title='bbox 3031 3579 3232 3634; x_wconf 83' lang='grc' dir='ltr'>πάντες</span> <span class='ocrx_word' id='word_1_566' title='bbox 3263 3578 3498 3644; x_wconf 78' lang='grc' dir='ltr'>εὐλόγως</span> <span class='ocrx_word' id='word_1_567' title='bbox 3531 3575 3802 3644; x_wconf 78' lang='grc' dir='ltr'>ἐνόμιζον.</span> 
     </span>
    </p>
   </div>
   <div class='ocr_carea' id='block_1_81' title="bbox 2240 3665 3805 3739">
    <p class='ocr_par' dir='ltr' id='par_1_81' title="bbox 2240 3665 3805 3739">
     <span class='ocr_line' id='line_1_81' title="bbox 2240 3665 3805 3739; baseline -0.006 -14"><span class='ocrx_word' id='word_1_568' title='bbox 2240 3671 2376 3726; x_wconf 83' lang='grc' dir='ltr'>Οὐδὲ</span> <span class='ocrx_word' id='word_1_569' title='bbox 2427 3671 2538 3739; x_wconf 84' lang='grc' dir='ltr'>γὰρ</span> <span class='ocrx_word' id='word_1_570' title='bbox 2583 3670 2812 3739; x_wconf 75' lang='grc' dir='ltr'>ἠγνόουν</span> <span class='ocrx_word' id='word_1_571' title='bbox 2864 3670 2958 3720; x_wconf 57' lang='grc' dir='ltr'>τὶν</span> <span class='ocrx_word' id='word_1_572' title='bbox 2990 3668 3179 3737; x_wconf 78' lang='grc' dir='ltr'>ἄνδρα,</span> <span class='ocrx_word' id='word_1_573' title='bbox 3213 3667 3308 3720; x_wconf 70' lang='grc' dir='ltr'>καὶ</span> <span class='ocrx_word' id='word_1_574' title='bbox 3339 3667 3438 3734; x_wconf 80' lang='grc' dir='ltr'>τὴν</span> <span class='ocrx_word' id='word_1_575' title='bbox 3468 3667 3595 3735; x_wconf 72' lang='grc' dir='ltr'>περὶ</span> <span class='ocrx_word' id='word_1_576' title='bbox 3624 3665 3805 3716; x_wconf 80' lang='grc' dir='ltr'>αὐτῶν</span> 
     </span>
    </p>
   </div>
   <div class='ocr_carea' id='block_1_82' title="bbox 2243 3755 3802 3827">
    <p class='ocr_par' dir='ltr' id='par_1_82' title="bbox 2243 3755 3802 3827">
     <span class='ocr_line' id='line_1_82' title="bbox 2243 3755 3802 3827; baseline -0.004 -14"><span class='ocrx_word' id='word_1_577' title='bbox 2243 3760 2450 3813; x_wconf 86' lang='grc' dir='ltr'>ἐκείνου</span> <span class='ocrx_word' id='word_1_578' title='bbox 2475 3760 2738 3812; x_wconf 80' lang='grc' dir='ltr'>διάνοιαν.</span> <span class='ocrx_word' id='word_1_579' title='bbox 2770 3759 2841 3810; x_wconf 84' lang='grc' dir='ltr'>Τὸ</span> <span class='ocrx_word' id='word_1_580' title='bbox 2864 3756 2920 3810; x_wconf 78' lang='grc' dir='ltr'>δὲ</span> <span class='ocrx_word' id='word_1_581' title='bbox 2954 3758 3028 3827; x_wconf 86' lang='grc' dir='ltr'>μὴ</span> <span class='ocrx_word' id='word_1_582' title='bbox 3070 3759 3184 3819; x_wconf 89' lang='grc' dir='ltr'>τοῖς</span> <span class='ocrx_word' id='word_1_583' title='bbox 3217 3756 3409 3809; x_wconf 86' lang='grc' dir='ltr'>τούτου</span> <span class='ocrx_word' id='word_1_584' title='bbox 3440 3755 3802 3824; x_wconf 69' lang='grc' dir='ltr'>προστάγμα-</span> 
     </span>
    </p>
   </div>
   <div class='ocr_carea' id='block_1_83' title="bbox 2244 3845 3805 3917">
    <p class='ocr_par' dir='ltr' id='par_1_83' title="bbox 2244 3845 3805 3917">
     <span class='ocr_line' id='line_1_83' title="bbox 2244 3845 3805 3917; baseline -0.007 -13"><span class='ocrx_word' id='word_1_585' title='bbox 2244 3861 2328 3904; x_wconf 61' lang='lat' dir='ltr'><strong>etv</strong></span> <span class='ocrx_word' id='word_1_586' title='bbox 2361 3849 2530 3902; x_wconf 77' lang='grc' dir='ltr'>εἴκειν</span> <span class='ocrx_word' id='word_1_587' title='bbox 2563 3847 2743 3916; x_wconf 85' lang='grc' dir='ltr'>πολλῷ</span> <span class='ocrx_word' id='word_1_588' title='bbox 2780 3847 3160 3917; x_wconf 80' lang='grc' dir='ltr'>χαλεπωτέρου</span> <span class='ocrx_word' id='word_1_589' title='bbox 3193 3846 3465 3900; x_wconf 85' lang='grc' dir='ltr'>κινδύνου.</span> <span class='ocrx_word' id='word_1_590' title='bbox 3501 3847 3650 3914; x_wconf 76' lang='grc' dir='ltr'>Μήτε</span> <span class='ocrx_word' id='word_1_591' title='bbox 3697 3845 3805 3912; x_wconf 73' lang='grc' dir='ltr'><strong>γὰρ</strong></span> 
     </span>
    </p>
   </div>
   <div class='ocr_carea' id='block_1_84' title="bbox 2241 3932 3800 4008">
    <p class='ocr_par' dir='ltr' id='par_1_84' title="bbox 2241 3932 3800 4008">
     <span class='ocr_line' id='line_1_84' title="bbox 2241 3932 3800 4008; baseline -0.007 -16"><span class='ocrx_word' id='word_1_592' title='bbox 2241 3939 2409 3992; x_wconf 74' lang='grc' dir='ltr'>οἴσειν</span> <span class='ocrx_word' id='word_1_593' title='bbox 2438 3939 2600 3991; x_wconf 77' lang='grc' dir='ltr'>αὐτὸν</span> <span class='ocrx_word' id='word_1_594' title='bbox 2634 3941 2730 4008; x_wconf 80' lang='grc' dir='ltr'>τὴν</span> <span class='ocrx_word' id='word_1_595' title='bbox 2761 3941 2823 3990; x_wconf 84' lang='grc' dir='ltr'><strong>ἐκ</strong></span> <span class='ocrx_word' id='word_1_596' title='bbox 2855 3937 2952 4003; x_wconf 81' lang='grc' dir='ltr'>τῆς</span> <span class='ocrx_word' id='word_1_597' title='bbox 3004 3937 3290 4004; x_wconf 79' lang='grc' dir='ltr'>παρακοῆς</span> <span class='ocrx_word' id='word_1_598' title='bbox 3332 3935 3513 4004; x_wconf 77' lang='grc' dir='ltr'>ὕϐριν,</span> <span class='ocrx_word' id='word_1_599' title='bbox 3551 3933 3675 4003; x_wconf 84' lang='grc' dir='ltr'>μήτ’</span> <span class='ocrx_word' id='word_1_600' title='bbox 3700 3932 3800 3982; x_wconf 89' lang='grc' dir='ltr'>οὑκ</span> 
     </span>
    </p>
   </div>
   <div class='ocr_carea' id='block_1_85' title="bbox 2241 4010 3805 4101">
    <p class='ocr_par' dir='ltr' id='par_1_85' title="bbox 2241 4010 3805 4101">
     <span class='ocr_line' id='line_1_85' title="bbox 2241 4010 3805 4101; baseline -0.006 -17"><span class='ocrx_word' id='word_1_601' title='bbox 2241 4033 2610 4101; x_wconf 81' lang='grc' dir='ltr'>ἀνασχόμενον</span> <span class='ocrx_word' id='word_1_602' title='bbox 2645 4029 2966 4100; x_wconf 79' lang='grc' dir='ltr'>ἡσυχάζειν,</span> <span class='ocrx_word' id='word_1_603' title='bbox 3002 4028 3136 4079; x_wconf 85' lang='grc' dir='ltr'>ἁλλά</span> <span class='ocrx_word' id='word_1_604' title='bbox 3172 4028 3424 4094; x_wconf 81' lang='grc' dir='ltr'>θελήσειν</span> <span class='ocrx_word' id='word_1_605' title='bbox 3457 4027 3558 4096; x_wconf 82' lang='grc' dir='ltr'>μὲν</span> <span class='ocrx_word' id='word_1_606' title='bbox 3609 4010 3805 4084; x_wconf 50' lang='grc' dir='ltr'>αὐτους</span> 
     </span>
    </p>
   </div>
   <div class='ocr_carea' id='block_1_86' title="bbox 2243 4115 3806 4190">
    <p class='ocr_par' dir='ltr' id='par_1_86' title="bbox 2243 4115 3806 4190">
     <span class='ocr_line' id='line_1_86' title="bbox 2243 4115 3806 4190; baseline -0.006 -17"><span class='ocrx_word' id='word_1_607' title='bbox 2243 4122 2568 4190; x_wconf 83' lang='grc' dir='ltr'>διαφθεῖραι,</span> <span class='ocrx_word' id='word_1_608' title='bbox 2587 4121 2891 4190; x_wconf 84' lang='grc' dir='ltr'>θελήσαντα</span> <span class='ocrx_word' id='word_1_609' title='bbox 2916 4118 2992 4180; x_wconf 83' lang='grc' dir='ltr'>δὲ,</span> <span class='ocrx_word' id='word_1_610' title='bbox 3022 4116 3369 4186; x_wconf 83' lang='grc' dir='ltr'>δυνήσεσθαι.</span> <span class='ocrx_word' id='word_1_611' title='bbox 3397 4116 3504 4168; x_wconf 75' lang='grc' dir='ltr'><strong>Καὶ</strong></span> <span class='ocrx_word' id='word_1_612' title='bbox 3531 4116 3617 4167; x_wconf 77' lang='grc' dir='ltr'><strong>διὰ</strong></span> <span class='ocrx_word' id='word_1_613' title='bbox 3637 4115 3806 4166; x_wconf 74' lang='grc' dir='ltr'>ταῦτα</span> 
     </span>
    </p>
   </div>
   <div class='ocr_carea' id='block_1_87' title="bbox 580 4204 3808 4289">
    <p class='ocr_par' dir='ltr' id='par_1_87' title="bbox 580 4204 3808 4289">
     <span class='ocr_line' id='line_1_87' title="bbox 580 4204 3808 4289; baseline -0.005 -20"><span class='ocrx_word' id='word_1_614' title='bbox 580 4217 750 4270; x_wconf 78' lang='grc' dir='ltr'>κακοῦ</span> <span class='ocrx_word' id='word_1_615' title='bbox 801 4217 969 4270; x_wconf 78' lang='grc' dir='ltr'>κακὸν</span> <span class='ocrx_word' id='word_1_616' title='bbox 1015 4219 1662 4289; x_wconf 80' lang='grc' dir='ltr'>προελόμενοι,ἦπτοντο</span> <span class='ocrx_word' id='word_1_617' title='bbox 1708 4219 1808 4288; x_wconf 80' lang='grc' dir='ltr'>τῆς</span> <span class='ocrx_word' id='word_1_618' title='bbox 1843 4218 1987 4283; x_wconf 85' lang='grc' dir='ltr'>ὁδοῦ,</span> <span class='ocrx_word' id='word_1_619' title='bbox 2052 4214 2171 4282; x_wconf 85' lang='grc' dir='ltr'><strong>Θεῷ</strong></span> <span class='ocrx_word' id='word_1_620' title='bbox 2236 4213 2296 4266; x_wconf 81' lang='grc' dir='ltr'>τὸ</span> <span class='ocrx_word' id='word_1_621' title='bbox 2359 4214 2476 4265; x_wconf 81' lang='grc' dir='ltr'>κατ’</span> <span class='ocrx_word' id='word_1_622' title='bbox 2540 4213 2738 4272; x_wconf 67' lang='grc' dir='ltr'>αὐτοὺς</span> <span class='ocrx_word' id='word_1_623' title='bbox 2797 4209 3220 4280; x_wconf 78' lang='grc' dir='ltr'>ἐπιτρέποντες,</span> <span class='ocrx_word' id='word_1_624' title='bbox 3275 4209 3371 4260; x_wconf 77' lang='grc' dir='ltr'>καὶ</span> <span class='ocrx_word' id='word_1_625' title='bbox 3433 4207 3534 4259; x_wconf 73' lang='grc' dir='ltr'>σὺν</span> <span class='ocrx_word' id='word_1_626' title='bbox 3590 4204 3808 4258; x_wconf 79' lang='grc' dir='ltr'>ἐλπίσιν</span> 
     </span>
    </p>
   </div>
   <div class='ocr_carea' id='block_1_88' title="bbox 577 4311 874 4373">
    <p class='ocr_par' dir='ltr' id='par_1_88' title="bbox 577 4311 874 4373">
     <span class='ocr_line' id='line_1_88' title="bbox 577 4311 874 4373; baseline 0 -9"><span class='ocrx_word' id='word_1_627' title='bbox 577 4311 874 4373; x_wconf 76' lang='grc' dir='ltr'>ὁδεύοντες.</span> 
     </span>
    </p>
   </div>
   <div class='ocr_carea' id='block_1_89' title="bbox 652 4451 2139 4556">
    <p class='ocr_par' dir='ltr' id='par_1_89' title="bbox 652 4481 2136 4556">
     <span class='ocr_line' id='line_1_89' title="bbox 652 4481 2136 4556; baseline -0.001 -17"><span class='ocrx_word' id='word_1_628' title='bbox 652 4486 1118 4556; x_wconf 72' lang='lat' dir='ltr'><strong>Enimvero,quotl</strong></span> <span class='ocrx_word' id='word_1_629' title='bbox 1147 4487 1212 4539; x_wconf 90' lang='lat' dir='ltr'><strong>de</strong></span> <span class='ocrx_word' id='word_1_630' title='bbox 1248 4501 1331 4539; x_wconf 91' lang='lat' dir='ltr'><strong>me</strong></span> <span class='ocrx_word' id='word_1_631' title='bbox 1365 4500 1582 4553; x_wconf 87' lang='lat' dir='ltr'><strong>quoque</strong></span> <span class='ocrx_word' id='word_1_632' title='bbox 1609 4500 1670 4539; x_wconf 90' lang='lat' dir='ltr'><strong>ac</strong></span> <span class='ocrx_word' id='word_1_633' title='bbox 1700 4485 1868 4539; x_wconf 83' lang='lat' dir='ltr'><strong>fratre</strong></span> <span class='ocrx_word' id='word_1_634' title='bbox 1903 4481 2136 4554; x_wconf 62' lang='lat' dir='ltr'><strong>persua-</strong></span> 
     </span>
    </p>
   </div>
   <div class='ocr_carea' id='block_1_90' title="bbox 2242 4451 3807 4556">
    <p class='ocr_par' dir='ltr' id='par_1_90' title="bbox 2313 4469 3807 4548">
     <span class='ocr_line' id='line_1_90' title="bbox 2313 4469 3807 4548; baseline -0.007 -14"><span class='ocrx_word' id='word_1_635' title='bbox 2313 4481 2384 4534; x_wconf 80' lang='grc' dir='ltr'><strong>Οὖ</strong></span> <span class='ocrx_word' id='word_1_636' title='bbox 2417 4479 2524 4548; x_wconf 73' lang='grc' dir='ltr'>μὴν</span> <span class='ocrx_word' id='word_1_637' title='bbox 2556 4477 2688 4529; x_wconf 85' lang='grc' dir='ltr'>ἀλλὰ</span> <span class='ocrx_word' id='word_1_638' title='bbox 2717 4474 2809 4528; x_wconf 65' lang='grc' dir='ltr'><strong>καὶ</strong></span> <span class='ocrx_word' id='word_1_639' title='bbox 2838 4474 2899 4526; x_wconf 77' lang='grc' dir='ltr'>τὸ</span> <span class='ocrx_word' id='word_1_640' title='bbox 2934 4472 3212 4527; x_wconf 88' lang='grc' dir='ltr'>πιστεύειν</span> <span class='ocrx_word' id='word_1_641' title='bbox 3243 4472 3479 4533; x_wconf 78' lang='grc' dir='ltr'>ἐκείνους</span> <span class='ocrx_word' id='word_1_642' title='bbox 3509 4473 3632 4542; x_wconf 70' lang='grc' dir='ltr'>περὶ</span> <span class='ocrx_word' id='word_1_643' title='bbox 3667 4469 3807 4538; x_wconf 65' lang='grc' dir='ltr'>ἐμοῦ</span> 
     </span>
    </p>
   </div>
   <div class='ocr_carea' id='block_1_91' title="bbox 581 4567 2139 4641">
    <p class='ocr_par' dir='ltr' id='par_1_91' title="bbox 581 4567 2139 4641">
     <span class='ocr_line' id='line_1_91' title="bbox 581 4567 2139 4641; baseline -0.002 -7"><span class='ocrx_word' id='word_1_644' title='bbox 581 4597 700 4634; x_wconf 91' lang='lat' dir='ltr'><strong>sum</strong></span> <span class='ocrx_word' id='word_1_645' title='bbox 734 4567 1011 4641; x_wconf 65' lang='lat' dir='ltr'><strong>haberent,</strong></span> <span class='ocrx_word' id='word_1_646' title='bbox 1063 4577 1202 4631; x_wconf 86' lang='lat' dir='ltr'><strong>haud</strong></span> <span class='ocrx_word' id='word_1_647' title='bbox 1256 4576 1372 4631; x_wconf 86' lang='lat' dir='ltr'><strong>fore</strong></span> <span class='ocrx_word' id='word_1_648' title='bbox 1408 4576 1570 4630; x_wconf 87' lang='lat' dir='ltr'><strong>simul</strong></span> <span class='ocrx_word' id='word_1_649' title='bbox 1607 4587 1732 4631; x_wconf 91' lang='lat' dir='ltr'><strong>tunc</strong></span> <span class='ocrx_word' id='word_1_650' title='bbox 1748 4577 2007 4631; x_wconf 78' lang='lat' dir='ltr'><strong>&#39;adituros</strong></span> <span class='ocrx_word' id='word_1_651' title='bbox 2037 4577 2139 4631; x_wconf 90' lang='lat' dir='ltr'><strong>im-</strong></span> 
     </span>
    </p>
   </div>
   <div class='ocr_carea' id='block_1_92' title="bbox 581 4671 2139 4740">
    <p class='ocr_par' dir='ltr' id='par_1_92' title="bbox 581 4671 2139 4740">
     <span class='ocr_line' id='line_1_92' title="bbox 581 4671 2139 4740; baseline -0.002 -11"><span class='ocrx_word' id='word_1_652' title='bbox 581 4675 954 4729; x_wconf 87' lang='lat' dir='ltr'><strong>manissimam</strong></span> <span class='ocrx_word' id='word_1_653' title='bbox 1013 4672 1286 4725; x_wconf 88' lang='lat' dir='ltr'><strong>bellnam:</strong></span> <span class='ocrx_word' id='word_1_654' title='bbox 1325 4672 1416 4740; x_wconf 91' lang='lat' dir='ltr'><strong>qtti</strong></span> <span class='ocrx_word' id='word_1_655' title='bbox 1472 4671 1728 4725; x_wconf 90' lang='lat' dir='ltr'><strong>nimirum</strong></span> <span class='ocrx_word' id='word_1_656' title='bbox 1774 4672 1998 4736; x_wconf 89' lang='lat' dir='ltr'><strong>scirent,</strong></span> <span class='ocrx_word' id='word_1_657' title='bbox 2029 4687 2139 4726; x_wconf 89' lang='lat' dir='ltr'><strong>non</strong></span> 
     </span>
    </p>
   </div>
   <div class='ocr_carea' id='block_1_93' title="bbox 582 4761 2143 4832">
    <p class='ocr_par' dir='ltr' id='par_1_93' title="bbox 582 4761 2143 4832">
     <span class='ocr_line' id='line_1_93' title="bbox 582 4761 2143 4832; baseline -0.001 -18"><span class='ocrx_word' id='word_1_658' title='bbox 582 4765 722 4832; x_wconf 85' lang='lat' dir='ltr'><strong>quod</strong></span> <span class='ocrx_word' id='word_1_659' title='bbox 750 4761 1033 4818; x_wconf 82' lang='lat' dir='ltr'><strong>accidisset</strong></span> <span class='ocrx_word' id='word_1_660' title='bbox 1067 4763 1307 4825; x_wconf 87' lang='lat' dir='ltr'><strong>fortuna,</strong></span> <span class='ocrx_word' id='word_1_661' title='bbox 1350 4762 1439 4815; x_wconf 87' lang='lat' dir='ltr'><strong>sed</strong></span> <span class='ocrx_word' id='word_1_662' title='bbox 1471 4764 1613 4830; x_wconf 88' lang='lat' dir='ltr'><strong>quod</strong></span> <span class='ocrx_word' id='word_1_663' title='bbox 1646 4763 1984 4816; x_wconf 54' lang='lat' dir='ltr'><strong>esset‘nobis</strong></span> <span class='ocrx_word' id='word_1_664' title='bbox 2012 4777 2143 4816; x_wconf 85' lang='lat' dir='ltr'><strong>con-</strong></span> 
     </span>
    </p>
   </div>
   <div class='ocr_carea' id='block_1_94' title="bbox 580 4852 2140 4923">
    <p class='ocr_par' dir='ltr' id='par_1_94' title="bbox 580 4852 2140 4923">
     <span class='ocr_line' id='line_1_94' title="bbox 580 4852 2140 4923; baseline -0.001 -17"><span class='ocrx_word' id='word_1_665' title='bbox 580 4855 846 4920; x_wconf 86' lang='lat' dir='ltr'><strong>stitutum,</strong></span> <span class='ocrx_word' id='word_1_666' title='bbox 904 4869 1152 4923; x_wconf 82' lang='lat' dir='ltr'><strong>magnam</strong></span> <span class='ocrx_word' id='word_1_667' title='bbox 1243 4861 1447 4922; x_wconf 83' lang='lat' dir='ltr'><strong>partem</strong></span> <span class='ocrx_word' id='word_1_668' title='bbox 1501 4855 1749 4906; x_wconf 88' lang='lat' dir='ltr'><strong>timorem</strong></span> <span class='ocrx_word' id='word_1_669' title='bbox 1797 4852 2140 4921; x_wconf 87' lang='lat' dir='ltr'><strong>dispellebat,</strong></span> 
     </span>
    </p>
   </div>
   <div class='ocr_carea' id='block_1_95' title="bbox 583 4941 2144 5007">
    <p class='ocr_par' dir='ltr' id='par_1_95' title="bbox 583 4941 2144 5007">
     <span class='ocr_line' id='line_1_95' title="bbox 583 4941 2144 5007; baseline 0.003 -18"><span class='ocrx_word' id='word_1_670' title='bbox 583 4941 892 5007; x_wconf 70' lang='lat' dir='ltr'><strong>iustamque</strong></span> <span class='ocrx_word' id='word_1_671' title='bbox 942 4942 1272 4996; x_wconf 81' lang='lat' dir='ltr'><strong>subntovens</strong></span> <span class='ocrx_word' id='word_1_672' title='bbox 1309 4941 1700 5006; x_wconf 79' lang='lat' dir='ltr'><strong>suspicionem,</strong></span> <span class='ocrx_word' id='word_1_673' title='bbox 1727 4942 1915 4994; x_wconf 88' lang='lat' dir='ltr'><strong>venire</strong></span> <span class='ocrx_word' id='word_1_674' title='bbox 1949 4941 2144 4994; x_wconf 56' lang='lat' dir='ltr'><strong>invita;</strong></span> 
     </span>
    </p>
   </div>
   <div class='ocr_carea' id='block_1_96' title="bbox 571 4955 2142 5102">
    <p class='ocr_par' dir='ltr' id='par_1_96' title="bbox 571 4955 2142 5102">
     <span class='ocr_line' id='line_1_96' title="bbox 604 4955 2142 5007; baseline 0.003 -18"><span class='ocrx_word' id='word_1_675' title='bbox 604 4955 892 5007; x_wconf 76' lang='lat' dir='ltr'><strong>usramque</strong></span> <span class='ocrx_word' id='word_1_676' title='bbox 942 4955 1272 4996; x_wconf 79' lang='lat' dir='ltr'><strong>suumovens</strong></span> <span class='ocrx_word' id='word_1_677' title='bbox 1309 4957 1700 5006; x_wconf 81' lang='lat' dir='ltr'><strong>susptcwnem,</strong></span> <span class='ocrx_word' id='word_1_678' title='bbox 1727 4957 1915 4994; x_wconf 86' lang='lat' dir='ltr'><strong>ventre</strong></span> <span class='ocrx_word' id='word_1_679' title='bbox 1949 4955 2142 4994; x_wconf 86' lang='lat' dir='ltr'><strong>tnvtta-</strong></span> 
     </span>
     <span class='ocr_line' id='line_1_97' title="bbox 571 4955 2142 5102; baseline 0 -21"><span class='ocrx_word' id='word_1_680' title='bbox 571 4955 694 5082; x_wconf 53' lang='grc' dir='ltr'>λοι.</span> <span class='ocrx_word' id='word_1_681' title='bbox 726 5027 1002 5082; x_wconf 81' lang='lat' dir='ltr'><strong>Noverant</strong></span> <span class='ocrx_word' id='word_1_682' title='bbox 1056 5032 1198 5084; x_wconf 87' lang='lat' dir='ltr'><strong>enim</strong></span> <span class='ocrx_word' id='word_1_683' title='bbox 1229 5031 1362 5096; x_wconf 82' lang='lat' dir='ltr'><strong>fore,</strong></span> <span class='ocrx_word' id='word_1_684' title='bbox 1393 5042 1449 5085; x_wconf 89' lang='lat' dir='ltr'><strong>ut</strong></span> <span class='ocrx_word' id='word_1_685' title='bbox 1479 5031 1677 5086; x_wconf 88' lang='lat' dir='ltr'><strong>inferni</strong></span> <span class='ocrx_word' id='word_1_686' title='bbox 1715 5031 1889 5085; x_wconf 90' lang='lat' dir='ltr'><strong>instar</strong></span> <span class='ocrx_word' id='word_1_687' title='bbox 1920 5031 2142 5102; x_wconf 72' lang='lat' dir='ltr'><strong>univer-</strong></span> 
     </span>
    </p>
   </div>
   <div class='ocr_carea' id='block_1_97' title="bbox 582 5120 2144 5193">
    <p class='ocr_par' dir='ltr' id='par_1_97' title="bbox 582 5120 2144 5193">
     <span class='ocr_line' id='line_1_98' title="bbox 582 5120 2144 5193; baseline -0.001 -19"><span class='ocrx_word' id='word_1_688' title='bbox 582 5122 657 5175; x_wconf 90' lang='lat' dir='ltr'><strong>sis</strong></span> <span class='ocrx_word' id='word_1_689' title='bbox 717 5120 1069 5174; x_wconf 72' lang='lat' dir='ltr'><strong>absorhcndis</strong></span> <span class='ocrx_word' id='word_1_690' title='bbox 1123 5122 1283 5176; x_wconf 85' lang='lat' dir='ltr'><strong>hians</strong></span> <span class='ocrx_word' id='word_1_691' title='bbox 1337 5134 1622 5193; x_wconf 86' lang='lat' dir='ltr'><strong>tyrannus,</strong></span> <span class='ocrx_word' id='word_1_692' title='bbox 1672 5124 1794 5193; x_wconf 90' lang='lat' dir='ltr'><strong>jure</strong></span> <span class='ocrx_word' id='word_1_693' title='bbox 1852 5122 2044 5175; x_wconf 90' lang='lat' dir='ltr'><strong>merito</strong></span> <span class='ocrx_word' id='word_1_694' title='bbox 2077 5122 2144 5175; x_wconf 90' lang='lat' dir='ltr'><strong>ti-</strong></span> 
     </span>
    </p>
   </div>
   <div class='ocr_carea' id='block_1_98' title="bbox 583 5213 2142 5276">
    <p class='ocr_par' dir='ltr' id='par_1_98' title="bbox 583 5213 2142 5276">
     <span class='ocr_line' id='line_1_99' title="bbox 583 5213 2142 5276; baseline -0.001 -8"><span class='ocrx_word' id='word_1_695' title='bbox 583 5214 835 5268; x_wconf 66' lang='lat' dir='ltr'><strong>mendum</strong></span> <span class='ocrx_word' id='word_1_696' title='bbox 893 5213 1135 5276; x_wconf 85' lang='lat' dir='ltr'><strong>haberet,</strong></span> <span class='ocrx_word' id='word_1_697' title='bbox 1187 5230 1254 5268; x_wconf 90' lang='lat' dir='ltr'><strong>ne</strong></span> <span class='ocrx_word' id='word_1_698' title='bbox 1280 5217 1326 5270; x_wconf 90' lang='lat' dir='ltr'><strong>ei</strong></span> <span class='ocrx_word' id='word_1_699' title='bbox 1382 5218 1432 5268; x_wconf 93' lang='lat' dir='ltr'><strong>in</strong></span> <span class='ocrx_word' id='word_1_700' title='bbox 1464 5215 1798 5269; x_wconf 86' lang='lat' dir='ltr'><strong>contrarium</strong></span> <span class='ocrx_word' id='word_1_701' title='bbox 1851 5214 2142 5268; x_wconf 86' lang='lat' dir='ltr'><strong>consilium</strong></span> 
     </span>
    </p>
   </div>
   <div class='ocr_carea' id='block_1_99' title="bbox 581 5306 2145 5376">
    <p class='ocr_par' dir='ltr' id='par_1_99' title="bbox 581 5306 2145 5376">
     <span class='ocr_line' id='line_1_100' title="bbox 581 5306 2145 5376; baseline -0.003 -14"><span class='ocrx_word' id='word_1_702' title='bbox 581 5315 903 5367; x_wconf 87' lang='lat' dir='ltr'><strong>verteretur,</strong></span> <span class='ocrx_word' id='word_1_703' title='bbox 935 5313 991 5358; x_wconf 92' lang='lat' dir='ltr'><strong>ut</strong></span> <span class='ocrx_word' id='word_1_704' title='bbox 1018 5306 1070 5358; x_wconf 94' lang='lat' dir='ltr'><strong>in</strong></span> <span class='ocrx_word' id='word_1_705' title='bbox 1101 5321 1286 5360; x_wconf 87' lang='lat' dir='ltr'><strong>omnes</strong></span> <span class='ocrx_word' id='word_1_706' title='bbox 1312 5307 1656 5375; x_wconf 88' lang='lat' dir='ltr'><strong>impudenter</strong></span> <span class='ocrx_word' id='word_1_707' title='bbox 1678 5315 1892 5376; x_wconf 81' lang='lat' dir='ltr'><strong>putaret</strong></span> <span class='ocrx_word' id='word_1_708' title='bbox 1913 5306 2145 5360; x_wconf 77' lang='lat' dir='ltr'><strong>Saevit-n-</strong></span> 
     </span>
    </p>
   </div>
   <div class='ocr_carea' id='block_1_100' title="bbox 581 5397 2143 5465">
    <p class='ocr_par' dir='ltr' id='par_1_100' title="bbox 581 5397 2143 5465">
     <span class='ocr_line' id='line_1_101' title="bbox 581 5397 2143 5465; baseline 0.001 -16"><span class='ocrx_word' id='word_1_709' title='bbox 581 5399 730 5460; x_wconf 89' lang='lat' dir='ltr'><strong>dmn,</strong></span> <span class='ocrx_word' id='word_1_710' title='bbox 797 5411 919 5450; x_wconf 91' lang='lat' dir='ltr'><strong>cum</strong></span> <span class='ocrx_word' id='word_1_711' title='bbox 957 5411 1057 5449; x_wconf 90' lang='lat' dir='ltr'><strong>nos</strong></span> <span class='ocrx_word' id='word_1_712' title='bbox 1097 5397 1148 5449; x_wconf 91' lang='lat' dir='ltr'><strong>in</strong></span> <span class='ocrx_word' id='word_1_713' title='bbox 1187 5406 1456 5464; x_wconf 85' lang='lat' dir='ltr'><strong>potestate</strong></span> <span class='ocrx_word' id='word_1_714' title='bbox 1512 5401 1721 5465; x_wconf 91' lang='lat' dir='ltr'><strong>positos</strong></span> <span class='ocrx_word' id='word_1_715' title='bbox 1761 5415 1865 5452; x_wconf 89' lang='lat' dir='ltr'><strong>non</strong></span> <span class='ocrx_word' id='word_1_716' title='bbox 1901 5400 2143 5452; x_wconf 73' lang='lat' dir='ltr'><strong>haberet.</strong></span> 
     </span>
    </p>
   </div>
   <div class='ocr_carea' id='block_1_101' title="bbox 586 5488 2144 5558">
    <p class='ocr_par' dir='ltr' id='par_1_101' title="bbox 586 5488 2144 5558">
     <span class='ocr_line' id='line_1_102' title="bbox 586 5488 2144 5558; baseline -0.001 -13"><span class='ocrx_word' id='word_1_717' title='bbox 586 5490 686 5545; x_wconf 65' lang='lat' dir='ltr'><strong>libi</strong></span> <span class='ocrx_word' id='word_1_718' title='bbox 718 5499 897 5544; x_wconf 89' lang='lat' dir='ltr'><strong>autem</strong></span> <span class='ocrx_word' id='word_1_719' title='bbox 935 5488 1239 5549; x_wconf 87' lang='lat' dir='ltr'><strong>venientes.</strong></span> <span class='ocrx_word' id='word_1_720' title='bbox 1273 5504 1357 5542; x_wconf 88' lang='lat' dir='ltr'><strong>me</strong></span> <span class='ocrx_word' id='word_1_721' title='bbox 1395 5505 1517 5542; x_wconf 92' lang='lat' dir='ltr'><strong>cum</strong></span> <span class='ocrx_word' id='word_1_722' title='bbox 1549 5489 1714 5542; x_wconf 87' lang='lat' dir='ltr'><strong>fratre</strong></span> <span class='ocrx_word' id='word_1_723' title='bbox 1746 5492 1887 5558; x_wconf 82' lang='lat' dir='ltr'><strong>apud</strong></span> <span class='ocrx_word' id='word_1_724' title='bbox 1924 5489 2144 5543; x_wconf 80' lang='lat' dir='ltr'><strong>Persam</strong></span> 
     </span>
    </p>
   </div>
   <div class='ocr_carea' id='block_1_102' title="bbox 588 5578 2144 5648">
    <p class='ocr_par' dir='ltr' id='par_1_102' title="bbox 588 5578 2144 5648">
     <span class='ocr_line' id='line_1_103' title="bbox 588 5578 2144 5648; baseline 0.002 -20"><span class='ocrx_word' id='word_1_725' title='bbox 588 5579 860 5643; x_wconf 70' lang='lat' dir='ltr'><strong>viderunt,</strong></span> <span class='ocrx_word' id='word_1_726' title='bbox 905 5592 967 5631; x_wconf 91' lang='lat' dir='ltr'><strong>ac</strong></span> <span class='ocrx_word' id='word_1_727' title='bbox 1010 5578 1242 5632; x_wconf 84' lang='lat' dir='ltr'><strong>scientes</strong></span> <span class='ocrx_word' id='word_1_728' title='bbox 1291 5594 1402 5631; x_wconf 89' lang='lat' dir='ltr'><strong>rem</strong></span> <span class='ocrx_word' id='word_1_729' title='bbox 1434 5578 1700 5632; x_wconf 86' lang='lat' dir='ltr'><strong>accidisse</strong></span> <span class='ocrx_word' id='word_1_730' title='bbox 1733 5589 1926 5648; x_wconf 81' lang='lat' dir='ltr'><strong>praeter</strong></span> <span class='ocrx_word' id='word_1_731' title='bbox 1956 5594 2144 5632; x_wconf 89' lang='lat' dir='ltr'><strong>eorum</strong></span> 
     </span>
    </p>
   </div>
   <div class='ocr_carea' id='block_1_103' title="bbox 591 5669 2149 5745">
    <p class='ocr_par' dir='ltr' id='par_1_103' title="bbox 591 5669 2149 5745">
     <span class='ocr_line' id='line_1_104' title="bbox 591 5669 2149 5745; baseline -0.001 -22"><span class='ocrx_word' id='word_1_732' title='bbox 591 5682 847 5734; x_wconf 83' lang='lat' dir='ltr'><strong>mentem,</strong></span> <span class='ocrx_word' id='word_1_733' title='bbox 891 5671 1072 5739; x_wconf 80' lang='lat' dir='ltr'><strong>lingua</strong></span> <span class='ocrx_word' id='word_1_734' title='bbox 1101 5671 1165 5724; x_wconf 87' lang='lat' dir='ltr'><strong>ad</strong></span> <span class='ocrx_word' id='word_1_735' title='bbox 1212 5670 1430 5745; x_wconf 82' lang='lat' dir='ltr'><strong>longum</strong></span> <span class='ocrx_word' id='word_1_736' title='bbox 1489 5678 1702 5736; x_wconf 90' lang='lat' dir='ltr'><strong>tempus</strong></span> <span class='ocrx_word' id='word_1_737' title='bbox 1729 5671 1980 5728; x_wconf 71' lang='lat' dir='ltr'><strong>hrcrente.</strong></span> <span class='ocrx_word' id='word_1_738' title='bbox 2013 5669 2149 5723; x_wconf 91' lang='lat' dir='ltr'><strong>nihil</strong></span> 
     </span>
    </p>
   </div>
   <div class='ocr_carea' id='block_1_104' title="bbox 589 5759 2148 5832">
    <p class='ocr_par' dir='ltr' id='par_1_104' title="bbox 589 5759 2148 5832">
     <span class='ocr_line' id='line_1_105' title="bbox 589 5759 2148 5832; baseline 0.002 -19"><span class='ocrx_word' id='word_1_739' title='bbox 589 5761 760 5816; x_wconf 79' lang='lat' dir='ltr'><strong>mutui</strong></span> <span class='ocrx_word' id='word_1_740' title='bbox 796 5764 1064 5819; x_wconf 81' lang='lat' dir='ltr'><strong>sermonis</strong></span> <span class='ocrx_word' id='word_1_741' title='bbox 1102 5761 1349 5816; x_wconf 79' lang='lat' dir='ltr'><strong>conferre</strong></span> <span class='ocrx_word' id='word_1_742' title='bbox 1383 5768 1696 5832; x_wconf 85' lang='lat' dir='ltr'><strong>potuerunt.</strong></span> <span class='ocrx_word' id='word_1_743' title='bbox 1720 5759 1792 5814; x_wconf 81' lang='lat' dir='ltr'><strong>&#39;Ut</strong></span> <span class='ocrx_word' id='word_1_744' title='bbox 1850 5770 2028 5814; x_wconf 85' lang='lat' dir='ltr'><strong>autem</strong></span> <span class='ocrx_word' id='word_1_745' title='bbox 2066 5777 2148 5816; x_wconf 83' lang='lat' dir='ltr'><strong>re-</strong></span> 
     </span>
    </p>
   </div>
   <div class='ocr_carea' id='block_1_105' title="bbox 2240 4555 3804 4636">
    <p class='ocr_par' dir='ltr' id='par_1_105' title="bbox 2240 4555 3804 4636">
     <span class='ocr_line' id='line_1_106' title="bbox 2240 4555 3804 4636; baseline -0.009 -9"><span class='ocrx_word' id='word_1_746' title='bbox 2240 4572 2450 4628; x_wconf 72' lang='grc' dir='ltr'>καὶτοῦ</span> <span class='ocrx_word' id='word_1_747' title='bbox 2487 4568 2738 4636; x_wconf 79' lang='grc' dir='ltr'>ἀδελφοῦ,</span> <span class='ocrx_word' id='word_1_748' title='bbox 2770 4568 2842 4628; x_wconf 82' lang='grc' dir='ltr'><strong>ὡς</strong></span> <span class='ocrx_word' id='word_1_749' title='bbox 2876 4566 2973 4635; x_wconf 76' lang='grc' dir='ltr'><strong>οὐχ</strong></span> <span class='ocrx_word' id='word_1_750' title='bbox 3010 4555 3462 4634; x_wconf 26' lang='lat' dir='ltr'><strong>apart-mtuum</strong></span> <span class='ocrx_word' id='word_1_751' title='bbox 3492 4563 3804 4630; x_wconf 76' lang='grc' dir='ltr'>ἀφιξόμεθα</span> 
     </span>
    </p>
   </div>
   <div class='ocr_carea' id='block_1_106' title="bbox 2241 4653 3808 4734">
    <p class='ocr_par' dir='ltr' id='par_1_106' title="bbox 2241 4653 3808 4734">
     <span class='ocr_line' id='line_1_107' title="bbox 2241 4653 3808 4734; baseline -0.009 -16"><span class='ocrx_word' id='word_1_752' title='bbox 2241 4665 2377 4734; x_wconf 73' lang='grc' dir='ltr'>πρδς</span> <span class='ocrx_word' id='word_1_753' title='bbox 2411 4663 2500 4714; x_wconf 85' lang='grc' dir='ltr'>τὸν</span> <span class='ocrx_word' id='word_1_754' title='bbox 2535 4660 2840 4713; x_wconf 79' lang='grc' dir='ltr'>δεινότατον</span> <span class='ocrx_word' id='word_1_755' title='bbox 2874 4658 3040 4726; x_wconf 84' lang='grc' dir='ltr'>θῆρα,</span> <span class='ocrx_word' id='word_1_756' title='bbox 3072 4657 3131 4708; x_wconf 84' lang='grc' dir='ltr'><strong>ού</strong></span> <span class='ocrx_word' id='word_1_757' title='bbox 3161 4657 3269 4725; x_wconf 80' lang='grc' dir='ltr'><strong>γὰρ</strong></span> <span class='ocrx_word' id='word_1_758' title='bbox 3308 4659 3367 4707; x_wconf 75' lang='grc' dir='ltr'>τὸ</span> <span class='ocrx_word' id='word_1_759' title='bbox 3419 4655 3632 4722; x_wconf 73' lang='grc' dir='ltr'>συμϐὰν</span> <span class='ocrx_word' id='word_1_760' title='bbox 3663 4653 3808 4706; x_wconf 76' lang='grc' dir='ltr'><strong>κατά</strong></span> 
     </span>
    </p>
   </div>
   <div class='ocr_carea' id='block_1_107' title="bbox 2240 4744 3809 4826">
    <p class='ocr_par' dir='ltr' id='par_1_107' title="bbox 2240 4744 3809 4826">
     <span class='ocr_line' id='line_1_108' title="bbox 2240 4744 3809 4826; baseline -0.018 -16"><span class='ocrx_word' id='word_1_761' title='bbox 2240 4757 2428 4826; x_wconf 84' lang='grc' dir='ltr'>τύχην,</span> <span class='ocrx_word' id='word_1_762' title='bbox 2462 4753 2596 4806; x_wconf 82' lang='grc' dir='ltr'><strong>ἀλλά</strong></span> <span class='ocrx_word' id='word_1_763' title='bbox 2623 4753 2718 4820; x_wconf 85' lang='grc' dir='ltr'>τὴν</span> <span class='ocrx_word' id='word_1_764' title='bbox 2746 4749 3143 4820; x_wconf 77' lang='grc' dir='ltr'>κεκυρωμένην</span> <span class='ocrx_word' id='word_1_765' title='bbox 3171 4750 3304 4818; x_wconf 74' lang='grc' dir='ltr'>ἡμῖν</span> <span class='ocrx_word' id='word_1_766' title='bbox 3329 4748 3634 4816; x_wconf 80' lang='grc' dir='ltr'>ἠπίσταντο</span> <span class='ocrx_word' id='word_1_767' title='bbox 3667 4744 3809 4813; x_wconf 44' lang='grc' dir='ltr'><em>γνάὲ..</em></span> 
     </span>
    </p>
   </div>
   <div class='ocr_carea' id='block_1_108' title="bbox 2246 4835 3810 4914">
    <p class='ocr_par' dir='ltr' id='par_1_108' title="bbox 2246 4835 3810 4914">
     <span class='ocr_line' id='line_1_109' title="bbox 2246 4835 3810 4914; baseline -0.005 -20"><span class='ocrx_word' id='word_1_768' title='bbox 2246 4863 2372 4914; x_wconf 75' lang='grc' dir='ltr'>μην,</span> <span class='ocrx_word' id='word_1_769' title='bbox 2399 4844 2459 4897; x_wconf 83' lang='grc' dir='ltr'>τὸ</span> <span class='ocrx_word' id='word_1_770' title='bbox 2493 4841 2626 4895; x_wconf 81' lang='grc' dir='ltr'>πολὺ</span> <span class='ocrx_word' id='word_1_771' title='bbox 2666 4840 2760 4893; x_wconf 79' lang='grc' dir='ltr'>τοῦ</span> <span class='ocrx_word' id='word_1_772' title='bbox 2794 4839 2960 4908; x_wconf 80' lang='grc' dir='ltr'>φόϐου</span> <span class='ocrx_word' id='word_1_773' title='bbox 3001 4837 3340 4897; x_wconf 73' lang='grc' dir='ltr'>διεσκέδασε,</span> <span class='ocrx_word' id='word_1_774' title='bbox 3376 4837 3472 4889; x_wconf 70' lang='grc' dir='ltr'>καὶ</span> <span class='ocrx_word' id='word_1_775' title='bbox 3507 4835 3810 4905; x_wconf 80' lang='grc' dir='ltr'>παρεκάλει</span> 
     </span>
    </p>
   </div>
   <div class='ocr_carea' id='block_1_109' title="bbox 2244 4927 3807 5003">
    <p class='ocr_par' dir='ltr' id='par_1_109' title="bbox 2244 4927 3807 5003">
     <span class='ocr_line' id='line_1_110' title="bbox 2244 4927 3807 5003; baseline -0.007 -16"><span class='ocrx_word' id='word_1_776' title='bbox 2244 4934 2680 5003; x_wconf 82' lang='grc' dir='ltr'>παραγίνεσθαι,</span> <span class='ocrx_word' id='word_1_777' title='bbox 2744 4931 2958 4984; x_wconf 90' lang='grc' dir='ltr'>δικαίαν</span> <span class='ocrx_word' id='word_1_778' title='bbox 3033 4929 3270 4998; x_wconf 73' lang='grc' dir='ltr'>ὑποψίαν</span> <span class='ocrx_word' id='word_1_779' title='bbox 3341 4927 3807 4997; x_wconf 77' lang='grc' dir='ltr'>ἀποκρουόμενον.</span> 
     </span>
    </p>
   </div>
   <div class='ocr_carea' id='block_1_110' title="bbox 2247 5019 3811 5098">
    <p class='ocr_par' dir='ltr' id='par_1_110' title="bbox 2247 5019 3811 5098">
     <span class='ocr_line' id='line_1_111' title="bbox 2247 5019 3811 5098; baseline -0.006 -20"><span class='ocrx_word' id='word_1_780' title='bbox 2247 5027 2483 5098; x_wconf 84' lang='grc' dir='ltr'>’ᾘδεσαν</span> <span class='ocrx_word' id='word_1_781' title='bbox 2517 5025 2624 5094; x_wconf 80' lang='grc' dir='ltr'>γὰρ</span> <span class='ocrx_word' id='word_1_782' title='bbox 2681 5023 2756 5085; x_wconf 83' lang='grc' dir='ltr'>ὡς</span> <span class='ocrx_word' id='word_1_783' title='bbox 2807 5025 2834 5076; x_wconf 88' lang='grc' dir='ltr'>ὁ</span> <span class='ocrx_word' id='word_1_784' title='bbox 2869 5023 3024 5091; x_wconf 74' lang='grc' dir='ltr'>δίκην</span> <span class='ocrx_word' id='word_1_785' title='bbox 3056 5023 3182 5092; x_wconf 78' lang='grc' dir='ltr'>ᾆδου</span> <span class='ocrx_word' id='word_1_786' title='bbox 3221 5019 3486 5091; x_wconf 84' lang='grc' dir='ltr'>κεχηνὼς,</span> <span class='ocrx_word' id='word_1_787' title='bbox 3522 5021 3811 5072; x_wconf 84' lang='grc' dir='ltr'>καταπιεῖν</span> 
     </span>
    </p>
   </div>
   <div class='ocr_carea' id='block_1_111' title="bbox 2244 5110 3808 5185">
    <p class='ocr_par' dir='ltr' id='par_1_111' title="bbox 2244 5110 3808 5185">
     <span class='ocr_line' id='line_1_112' title="bbox 2244 5110 3808 5185; baseline -0.005 -15"><span class='ocrx_word' id='word_1_788' title='bbox 2244 5121 2366 5180; x_wconf 75' lang='grc' dir='ltr'>τοὺς</span> <span class='ocrx_word' id='word_1_789' title='bbox 2416 5118 2623 5179; x_wconf 86' lang='grc' dir='ltr'>πάντας</span> <span class='ocrx_word' id='word_1_790' title='bbox 2677 5116 2988 5185; x_wconf 71' lang='grc' dir='ltr'>ἐφιέμενος,</span> <span class='ocrx_word' id='word_1_791' title='bbox 3020 5115 3207 5176; x_wconf 79' lang='grc' dir='ltr'>δεδιὼς</span> <span class='ocrx_word' id='word_1_792' title='bbox 3245 5114 3470 5175; x_wconf 78' lang='grc' dir='ltr'>εἰκότως</span> <span class='ocrx_word' id='word_1_793' title='bbox 3521 5112 3695 5178; x_wconf 72' lang='grc' dir='ltr'>ἔσται,</span> <span class='ocrx_word' id='word_1_794' title='bbox 3732 5110 3808 5180; x_wconf 81' lang='grc' dir='ltr'>μὴ</span> 
     </span>
    </p>
   </div>
   <div class='ocr_carea' id='block_1_112' title="bbox 2247 5201 3814 5279">
    <p class='ocr_par' dir='ltr' id='par_1_112' title="bbox 2247 5201 3814 5279">
     <span class='ocr_line' id='line_1_113' title="bbox 2247 5201 3814 5279; baseline -0.006 -17"><span class='ocrx_word' id='word_1_795' title='bbox 2247 5211 2382 5279; x_wconf 78' lang='grc' dir='ltr'>πρὸς</span> <span class='ocrx_word' id='word_1_796' title='bbox 2429 5209 2738 5277; x_wconf 76' lang='grc' dir='ltr'>τούναντίον</span> <span class='ocrx_word' id='word_1_797' title='bbox 2782 5207 2931 5276; x_wconf 76' lang='grc' dir='ltr'>αὐτῷ</span> <span class='ocrx_word' id='word_1_798' title='bbox 2980 5207 3038 5260; x_wconf 78' lang='grc' dir='ltr'><strong>τὸ</strong></span> <span class='ocrx_word' id='word_1_799' title='bbox 3091 5206 3342 5276; x_wconf 84' lang='grc' dir='ltr'>βούλημα</span> <span class='ocrx_word' id='word_1_800' title='bbox 3399 5204 3718 5275; x_wconf 87' lang='grc' dir='ltr'>περισταίη,</span> <span class='ocrx_word' id='word_1_801' title='bbox 3748 5201 3814 5254; x_wconf 85' lang='grc' dir='ltr'>ἂν</span> 
     </span>
    </p>
   </div>
   <div class='ocr_carea' id='block_1_113' title="bbox 2248 5295 3816 5370">
    <p class='ocr_par' dir='ltr' id='par_1_113' title="bbox 2248 5295 3816 5370">
     <span class='ocr_line' id='line_1_114' title="bbox 2248 5295 3816 5370; baseline -0.006 -15"><span class='ocrx_word' id='word_1_802' title='bbox 2248 5302 2390 5355; x_wconf 77' lang='grc' dir='ltr'><strong>κατά</strong></span> <span class='ocrx_word' id='word_1_803' title='bbox 2445 5303 2664 5354; x_wconf 86' lang='grc' dir='ltr'>πάντων</span> <span class='ocrx_word' id='word_1_804' title='bbox 2718 5300 3146 5370; x_wconf 80' lang='grc' dir='ltr'>ἁναισχυντὴσῃ,</span> <span class='ocrx_word' id='word_1_805' title='bbox 3193 5299 3292 5351; x_wconf 76' lang='grc' dir='ltr'>οὐκ</span> <span class='ocrx_word' id='word_1_806' title='bbox 3350 5299 3408 5350; x_wconf 84' lang='grc' dir='ltr'><strong>ἐν</strong></span> <span class='ocrx_word' id='word_1_807' title='bbox 3455 5298 3577 5349; x_wconf 87' lang='grc' dir='ltr'>ταῖν</span> <span class='ocrx_word' id='word_1_808' title='bbox 3632 5295 3816 5364; x_wconf 85' lang='grc' dir='ltr'>χεροῖν</span> 
     </span>
    </p>
   </div>
   <div class='ocr_carea' id='block_1_114' title="bbox 2248 5383 3817 5462">
    <p class='ocr_par' dir='ltr' id='par_1_114' title="bbox 2248 5383 3817 5462">
     <span class='ocr_line' id='line_1_115' title="bbox 2248 5383 3817 5462; baseline -0.005 -18"><span class='ocrx_word' id='word_1_809' title='bbox 2248 5393 2396 5462; x_wconf 80' lang='grc' dir='ltr'>ἡμᾶς</span> <span class='ocrx_word' id='word_1_810' title='bbox 2441 5390 2600 5460; x_wconf 79' lang='grc' dir='ltr'>ἔχων.</span> <span class='ocrx_word' id='word_1_811' title='bbox 2651 5390 2792 5443; x_wconf 68' lang='grc' dir='ltr'>Ἀλλ’</span> <span class='ocrx_word' id='word_1_812' title='bbox 2845 5389 3110 5452; x_wconf 84' lang='grc' dir='ltr'>ἐλθόντες,</span> <span class='ocrx_word' id='word_1_813' title='bbox 3151 5389 3243 5440; x_wconf 80' lang='grc' dir='ltr'>καὶ</span> <span class='ocrx_word' id='word_1_814' title='bbox 3287 5389 3379 5440; x_wconf 77' lang='grc' dir='ltr'>τὸν</span> <span class='ocrx_word' id='word_1_815' title='bbox 3431 5386 3663 5454; x_wconf 68' lang='grc' dir='ltr'>ἀδελφὸν</span> <span class='ocrx_word' id='word_1_816' title='bbox 3718 5383 3817 5436; x_wconf 78' lang='grc' dir='ltr'><strong>σὺν</strong></span> 
     </span>
    </p>
   </div>
   <div class='ocr_carea' id='block_1_115' title="bbox 2251 5475 3814 5550">
    <p class='ocr_par' dir='ltr' id='par_1_115' title="bbox 2251 5475 3814 5550">
     <span class='ocr_line' id='line_1_116' title="bbox 2251 5475 3814 5550; baseline -0.007 -15"><span class='ocrx_word' id='word_1_817' title='bbox 2251 5483 2372 5550; x_wconf 73' lang='grc' dir='ltr'>ἐμοὶ</span> <span class='ocrx_word' id='word_1_818' title='bbox 2399 5483 2548 5550; x_wconf 86' lang='grc' dir='ltr'><strong>παρά</strong></span> <span class='ocrx_word' id='word_1_819' title='bbox 2569 5481 2645 5550; x_wconf 84' lang='grc' dir='ltr'>τῷ</span> <span class='ocrx_word' id='word_1_820' title='bbox 2672 5483 2851 5550; x_wconf 79' lang='grc' dir='ltr'>Πέρσῃ</span> <span class='ocrx_word' id='word_1_821' title='bbox 2883 5479 3229 5547; x_wconf 81' lang='grc' dir='ltr'>θεασάμενοι,</span> <span class='ocrx_word' id='word_1_822' title='bbox 3249 5475 3469 5544; x_wconf 82' lang='grc' dir='ltr'>γνόντες</span> <span class='ocrx_word' id='word_1_823' title='bbox 3492 5476 3554 5527; x_wconf 72' lang='grc' dir='ltr'><strong>τὸ</strong></span> <span class='ocrx_word' id='word_1_824' title='bbox 3579 5476 3814 5544; x_wconf 79' lang='grc' dir='ltr'>πρᾶγμα</span> 
     </span>
    </p>
   </div>
   <div class='ocr_carea' id='block_1_116' title="bbox 2253 5567 3815 5644">
    <p class='ocr_par' dir='ltr' id='par_1_116' title="bbox 2253 5567 3815 5644">
     <span class='ocr_line' id='line_1_117' title="bbox 2253 5567 3815 5644; baseline -0.006 -17"><span class='ocrx_word' id='word_1_825' title='bbox 2253 5575 2549 5644; x_wconf 74' lang='grc' dir='ltr'>ἐκϐεϐηκὸς</span> <span class='ocrx_word' id='word_1_826' title='bbox 2579 5573 2728 5642; x_wconf 67' lang='grc' dir='ltr'>παρὰ</span> <span class='ocrx_word' id='word_1_827' title='bbox 2765 5572 2872 5640; x_wconf 75' lang='grc' dir='ltr'>τὴν</span> <span class='ocrx_word' id='word_1_828' title='bbox 2894 5572 3118 5623; x_wconf 85' lang='grc' dir='ltr'>ἐκείνων</span> <span class='ocrx_word' id='word_1_829' title='bbox 3157 5570 3336 5633; x_wconf 75' lang='grc' dir='ltr'>δόξαν,</span> <span class='ocrx_word' id='word_1_830' title='bbox 3374 5567 3592 5637; x_wconf 61' lang='grc' dir='ltr'><strong>ἀφωνία⁹</strong></span> <span class='ocrx_word' id='word_1_831' title='bbox 3620 5583 3815 5636; x_wconf 81' lang='grc' dir='ltr'>συσχε-</span> 
     </span>
    </p>
   </div>
   <div class='ocr_carea' id='block_1_117' title="bbox 2254 5659 3818 5734">
    <p class='ocr_par' dir='ltr' id='par_1_117' title="bbox 2254 5659 3818 5734">
     <span class='ocr_line' id='line_1_118' title="bbox 2254 5659 3818 5734; baseline -0.007 -15"><span class='ocrx_word' id='word_1_832' title='bbox 2254 5667 2433 5727; x_wconf 82' lang='grc' dir='ltr'>θέντες</span> <span class='ocrx_word' id='word_1_833' title='bbox 2471 5666 2560 5718; x_wconf 71' lang='grc' dir='ltr'>ἐπὶ</span> <span class='ocrx_word' id='word_1_834' title='bbox 2597 5665 2815 5734; x_wconf 82' lang='grc' dir='ltr'>μακρῷ,</span> <span class='ocrx_word' id='word_1_835' title='bbox 2846 5664 2999 5716; x_wconf 72' lang='grc' dir='ltr'>οὐδέν</span> <span class='ocrx_word' id='word_1_836' title='bbox 3027 5680 3080 5716; x_wconf 82' lang='grc' dir='ltr'><strong>τι</strong></span> <span class='ocrx_word' id='word_1_837' title='bbox 3130 5662 3266 5728; x_wconf 70' lang='grc' dir='ltr'>πρὸς</span> <span class='ocrx_word' id='word_1_838' title='bbox 3303 5659 3570 5728; x_wconf 81' lang='grc' dir='ltr'>ἀλλήλους</span> <span class='ocrx_word' id='word_1_839' title='bbox 3621 5660 3818 5727; x_wconf 78' lang='grc' dir='ltr'>ἐφθέγ-</span> 
     </span>
    </p>
   </div>
   <div class='ocr_carea' id='block_1_118' title="bbox 2253 5747 3810 5827">
    <p class='ocr_par' dir='ltr' id='par_1_118' title="bbox 2253 5747 3810 5827">
     <span class='ocr_line' id='line_1_119' title="bbox 2253 5747 3810 5827; baseline -0.008 -16"><span class='ocrx_word' id='word_1_840' title='bbox 2253 5775 2431 5827; x_wconf 81' lang='grc' dir='ltr'>γοντο.</span> <span class='ocrx_word' id='word_1_841' title='bbox 2477 5755 2565 5819; x_wconf 87' lang='grc' dir='ltr'>Ὠς</span> <span class='ocrx_word' id='word_1_842' title='bbox 2615 5755 2661 5808; x_wconf 86' lang='grc' dir='ltr'>δ’</span> <span class='ocrx_word' id='word_1_843' title='bbox 2711 5755 3116 5821; x_wconf 84' lang='grc' dir='ltr'>ἀνενεγκόντες,</span> <span class='ocrx_word' id='word_1_844' title='bbox 3154 5751 3249 5818; x_wconf 68' lang='grc' dir='ltr'><strong>διψέ</strong></span> <span class='ocrx_word' id='word_1_845' title='bbox 3291 5750 3383 5804; x_wconf 71' lang='grc' dir='ltr'>καὶ</span> <span class='ocrx_word' id='word_1_846' title='bbox 3441 5749 3604 5818; x_wconf 88' lang='grc' dir='ltr'>μόγις</span> <span class='ocrx_word' id='word_1_847' title='bbox 3652 5747 3810 5818; x_wconf 72' lang='grc' dir='ltr'>ῥῆξαι</span> 
     </span>
    </p>
   </div>
  </div>
