4166 6270
476 316 581 391 921

1600 320 1996 383 MANUELIS
2025 322 2113 378 PA
2125 316 2469 380 L/EULOGI

3627 314 3731 381 228

487 444 756 498 Nimirum
788 456 853 495 eo
882 448 992 495 tota
1012 438 1224 495 ferebat
1248 436 1518 500 fabula,ut
1547 433 1771 488 fratrem
1803 439 2049 502 postmo-
2085 454 2096 486 λ

2196 434 2263 505 ἀρ
2303 436 2603 503 μετέπειτα
2636 432 2773 502 δήσῃ
2810 431 2903 483 τὸν
2940 428 3187 496 ἀδελφόν.
3216 428 3291 480 Οὐ
3339 427 3446 497 γὰρ
3484 427 3732 496 ἀσφαλὲς

491 535 621 588 dum
660 534 714 587 in
770 532 983 584 vincula
1040 530 1301 583 mitteret.
1338 527 1491 582 Haud
1521 525 1666 579 enim
1694 531 1873 578 tutum
1909 519 2057 573 vide-

496 624 681 677 batur.
703 630 762 673 ut
792 621 983 672 ambos
1012 618 1172 671 simul
1196 624 1821 686 appeteret,quanqnam
1846 616 2060 679 poterat

492 723 753 779 praestare
781 729 794 774 ;
826 712 935 762 Deo
960 719 1137 762 tamen
1163 716 1427 765 caecante.
1462 720 1522 758 se
1556 717 1717 772 posse
1754 699 2057 755 nesciebat.

490 800 600 854 Nec
631 801 681 853 id
715 813 839 852 vero
868 800 1126 851 barbarus
1155 796 1442 859 intellexit,
1470 794 1587 848 fore
1632 801 1790 846 ulmo
1810 791 2062 857 deinceps

494 893 729 945 amicum
762 905 870 942 non
901 890 1146 941 haberet.
1171 889 1436 941 (Steterunt
1497 884 1864 938 arbitrabatur
1921 879 2061 943 fore.

495 993 555 1037 ut
589 998 818 1038 summa),
843 983 1058 1049 ineptiae
1077 980 1259 1033 verbis
1282 978 1591 1038 deluderct,
1609 983 1731 1044 post
1756 982 1837 1027 tot
1862 970 2063 1025 nostris

496 1075 765 1143 irrogatas
795 1074 1047 1141 injurias,
1070 1087 1131 1124 ac
1152 1086 1274 1124 cum
1299 1070 1518 1123 fratrem
1543 1067 1722 1120 adhuc
1740 1066 1793 1117 in
1815 1064 2065 1116 inanibus

499 1174 729 1226 teneret,
769 1165 996 1231 ejusque
1030 1162 1330 1231 praecipuas
1366 1160 1663 1218 nrbes,ceu
1699 1166 1924 1224 paterna
1960 1152 2069 1205 ha:-

500 1259 727 1312 reditate
744 1258 807 1310 ad
832 1240 1008 1323 ipsum
1030 1263 1356 1321 spectantes,
1382 1260 1651 1320 repeteret
1670 1264 1688 1300 A:
1706 1261 1880 1315 eaque
1915 1246 2070 1297 daret

494 1353 639 1422 jura,
675 1365 794 1417 quae
826 1364 923 1402 nec
968 1347 1105 1399 bello
1136 1345 1310 1413 captis
1340 1343 1555 1411 sapiens
1603 1340 1695 1408 qui
1744 1339 2037 1405 simponat.

571 1442 663 1497 Sic
720 1455 847 1509 ergo
892 1438 1139 1500 affectus,
1194 1435 1583 1496 Macedoniam,
1626 1448 1691 1485 ac
1738 1441 1850 1483 tum
1900 1430 2071 1482 Thes-

502 1536 691 1588 saliam
740 1533 1055 1603 pertransit,
1115 1532 1369 1595 venitque
1426 1528 1479 1580 in
1541 1524 1815 1579 llelladem
1850 1536 1914 1576 ac
1956 1537 2072 1575 ma-

500 1629 674 1696 jorem
735 1625 1019 1676 Achaiam.
1064 1621 1180 1674 Illic
1231 1634 1362 1672 vero
1418 1617 1618 1672 educto
1669 1633 1863 1672 rursus
1910 1630 2070 1669 exer—

505 1720 640 1780 citu,
694 1731 757 1769 ac
804 1714 992 1767 metari
1049 1716 1258 1775 volens,
1312 1710 1457 1779 quod
1521 1711 1799 1778 regionem
1861 1708 2073 1762 videret

2166 527 2417 596 ἐνόμιζεν
2448 524 2591 581 εἶναι
2632 528 2691 579 τὸ
2718 526 2841 578 κατ’
2869 526 3072 594 ἀμφοῖν
3107 524 3347 577 ἐκτεῖναι
3384 521 3484 584 τὰς
3513 525 3728 592 χεῖρας·

2165 621 2302 691 ὅπερ
2339 620 2561 673 ἐδύνατο
2608 621 2727 689 μὲν,
2780 618 2965 671 θεόθεν
3009 616 3067 671 δὲ
3115 615 3506 686 τυφλούμενος,
3537 616 3729 685 ὴγνόει

2165 711 2325 765 τοῦτο
2371 708 2668 779 δυνάμενος
2696 726 2709 739 ’
2758 708 2945 777 ὥσπερ
2995 708 3115 761 οὐδὲ
3164 706 3325 760 τοῦτο
3374 704 3628 774 συνῆκεν,
3658 707 3736 766 ὡς

2167 805 2266 872 οὐχ
2294 802 2404 868 ἕξει
2427 802 2525 870 τὴν
2550 801 2689 871 ἐμὴν
2720 800 2801 853 ἐτι
2833 799 3033 867 φιλίαν.
3078 797 3221 850 Ἀλλ’
3256 794 3476 865 ὲνόμισέ
3515 812 3582 864 με
3616 793 3736 858 ἑξα-

2169 894 2438 964 πατήσειν
2485 893 2665 959 λόγοις
2698 893 2935 960 ἐσχάτης
2987 888 3341 959 ἀϐελτηρίας,
3370 887 3610 941 τοσαῦτα
3643 885 3739 955 μὲν

2172 988 2250 1049 εἰς
2280 985 2407 1048 τοὺς
2442 986 2747 1054 ἡμετέρους
2792 981 3040 1052 ὑϐρίσας,
3085 982 3175 1035 τὸν
3213 980 3270 1033 δὲ
3302 979 3531 1047 ἀδελφὺν
3572 979 3739 1031 κατέ-

2171 1095 2282 1148 χων
2329 1080 2387 1131 ὲν
2430 1079 2613 1146 χεροῖν
2663 1062 2769 1138 ἔτι,
2815 1075 3001 1136 πόλεις
3050 1090 3110 1126 τε
3160 1070 3326 1127 αὐτοῦ
3371 1071 3469 1135 τὰς
3520 1070 3743 1139 μείζους

2174 1170 2365 1236 ὥσπερ
2430 1170 2583 1229 τινας
2648 1167 2911 1238 πατρῴας
2964 1165 3250 1223 ἀπαιτῶν.
3308 1165 3405 1218 καὶ
3472 1179 3744 1232 προσεπι-

2174 1265 2407 1325 τάττων,
2442 1262 2478 1317 ἃ
2510 1262 2610 1316 ούκ
2640 1260 2707 1315 ἄν
2745 1277 2829 1324 τις
2877 1257 2940 1312 εῦ
2990 1256 3204 1329 φρονῶν
3256 1254 3619 1326 δορυαλώτοις
3652 1254 3747 1308 ἀν-

2174 1356 2388 1427 δράσιν.

2249 1446 2408 1499 Οῦτω
2449 1444 2631 1497 τοίνυν
2662 1442 2956 1504 διαθέσεως
2996 1441 3158 1513 ἔχων,
3187 1440 3462 1510 διέρχεται
3495 1438 3593 1505 μὲν
3625 1436 3750 1491 M1-

2179 1535 2447 1596 κεδονίαν,
2487 1534 2762 1602 διέρχεται
2804 1531 2862 1584 δὲ
2890 1528 3211 1593 Θετταλίαν,
3243 1524 3656 1595 καταλαμϐάνει
3686 1523 3746 1575 δὲ

2178 1627 2277 1696 τὴν
2339 1624 2585 1679 Ἐλλάδα.
2642 1621 2820 1677 Αὐτοῦ
2874 1622 2932 1675 δὲ
2990 1619 3056 1674 αῦ
3112 1614 3748 1690 στρατοπεδευσάμενος,

2180 1720 2275 1773 καὶ
2303 1717 2585 1785 διατρίψαι
2607 1714 3050 1786 βεϐουλευμένος,
3078 1713 3173 1767 ἅτε
3203 1710 3298 1766 τὸν
3321 1712 3500 1780 χῶρον
3529 1704 3749 1760 εὔϐοτον

509 1808 727 1877 pascuis
767 1807 1012 1866 uberem,
1048 1818 1111 1857 ac
1147 1801 1419 1855 venationi
1453 1801 1824 1865 commodam,
1877 1814 2072 1855 neces-

2195 1777 2543 1880 θεασάμενος,
2573 1777 2670 1863 καὶ
2710 1808 2847 1878 πρὸς
2873 1777 3070 1876 ’θήραν
3097 1777 3428 1873 ἀγαθδνξτά
3478 1798 3523 1852 δ’
3563 1798 3753 1865 δπιτή-

511 1899 769 1965 sarioque
800 1895 1124 1949 commeatui
1160 1893 1377 1947 abunde
1405 1900 1793 1963 opportunam,
1846 1891 2079 1961 quadam

511 1989 750 2053 tandem,
787 1989 929 2041 haud
969 1989 1349 2043 omninonota
1379 1988 1491 2051 die,
1536 1987 1814 2057 ingenium
1854 1998 2084 2054 prorsus

511 2080 736 2150 detegit,
769 2081 1255 2150 impudentiusque
1284 2095 1347 2134 ac
1367 2080 1521 2133 omni
1570 2070 1715 2133 retro
1745 2088 1991 2147 tempore
2018 2090 2083 2130 eo

514 2172 704 2234 utitur,
741 2170 895 2224 nullo
934 2171 1094 2239 plane
1128 2171 1393 2239 deinceps
1422 2167 1827 2223 coloreovalens
1877 2173 2081 2235 tegere.

517 2262 682 2316 Misso
735 2262 921 2329 itaque
954 2261 1210 2315 lictorum
1256 2274 1392 2325 uno,
1442 2261 1732 2312 universos
1774 2256 1991 2310 feritate
2024 2267 2087 2309 ac

516 2352 840 2405 crudelitate
861 2352 1135 2413 vincente,
1161 2351 1245 2404 cui
1276 2365 1477 2405 nomen
1510 2348 1715 2407 Mures.
1749 2347 1940 2401 urbem
1978 2346 2086 2399 Ar-

517 2459 616 2513 gos
643 2442 834 2497 donari
868 2442 1021 2511 petit,
1055 2456 1118 2495 ac
1154 2442 1288 2496 alias
1336 2441 1540 2510 plures.
1571 2438 1691 2493 Jam
1724 2439 1926 2508 quippe
1975 2435 2090 2491 Mo-

520 2536 855 2590 neinbasiam
888 2543 1194 2602 acceperat,
1226 2535 1387 2587 inane
1418 2532 1652 2602 pretium
1686 2528 2084 2599 redemptionis

518 2630 720 2691 datam,
752 2642 874 2680 cum
906 2625 1309 2695 adjacentibus,
1347 2639 1448 2679 nec
1485 2625 1694 2693 paucis,
1729 2636 1829 2677 nec
1887 2620 2086 2689 exigua

520 2722 738 2783 virtute,
780 2718 1011 2786 oppidis.
1050 2718 1312 2787 Equidem
1364 2717 1728 2770 dimissurum
1776 2712 2075 2781 polliceba-

432 2809 436 2812 ’
522 2824 633 2877 tur,
667 2812 759 2865 ubi
784 2811 1088 2879 accepisset
1115 2826 1130 2863 :
1162 2809 1438 2877 accipiens
1470 2822 1599 2860 vero
1628 2820 1823 2859 rursus
1847 2804 2088 2873 petebat,

522 2903 613 2972 qui
650 2902 713 2954 ad
734 2901 984 2953 ultimum
1007 2899 1300 2963 devorans,
1321 2914 1389 2949 ne
1410 2912 1576 2949 unum
1603 2910 1764 2964 quem
1794 2907 2089 2960 superesse

523 2993 705 3051 vellet.
744 2992 905 3043 homo
939 2989 1124 3042 animo
1155 2986 1409 3058 Cyclops,
1431 2987 1520 3039 cui
1555 2985 1806 3054 impietas
1872 2985 2091 3038 caacitas

2188 1905 2305 1958 δεια
2359 1900 2438 1973 τῷ
2504 1900 2722 1972 στρατῷ
2788 1900 3053 1971 παρέχειν
3119 1895 3373 1966 ἀφθόνως
3431 1892 3750 1961 δυνάμενον,

2190 1994 2363 2049 ἔπειθ’
2413 1994 2657 2065 ἡμέραν,
2692 1992 2792 2046 οὐκ
2833 1986 2951 2044 οἶδα
3002 1989 3199 2059 πόσην,
3244 1987 3444 2055 γυμνοῖ
3468 1982 3565 2054 τὴν
3592 1981 3753 2052 φύσιν

2191 2088 2474 2151 ἐπιεικῶς,
2506 2088 2600 2139 καὶ
2644 2085 2842 2156 χρῆται
2896 2082 3068 2154 ταύτῃ
3110 2081 3298 2134 λοιπὸν
3353 2077 3577 2147 ἀναιδην
3608 2075 3754 2146 ἤπερ

2193 2181 2300 2251 πρὸ
2349 2180 2481 2233 τοῦθ
2525 2180 2649 2233 οὐδὲ
2709 2178 2820 2248 γὰρ
2874 2175 2983 2230 οὐδ’
3042 2174 3247 2242 ὁτῳοῦν
3300 2169 3757 2242 περικαλύμματι

2190 2273 2393 2343 ταύτην
2425 2271 2505 2325 ἔτι
2528 2270 2796 2339 κρύπτειν
2824 2269 3067 2323 ἐδύνατο.
3108 2266 3338 2336 Πέμψας
3386 2262 3482 2317 οῦν
3521 2262 3619 2315 ἕνα
3657 2261 3754 2329 δή·

2196 2381 2341 2435 μιον,
2396 2364 2532 2418 πολὺ
2593 2362 3007 2433 παρενεγκόντα
3056 2360 3185 2424 τοὺς
3232 2358 3431 2421 ἄλλους
3494 2355 3759 2425 θηριωδῖᾳ

2194 2459 2291 2512 xui.
2326 2455 2592 2526 ὠμότητι,
2618 2457 2647 2510 ό
2676 2454 2899 2527 Μούρης
2935 2454 3107 2524 ϐνομα
3146 2451 3317 2523 αὐτῷ,
3358 2452 3503 2504 αἰτεῖ
3530 2450 3589 2503 τὸ
3622 2450 3756 2517 Ἀρ-

2195 2564 2290 2618 γος
2313 2548 2444 2618 παρ’
2476 2546 2643 2600 αὐτοῦ
2702 2546 2918 2616 σύναμα
2963 2543 3206 2597 πλείοσιν
3236 2542 3435 2603 ἄλλοις.
3469 2538 3757 2608 Μονεμϐαο

2199 2639 2287 2693 σία
2312 2638 2420 2708 γὰρ
2446 2637 2547 2709 ἤδη
2586 2637 2836 2707 εῐληπτο,
2871 2635 3069 2705 λύτρον
3108 2635 3341 2702 μάταιον
3371 2632 3587 2687 δοθεῖσα
3620 2629 3757 2697 πρδς

2197 2734 2311 2793 τοῖς
2368 2729 2530 2799 πέριξ
2585 2728 2899 2800 πολιχνίοις,
2935 2726 3048 2781 οὔτ’
3097 2725 3321 2794 ὀλίγοις,
3372 2722 3498 2776 οὔτε
3551 2721 3759 2789 φαύλην

2198 2821 2427 2889 δύναμιν
2466 2820 2703 2889 ἔχουσιν.
2769 2819 3114 2888 ’Υπισχνεῖτο
3168 2817 3265 2887 μὲν
3314 2816 3423 2886 γὰρ
3470 2811 3759 2868 ἀπολύσειν

2204 2912 2341 2981 μετὰ
2398 2911 2457 2964 τὸ
2512 2910 2741 2963 λαϐεῖν·
2778 2910 3070 2978 λαμϐάνων
3130 2910 3207 2975 δὲ,
3262 2908 3417 2971 αὖθις
3468 2906 3624 2978 ᾔτειο
3666 2905 3759 2957 καὶ

2200 3002 2358 3056 τοῦτο
2394 3005 2631 3073 συνεχῶς
2673 3002 2966 3072 ἔπραττεν,
3007 3000 3154 3054 οῦτίν
3186 3017 3251 3068 ys
3284 2999 3447 3051 αὑτὸν
3487 2994 3762 3065 ἀποφῆναι

527 3091 696 3139 esset,
744 3079 1078 3147 impudentia
1165 3078 1306 3131 antri
1359 3077 1624 3129 rationem
1668 3077 1912 3129 haberet.
1957 3074 2092 3128 Nam

2204 3098 2394 3160 θέλων,
2426 3096 2680 3163 πύματον
2707 3094 2982 3164 ὲδόμενος,
3010 3096 3037 3147 ό
3070 3093 3172 3161 τὴν
3201 3092 3381 3162 ψυχὴν
3427 3091 3502 3153 ὡς
3548 3089 3763 3158 ἀληθῶς

530 3173 621 3227 hic
660 3186 879 3240 quoque
928 3178 1115 3239 pastor
1161 3179 1298 3233 erat,
1347 3170 1429 3223 sin
1460 3170 1645 3221 ovium
1708 3170 1784 3220 uti
1832 3165 2096 3235 Polyphe-

2205 3188 2445 3257 Κύκλωψ
2471 3187 2566 3250 ὢν,
2599 3187 2739 3256 ἔχων
2780 3186 2879 3255 τὴν
2913 3186 3166 3239 ἀσέϐειαν
3204 3184 3498 3252 τύφλωσιν,
3528 3181 3624 3235 καὶ
3667 3182 3765 3245 τὴν

531 3279 678 3325 mus.
712 3273 769 3315 at
814 3262 1092 3315 hominum
1129 3276 1263 3314 sane
1304 3261 1391 3313 vix
1454 3259 1754 3329 quidquam
1816 3272 1844 3310 a
1901 3255 2102 3309 belluis

530 3354 924 3409 differentium.
1099 3348 1104 3355 ’

605 3557 744 3623 Quid
779 3556 1003 3609 fratrem
1040 3554 1245 3607 interea
1266 3566 1442 3621 Opera:
1475 3549 1708 3620 pretium
1733 3557 1851 3602 erat
1886 3545 2105 3601 facere?

539 3651 676 3704 Num
732 3648 1075 3703 seductorem
1140 3660 1205 3699 ac
1253 3643 1568 3697 mendacem
1620 3641 1773 3693 illum
1825 3636 2108 3690 vocitare?

543 3740 680 3792 Num
743 3751 1043 3804 coarguere
1072 3733 1499 3789 ?Subinovere?
1528 3731 1805 3798 Despnere
1850 3728 2106 3782 ?i\'ullum

540 3830 721 3900 psobri
753 3843 924 3898 genus
957 3828 1010 3879 in
1039 3841 1161 3878 eum
1186 3824 1481 3879 omittere?
1514 3822 1654 3889 Quid
1678 3823 1957 3875 enimvero
1985 3820 2113 3874 inde

538 3922 810 3975 commodi
869 3919 1143 3972 retulisset
1188 3917 1210 3970 ἲ
1263 3915 1528 3970 Praeterea
1577 3931 1647 3969 ne
1694 3930 1841 3982 spem
1892 3912 2112 3977 quidem

542 4011 760 4078 abjecit,
796 4019 855 4061 ut
896 4018 1150 4062 conserto
1172 4008 1339 4059 etiam
1378 4006 1512 4075 pede
1548 4005 1887 4073 procederet.
1928 4002 2113 4055 Enim-

544 4116 671 4154 vero
727 4109 845 4152 erat
879 4099 1224 4155 obstinatius,
1278 4112 1343 4149 ac
1391 4112 1563 4165 usque
1595 4098 1648 4149 in
1682 4097 1842 4149 linem
1894 4103 2116 4148 contra-

544 4189 834 4244 dicendum
860 4188 882 4239 ?
910 4190 1000 4241 Sic
1027 4201 1251 4256 quoque
1286 4188 1374 4241 ille
1402 4187 1614 4248 habuit,
1654 4185 1894 4253 quandiu
1938 4183 2118 4239 facere

546 4282 717 4336 licuit.
777 4283 843 4332 At
895 4279 1044 4330 nullo
1086 4280 1250 4331 modo
1282 4285 1402 4329 erat
1458 4276 1788 4338 cedendum,
1842 4274 2113 4343 quidquid

548 4370 878 4425 accidisset?
911 4367 1108 4421 Verum
1160 4375 1280 4421 erat
1341 4381 1446 4419 non
1478 4365 1595 4419 sani
1647 4366 1869 4433 capitis,
1922 4373 1981 4416 ut
2028 4364 2116 4417 cui

2203 3280 2479 3334 ἀναίδειαν
2518 3279 2737 3349 ἀντρον.
2789 3278 2942 3331 Ἐπεί
2988 3294 3074 3329 τοι
3122 3276 3215 3330 καὶ
3259 3275 3466 3344 ποιμὴν
3494 3274 3644 3336 οὗτος
3673 3269 3761 3341 ἦν,

2206 3374 2254 3424 εί
2316 3370 2391 3440 μὴ
2435 3370 2724 3441 προϐάτων
2772 3368 2963 3437 ὥσπερ
3024 3371 3254 3434 ἐκεῖνος,
3304 3368 3420 3421 ἀλλ’
3464 3365 3768 3438 ἀνθρώπων
3830 3362 3833 3363 ⁷

2210 3464 2374 3535 μηδὲν
2409 3463 2779 3533 διαφερόντων
2811 3462 3038 3531 θηρίων.

2278 3556 2344 3608 Τί
2372 3554 2462 3608 οὖν
2498 3556 2666 3624 ἐχρῆν
2716 3554 2808 3607 τὸν
2857 3555 3089 3623 ἀδελφὸν
3116 3553 3558 3624 διαπράξασθαις
3599 3553 3772 3606 Ἀπαο

2208 3649 2380 3702 τεῶνα
2423 3650 2519 3700 καὶ
2543 3647 2787 3717 ψεύστην
2816 3636 3014 3700 τοῦτον
3054 3645 3390 3710 ἀποκαλεῖν;
3426 3643 3770 3712 ἔξελέγχειν;

2211 3739 2589 3805 ἀπωθεῖσθαι;
2630 3738 2960 3805 διαπτύειν;
3013 3737 3180 3808 μηδέν
3216 3755 3269 3791 τι
3302 3733 3769 3806 προπηλακισμοῦ

2212 3829 2547 3900 παραλιπεῖν
2576 3826 2748 3895 εῐδος;
2783 3830 2894 3883 Καὶ
2949 3830 2998 3882 τί
3040 3829 3106 3882 ἂν
3150 3825 3220 3900 ἦν
3257 3830 3467 3889 ἐκεῖνος
3516 3826 3773 3897 κερδᾶναι

2212 3922 2386 3993 ταύτῃ
2417 3920 2709 3988 ποιοῦντα;
2742 3919 2952 3982 ΙἌλλως
2978 3936 3033 3973 τε
3061 3919 3182 3973 οὐδὲ
3216 3920 3463 3985 ἀπέγνω,
3509 3917 3650 3972 ὥστε
3681 3921 3776 3969 καὶ

2214 4017 2381 4082 ὁμόσε
2430 4014 2701 4084 χωρῆσαι.
2752 4011 2895 4065 Ἀλλ’
2934 4012 3240 4080 ἀντιλέγειν
3272 4028 3334 4080 γε
3368 4010 3497 4081 ἄχρι
3548 4011 3773 4071 τέλου;;

2216 4106 2387 4159 Τοῦτο
2437 4106 2501 4176 δὴ
2558 4106 2650 4158 καὶ
2690 4106 2916 4173 γέγονεν
2961 4103 3067 4166 ἕως
3112 4103 3262 4172 ὲεῆν.
3306 4101 3466 4156 Ἀλλὰ
3514 4100 3780 4170 μηδαμῶς

2217 4197 2539 4252 ὑπενδοῦναι
2600 4198 2705 4250 κᾶν
2740 4196 2766 4248 ὃ
2816 4214 2868 4248 τι
2927 4197 3177 4262 γένοιτο;
3216 4194 3359 4247 Ἀλλ’
3408 4194 3509 4247 οὐκ
3548 4189 3615 4264 ῆν
3653 4192 3779 4245 νοῦν

2220 4290 2432 4359 ἔχοντος
2492 4289 2739 4342 ἀπειθεῖν
2789 4288 3101 4352 διαπαντὸς,
3148 4287 3525 4355 ὲπισειομένου
3572 4285 3779 4354 γυμνοῦ

2220 4381 2313 4432 τοῦ
2369 4379 2576 4447 ξίφους.
2599 4374 2707 4431 Ἦν
2750 4379 2860 4446 γὰρ
2905 4379 2972 4432 ἂν
3006 4378 3248 4448 ἀτεχνῶς
3292 4373 3427 4431 ὦσαι
3472 4378 3632 4431 τοῦτο
3660 4376 3781 4428 καθ’

549 4465 780 4517 nudatus
810 4461 957 4513 ensis
993 4458 1355 4520 incumberet,
1385 4469 1779 4524 usquequaque
1811 4455 2096 4509 obstinatu:

2195 4475 2197 4486 ’
2223 4468 2436 4522 ἑαυτοῦ.
2478 4469 2638 4521 Ἀλλὰ
2667 4467 2874 4537 πρᾶξαι
2907 4470 2975 4521 τὰ
2997 4469 3255 4522 δοκοῦντα
3277 4469 3390 4530 τοῖς
3412 4466 3650 4536 ἐχθροῖς,
3685 4467 3781 4533 καὶ

550 4554 889 4623 pet-sisteret.
927 4547 1081 4601 Haud
1116 4548 1261 4601 enim
1292 4546 1442 4599 aliud
1488 4556 1629 4608 erat,
1690 4560 1854 4613 quam
1913 4559 2035 4597 eum
2061 4545 2114 4597 in

549 4660 608 4699 se
636 4644 933 4714 impellere.
961 4641 1225 4695 Sedenim
1284 4648 1403 4693 erat
1429 4637 1794 4708 pra'standutn
1818 4638 1959 4705 quod
2019 4637 2117 4690 hu-

552 4739 653 4791 stis
684 4737 867 4801 vellet,
920 4750 983 4788 ac
1020 4733 1301 4803 prodenda
1326 4733 1509 4785 omnia
1538 4739 1599 4783 ut
1660 4744 1766 4782 una
1798 4732 1947 4783 solus
1992 4744 2121 4783 con-

552 4837 722 4881 staret
743 4828 765 4879 ?
786 4828 851 4879 At
890 4827 943 4880 hi
975 4828 1208 4895 primum
1241 4825 1460 4893 quidem
1494 4823 1630 4877 nihil
1661 4823 1961 4892 quidquam
2019 4824 2121 4877 hoc

552 4919 671 4969 sani
707 4917 1009 4982 loquuntur
1039 4936 1053 4969 :
1098 4931 1196 4970 nec
1224 4917 1316 4969 ille
1346 4930 1583 4984 unquam
1612 4929 1984 4969 consensurus
2004 4923 2123 4967 erat

554 5007 640 5059 cui
679 5006 858 5071 majus
889 5006 1142 5059 omnibus
1173 5007 1486 5068 haberetur,
1528 5013 1586 5056 nt
1613 5018 1679 5056 ne
1711 5004 1842 5070 quid
1877 5018 2119 5071 unquam

557 5102 712 5159 turpe
736 5092 1122 5155 committeret,
1146 5095 1351 5161 quique
1398 5094 1753 5148 brcvissirnos
1793 5107 1967 5147 annos
1997 5108 2122 5145 cum

554 5184 721 5253 gloria
789 5182 1123 5252 longissimis
1157 5187 1276 5239 sine
1309 5188 1478 5255 gloria
1521 5188 1709 5239 lubens
1742 5195 2120 5254 praecptasset.

554 5276 817 5331 Praeterea
859 5273 999 5327 haud
1029 5275 1072 5329 is
1098 5278 1315 5329 animus
1352 5279 1639 5331 homicidae
1689 5289 1829 5342 erat,
1895 5289 1951 5331 ut
1976 5277 2126 5331 acci-

556 5376 708 5437 peret
737 5364 945 5428 omnia,
978 5380 1041 5418 ac
1074 5374 1186 5417 tum
1222 5368 1531 5433 quicsi-eret
1563 5385 1576 5419 :
1617 5368 1710 5419 sed
1744 5378 1802 5420 ut
1838 5379 2123 5435 postquam

554 5459 873 5527 accepisset,
913 5458 1155 5512 datorem
1202 5458 1497 5512 occideret.
1533 5459 1662 5511 Erat
1715 5460 1899 5528 itaque
1947 5458 2127 5511 licitas

556 5565 649 5617 per
673 5549 722 5602 id
756 5558 967 5616 tempus
993 5546 1189 5601 similis
1217 5545 1354 5600 freto
1378 5548 1597 5601 Siciliae.
1623 5548 1713 5600 Illa
1735 5563 1869 5602 sane
1900 5556 2127 5613 satrapa:

556 5638 798 5702 insania,
837 5638 1157 5706 lictorisque
1210 5636 1544 5691 minabunda
1600 5639 1856 5701 tnonitio,
1888 5630 2128 5705 gravius

554 5727 681 5792 quid
718 5726 990 5797 Charybdi
1035 5744 1097 5781 ac
1132 5728 1293 5783 Scilla
1317 5727 1665 5791 videbantur,
1698 5742 1929 5795 quarum
1964 5729 2128 5781 nudis

558 5818 692 5883 ipsis
725 5820 1033 5876 nominibus
1068 5830 1242 5875 terror
1272 5828 1713 5893 contcnipcratus
1740 5831 1841 5872 cst.

2217 4563 2285 4612 si
2316 4560 2511 4613 ἑαυτοῦ
2559 4560 2735 4614 πάντα
2780 4560 3071 4630 προέσθαι,
3123 4561 3260 4631 ὑπὲρ
3317 4560 3479 4629 μόνου
3538 4560 3633 4611 τοῦ
3678 4575 3783 4609 σω-

2222 4653 2415 4721 θῆναι;
2460 4651 2621 4705 Ἀλλά
2652 4650 2867 4721 πρῶτον
2906 4653 3004 4722 μὲν
3039 4653 3199 4705 τοῦτο
3238 4653 3395 4705 οὐδὲν
3423 4652 3573 4717 ὑγιές
3613 4664 3779 4719 φασι·

2222 4744 2317 4797 καὶ
2348 4745 2447 4797 ούκ
2480 4743 2546 4799 ἂν
2577 4743 2775 4813 ὴξίωσέ
2798 4759 2928 4795 ποτε
2956 4744 3241 4812 πράττειν,
3267 4743 3324 4805 ὃς
3358 4759 3421 4808 γε
3454 4742 3545 4793 τοῦ
3585 4741 3785 4803 παντὸς

2178 4882 2181 4883 ν
2224 4837 2388 4906 ἐτίμα
2419 4837 2479 4888 τὸ
2513 4836 2680 4905 μηδέν
2719 4853 2773 4889 τι
2800 4837 2908 4889 τῶν
2964 4837 3209 4905 αἰσχρῶν
3259 4852 3388 4888 ποτε
3418 4834 3665 4903 πράξειν,
3693 4834 3789 4886 καὶ

2224 4930 2431 4998 χαίρων
2478 4928 2544 4980 ἂν
2573 4927 2839 4997 ἠλλάξατο
2864 4929 2960 4981 τοῦ
2992 4928 3156 4998 ζῆσαι
3204 4929 3469 4998 μήκιστον
3501 4927 3693 4995 χρόνον
3726 4925 3787 4977 οὐ

2229 5021 2366 5090 μετὰ
2392 5019 2549 5087 δόξης
2584 5020 2698 5089 βίον
2732 5020 2849 5088 μετ’
2887 5021 3135 5083 εύκλεεας
3171 5021 3530 5089 βραχύτατον.
3559 5019 3790 5070 Ἔπειτα

2227 5114 2322 5165 καὶ
2363 5111 2441 5181 τῷ
2472 5114 2622 5180 φονεῖ
2665 5113 2765 5165 οὐκ
2794 5113 2902 5181 ἄρα
2933 5112 3080 5165 τοῦτ’
3130 5108 3196 5181 ἦν
3227 5116 3254 5166 ό
3294 5113 3573 5181 λογισμὸς,
3606 5108 3791 5161 λαϐεῖν

2227 5205 2296 5257 τὰ
2342 5205 2522 5257 πάντα
2569 5205 2664 5257 καὶ
2706 5207 2936 5274 ἠρεμεῖν
2966 5223 2979 5238 ν
3019 5206 3157 5259 ἀ).λά
3212 5207 3350 5273 μετὰ
3382 5206 3442 5256 τὸ
3489 5204 3673 5255 λαϐεῖν
3704 5203 3793 5253 τὸν

2226 5294 2494 5347 δεδωκότα
2539 5295 2771 5347 ἀμελεῖν.
2806 5298 2968 5348 Ὥστε
3006 5297 3261 5366 πορθμὸς
3295 5296 3573 5356 Σικελικὸς
3604 5297 3636 5362 ἦ
3679 5293 3794 5344 Ἐλ-

2226 5385 2323 5446 λάς
2382 5403 2496 5447 πως
2553 5386 2759 5455 πέφηνε
2794 5386 3129 5456 τηνικαῦτα·
3174 5389 3267 5438 καὶ
3297 5388 3330 5455 ἡ
3365 5385 3459 5438 τοῦ
3510 5384 3792 5453 σατράπου

2232 5477 2418 5543 μανία.
2454 5478 2549 5528 καὶ
2599 5478 2632 5545 ὴ
2682 5477 2776 5529 τοῦ
2810 5478 3004 5546 δημίου
3044 5478 3203 5546 δῆθεν
3238 5477 3559 5544 παραίνεσις
3594 5476 3791 5543 ἀπειλῇ

2233 5567 2681 5637 συγκεκραμένη,
2728 5567 3108 5635 χαλεπώτεραι
3147 5567 3422 5634 πεφήνασι
3462 5564 3795 5630 Χαρύϐδεώς

2186 5700 2191 5701 γ
2231 5675 2290 5709 τε
2343 5659 2439 5710 καὶ
2485 5658 2734 5727 Σκίλλης,
2767 5653 2840 5711 ὧν
2886 5659 2979 5709 καὶ
3029 5660 3140 5719 τοῖς
3190 5657 3423 5723 ὀνόμασι⁹
3480 5655 3652 5723 φρίκη
3703 5654 3793 5705 κέ-

2239 5766 2457 5819 κρατσα
