4166 6270
434 320 552 386 -2Ξ9

1230 324 1628 388 TIIEODDRI
1674 325 2034 386 DESPOTAE
2082 327 2475 389 LAUDATIO
2515 332 2932 396 FUNEBRIS.

3602 347 3714 415 230

536 432 675 487 Ἀλλ’
739 435 766 487 ό
826 439 942 496 νέος
1003 435 1290 499 Ὀδυσσεὺς
1353 439 1589 506 οὑτοσὶν,
1637 442 1666 492 ό
1721 439 1885 502 καλός
1944 458 2025 494 σοι

2202 439 2495 505 Caeterum,
2523 458 2699 499 novus
2749 445 2859 510 hic,
2895 450 3043 503 omni
3077 442 3375 525 tibi‘parte
3410 440 3614 515 'bonns
3644 470 3709 514 ac

446 526 624 580 πάντα
677 527 773 578 καὶ
819 527 1151 602 εὐμήχανος,
1184 529 1397 583 πολλῶν
1452 531 1553 599 μὲν
1588 531 1805 587 πλάνων
1836 533 2029 586 πεπεί-

447 637 608 691 ραται
641 620 739 673 καὶ
790 621 1155 673 παντοδαπῶν
1182 637 1197 652 ·
1234 623 1436 691 μᾶλλον
1465 624 1522 676 δὲ
1573 624 1717 677 ἐκὼν
1755 628 2027 695 πεπείραο

443 728 535 763 ται
586 710 697 762 τῶν
730 709 921 763 δεινῶν
978 710 1118 779 ὑπὲρ
1162 712 1270 763 τῶν
1306 714 1695 783 προσηκόντων
1730 715 1897 769 αὑτοῦ
1949 717 2025 787 τῷ

447 804 689 872 σχήματι
748 803 844 855 καὶ
893 805 957 874 τῇ
1017 804 1165 875 ῥίζῃ,
1222 800 1290 876 ἦς
1340 823 1403 872 γε
1462 808 1648 875 ἐξέφυ.
1688 811 1917 863 Πάντων
1968 810 2023 863 δὲ

445 894 805 959 ἀπαλλαγεὶς,
835 895 931 947 καὶ
963 896 1251 965 σπηλαίου,
1287 898 1383 949 καὶ
1434 898 1721 968 πορθμῶν,
1756 902 1849 955 καὶ
1894 901 2021 955 πολ.

447 984 555 1037 λῶν
602 984 771 1037 πολλά
808 987 1009 1038 ὑόντων
1041 987 1222 1071 νεφσῶν
1248 1006 1411 1040 τινων
1440 989 1599 1059 δίκην
1621 992 1686 1044 τὰ
1716 993 1925 1061 φοϐερά
1962 1009 2021 1044 τε

445 1079 541 1130 καὶ
566 1076 824 1146 δυσχερῆ,
850 1078 943 1129 καὶ
970 1077 1079 1149 γὰρ
1106 1079 1289 1131 ἑκτέον
1313 1079 1393 1132 ἔτι
1427 1080 1518 1134 τοῦ
1551 1083 2020 1154 παραδείγματος,

444 1169 634 1237 ἀσινὴς
695 1168 1041 1238 παρέπλευσέ
1127 1187 1187 1222 τε
1264 1172 1357 1223 καὶ
1436 1175 1783 1244 παρελήλυθε
1843 1177 2021 1238 πάσας

441 1258 618 1327 κῆρας
646 1275 660 1289 '
708 1262 803 1313 xui.
843 1259 1085 1328 γεγονώς
1133 1279 1262 1314 ποτε
1311 1266 1476 1323 οἴκοι,
1516 1258 1643 1334 εὗρε
1703 1268 2031 1335 Πηνελόπην

439 1349 538 1417 τὴν
585 1351 1013 1417 Πελοπόννησον,
1062 1352 1295 1422 ἄμωμον
1337 1357 1509 1417 αὑτὴν
1563 1357 1712 1424 αὑτῷ
1763 1359 2025 1429 διατηρή-

441 1458 613 1494 σασαν
665 1443 933 1513 ἀκριϐῶς,
967 1445 1066 1496 οὑκ
1122 1446 1533 1510 ἐξαναλύουσαν
1594 1450 1684 1500 τὸν
1735 1450 2025 1515 ίστδν,καὶ

437 1533 686 1586 διδοῦσαν
728 1530 853 1596 τοὺς
906 1536 1219 1604 πειρῶντας
1270 1538 1540 1602 ἐλπίζειν,
1579 1539 1716 1591 ἀλλά
1773 1542 2023 1610 φανερῶς

438 1627 633 1687 αὐτοὺς
687 1608 1143 1696 ἀποτρέὶπουσανο
1194 1628 1223 1680 ὃ
1273 1628 1337 1697 δὴ
1387 1628 1483 1682 τοῦ
1539 1631 1806 1699 προτέρου
1843 1608 2022 1699 πολλῴ

440 1718 663 1786 προέχει
692 1759 708 1784 ,
753 1720 849 1770 καὶ
894 1718 1136 1789 τοσούτῳ
1181 1736 1245 1787 γε
1293 1722 1666 1791 ὑπερήλασεν,
1721 1723 1831 1790 ὅσῳ
1884 1726 2019 1796 μηδὲ

440 1806 584 1875 λόγῳ
617 1809 763 1872 δόξαι
787 1810 885 1879 τὴν
920 1810 1276 1879 σωφροσύνην
1308 1811 1539 1881 μολῦναι
1568 1828 1585 1845 ο
1620 1814 1648 1865 ὅ
1679 1830 1741 1881 γε
1772 1814 2017 1887 ζητήσας

442 1897 501 1949 ἐν
533 1897 609 1968 τῷ
659 1900 928 1971 προτέρῳ,
955 1904 1054 1955 οὐκ
1088 1901 1155 1954 ἂν
1206 1902 1409 1973 εὕροις.
1458 1904 1548 1969 Ὠς
1598 1908 1707 1974 γάρ
1752 1908 2011 1981 ἔοικεν,ἡ

440 1992 724 2060 φρόνησις,
758 1995 857 2044 οὐκ
893 1994 1347 2063 ἀπαγορεύσασα,
1375 1995 1592 2063 ἅπαντα
1637 2000 1839 2071 ῥᾳδίως
1887 2004 2015 2057 άνὺ-

438 2097 521 2131 σει
545 2097 562 2113 ⁸
594 2085 809 2135 πάντων
835 2085 943 2154 γάρ
972 2087 1122 2137 ἐστιν
1158 2089 1185 2139 ό
1211 2086 1365 2154 λόγος
1398 2089 1884 2164 ἐπικρατέστερος.

516 2171 577 2223 '0
609 2174 792 2226 τοίνυν
824 2176 1027 2243 ἀγαθός
1058 2193 1138 2229 σοι
1182 2176 1474 2248 δεσπότης,
1509 2182 1648 2251 μήτε
1681 2188 2012 2255 τραχυνθεὶς

434 2264 567 2329 πρὸς
613 2265 712 2327 τὰς
741 2269 1090 2337 ἀπαιτήσεις,
1123 2268 1293 2337 οὔσας
1339 2288 1403 2339 γε
1455 2277 1713 2327 τοσοῦτον
1744 2278 2012 2335 ἀδικωτά-

432 2370 550 2415 τας,
580 2356 704 2410 ὅσον
726 2358 753 2409 ό
785 2357 990 2421 ταύτας
1013 2360 1260 2413 ἀπαιτῶν
1288 2362 1622 2428 ἀδικώτατος
1646 2383 1663 2399 ο
1698 2360 1760 2420 ὗε
1797 2370 1853 2422 δὲ
1881 2372 2011 2425 ταὺ-

432 2461 531 2509 τας
574 2448 807 2512 πυκνάς,
837 2449 931 2502 καὶ
980 2449 1226 2519 ἐῴκεσαν
1262 2454 1450 2519 νιφάσι
1502 2460 1816 2528 χειμερινοῦ
1867 2479 2011 2527 τινος

434 2538 510 2601 ὡς
560 2540 622 2592 ἐκ
657 2541 874 2607 νέφους,
923 2544 1061 2613 μήτε
1095 2547 1232 2614 πρὸς
1282 2546 1379 2609 τὰς
1425 2548 1653 2611 ἀπειλάς
1710 2552 2007 2622 φοϐηθείςο

433 2624 576 2698 ἦσαν
608 2630 663 2684 δὲ
702 2633 811 2684 αἰεί
856 2650 910 2686 τι
960 2634 1184 2706 χείρους
1229 2636 1325 2689 καὶ
1356 2635 1692 2707 ἀγριώτεραι
1728 2641 1783 2692 αἱ
1813 2644 2010 2695 νεώτε-

441 2738 530 2789 ραι
580 2724 675 2775 καὶ
716 2725 969 2795 δεύτεραι
1000 2727 1109 2779 τῶν
1156 2728 1548 2799 πρεσϐυτέρων
1590 2748 1649 2784 τε
1682 2735 1777 2786 καὶ
1814 2737 2011 2805 προτέ-

436 2830 547 2883 ρων
572 2832 585 2845 ο
621 2815 788 2884 μηδὲν
812 2817 943 2885 γοῦν
971 2818 1194 2888 στυφδν,
1235 2820 1369 2889 μηδὲ
1400 2823 1597 2892 τραχὺ,
1631 2824 1758 2894 μηδ’
1794 2828 2010 2881 ἀντίτυ-

438 2921 558 2970 πον,
611 2907 737 2975 μηδ’
785 2904 944 2972 αὖθις
972 2910 1348 2980 ἀνελεύθερον,
1394 2915 1528 2982 μηδέ
1564 2916 1831 2985 μαλακὸν,
1871 2922 2006 2990 μηδέ

433 2994 744 3068 ἔκλυτον,ἣ
799 2999 1051 3053 ὁπωσοῦν
1101 3002 1501 3071 ἐνδειξάμενος,
1551 3007 1582 3077 ἦ
1634 3008 1690 3060 τὸ
1741 3012 2004 3075 παράπαν

2130 532 2305 588 solers
2362 533 2618 605 Ulysses,
2685 540 2887 595 multos
2947 544 3063 610 ipse
3119 560 3182 598 ac
3249 550 3427 604 omnis
3489 555 3707 623 generis

2128 624 2448 679 seductores
2487 632 2771 696 expertus,
2835 646 3044 701 suaque
3103 636 3240 691 adeo
3295 652 3491 709 sponte
3549 646 3707 700 malis

2126 714 2443 780 defunctus,
2478 732 2576 785 pro
2608 719 2692 784 iis,
2734 723 2824 788 qui
2860 723 2977 791 ejus
3005 742 3325 795 personam,
3361 748 3424 786 ao
3465 736 3705 791 radicem

2127 821 2233 871 qua
2258 819 2402 862 esset
2422 820 2599 874 ortus,
2622 814 3025 884 contingerent,
3047 821 3113 871 ab
3145 823 3403 876 omnibus
3424 825 3703 883 liberatus.

2125 899 2193 950 ab
2252 900 2534 967 spelunca,
2590 903 2827 971 afretis,
2880 909 3198 979 multisqua:
3256 915 3484 969 nubium
3556 934 3709 974 more

2126 991 2401 1044 tremenda
2436 994 2601 1045 multa
2643 1009 2708 1049 ac
2772 997 2999 1052 molesta
3041 1001 3429 1069 depluentibus
3501 1007 3706 1075 (adhuc

2124 1078 2322 1147 quippe
2358 1084 2669 1137 haerendum
2693 1090 2989 1158 exemplo),
3051 1090 3346 1150 incolumis
3402 1108 3711 1165 praeterna-

2125 1172 2351 1237 vigavit,
2397 1187 2699 1241 ortinesque
2730 1185 3151 1248 praetergressus
3212 1199 3407 1251 noxas,
3483 1191 3703 1241 tandem

2126 1259 2422 1327 aliquando
2452 1263 2674 1317 domum
2737 1281 3019 1331 reversus,
3055 1270 3381 1342 Penelopem
3434 1276 3642 1333 invenit
3686 1297 3703 1333 :

2126 1348 2594 1419 Peloponnesum,
2630 1354 2878 1424 inquam,
2902 1360 2950 1412 ei
2970 1376 3029 1414 se
3064 1361 3552 1422 incontaminatam
3581 1373 3709 1423 dilio

2129 1450 2324 1508 genter
2358 1454 2697 1507 servantem,
2731 1463 2838 1501 non
2870 1451 3093 1518 quidem
3130 1464 3466 1510 retexentem
3540 1462 3704 1518 telam

2126 1547 2428 1603 procosque
2470 1546 2742 1593 tentantes
2802 1555 2896 1610 spe
2922 1542 3174 1607 alentem,
3227 1548 3319 1601 sed
3380 1564 3474 1605 eos
3526 1555 3702 1620 palam

2127 1626 2498 1692 repudiantem
2536 1644 2549 1692 ;
2590 1630 2736 1696 quod
2773 1631 2935 1702 longe
2966 1639 3327 1702 praestantius
3366 1650 3471 1704 est,
3519 1654 3703 1699 tanto-
3786 1656 3793 1663 '

2124 1730 2231 1783 que
2262 1716 2338 1769 illi
2369 1720 2671 1786 antecellit,
2733 1735 2943 1793 quanto
3001 1743 3066 1781 ne
3109 1730 3277 1783 verbo
3321 1733 3540 1801 quidem
3583 1737 3699 1790 visa

2121 1814 2203 1861 est
2243 1810 2548 1862 castitatem
2602 1813 2870 1880 polluere,
2921 1818 3068 1885 quod
3122 1819 3327 1876 frusua
3362 1826 3612 1893 requiras
3644 1827 3697 1881 iu

2119 1896 2405 1967 Penelope.
2431 1899 2548 1955 Non
2602 1902 2809 1959 defecta
2843 1909 2986 1960 enim
3053 1923 3424 1983 constansque
3459 1919 3700 1984 pruden-

2121 1988 2188 2041 tia
2230 1994 2411 2046 omnia
2462 1994 2620 2048 facile
2690 1996 3041 2063 confecerit,
3099 2002 3305 2073 quippe
3378 2022 3501 2060 cum
3557 2017 3703 2062 ratio

2118 2083 2394 2141 universis
2431 2090 2687 2156 superior
2709 2091 2803 2145 sit.

2186 2173 2304 2229 Tihi
2339 2177 2524 2246 itaque
2554 2180 2731 2236 bonus
2783 2184 3032 2253 despota,
3068 2202 3167 2241 nec
3203 2203 3302 2258 pro
3332 2192 3700 2260 petitionibus

2113 2280 2493 2337 exasperatus,
2531 2287 2848 2343 quanquam
2889 2289 3050 2333 erant
3097 2289 3251 2336 tanto
3313 2284 3694 2352 iniustissima!

2112 2369 2319 2426 quanto
2339 2360 2575 2418 offerens
2601 2365 3002 2436 injustissimus
3024 2383 3141 2426 erat
3164 2391 3177 2441 ;
3206 2389 3369 2445 porro
3398 2378 3691 2435 confertim

2112 2448 2460 2519 depluebant,
2485 2456 2817 2513 nivisinstar
2837 2462 2905 2514 ab
2938 2464 3165 2519 hiberna
3200 2469 3343 2522 nube
3381 2473 3535 2538 cepia
3579 2475 3699 2543 glo-

2116 2545 2397 2607 merantis,
2430 2559 2521 2598 sed
2556 2564 2730 2616 neque
2763 2552 2924 2606 minis
2958 2560 3281 2623 perterritus
3319 2574 3333 2613 :
3368 2572 3522 2614 erant
3563 2577 3697 2615 vero

2114 2649 2330 2703 semper
2355 2654 2505 2692 novae
2543 2654 2603 2693 ac
2619 2645 2969 2709 posteriores,
2986 2658 3136 2713 parte
3157 2650 3334 2718 aliqua
3350 2653 3590 2721 antiquis
3628 2670 3692 2708 ac

2115 2727 2385 2792 prioribus
2404 2730 2702 2785 deteriores
2742 2736 3467 2809 truculentioresque:nihil
3507 2747 3694 2799 aerius

2113 2820 2453 2889 asperiusvc,
2499 2834 2593 2878 aut
2625 2826 2843 2901 durius,
2880 2829 3123 2901 nihilque
3153 2849 3347 2889 rursus
3399 2836 3686 2900 illiberale.

2113 2922 2206 2965 aut
2250 2915 2429 2979 molle,
2466 2918 2647 2971 ullove
2685 2922 2848 2974 modo
2879 2923 3206 2977 dissolutum
3241 2928 3498 2995 prodens,
3525 2943 3694 2985 auzve

2113 3004 2336 3057 omnino
2371 3006 2598 3076 loquens
2628 3027 2643 3062 :
2681 3021 2850 3079 utque
2889 3013 3051 3067 verbo
3083 3015 3286 3083 dicant,
3346 3020 3479 3073 nihil
3512 3023 3694 3076 minus

434 3087 805 3157 φθεγξάμενος
826 3107 840 3121 ο
874 3092 967 3144 καὶ
998 3092 1299 3165 συλλήϐδην
1333 3113 1395 3163 γε
1429 3099 1624 3163 είπεῖν,
1662 3101 1827 3172 μηδὲν
1861 3104 2001 3175 ἀπᾷ-

2116 3092 2344 3165 tetnpori
2372 3115 2675 3169 congruum
2720 3122 2733 3155 :
2773 3105 2903 3172 quin
2943 3119 3252 3174 Opportune
3276 3112 3461 3165 omnia
3486 3129 3691 3183 gerens

432 3179 520 3232 δον
566 3180 658 3234 τοῦ
710 3181 941 3251 καιροῦ·
976 3184 1112 3238 ἀλλά
1149 3186 1269 3255 μετ’
1316 3188 1484 3240 αὑτοῦ
1536 3191 1713 3245 πάντα
1762 3195 2001 3264 πράξας,

432 3274 528 3325 καὶ
552 3273 732 3326 αὐτῶν
758 3276 1058 3343 παιδαρίων
1084 3278 1450 3349 ἀφελέστερον
1482 3282 1733 3345 ἀπέδειξε
1768 3288 1860 3340 τὸν
1913 3291 2005 3344 ἴσα

432 3367 523 3417 καὶ
556 3368 702 3419 παιδὶ
740 3368 959 3437 σμικρῷ
999 3370 1055 3436 ἐξ
1088 3371 1362 3435 ἀναιδείας
1396 3374 1478 3437 είς
1514 3376 1677 3427 αὑτὸν
1713 3378 1999 3441 παίζοντα.

432 3454 643 3524 Χρῆται
672 3458 728 3510 δὲ
757 3454 857 3512 ὦδε
890 3463 956 3530 τῇ
995 3462 1299 3531 φρονήσει·
1346 3462 1471 3517 οὔτε
1519 3468 1800 3532 παντελῶς
1843 3452 2002 3523 ἀπει-

433 3551 516 3602 θεῖ
564 3554 724 3622 μέχρι
757 3553 963 3618 τέλους,
997 3555 1024 3607 ὃ
1075 3558 1184 3618 πᾶς
1239 3574 1321 3619 τις
1366 3556 1432 3611 ἀν
1486 3559 1690 3613 ἔπαθεν
1741 3564 2002 3629 ἐπιεικῶς

430 3645 700 3711 ἀπογνούς
727 3659 742 3676 ο
785 3644 898 3697 οὔτ’
949 3646 1015 3699 αὖ
1069 3647 1386 3702 ὑπενδίδωσι
1434 3650 1533 3721 τήν
1580 3654 1883 3725 ταχίστην·
1928 3656 2004 3720 ὡς

433 3741 571 3808 μήτε
610 3742 675 3809 τῇ
708 3741 981 3810 ὑπερϐολῇ
1030 3743 1129 3810 τῆς
1175 3746 1480 3808 ἐνστάσεως
1509 3747 1569 3800 τὸ
1602 3750 1780 3818 ὁργῶν
1815 3769 1874 3804 τε
1908 3754 2003 3806 καὶ

430 3831 764 3900 φλεγμαῖνον
821 3834 1278 3906 προσπαροξύνῃ,
1317 3837 1455 3906 μήτε
1500 3839 1578 3908 τῷ
1612 3842 1809 3911 ῥαδίως
1863 3842 2003 3893 οὕτω

431 3923 648 3989 ὑφεῖναι
693 3923 956 3992 παράσχῃ
1003 3924 1225 3986 δικαίως
1260 3928 1514 3980 ὑπονοεῖν
1544 3930 1635 3981 τὸν
1682 3931 1897 4001 ἐχθρὸν,
1929 3933 2004 3994 ὼς

430 4012 540 4082 ἄρα.
582 4031 635 4066 τι
670 4015 1035 4083 προκείμενον
1078 4016 1238 4084 ἔχων,
1270 4020 1388 4081 ταῖς
1437 4020 1716 4083 εὑκολίαις
1767 4024 2006 4075 κατακέ-

430 4121 653 4177 χρηται,
681 4104 843 4173 ἕτερα
880 4104 981 4174 μὲν
1024 4105 1220 4174 λέγων,
1257 4106 1418 4178 ἕτερα
1470 4109 1515 4162 δ’
1558 4112 1635 4163 ἐνὶ
1682 4113 1843 4182 φρεσὶ
1879 4116 2005 4165 κεύ-

430 4196 556 4251 θων.

442 4354 447 4355 ν
501 4289 655 4342 υὺτω
688 4289 763 4359 τῷ
812 4290 885 4360 νῷ
915 4291 1285 4361 χρησάμενος,
1317 4293 1390 4357 ὡς
1425 4293 1524 4348 οὑκ
1550 4295 1616 4348 ἂν
1644 4290 1712 4366 ἦν
1758 4296 2001 4365 κάλλιον,

431 4373 606 4448 οἶμαι,
640 4381 746 4433 οὐδ’
795 4381 859 4435 ἄν
902 4400 985 4447 τις
1032 4384 1191 4443 ἄλλος
1243 4384 1513 4456 ἐκέχρητο
1556 4387 1667 4440 τῶν
1720 4389 1999 4455 ἁπάντων,

429 4469 707 4539 διαφυγὼν
761 4473 961 4544 ἐπίσης
1008 4475 1358 4545 σκληρότητά
1413 4494 1474 4529 τε
1539 4479 1635 4531 καὶ
1690 4480 2000 4535 τούναντίον

434 4562 803 4632 μαλακότητα,
836 4558 911 4619 ὧν
962 4566 1092 4618 ποτὲ
1138 4567 1261 4634 μὲν.
1280 4568 1530 4641 θάτερον,
1564 4571 1696 4623 ποτὲ
1743 4572 1799 4624 δὲ
1843 4566 1909 4626 αὖ
1941 4575 2002 4627 τὸ

428 4655 612 4708 λοιπὸν
663 4659 737 4719 ὡς
777 4656 1019 4710 ταπολλά
1069 4661 1182 4722 τοῖς
1234 4659 1618 4730 ἀδικουμένοις
1664 4662 1811 4731 φιλεῖ
1861 4682 2001 4733 συμ-

430 4745 634 4800 ϐαίνειν
656 4764 669 4778 ·
704 4751 875 4817 χωρεῖ
899 4750 997 4817 τὴν
1030 4750 1203 4817 μέσην
1237 4751 1360 4805 λίαν
1409 4752 1612 4820 σοφῶς,
1647 4756 1743 4806 καὶ
1793 4755 2000 4825 ταύτην

427 4837 644 4904 ὁμαλῶς
682 4840 1082 4905 πορευόμενος*
1132 4842 1334 4910 ήμεροῖ
1373 4842 1465 4894 τον
1519 4844 1792 4912 δράκοντα
1839 4846 1998 4908 τέως,

426 4928 475 4977 εί
526 4930 618 4979 κα¹ι
663 4927 739 4997 μὴ
767 4929 997 4980 ἐπιπολὺ
1028 4930 1087 4979 τὸ
1129 4931 1303 4998 πρᾶον
1336 4931 1600 4997 ἐπιδεῖξαι
1640 4929 1750 4997 οἷός
1780 4951 1839 4985 τε
1876 4937 1999 5000 ἐγε-

427 5018 595 5085 γόνει.
625 5016 764 5081 Τοὺς
810 5015 905 5070 οῦν
939 5019 1099 5071 αὑτὸν
1135 5020 1505 5088 φυλάττοντας
1556 5023 1745 5094 ῶσπερ
1777 5028 1997 5095 χειροή-

427 5109 538 5168 θεις
568 5108 696 5176 τῇδε
732 5110 987 5175 ποιήσας,
1017 5109 1129 5161 δεῖν
1155 5108 1307 5179 ᾠήθη
1343 5110 1534 5178 καιρὸν
1561 5106 1703 5163 εἶναι
1738 5113 1769 5183 ἢ
1800 5114 1994 5166 τεθνά-

424 5214 537 5258 ναι,
567 5196 600 5265 ἦ
637 5197 957 5264 ἀποδρᾶναι.
998 5198 1269 5267 Τυγχάνει
1324 5200 1380 5251 δέ
1427 5201 1521 5252 τοῦ
1559 5203 1835 5271 δευτέρου,
1868 5204 1940 5267 ὡς
1969 5205 1999 5256 ό

423 5288 579 5353 λόγος
621 5288 826 5357 προῖὼν
861 5290 1040 5354 δείξει.
1077 5293 1290 5360 Πέμπει
1319 5293 1428 5362 γὰρ
1460 5294 1757 5356 ἐπιστολὰς
1784 5296 1992 5359 οἴκαδε,

423 5379 544 5442 οἵας
575 5382 621 5432 oi
657 5381 1090 5448 προστάττοντες
1119 5384 1405 5435 ἐϐούλοντο
1426 5400 1441 5414 ·
1475 5386 1587 5446 τοῖς
1623 5385 1679 5436 δὲ
1713 5389 1866 5455 παρά
1899 5388 1993 5439 τοῦ

425 5471 707 5539 σατράπου
743 5473 1094 5541 πεμφθεῖσιν,
1126 5474 1267 5526 ὥστε
1300 5475 1367 5527 τὰ
1403 5475 1639 5545 φρούρια
1670 5477 1857 5530 λαϐεῖν
1902 5480 1996 5532 καὶ

426 5562 525 5628 τὴν
577 5562 979 5633 Ἀγαμέμνονός
1030 5581 1159 5616 ποτε
1213 5565 1388 5631 πόλιν,
1432 5567 1810 5637 συνεκπέμπει
1868 5572 1994 5633 τοὺς

426 5652 607 5716 αὐτοῖς
649 5655 1077 5726 ἐγχειριοῦντας,
1098 5656 1172 5720 ὼς
1200 5656 1368 5721 ᾤοντό
1391 5674 1477 5725 γε,
1513 5659 1614 5722 τὰς
1644 5660 1989 5729 ἀκροπόλεις.

429 5742 493 5792 Οἱ
525 5741 605 5808 δὲ,
633 5748 795 5815 σχολῇ
850 5746 1175 5817 βαδίζοντες,
1205 5746 1346 5802 οὕτω
1393 5746 1499 5816 γὰρ
1536 5744 1603 5818 ἦν
1641 5750 1839 5811 ἀὐτοῖς
1870 5749 1991 5800 ἐπι-

2110 3190 2293 3257 pueris
2333 3192 2465 3259 ipsis
2514 3194 2906 3260 simpliciorem
2966 3213 3089 3251 eum
3149 3203 3416 3269 ostendit,
3466 3207 3558 3275 qui
3593 3224 3692 3275 pt'l’

2107 3278 2492 3349 impudentiam
2537 3285 2676 3339 haud
2697 3286 2744 3339 ei
2776 3286 2934 3341 aliter
2968 3304 3028 3341 ac
3048 3293 3274 3357 puerulo
3312 3304 3529 3362 putaret
3560 3300 3688 3352 illu-

2105 3372 2368 3427 dendum.
2394 3373 2488 3429 llic
2511 3375 2696 3447 itaque
2716 3381 3061 3448 prudentiam
3089 3383 3310 3439 adhibet
3341 3403 3549 3457 :nequc
3570 3405 3693 3442 Olll-

2106 3464 2235 3517 nino
2252 3466 2301 3517 in
2326 3467 2482 3520 finem
2502 3484 2675 3538 usque
2690 3472 3039 3540 renuit,qnod
3063 3475 3291 3543 quisque
3319 3479 3503 3532 animo
3538 3482 3690 3535 defe-

2106 3570 2227 3611 czus
2254 3574 2449 3627 passus
2486 3572 2628 3615 esset
2657 3578 2674 3616 :
2704 3578 2803 3618 nec
2851 3566 3036 3618 statim
3068 3565 3160 3619 dat
3185 3582 3400 3631 manus,
3430 3581 3481 3622 ut
3511 3587 3686 3639 neque

2106 3649 2273 3703 nimia
2346 3652 2637 3706 renitentia
2693 3666 2966 3709 tumentes
3024 3657 3125 3708 viri
3196 3658 3411 3713 animos
3466 3660 3693 3716 abunde

2108 3752 2330 3795 acueret
2355 3761 2369 3805 ;
2393 3759 2494 3797 nec
2526 3755 2677 3797 tanta
2711 3747 2802 3799 illa
2853 3746 3115 3801 facilitate
3144 3751 3347 3816 justam
3380 3749 3518 3803 hosti
3557 3767 3685 3805 sus-

2108 3832 2376 3900 picionem
2413 3834 2698 3900 praeberet,
2735 3838 2889 3904 quasi
2932 3837 3117 3891 dolum
3171 3840 3356 3892 animo
3413 3842 3682 3904 comicus,

2105 3936 2169 3975 ac
2210 3923 2337 3990 quid
2412 3924 2754 3988 machinans,
2822 3929 2903 3982 sic
2957 3929 3004 3983 ei
3056 3929 3382 3998 indulgeret.
3453 3933 3689 4004 loquens

2107 4010 2272 4076 aliud,
2306 4027 2369 4065 ac
2398 4011 2548 4065 aliud
2576 4014 2849 4083 cogitans.

2181 4267 2334 4324 llunc
2365 4269 2453 4326 ille
2482 4271 2705 4326 modum
2763 4274 2982 4330 solertia
3024 4294 3175 4344 usus,
3233 4290 3291 4334 ut
3327 4260 3427 4335 nec
3484 4287 3686 4343 melius

2119 4373 2326 4431 posset,
2353 4379 2452 4419 nec
2498 4365 2640 4420 ullus
2677 4369 3057 4424 universorum
3094 4386 3153 4426 re
3190 4373 3301 4441 ipsa
3339 4390 3472 4429 usus
3511 4387 3689 4444 esset,

2035 4441 2078 4495 n
2113 4464 2172 4507 ut
2203 4455 2429 4523 perinde
2451 4472 2664 4510 morum
2700 4460 2956 4514 duritiem
2990 4476 3052 4516 ac
3103 4468 3442 4519 contrariam
3507 4469 3688 4520 modi-

2111 4546 2239 4599 tiem
2253 4557 2491 4613 caveret,
2509 4563 2740 4617 quorum
2760 4552 3083 4620 plerumque
3097 4557 3321 4609 alteram
3346 4559 3690 4627 alteramque

2110 4636 2339 4690 subinde
2366 4639 2764 4709 patiantur,qui
2787 4642 2991 4711 injuria
3019 4644 3353 4709 afﬁciuntur,
3404 4650 3689 4717 sapienter

2109 4730 2401 4784 admodum
2425 4732 2664 4787 medium
2699 4742 2845 4790 tenet
2871 4736 2997 4800 iter,
3023 4752 3086 4790 ac
3113 4752 3178 4791 eo
3196 4738 3479 4806 requaliter
3532 4741 3683 4796 ince-

2107 4824 2283 4901 denst
2299 4824 2592 4878 draconem
2633 4827 2902 4881 hactenus
2929 4830 2995 4881 ad
3032 4830 3314 4883 lenitatem
3349 4833 3631 4901 componit
3664 4853 3682 4889 :

2107 4930 2420 4983 quanquam
2465 4918 2553 4970 ille
2608 4919 2749 4970 haud
2782 4934 2899 4973 eam
2931 4919 3020 4972 diu
3058 4922 3315 4975 exhibere
3352 4925 3552 4992 potuit.
3586 4927 3679 4980 Sic

2107 5000 2292 5070 itaque
2326 5004 2469 5057 velut
2519 5010 2764 5059 eicurato
2809 5008 3156 5063 custodiente
3201 5012 3387 5073 milite.
3423 5028 3686 5083 Opportu-

2108 5109 2238 5147 nunt
2284 5094 2564 5159 iudicavit,
2622 5105 2717 5151 aut
2776 5108 3007 5152 mortem
3063 5112 3339 5170 oppetere.
3383 5119 3478 5158 aut
3554 5106 3678 5174 fuga

2108 5187 2356 5251 evadere,
2388 5190 2531 5257 quod
2561 5190 2815 5244 ultimum
2849 5193 3066 5257 accidit,
3114 5205 3169 5249 ut
3196 5198 3371 5251 oratio
3419 5196 3679 5264 deinceps

2106 5289 2386 5333 ostensum
2418 5293 2519 5336 est.
2546 5282 2907 5362 Mittititaque
2946 5286 3164 5341 domum
3198 5291 3681 5359 epistolas,qualrs

2108 5372 2379 5427 mittentes
2412 5375 2635 5428 vellent.
2664 5376 2839 5432 Missis
2858 5389 3038 5432 autem
3060 5378 3098 5433 'a
3151 5392 3393 5451 satrapa,
3432 5392 3489 5433 ut
3534 5398 3677 5450 pne.

2105 5465 2264 5528 sidia,
2298 5481 2362 5520 ac
2400 5467 2827 5535 Agamemnonis
2859 5471 3059 5526 dictam
3094 5474 3307 5536 urbem,
3344 5474 3677 5541 acciperent,

2104 5572 2198 5610 eos
2228 5557 2475 5627 adjungit
2513 5562 2763 5625 comites,
2806 5562 2897 5631 qui
2940 5578 3127 5617 eorum
3194 5564 3459 5618 sententia
3497 5573 3681 5615 essent

2106 5648 2355 5703 tradituri
2411 5664 2587 5715 arces.
2632 5651 2672 5704 li
2708 5661 2890 5707 autem
2957 5666 3119 5722 prout
3169 5655 3480 5721 injunctum
3534 5664 3680 5716 erat,

2105 5744 2301 5797 lentius
2342 5741 2674 5808 incedentes,
2716 5746 2935 5800 vixdum
2972 5756 3101 5811 puto
3138 5745 3463 5799 Corinthum
3506 5760 3671 5799 asuc-
