4166 6270
404 362 532 464 ρςιτι

1188 381 1587 446 TilEODORI
1628 373 1994 438 DESPU’IXE
2033 371 2422 433 LAUDATIO
2465 369 2874 432 FUNEBRIS.

3555 368 3661 430 23$

407 507 651 578 ἀνδρίας.
705 500 957 571 γέμουσά
996 514 1054 550 τε
1095 499 1364 557 συνέσεως
1400 496 1491 544 καὶ
1537 489 1845 558 δεξιότητος
1893 487 2011 578 ὅτι.

2095 499 2147 537 te
2214 483 2572 548 fortitudinis,
2641 483 3096 552 prudentiamque
3157 497 3220 537 ac
3281 481 3660 538 dexteritatem

407 576 688 668 πλείστης⁶
727 596 902 648 ἔνεστι
946 591 1066 661 μὲν,
1097 588 1158 642 οὑ
1185 585 1458 656 συγχωρεῖ
1489 582 1546 637 δὲ
1579 581 1640 636 τὺ
1669 581 1856 650 σχῆμα
1885 576 1980 630 τοῦ

405 693 592 759 λόγου.

477 825 690 880 Ἐκεῖνο
711 821 766 874 δὲ
788 819 1003 880 πάντως
1020 816 1221 878 εἰπεῖν,
1239 812 1334 866 καὶ
1355 808 1614 880 ἀποχρῶν
1638 806 1732 859 καὶ
1751 806 1978 867 δίκαιον,

404 919 570 971 ἓνεκα
596 914 846 967 πάντων·
875 907 1034 961 τοῦτο
1063 905 1124 958 τὸ
1144 902 1327 974 ἔργον,
1355 901 1534 964 καλῶς
1569 900 1667 969 μὲν
1699 895 1982 966 καταρχὰς

407 1004 714 1071 διανοηθὲν,
750 1001 970 1055 κάλλιον
1020 999 1076 1051 δὲ
1107 995 1375 1066 πραχθὲν,
1408 992 1506 1046 καὶ
1546 992 1717 1059 πέρας
1759 987 1981 1056 εἰληφὸς

407 1095 490 1147 ὅτι
523 1089 1002 1158 κάλλιστον,δῆλὸν
1027 1089 1174 1141 ἐστιν
1193 1086 1424 1150 ἆπασιν,
1449 1082 1524 1146 ὡς
1551 1083 1652 1135 οὐκ
1674 1081 1801 1134 ἄνευ
1829 1079 1982 1141 θείας

412 1187 592 1258 ῥοπῆς
643 1186 856 1253 γέγονε.
895 1184 968 1235 Τὸ
1013 1184 1122 1252 γὰρ
1171 1180 1235 1250 δὴ
1263 1177 1432 1231 πολλὰ
1479 1174 1982 1244 συνδεδραμηκέναι

409 1279 545 1348 πρὸς
579 1277 636 1330 ἓν
665 1295 718 1328 τι
769 1276 918 1336 τέλος
955 1272 1259 1342 θαυμάσιον
1286 1269 1400 1323 οὔτ’
1427 1267 1776 1334 ἀνθρωπίνης
1817 1263 1982 1317 δυνά-

411 1389 578 1441 μεως,
637 1369 760 1422 οὔτε
797 1367 906 1438 μήν
936 1383 988 1419 τι
1049 1364 1366 1432 σύμπτωμα
1414 1361 1473 1426 ἐξ
1526 1357 1837 1425 αὐτομάτου
1891 1355 1987 1406 καὶ

407 1461 600 1532 τύχης.
635 1459 808 1513 Τοῦτο
835 1458 896 1511 τὸ
929 1458 1088 1526 ἔργον
1113 1456 1386 1522 ἐλευθεροῖ
1410 1453 1509 1520 μὲν
1544 1451 1726 1502 πᾶσαν
1759 1447 1857 1514 τὴν
1888 1446 1989 1497 Πε·

407 1553 738 1620 λοπόννησον
778 1551 875 1614 τῆς
913 1547 1362 1617 προφαινομένης
1393 1541 1640 1603 δουλείας
1665 1557 1678 1569 ·
1715 1536 1989 1604 ἐλευθεροῖ

409 1644 466 1695 δὲ
497 1642 700 1708 Θήϐας.
745 1641 1000 1708 Ἀθήνας,
1052 1638 1305 1703 Μέγαρα,
1347 1635 1528 1692 πόλεις
1564 1647 1622 1682 τε
1677 1627 1985 1694 Ἑλληνίδας

412 1734 628 1802 ἑτέρας,
657 1728 730 1785 ὧν
756 1734 782 1783 ὁ
811 1731 886 1797 τῷ
913 1729 1148 1800 δεητότῃ
1180 1720 1447 1795 κηδεστὴς
1476 1724 1657 1791 ἄρχων
1684 1716 1751 1790 ἦν
1800 1717 1986 1771 Ῥοινέ-

2087 589 2252 644 quam
2298 575 2591 628 maximam
2639 575 2848 628 habens
2879 575 3171 638 exstiterit,
3206 581 3266 628 ut
3295 575 3472 644 possit
3504 589 3663 628 enar-

2087 667 2219 732 rari,
2253 666 2394 721 haud
2429 677 2612 722 tamen
2643 667 2916 723 orationis
2953 666 3125 737 figura
3155 666 3482 736 permiserit.

2158 803 2290 858 Illud
2333 805 2614 858 enimvero
2654 803 2801 874 quod
2850 803 2984 858 satis
3028 803 3232 857 habere
3281 803 3550 866 videatur,
3601 815 3667 856 ac

2083 896 2307 950 omnino
2341 897 2550 966 justum
2599 897 2672 950 sit
2707 896 2912 957 dicere,
2947 910 3135 967 operae
3170 895 3404 964 pretium
3437 894 3613 947 dicam
3648 909 3664 947 :

2082 988 2259 1056 palam
2291 989 2546 1042 omnibus
2577 1003 2719 1054 esse,
2759 989 2896 1043 bene
2926 1004 2957 1042 a
2989 985 3260 1057 principio
3293 985 3665 1052 excogitatum

2085 1094 2242 1148 Opus,
2263 1080 2567 1150 meliusque
2593 1091 2896 1151 peractum,
2923 1096 2985 1135 ac
3018 1081 3121 1133 fine
3146 1079 3408 1134 donatum
3435 1078 3666 1147 optimo,

2085 1187 2195 1224 non
2231 1171 2335 1225 nisi
2373 1172 2561 1226 divino
2609 1173 2862 1227 evenisse
2912 1179 3068 1226 nutu.
3107 1169 3176 1225 Ut
3211 1171 3355 1223 enim
3392 1168 3455 1222 ad
3495 1183 3666 1221 unum

2087 1262 2319 1330 aliquem
2345 1263 2650 1316 mirabilem
2677 1262 2838 1316 finem
2874 1264 3041 1315 multa
3067 1261 3466 1323 concurrerint,
3493 1273 3670 1327 neque

2089 1355 2344 1408 humanae
2388 1359 2459 1408 sit
2489 1355 2732 1420 virtutis,
2764 1369 2940 1420 neque
2968 1368 3155 1406 eorum
3199 1367 3316 1420 quas
3361 1366 3390 1405 α
3437 1365 3567 1404 casu
3606 1364 3671 1403 ac

2091 1442 2309 1495 fortuna
2341 1443 2470 1496 sint.
2512 1440 2588 1496 Ea
2609 1459 2696 1498 res
2743 1442 3054 1496 universam
3089 1441 3304 1510 quidem
3335 1441 3675 1509 Peloponne-

2091 1554 2212 1591 sutn
2253 1537 2322 1590 ab
2353 1537 2674 1590 imminente
2702 1537 2968 1591 servitute
3004 1537 3232 1599 liberat;
3271 1535 3511 1588 vindicat
3540 1549 3670 1587 vero

2091 1645 2153 1682 ac
2186 1629 2383 1682 asserit
2418 1629 2675 1693 libertati,
2715 1629 2952 1695 Thebas,
2983 1629 3244 1693 Athenas,
3277 1627 3574 1696 Megaram,
3607 1643 3670 1678 ac

2091 1723 2224 1775 alias
2257 1719 2477 1774 Graeciaa
2511 1723 2694 1781 urbes.
2720 1722 2918 1791 quibus
2947 1723 3186 1791 despotze
3224 1736 3389 1788 gener
3422 1719 3671 1773 [iant-res

417 1843 517 1893 ρης
551 1825 722 1891 ὄνομα
755 1822 924 1893 αύτῷ,
955 1819 1212 1887 νουνεχὴς
1251 1818 1388 1884 ἁνήρ
1416 1831 1428 1844 '
1472 1812 1748 1878 ἐλευθεροῖ
1781 1810 1838 1862 δὲ
1875 1809 1984 1862 πᾶν

2095 1812 2308 1866 nomine
2356 1812 2456 1882 (1),
2499 1814 2583 1866 vir
2628 1813 2813 1882 utique
2853 1813 3114 1881 prudens,
3176 1812 3462 1881 prtefectus
3500 1820 3619 1864 erat
3655 1827 3667 1861 :

417 1915 551 1984 ἐμοῦ
583 1915 642 1968 τὸ
683 1914 974 1983 Ἰλλυρικὸν
997 1953 1010 1975 ,
1045 1912 1136 1965 καὶ
1164 1911 1298 1963 ἄλλα
1338 1925 1401 1976 γε
1433 1907 1604 1960 πολλὰ
1639 1905 1746 1956 τῶν
1780 1903 1983 1974 βαρϐά-

416 2004 531 2075 ρων
569 2007 718 2076 ἔθνη.
749 2009 916 2075 Δῆλον
945 2006 1000 2057 δέ
1029 2019 1045 2037 ⁸
1076 2004 1132 2066 ὃς
1169 2003 1277 2071 γὰρ
1318 2000 1381 2068 δὴ
1420 2001 1512 2053 τὸν
1546 1998 1772 2066 ἀδελφὸν
1809 2001 1865 2049 ἐν
1895 2013 1984 2065 χε-

417 2102 525 2165 ροῖν
547 2097 704 2168 ἔχων,
735 2099 825 2149 τὸν
845 2097 1103 2166 τύραννόν
1133 2113 1274 2164 φημι
1293 2095 1528 2160 Πέρσην,
1559 2087 1594 2161 ἦ
1618 2091 1723 2159 μὴν
1756 2089 1983 2157 ἐπώμνυ

411 2195 506 2240 καὶ
545 2187 851 2256 ἰσχυρίζετο
879 2187 1016 2255 μετὰ
1051 2184 1248 2238 πολλοῦ
1276 2183 1366 2236 τοῦ
1401 2182 1774 2251 φρονήματος,
1810 2179 1984 2248 μηδα-

413 2281 530 2348 μῶς
569 2280 888 2333 ἐπανελθεῖν
918 2280 1126 2342 οἴκαδε,
1159 2279 1290 2345 πρὶν
1336 2278 1368 2346 ἢ
1401 2275 1773 2344 χειρώσασθαι
1806 2272 1985 2324 πάντα

411 2374 508 2426 καὶ
541 2372 854 2441 διαφθεῖραι
880 2387 894 2402 ⁸
926 2377 1018 2423 καὶ
1042 2367 1110 2441 ἦν
1141 2370 1296 2424 οὐδὲν
1327 2369 1636 2437 ὑπέρογκον
1667 2367 1789 2417 οὐδὲ
1822 2365 1983 2433 χαλε-

413 2467 514 2518 πδν
563 2465 1050 2532 ἀλαζονευόμενος,
1117 2463 1236 2515 ἀλλ’
1285 2462 1312 2512 ὅ
1340 2477 1402 2527 γε
1462 2459 1643 2529 ῥᾴδιον
1683 2453 1750 2526 ἦν
1799 2455 1981 2524 αὐτῷ·

414 2555 641 2628 ὕστερον
681 2559 902 2608 κύπτων
933 2557 1011 2616 είς
1041 2555 1146 2620 γῆν
1187 2551 1329 2619 μετὰ
1363 2551 1459 2618 τὴν
1518 2549 1735 2615 πληγὴν
1757 2587 1771 2610 ,
1807 2545 1988 2616 πληγῆ

413 2648 526 2714 γὰρ
552 2646 813 2714 ἄντικρυς
863 2641 1012 2712 αὑτῷ
1043 2643 1076 2712 ἡ
1112 2639 1344 2706 ἀδελφοῦ
1382 2639 1474 2692 τοῦ
1514 2636 1648 2705 ἐμοῦ
1685 2635 1988 2703 φυγὴ.ούδὲ

414 2737 528 2790 τῶν
577 2736 716 2806 πρὸς
760 2737 920 2804 χάριν
975 2735 1043 2786 τὰ
1090 2731 1316 2785 τοιαῦτα
1363 2730 1634 2797 λεγόντων
1693 2727 1864 2796 ἡδέως
1913 2725 1989 2777 ἐτ’

415 2830 679 2900 ἤκουσεν,
710 2829 867 2890 εξδώς
899 2845 962 2895 γε
998 2824 1287 2886 κολακείας
1318 2826 1551 2893 ἐσχάτης
1582 2820 1768 2889 σαφῶς
1798 2819 1860 2870 τὰ
1890 2818 1989 2886 ῥή-

417 2939 582 2990 ματα.

487 3051 793 3121 Τοιγαροῦν
840 3049 1091 3120 λαμπρὸς
1138 3050 1268 3117 ὑμῖν
1292 3051 1319 3102 ὁ
1349 3048 1617 3116 Bson-611.;
1654 3045 1863 3099 πολλῶν
1896 3047 1991 3098 καὶ

2087 1905 2326 1958 vindieat
2349 1905 2777 1975 denique'totum
2803 1905 3100 1975 Illyricum,
3125 1920 3224 1958 nec
3249 1921 3356 1957 non
3383 1906 3517 1958 alias
3547 1905 3670 1972 plu-

2088 2014 2174 2051 res
2203 1998 2700 2067 gentes;Bat-baras.
2735 1998 2929 2068 Liquet
2957 2013 3110 2052 vero.
3141 1998 3243 2063 Qui
3275 1998 3420 2052 enim
3455 1999 3675 2051 tenebat

2088 2089 2338 2154 fratrem,
2379 2101 2663 2161 tyrannus,
2697 2091 2946 2160 inquam,
2999 2089 3184 2158 Persa,
3239 2105 3364 2144 cum
3407 2089 3670 2160 jurasset.

2087 2195 2152 2234 ac
2196 2184 2370 2236 multo
2399 2185 2564 2238 animi
2601 2184 2769 2248 fastu,
2807 2187 3039 2238 domum
3073 2198 3131 2238 se
3159 2198 3530 2241 reversurum.
3565 2183 3670 2235 nisi

2089 2276 2396 2346 subjugatis
2443 2279 2699 2332 omnibus
2737 2293 2800 2332 ac
2833 2277 3048 2340 deletis,
3083 2285 3320 2346 negaret
3351 2293 3364 2330 :
3399 2291 3499 2330 nec
3545 2289 3674 2328 vero

2083 2370 2377 2437 jactantem
2412 2378 2568 2436 putc-s
2594 2369 2796 2436 majora
2822 2385 2985 2438 quam
3014 2385 3116 2438 pro
3135 2367 3409 2432 facultate,
3444 2383 3674 2436 quaeque

2090 2473 2196 2510 non
2229 2456 2386 2510 facile
2429 2468 2690 2526 praestare
2727 2467 2912 2528 posset
2966 2445 3079 2519 ille,
3126 2459 3375 2525 inquam,
3424 2466 3671 2526 postmo-

2097 2550 2224 2602 dum
2258 2566 2284 2602 a
2319 2551 2471 2617 plaga
2502 2551 2796 2604 demittens
2831 2551 3041 2604 oculos.
3087 2548 3265 2619 Plaga:
3293 2550 3436 2602 enim
3475 2549 3674 2604 simil's

2093 2642 2168 2694 illi
2203 2641 2302 2694 fuit
2333 2640 2517 2695 fratris
2551 2645 2652 2694 tnei
2691 2642 2814 2712 fuga
2846 2658 2860 2695 :
2899 2656 3074 2710 neque
3100 2641 3145 2694 si
3175 2643 3265 2709 qui
3299 2641 3425 2694 talia
3454 2641 3520 2694 ad
3549 2657 3673 2710 gra-

2098 2732 2223 2784 tiam
2275 2733 2653 2801 loquerentur,
2697 2733 2873 2787 libens
2919 2733 3145 2798 audivit,
3189 2732 3282 2803 qui
3337 2742 3564 2787 summa:
3609 2746 3672 2784 ea

2095 2841 2122 2877 a
2150 2825 2427 2879 lulationis
2462 2827 2625 2880 verba
2651 2824 2936 2895 perspicue
2966 2825 3148 2880 sciret.

2166 3052 2346 3107 Multis
2366 3053 2548 3122 itaque
2569 3069 2632 3108 ac
2658 3055 2867 3123 magnis
2891 3053 3061 3110 titulis
3087 3062 3264 3111 vester
3287 3055 3508 3126 despota
3530 3070 3670 3129 pne-

421 3150 676 3217 μεγάλων
701 3147 880 3200 ’ἕνεκα
905 3152 922 3178 ³
960 3145 1053 3198 τοῦ
1108 3143 1437 3207 προελέσθαι
1499 3143 1751 3196 τεθνάναι
1808 3141 1894 3194 διὰ
1933 3141 1996 3193 τὸ

2103 3147 2290 3201 clarus
2343 3146 2467 3200 fuit.
2531 3147 2688 3212 Quod
2742 3148 2880 3202 mori
2941 3147 3163 3221 elegerit
3228 3149 3295 3204 ad
3349 3149 3670 3220 dignitatem

419 3240 644 3309 σχῆμα·
683 3239 840 3293 τοῦτο
890 3241 999 3308 γὰρ
1052 3234 1122 3308 ἦν
1177 3237 1418 3308 ἀτεχνῶς
1465 3235 1526 3287 τὸ
1574 3234 1711 3305 πρὸς
1743 3233 1989 3300 φονῶντα

419 3335 698 3404 βάρϐαρον
744 3332 1181 3402 παραγεγονέναι
1236 3329 1508 3399 σωτηρίας
1551 3328 1713 3380 ἕνεκα
1765 3326 1874 3380 τῶν
1930 3342 1990 3377 τε

419 3427 640 3489 ἑαυτοῦ,
679 3426 774 3480 καὶ
800 3418 877 3477 ὦν
909 3426 1009 3478 οὐκ
1040 3421 1109 3489 ἦν
1133 3423 1500 3494 ἐξηγούμενος
1529 3436 1543 3450 ·
1576 3419 1669 3472 τοῦ
1701 3419 1993 3486 διαπεφευ-

417 3519 572 3586 γέναι
615 3517 710 3578 τὰ;
760 3517 951 3570 τούτου
999 3519 1208 3585 χεῖρας,
1239 3515 1471 3585 ἐπείπερ
1520 3512 1634 3581 ἥλω
1691 3512 1784 3564 καὶ
1832 3507 1898 3581 ἦν
1934 3513 1991 3563 ἐν

416 3611 676 3676 δικτύοις,
708 3609 1120 3678 πιστευομένοις
1153 3606 1417 3674 ἀφύκτοις
1450 3600 1588 3656 εἶναι
1617 3620 1629 3632 ’
1659 3602 1752 3654 τοῦ
1779 3602 1868 3654 τὸν
1904 3617 1994 3652 κε-

418 3703 622 3773 χηνότα
683 3703 825 3770 θῆρα
872 3702 1162 3752 καταπιεῖν
1203 3699 1450 3758 ἅπαντας
1503 3696 1598 3750 καὶ
1650 3695 1709 3746 τὸ
1751 3692 1994 3746 κωλύσον

419 3787 564 3844 εἶναι
600 3791 764 3860 μηδὲν
787 3790 1164 3856 λογιζόμενον,
1183 3789 1464 3858 ἄπρακτον
1485 3787 1829 3851 παντάπασιν
1857 3787 1996 3836 ἁπο-

419 3887 610 3954 φῆναι,
649 3885 743 3936 καὶ
799 3883 959 3950 κενὴν
995 3882 1092 3951 τὴν
1142 3882 1294 3933 τοῦδε
1333 3880 1579 3948 γαστέρα
1624 3895 1639 3910 ⁸
1688 3878 1782 3931 τοῦ
1814 3877 1997 3929 κινδυ-

421 3977 673 4037 νεύοντος
706 3973 803 4045 μὲν
834 3973 1022 4037 αὑτοῦ,
1052 3973 1303 4042 προφανῆ
1336 3971 1581 4024 κίνδυνον
1615 3959 1834 4036 βλέπειν
1868 3968 1997 4034 ἔθνη

421 4085 482 4120 τε
514 4068 609 4120 καὶ
641 4067 826 4126 πόλεις
854 4064 937 4116 ὅτι
961 4062 1164 4125 πολλάς
1186 4077 1200 4092 ·
1235 4063 1356 4114 ἐπεὶ
1383 4061 1428 4114 δ’
1461 4059 1654 4125 ἐξῆλθε
1678 4057 1772 4110 τοῦ
1803 4056 1998 4125 λαιμοῦ

422 4160 518 4212 τοῦ
549 4155 910 4229 βαρϐαρικοῦ.
934 4157 1013 4218 είς
1039 4154 1099 4207 ὃν
1131 4153 1305 4214 οὐδείς
1336 4169 1422 4204 πω
1445 4151 1682 4212 καταδὺς
1711 4148 1956 4218 ἐπανῆκε
1983 4165 1994 4179 ·

427 4253 632 4320 σαφοῦς
655 4248 1035 4320 αἰχμαλωσίας
1060 4246 1346 4318 ρυσθῆναι.
1375 4245 1566 4297 Καίτοι
1589 4243 1712 4295 οὔτε
1738 4242 2001 4311 εὐτυχοῦν
2045 4287 2048 4290 «

426 4362 480 4397 τι
517 4343 925 4412 συνελάμϐανον
959 4341 1099 4410 ὑπὲρ
1128 4333 1390 4393 ἁπάντων
1423 4339 1508 4389 ἀεὶ
1546 4337 1904 4401 σπουδάζοντι
1951 4339 2000 4390 oi

2093 3239 2352 3294 tttcndam
2381 3256 2396 3304 ;
2437 3241 2486 3294 id
2537 3241 2679 3294 enim
2712 3242 2892 3311 palam
2924 3243 3246 3298 imminebat
3279 3243 3498 3298 adeunti
3535 3243 3668 3298 Bar-

2093 3334 2312 3396 barum,
2344 3334 2670 3404 spirantem,
2700 3352 2822 3390 cum
2851 3337 2899 3392 ei
2933 3337 3508 3401 subditorum-mdes,
3552 3347 3668 3390 tum

2093 3427 2325 3480 aliorum
2370 3444 2383 3479 :
2426 3427 2568 3494 quod
2608 3427 2728 3496 ejus
2775 3429 3024 3498 effugerit
3056 3445 3288 3494 manus;
3321 3445 3443 3482 nam
3479 3437 3675 3496 captus

2092 3528 2229 3584 erat,
2260 3520 2434 3588 iisque
2473 3522 2679 3575 retibus
2715 3524 3026 3584 tenebatur,
3060 3538 3120 3575 ex
3147 3522 3348 3590 quibus
3374 3521 3522 3574 nulla
3545 3537 3676 3588 spes

2093 3611 2278 3680 eﬂttgii
2334 3623 2512 3677 esset;
2559 3612 2702 3681 quod
2754 3614 2979 3667 bestiam
3033 3613 3362 3667 tlevorantlis
3417 3611 3675 3666 omnibus

2098 3703 2422 3766 inhiantem,
2448 3719 2510 3756 ac
2547 3705 2682 3756 nihil
2717 3705 3108 3773 impedimento
3145 3706 3262 3759 fore
3297 3704 3673 3767 arbitr-antem,

2098 3793 2426 3847 int'ﬂiczteem
2459 3797 2704 3860 omnino,
2753 3799 2983 3864 ejusque
3018 3809 3260 3852 ventrem
3301 3800 3514 3850 inanem
3557 3797 3678 3848 red-

2105 3883 2303 3934 tlitlerit
2330 3899 2343 3946 ;
2371 3884 2514 3950 quod
2550 3900 2616 3937 eo
2646 3887 2698 3936 in
2731 3887 3030 3954 perieulum
3061 3889 3318 3947 adducto,
3349 3896 3536 3955 gentes
3559 3888 3681 3956 plu‘

2103 3977 2252 4028 rima:
2276 3991 2336 4028 ac
2362 3977 2525 4028 urbes
2551 3991 2787 4043 prtesvns
2809 3976 3100 4031 discrimen
3127 3988 3476 4048 aSpexerttnt;
3501 3995 3679 4032 emer-

2103 4073 2260 4136 gente
2290 4073 2471 4117 autem
2506 4065 2766 4134 singulari
2805 4067 3050 4134 exemplo
3079 4083 3108 4122 e
3141 4067 3364 4122 Barbari
3399 4070 3674 4128 faucibus.

2102 4172 2132 4210 e
2161 4157 2358 4225 quibus
2392 4173 2550 4210 nemo
2586 4160 2751 4210 semel
2779 4157 3082 4225 ingressus,
3121 4163 3457 4229 postliminio
3489 4180 3677 4217 rever-

2103 4265 2198 4303 sus
2236 4258 2400 4311 esset,
2446 4251 2619 4317 palam
2655 4267 2684 4303 a
2711 4251 2970 4306 servitute
3007 4254 3286 4307 tiu-licata.-
3319 4255 3428 4307 sint
3457 4273 3468 4317 ;
3501 4264 3677 4322 qttan-

2104 4357 2264 4409 quam
2300 4343 2498 4410 quibus
2531 4343 2617 4394 ille.
2641 4352 2771 4396 tunc
2798 4343 2958 4397 saluti
2993 4345 3112 4408 fuit,
3143 4362 3208 4397 ne
3234 4345 3517 4400 minimum
3545 4347 3677 4414 quid

431 4437 767 4502 σεσωσμένοι
806 4434 939 4504 παρ’
970 4432 1135 4486 αὑτοῦ
1163 4430 1465 4501 τηνικαῦτα
1495 4430 1576 4499 (ού
1613 4429 1754 4496 λέγω
1786 4431 1843 4483 δὲ
1873 4431 1998 4500 περὶ

2105 4435 2290 4488 auxilii
2328 4433 2716 4504 ejusaﬂerrettt
2745 4437 2926 4498 rebus.
2951 4441 3042 4508 qui
3073 4440 3316 4492 muniunt
3349 4454 3563 4507 semper
3589 4455 3677 4492 re-

383 4599 386 4602 ,
428 4531 537 4582 τῶν
574 4531 764 4598 ίδίων),
802 4528 922 4583 οὔτε
959 4529 1099 4599 ὑπὲρ
1138 4528 1344 4581 τούτων
1376 4525 1764 4589 κινδυνεύοντι,
1805 4525 1867 4578 τὸ
1907 4543 1998 4577 τυ-

427 4625 522 4695 χδν
554 4626 700 4695 αὐτῷ
748 4624 1189 4693 συνηγωνίσαντο
1237 4620 1380 4690 ὑπὲρ
1410 4619 1511 4690 τῆς
1544 4619 1864 4689 ἀπαλλαγῆς
1895 4619 2003 4672 τῶν

431 4717 620 4770 δεινῶν
647 4733 660 4748 ο
697 4717 764 4769 ἵν’
859 4717 920 4769 τὸ
951 4714 1180 4776 τούτους
1209 4713 1483 4765 σεσῶσθαι
1520 4715 1719 4782 πριῖκα
1747 4710 1876 4781 παρ’
1909 4712 2004 4762 αύ-

504 4935 582 5003 (l)
635 4932 877 5003 ΠακιανερΔ
914 4929 1140 5003 nomine.
1183 4926 1554 5003 _Laoni_cus‘l.
1589 4928 1999 5003 νινᾼῖΡαινέριον

431 4998 610 5068 vocat,
635 5005 720 5056 eui
747 5018 809 5056 ac
831 4999 1064 5054 Manueli
1091 4999 1261 5068 major
1286 4998 1528 5053 habenda
1555 5002 1627 5053 sit
1649 4999 1804 5060 fides,
1833 5012 1997 5066 (utam

434 5073 690 5142 Gregorae
721 5087 784 5142 ac
815 5070 1026 5142 FaCello
1050 5069 1192 5142 apud
1229 5069 1483 5142 eutndcnt
1519 5070 1705 5123 citatis
1739 5083 1910 5134 ntarg.
1941 5077 1999 5142 ut

435 5147 480 5197 is
528 5135 674 5196 e'sset
699 5141 964 5209 liogerius
997 5141 1060 5194 de
1091 5140 1392 5209 Empuriis.
1423 5135 1999 5209 Florentinumtradtt

437 5213 694 5281 praefatus
740 5205 1236 5281 Laonictts,_atque
1267 5223 1338 5281 es
1375 5208 1580 5261 familia
1629 5209 1738 5260 τῶν
1782 5205 1996 5281 trigorio-

433 5275 567 5345 λων,
612 5280 983 5344 Azaiolorum,
1017 5279 1131 5332 sive
1162 5278 1572 5341 Arciaiolorum,
1610 5289 1666 5331 ut
1704 5276 1882 5345 reddit
1916 5275 1996 5345 in-_-

436 5343 666 5420 terp’res.
702 5353 790 5402 Ait
815 5343 1043 5420 quoque
1065 5349 1243 5402 nullos
1280 5347 1627 5420 Theodorum
1660 5363 1724 5401 ex
1753 5343 1995 5420 Haincrii

437 5414 544 5475 filia
587 5421 788 5474 liberos
831 5414 1160 5486 suscepisse,
1216 5432 1279 5470 ac
1328 5417 1815 5486 defuttcttttnesse
1850 5414 1994 5468 nulla

435 5500 689 5556 snsi-cpta
725 5490 962 5558 legitima
999 5485 1167 5558 prole.
1205 5486 1281 5542 Ex
1321 5489 1404 5542 his
1443 5503 1605 5556 porro
1629 5485 1901 5558 Manuelis
1933 5499 1998 5538 ac

434 5560 658 5634 Laoniiri
689 5563 760 5634 de
796 5558 1384 5634 '[lieotlori_c0ttjugio,
1429 5559 1577 5634 haud
1605 5557 1990 5634 corrigeﬂdum

435 5632 577 5699 quod
615 5633 773 5684 habet
815 5629 1047 5681 Pltrattz.
1078 5627 1170 5680 lib.
1201 5623 1393 5695 fut—fat).
1427 5629 1508 5688 I0,
1534 5629 1600 5699 de
1629 5641 1796 5679 uxore
1821 5623 1995 5699 Theo?

433 5694 551 5754 dori
597 5702 1119 5771 l’orphyrogennetw
1163 5694 1356 5771 (_'-leop.i
1388 5699 1494 5750 tilia
1529 5698 1847 5752 ilalatestte,
1873 5694 1994 5771 sed

433 5764 816 5841 exponendum
864 5764 1024 5824 secus
1073 5784 1136 5822 ac
1165 5766 1444 5823 Pontanus
1479 5781 1734 5836 exponat,
1773 5764 1886 5836 qui
1925 5765 1994 5819 de

714 5870 981 5927 ΡΑτιιοι..
1019 5867 1132 5927 Cu.
1172 5863 1366 5926 CLVI.

2108 4528 2208 4581 bus
2237 4527 2474 4582 studeret
2507 4527 2680 4594 (nihil
2718 4544 2883 4598 porro
2915 4530 2980 4583 de
3021 4532 3138 4585 suis
3168 4530 3436 4600 loquor),
3478 4547 3544 4584 ne
3580 4545 3678 4599 pro

2100 4620 2182 4673 eis
2215 4620 2434 4686 quidem
2470 4621 2820 4687 periclitanti,
2847 4622 3036 4675 auxilii
3073 4623 3369 4690 quidquam
3391 4623 3674 4690 impende-

2104 4709 2228 4764 runt
2255 4710 2537 4766 liberando
2569 4726 2598 4765 a
2628 4712 2827 4776 malis;
2865 4726 2973 4780 quo
2997 4715 3168 4780 gratis
3197 4721 3408 4782 partam
3441 4713 3674 4768 salutem

2106 4937 2301 5004 nostro
2331 4942 2393 4980 ac
2431 4929 2635 5004 seniori
2673 4929 2965 5004 Theodoro
2999 4931 3276 5004 intelligit,
3309 4945 3485 5003 eoque
3520 4947 3676 5004 putat

2104 4995 2410 5070 Pltranzetn
2433 5000 2710 5070 adversari
2733 5000 2994 5070 Laonico,
3012 5017 3134 5054 eum
3163 4995 3338 5070 r'eipsa
3361 4995 3680 5060 ainbo'cou-

2103 5069 2530 5121 sentientissima
2563 5069 2772 5124 dicant.
2807 5069 2924 5124 Jam
2973 5071 3119 5124 enim
3155 5069 3434 5129 Phranzes
3465 5074 3502 5128 Ι.
3538 5093 3552 5129 t
3585 5093 3672 5130 res

2105 5135 2381 5210 Iheodori
2411 5139 2649 5210 senioris
2687 5152 3010 5208 prosecutus
3049 5152 3165 5195 erat
3196 5160 3209 5196 :
3247 5144 3380 5210 quin
3409 5155 3461 5199 et
3494 5161 3559 5199 eo
3583 5163 3674 5200 res

2104 5205 2390 5278 Manuelis,
2433 5208 2527 5276 qui
2559 5210 2650 5262 diu
2687 5205 2971 5278 superstes
3019 5212 3196 5266 fuerat
3232 5205 3544 5278 Theodoro,
3582 5233 3675 5265 γυ-

2102 5275 2208 5330 luit
2237 5275 2688 5352 comprehensas.
2718 5275 3254 5352 Porpltyrogennetaa
3291 5299 3488 5338 nomen
3531 5275 3680 5337 utri-

2107 5361 2218 5415 que
2249 5359 2540 5425 commune
2571 5347 2694 5414 fuit,
2743 5347 3107 5425 undecunque
3158 5353 3374 5408 tandem
3414 5356 3486 5407 ita
3509 5355 3675 5425 filii-e-

2106 5418 2711 5496 renturimperatorum
2741 5418 2988 5496 lilii_,__ttec
3076 5439 3290 5482 omnes,
3317 5439 3416 5476 nec
3437 5423 3541 5496 soli
3567 5428 3678 5492 pri-

2103 5485 2393 5556 mogettili
2427 5485 2633 5540 Przeter
2674 5491 2810 5544 istos
2838 5492 3175 5556 Theodorus,
3211 5503 3295 5547 est
3324 5493 3522 5546 tertius
3559 5485 3671 5542 Ᾰιι-

2101 5553 2314 5608 drottici
2347 5555 2511 5619 lilius,
2551 5571 2720 5627 nepos
2761 5559 3035 5615 Theodori
3073 5553 3268 5625 nostri,
3306 5577 3371 5615 ac
3399 5563 3446 5614 ei
3480 5576 3673 5615 succs-

2101 5639 2191 5677 sor
2215 5627 2468 5693 despota,
2501 5641 2661 5695 quem
2690 5631 2777 5682 ille
2803 5635 2943 5684 alius
2978 5631 3245 5686 Mannelis
3273 5631 3417 5684 lilius
3451 5645 3517 5685 ac
3544 5646 3676 5685 cott-

2099 5696 2356 5750 sobrtnus
2382 5699 2727 5765 postmodum
2767 5703 3071 5771 exceperit.

3245 5868 3278 5929 8
