4166 6270
558 374 658 409 οτι(

557 404 664 433 ῴοὶιῦ

1747 384 1799 442 Μ
1811 388 1850 441 Λ
1864 386 1901 442 Χ
1917 385 1967 444 U
1981 385 2092 443 EH
2105 385 2145 441 S
2186 385 2633 446 PAL/EOIDGI

3693 389 3797 450 236

556 496 890 558 acciperent,
927 491 1014 560 qui
1062 491 1205 545 nulla
1237 492 1407 560 gratia
1442 505 1624 548 essent
1663 494 1835 565 digni,
1869 512 1966 553 nec
2004 514 2091 553 om

2193 498 2321 556 ,τοῦ
2377 500 2680 567 δεδομένον,
2730 500 3001 570 μηδεμιᾶς
3060 500 3238 554 αὐτῶν
3296 501 3658 569 ὑπαρξάντων
3694 505 3790 570 zi-

552 584 686 636 nino
719 586 772 637 in
810 598 926 637 eam
962 598 1072 636 rem
1103 582 1305 651 aliquid
1336 586 1715 642 contulissent.

620 767 723 819 Sed
754 777 806 820 et
837 767 1110 822 voluntate
1141 775 1347 838 martyr
1390 771 1621 832 exstitit,
1655 772 1747 843 qui
1778 790 1835 827 se
1883 775 1995 843 ipse
2027 792 2123 843 pro

546 857 729 910 multis
777 858 1083 919 tradiderit,
1138 861 1494 930 proximeque
1545 864 1741 918 adierit
1788 866 2027 933 perirula
2061 882 2123 923 ac

543 951 718 1004 tristia
785 962 1042 1020 expertus
1088 954 1158 1007 sit
1213 955 1647 1025 sustinueritque
1710 958 2011 1023 infamiam,
2060 975 2122 1014 ac

539 1044 644 1097 alia
664 1043 861 1111 quibus
885 1043 1099 1097 animus
1129 1046 1462 1110 mordeatur,
1520 1048 1801 1117 possitque
1838 1065 1944 1102 non
1972 1066 2122 1118 spre-

541 1140 625 1184 tor
662 1132 844 1185 smculi
884 1132 1044 1198 dejici
1092 1150 1105 1185 :
1155 1144 1316 1202 atque
1364 1136 1498 1187 adeo
1549 1136 1718 1205 liquet
1746 1153 1808 1190 ex
1839 1140 2117 1200 omnibus,

538 1232 598 1276 ut
644 1224 760 1291 ejus
789 1225 1041 1292 sospitas,
1075 1225 1443 1280 universitatis
1479 1227 1758 1281 hominum
1795 1230 1947 1283 salus
1976 1241 2122 1285 esset

536 1332 598 1371 ac
633 1315 869 1370 felicitas
902 1336 912 1367 :
945 1318 1141 1369 nedum
1183 1318 1431 1370 omnium
1484 1319 1561 1371 illi
1614 1321 1978 1381 subditorum,
2026 1323 2119 1375 sed

534 1416 587 1461 et
632 1422 820 1461 eorum
873 1408 963 1476 qui
1013 1424 1118 1462 non
1172 1417 1358 1463 essent
1408 1410 1525 1479 ejus
1574 1410 1823 1465 ditionis.
1863 1411 1954 1466 Sic
2003 1421 2121 1466 erat

534 1501 767 1554 maxime
786 1501 1161 1564 admirabilis;
1190 1505 1268 1555 sic
1296 1503 1484 1557 multis
1505 1505 1676 1569 utilis,
1696 1520 1793 1557 nec
1818 1506 2115 1573 quidquant

534 1595 647 1648 suis
674 1610 835 1662 quam
863 1596 1087 1664 spiritus
1108 1598 1301 1650 minus
1336 1598 1703 1662 necessarius,
1745 1598 1994 1653 hostibus
2023 1614 2121 1653 au-

534 1698 636 1740 tem
670 1688 1076 1756 insuperabilis,
1105 1703 1165 1740 ac
1196 1703 1387 1742 eorum
1414 1699 1662 1743 avertens
1700 1690 1955 1758 impetus.
1982 1692 2114 1745 Rem

537 1792 722 1834 autem
756 1781 973 1849 probat,
1003 1781 1145 1849 quod
1178 1782 1296 1834 solo
1322 1782 1435 1850 ipse
1462 1785 1513 1835 in
1539 1783 1871 1851 provinciam
1897 1800 1959 1838 ac
1988 1800 2113 1840 suos

530 1875 791 1938 adventu,
842 1874 1241 1928 formidabilem
1279 1875 1430 1929 illum
1484 1877 1829 1930 submoverit
1884 1891 1947 1929 ac
1980 1892 2109 1930 avo-

529 1966 685 2019 carit.
719 1964 839 2019 Mox
867 1967 1013 2020 enim
1042 1975 1100 2020 ut
1131 1966 1399 2035 superbus
1431 1968 1596 2022 homo
1626 1984 1740 2022 rem
1776 1970 2107 2032 rescivisset,

525 2058 825 2125 desperans
855 2073 913 2111 se
944 2058 1239 2126 quidquam
1267 2060 1644 2113 confecturum
1680 2059 1755 2129 (l)
1776 2100 1788 2121 ,
1815 2061 1952 2113 elata
1994 2060 2107 2126 jam

524 2150 653 2203 olim
683 2150 925 2219 undique
959 2150 1251 2217 supercilia
1282 2151 1540 2216 demittit,
1575 2154 1849 2221 multaque
1872 2153 2103 2227 ignavia,

525 2259 588 2294 ex
638 2242 825 2296 multis
889 2244 1131 2311 tropmis.
1179 2244 1279 2311 ipsi
1331 2243 1534 2311 pariter
1562 2259 1624 2297 ac
1672 2244 1989 2311 majoribus,
2038 2244 2107 2298 ob

526 2332 719 2385 multas
751 2347 812 2384 ac
846 2347 1065 2401 magnas
1094 2342 1282 2401 gentes
1313 2332 1554 2385 devictas
1577 2333 1892 2386 constitutis
1941 2332 2105 2385 colle-

522 2434 641 2475 rtos
693 2422 740 2477 ei
769 2424 1016 2492 spiritus,
1065 2423 1289 2491 abjicit;
1327 2425 1591 2492 traditque
1627 2423 1883 2477 oblivioni
1918 2440 2104 2479 sacra.

522 2524 701 2568 menta
739 2514 845 2578 illa,
882 2515 1082 2583 quibus
1116 2529 1197 2577 se,
1232 2515 1431 2568 collum
1484 2514 1805 2579 extendens,
1846 2529 1907 2568 ac
1944 2515 2103 2569 inde-

520 2622 646 2660 rore
679 2617 839 2673 caput
868 2606 1134 2675 cogitans,
1168 2606 1355 2675 grandi
1387 2606 1645 2669 clamore,
1684 2622 1745 2659 ac
1773 2621 1933 2675 supra
1961 2622 2099 2674 prae-

456 2768 457 2771 η
516 2696 669 2750 conis
707 2713 912 2758 vocem,
951 2696 1373 2761 obstrinxisset;
1447 2696 1612 2764 fitque
1657 2697 1801 2751 nzitis
1831 2713 1893 2750 ex
1926 2695 2102 2752 feroce

516 2806 579 2842 ac
615 2790 701 2842 vix
733 2805 838 2843 non
872 2789 1061 2843 balaus
1090 2790 1206 2843 ovis
1240 2789 1433 2842 instar.
1473 2787 1607 2841 Eum
1642 2789 1733 2857 qui
1781 2789 1985 2855 pridem
2019 2789 2101 2841 lu-

516 2883 597 2939 pis
621 2881 977 2933 truculentior
1011 2881 1213 2943 hiabat,
1234 2881 1465 2935 dixisses
1495 2882 1791 2934 cicuratam
1831 2880 2092 2942 brllnam,

515 2974 568 3024 in
596 2987 718 3025 cum
754 2980 975 3039 repente
1000 2971 1284 3025 devectum
1310 2979 1535 3033 statum,
1561 2986 1684 3023 cum
1735 2986 1907 3038 nuper
1944 2986 2098 3037 aSpe-

514 3075 603 3118 ctu
637 3064 863 3118 terribili
884 3068 934 3116 in
968 3066 1260 3116 humanum
1289 3064 1493 3133 rugirct
1515 3079 1703 3131 genus.
1722 3062 1989 3130 Cupiebat
2012 3077 2097 3114 er-

2231 607 2400 660 ριτος,
2461 592 2493 661 ἦ
2543 608 2597 644 τι
2645 592 2972 662 τοπαράπαν
3026 593 3451 663 είσενηνοχότων
3483 594 3564 657 είς
3605 593 3787 647 τοῦτο.

2296 769 2372 821 Οὐ
2420 770 2530 839 μὴν
2577 769 2711 823 ἀλλά
2752 773 2843 824 καὶ
2879 770 3090 841 μάρτυς
3140 770 3295 833 οὗτος
3333 773 3397 840 τῇ
3451 771 3788 840 προαιρέσει.

2225 858 2340 912 ἀνθ’
2365 852 2439 912 ὧν
2469 859 2564 911 καὶ
2601 858 2920 930 προῦδωκεν
2950 860 3112 911 αὐτὸν
3144 860 3284 929 ὑπὲρ
3305 860 3413 911 τῶν
3438 859 3669 923 πολλῶν,
3699 863 3792 911 καὶ

2225 950 2333 1001 τῶν
2364 949 2626 1001 κινδύνων
2656 951 2824 1017 ἐγγὺς
2854 950 3089 1017 ἐγένετο,
3123 952 3213 1001 καλ⁸
3246 950 3505 1019 λυπηρῶν
3533 951 3792 1020 πεπείρα-

2224 1057 2336 1105 ται,
2384 1042 2478 1093 καὶ
2524 1040 2740 1105 ἀδοξίαν
2785 1042 3017 1111 ὑπέστη,
3055 1041 3148 1094 καὶ
3176 1040 3319 1111 ἕτερ’
3360 1043 3496 1096 ἄττα
3528 1041 3791 1097 δάκνοντα

2223 1132 2321 1199 τὴν
2368 1131 2562 1201 ψυχὴν,
2616 1135 2710 1185 καὶ
2762 1134 3106 1202 κατενεγκεῖν
3164 1131 3252 1187 οἷά
3299 1151 3357 1185 τε
3402 1134 3526 1196 τοὺς
3564 1133 3638 1204 μὴ
3682 1136 3788 1185 τῶν

2225 1223 2507 1290 παρόντων
2540 1224 2979 1291 καταγελῶντας.
3024 1224 3119 1275 Ἐκ
3153 1224 3217 1293 δὴ
3251 1226 3468 1276 πάντων
3504 1224 3785 1293 πρόδηλοι,

2222 1311 2297 1371 ὼς
2329 1312 2389 1363 τὸ
2417 1316 2685 1380 περιεῖναι
2715 1313 2903 1365 τοῦτον
2934 1316 3027 1366 καὶ
3060 1315 3121 1369 εὖ
3148 1314 3293 1383 ἔχειν
3315 1310 3382 1382 ἦν
3414 1316 3679 1385 δήπουθεν
3699 1317 3788 1366 καὶ

2224 1404 2514 1467 σώζεσθαι,
2551 1407 2643 1456 καὶ
2682 1405 2739 1457 εὖ
2780 1403 2918 1458 εἶναι
2955 1408 3158 1476 πλῆθος
3189 1408 3492 1478 ἀνθρώπων
3530 1412 3589 1460 οὐ
3629 1408 3786 1476 μόνον

2222 1512 2284 1561 γε
2314 1496 2420 1547 τῶν
2456 1498 2547 1549 ὐπ’
2589 1497 2754 1549 αὐτοῦ
2789 1498 3201 1567 δεσποζομένων
3235 1500 3512 1561 ἁπάντων,
3553 1499 3685 1551 ἀλλά
3724 1499 3786 1566 δὴ

2222 1591 2314 1642 καὶ
2348 1590 2454 1642 τῶν
2488 1593 2575 1658 ὑφ’
2612 1593 2819 1661 ἑτέροις
2858 1594 3221 1660 ταττομένων.
3255 1592 3443 1653 Οὕτως
3484 1588 3551 1663 ἢν
3582 1593 3785 1651 ἐκεῖνος

2222 1683 2705 1750 θαυμασιώτατος·
2758 1684 2901 1737 οὕτω
2935 1685 3156 1746 πολλοῖς
3200 1683 3499 1752 ὠφέλιμος,
3550 1684 3637 1734 ίσα
3692 1682 3783 1732 καὶ

2224 1779 2355 1843 πνοῇ
2400 1777 2509 1838 τοῖς
2557 1776 2732 1843 φίλοις
2790 1778 3255 1843 ἀναγκαιότατος·
3302 1778 3415 1837 τοῖς
3459 1774 3515 1829 δὲ
3569 1773 3781 1843 ἐχθροῖς

2216 1868 2533 1935 ἀχείρωτος,
2566 1867 2658 1920 καὶ
2683 1867 2779 1929 τὰς
2805 1868 3029 1921 ἐκείνων
3047 1867 3374 1937 ἀποτρέπων
3399 1866 3647 1934 ἐφόδους.
3673 1864 3777 1916 Καὶ

2210 1959 2359 2029 δηλοῖ
2389 1960 2449 2012 τὸ
2479 1959 2568 2011 τὸν
2600 1961 2766 2013 πολὺν
2800 1963 3002 2014 ἐκεῖνον
3034 1960 3376 2028 ἀποσοϐῆσαι
3412 1960 3504 2012 καὶ
3545 1960 3777 2025 ἀποτρέ-

2209 2050 2329 2119 ψαι,
2364 2052 2508 2121 μόνῳ
2540 2052 2616 2120 τῷ
2637 2052 2964 2105 καταλαϐεῖν
2988 2053 3084 2123 τὴν
3109 2052 3291 2105 αὐτοῦ.
3309 2053 3483 2115 Εὐθὺς
3497 2051 3607 2119 γὰρ
3628 2050 3779 2102 τοῦτο

2212 2142 2400 2211 μαθὼν
2430 2144 2635 2203 ἐκεῖνος
2668 2145 2694 2196 ό
2744 2143 2993 2211 σοϐαρὸς,
3035 2143 3307 2209 ἀπογνοὺς
3340 2141 3432 2194 τοῦ
3474 2141 3677 2210 πρᾶξαί
3703 2159 3774 2203 τι,

2208 2234 2532 2287 καταϐάλλει
2568 2234 2664 2302 μὲν
2686 2235 2856 2303 ὀφρὺν
2879 2235 3158 2303 πόρρωθεν
3189 2234 3437 2302 ἠρμένην
3468 2231 3618 2300 αὐτῷ
3646 2232 3777 2284 πολ-

2206 2325 2465 2395 λαχόθεν·
2516 2327 2696 2395 ῥίπτει
2746 2326 2802 2378 δὲ
2852 2328 3105 2396 φρόνημα
3164 2327 3403 2393 ἀγεννῶς
3454 2325 3613 2390 ἄγαν,
3642 2326 3776 2390 ὅπερ

2206 2418 2397 2487 ἐκείνῳ
2441 2418 2784 2488 συνεφορήθη
2828 2420 3043 2487 συχνοῖς
3086 2419 3388 2488 τροπαίοις,
3440 2418 3581 2485 ἆπερ
3627 2416 3775 2483 αὐτῷ

2204 2526 2261 2561 τε
2285 2510 2376 2561 καὶ
2407 2511 2517 2569 τοῖς
2545 2510 2776 2577 φύσασιν
2813 2510 3045 2580 ἕστηκεν
3080 2511 3184 2561 ἀπὸ
3220 2509 3430 2563 πολλῶν
3460 2528 3513 2562 τε
3545 2510 3639 2561 καὶ
3672 2526 3771 2578 με-

2204 2599 2385 2668 γάλων
2417 2600 2587 2652 ὲθνῶν
2614 2616 2628 2633 ’
2672 2601 2984 2669 ἀμνημονεῖ
3012 2600 3067 2653 δὲ
3102 2601 3283 2671 ὅρκων
3312 2602 3552 2665 ἐκείνων,
3586 2602 3678 2663 οὖς
3708 2616 3768 2667 γε

2202 2690 2496 2743 ἀνατείνων
2546 2691 2766 2760 αὐχένα,
2799 2692 2893 2744 καὶ
2939 2692 3106 2744 κινῶν
3148 2695 3248 2764 τὴν
3295 2694 3536 2762 κεφαλὴν
3568 2694 3627 2745 οὐ
3676 2694 3769 2744 σὺν

2201 2784 2408 2853 κόσμῳ,
2444 2783 2582 2851 βοῶν
2613 2765 2753 2853 ὑπὲρ
2784 2785 2907 2845 τοὺς
2936 2785 3203 2854 κήρυκας,
3239 2786 3412 2855 ὤμνυ.
3448 2787 3556 2839 Καὶ
3582 2782 3649 2857 ἦν
3685 2804 3767 2848 τις

2199 2871 2407 2940 ἥμερος
2435 2872 2551 2924 τότε
2580 2871 2897 2940 μεταϐαλὼν
2932 2873 2988 2937 ἐξ
3010 2874 3222 2943 ἀγρίου,
3255 2875 3348 2927 καὶ
3384 2878 3606 2944 μονονοὺ
3638 2876 3762 2945 βλη-

2198 2962 2460 3031 χώμενος.
2496 2963 2550 3015 Ὀ
2576 2964 2839 3033 πρότερον
2870 2964 3008 3032 ὑπὲρ
3036 2967 3164 3028 τοὺς
3193 2966 3389 3029 λύκους
3412 2968 3581 3019 δεινὸν
3605 2985 3765 3037 κεχη-

2198 3053 2303 3115 νὼς
2350 3052 2512 3125 ἐῴκει
2553 3056 2861 3124 χειροήθεσι
2894 3056 3125 3126 θηρίοις,
3180 3058 3260 3121 είς
3316 3060 3459 3112 τοῦτ’
3506 3061 3761 3131 ἐξαίφνης

514 3175 581 3222 go
618 3158 779 3212 citius
810 3157 1139 3225 demigrare,
1171 3157 1259 3222 qni
1301 3157 1434 3209 nihil
1484 3172 1544 3209 se
1579 3156 1960 3208 confecturum
1997 3155 2095 3207 sci-

2208 3144 2401 3209 ἐλθὼν,
2448 3148 2475 3199 ό
2511 3145 2722 3216 βλέπων
2778 3149 2837 3202 τὸ
2873 3149 3149 3220 βλοσυρὸν,
3190 3152 3283 3206 καὶ
3316 3154 3435 3206 κατ’
3464 3156 3765 3227 ἀνθρώπων

514 3260 617 3309 ret,
653 3252 746 3301 sed
780 3248 1015 3317 pudebat
1052 3248 1348 3315 repentium
1374 3248 1507 3301 adio
1542 3247 1877 3307 mutationis,
1924 3261 1987 3298 ac
2033 3255 2089 3299 ut

512 3342 748 3403 Euripus
779 3356 841 3395 ac
871 3341 1071 3393 stultus
1096 3341 1217 3406 quis
1243 3339 1520 3392 habendus
1545 3348 1708 3401 esset,
1739 3354 1833 3392 eos
1868 3354 2086 3407 pavens,

510 3437 604 3504 qui
667 3435 735 3488 ab
786 3449 851 3487 eo
907 3433 1122 3486 interim
1169 3432 1435 3500 fugissent
1488 3430 1806 3498 fugiensque
1870 3432 2088 3484 nemine

509 3534 892 3595 persequente,
930 3540 992 3577 ac
1020 3523 1400 3590 superioribus
1436 3521 1612 3575 verbis
1645 3523 1933 3588 rebusque,
1960 3535 2089 3574 con—

510 3619 675 3671 trarie
702 3629 832 3671 tunc
862 3615 1129 3668 habentes
1159 3630 1263 3675 res,
1295 3630 1359 3668 ac
1382 3614 1548 3667 verba
1576 3612 1885 3667 ostendens.
1911 3612 2087 3679 Atque

508 3720 565 3763 ut
605 3708 791 3775 paucis
824 3708 1027 3765 dicant,
1057 3705 1189 3758 nihil
1223 3705 1312 3757 ille
1336 3704 1684 3773 postmodum
1713 3702 1985 3772 prioribus
2014 3702 2087 3755 si-

508 3804 656 3863 mile,
678 3801 1044 3866 ant'cogitare,
1070 3804 1165 3850 aut
1187 3797 1356 3864 lnqni,
1383 3805 1477 3849 aut
1495 3796 1716 3849 omnino
1738 3794 1913 3850 facere
1939 3795 2086 3849 vide-

507 3898 684 3948 t‘atur.
722 3892 904 3963 Fingit
935 3906 1061 3945 vero
1096 3891 1171 3955 (2}
1201 3889 1475 3959 egregium
1501 3896 1821 3957 praetextum
1867 3886 2083 3955 tegendi

510 3986 793 4053 probrum.
840 3982 923 4035 Ait
952 3981 1191 4049 acceptis
1212 3994 1239 4031 a
1267 3982 1483 4033 sullano
1503 3979 1702 4033 litteris
1728 3978 1779 4031 in
1805 3977 2079 4032 Orientem

507 4075 707 4133 vocari,
731 4073 935 4127 auxilio
966 4073 1182 4124 futurus
1204 4071 1466 4124 adversus
1488 4068 1770 4123 Temerem
1797 4070 2079 4139 Srytham,

503 4168 593 4235 qui
627 4165 767 4219 bello
791 4167 1101 4217 lacesseret.
1126 4161 1269 4229 ,Fuit
1302 4164 1344 4217 is
1371 4161 1649 4226 Temeres,
1674 4157 1764 4216 cui
1792 4162 1936 4215 brevi
1963 4171 2084 4231 post

502 4259 650 4313 dedit
687 4270 878 4325 poenas
915 4269 1105 4309 eorum
1137 4269 1256 4323 quae
1298 4255 1463 4321 impia
1506 4253 1786 4317 gessisset,
1831 4262 1992 4319 atque
2027 4252 2078 4305 id

496 4352 644 4418 justo
668 4348 956 4402 admodum
992 4347 1218 4399 fanore.
1240 4343 1380 4408 Quia
1410 4352 1589 4396 tamen
1624 4344 1827 4397 sultani
1862 4344 1965 4396 illae
1992 4344 2081 4396 lit-

501 4451 628 4495 terae
658 4449 953 4510 praetest
986 4446 1140 4491 erant
1166 4450 1230 4488 ac
1264 4449 1447 4497 scena,
1472 4434 1687 4488 dicebat
1713 4433 1930 4502 quidem
1956 4450 2081 4503 pro-

2193 3240 2567 3310 βρυχώμενος.
2607 3244 2716 3295 Καὶ
2750 3245 3014 3313 ἐπεθύμει
3051 3247 3150 3315 μὲν
3188 3250 3401 3318 ταχέως
3436 3252 3757 3319 ἀπαλλαγῆς

2190 3351 2298 3395 ναι,
2333 3334 2488 3395 είδὼς
2516 3334 2730 3387 ἀνύσων
2764 3335 2951 3387 οὐδέν⁸
2987 3338 3250 3407 ᾐσχύνετο
3282 3340 3461 3413 δὲτὴν
3497 3345 3761 3416 ταχίστην

2192 3424 2513 3495 μεταϐολὴν,
2543 3428 2636 3479 καὶ
2671 3428 2719 3478 εἰ
2770 3427 2910 3493 δόξει
2952 3429 3193 3499 Εὔριπος
3235 3436 3329 3487 καὶ
3354 3436 3641 3501 ἀλλόκοτος
3670 3440 3762 3494 ἄν·

2189 3518 2426 3586 θρωπος,
2479 3519 2735 3588 ὀρρωδῶν
2765 3520 2892 3583 τοὺς
2922 3522 3014 3573 ἀπ’
3048 3523 3211 3577 αὐτοῦ
3262 3526 3385 3579 τότε
3432 3529 3757 3598 φεύγοντας,

2189 3610 2280 3661 καὶ
2319 3609 2559 3677 φεύγων,
2606 3611 2696 3663 ὐπ’
2739 3611 2951 3672 οὐδενὸς
2991 3613 3344 3683 διωκόμενος,
3386 3620 3476 3670 καὶ
3510 3623 3621 3684 τοῖς
3654 3627 3759 3690 πρλ»

2185 3700 2279 3753 τοῦ
2323 3701 2416 3753 καὶ
2462 3702 2640 3769 λόγοις
2700 3705 2814 3772 xei;
2844 3706 3160 3775 πράγμασιν
3209 3709 3465 3773 ἐναντίως
3513 3714 3604 3765 τὼ
3638 3717 3755 3767 τότε

2186 3796 2488 3862 πράγματα
2532 3796 2627 3847 καὶ
2679 3795 2805 3857 τοὺς
2840 3796 3032 3865 λόγους
3071 3800 3414 3863 ἀποδεικνύς.
3459 3804 3567 3856 Καὶ
3602 3806 3649 3856 εί
3679 3807 3759 3858 δεῖ

2186 3887 2493 3956 συλλήϐδην
2542 3888 2602 3940 τὸ
2633 3890 2740 3941 πᾶν
2775 3890 2969 3951 εἰπεῖν,
2998 3891 3149 3943 οὐδὲν
3181 3893 3579 3963 διανοούμενος,
3610 3898 3638 3965 ἦ
3668 3898 3754 3949 λέ-

2184 3994 2314 4045 γων,
2346 3977 2766 4049 ἧὲργαζόμενος
2796 3980 2990 4042 ἐοικὼς
3027 3986 3139 4043 τοῖς
3170 3984 3501 4052 ἔμπροσθεν,
3533 3988 3754 4056 ὓστερον

2183 4067 2335 4130 οὗτος
2364 4069 2635 4137 ἐφαίνετο.
2657 4069 2887 4122 Πλάττει
2911 4070 2973 4139 δὴ
3004 4072 3285 4140 πρόφασιν
3307 4074 3581 4145 εὐπρεπῆ,
3611 4077 3750 4130 ὥστε

2186 4164 2478 4215 συσκιάσαι
2509 4162 2570 4213 τὸ
2604 4157 2791 4232 αἶσχος
2830 4163 3006 4216 καὶτὸ
3039 4165 3281 4231 πλάσμα.
3321 4166 3599 4235 Ἐφασκεν
3634 4170 3751 4219 ἑπι-

2182 4253 2376 4313 στολάς
2405 4253 2649 4319 δεδέχθαι
2679 4253 3055 4318 σουλτανικὰς,
3076 4257 3559 4325 προσκαλουμένας
3592 4261 3751 4311 αὐτὸν

2181 4346 2233 4407 ὲς
2260 4345 2355 4407 Em,
2379 4343 2520 4396 ὥστε
2554 4346 2769 4412 βοηθεῖν
2796 4343 3006 4413 ἐκείνῳ,
3034 4347 3138 4400 ὑπὸ
3165 4348 3257 4400 τοῦ
3290 4349 3495 4402 Σκύθου
3522 4351 3747 4419 Τεμήρη

2183 4435 2575 4505 πολεμουμένῳ
2593 4448 2609 4465 ·
2639 4436 2697 4498 ὃς
2725 4432 2813 4506 ἦν,
2834 4430 2879 4505 ᾧ
2901 4439 3096 4508 μικρὸν
3125 4438 3350 4510 ὔστερον
3373 4440 3538 4504 αὐτὸς
3562 4442 3753 4494 ἐδεδώ-

501 4548 626 4601 pere
652 4508 1099 4585 transmissurum
1126 4526 1559 4593 Hellespontum,
1580 4541 1702 4580 cum
1724 4525 1884 4579 nollet
1907 4535 2082 4580 trans-

2193 4545 2268 4580 ιιει
2299 4528 2455 4595 δίκην
2491 4521 2565 4580 ὦν
2594 4529 2856 4600 ἠσεϐήκει
2881 4547 2894 4559 ·
2936 4532 3028 4583 καὶ
3058 4508 3269 4603 ταύτην
3295 4536 3391 4588 σὺν
3424 4535 3566 4605 τόκῳ
3606 4536 3749 4605 μάλα

500 4625 741 4677 mittere.
780 4619 950 4675 Lente
981 4620 1167 4687 itaque
1196 4617 1475 4681 incedens,
1506 4616 1737 4669 multum
1773 4624 1978 4685 tempus
2003 4617 2084 4669 in-

498 4716 665 4768 sumit
698 4730 713 4767 :
746 4722 909 4781 atque
954 4720 1016 4766 ut
1065 4710 1221 4773 velis,
1250 4709 1329 4763 sic
1360 4708 1497 4763 clam
1550 4708 1783 4777 fugiens,
1839 4718 2083 4762 moratur

500 4821 627 4858 vero
660 4806 712 4858 in
755 4802 1010 4866 Thracia,
1041 4802 1262 4871 illicque
1296 4801 1594 4855 exercitum
1627 4801 1789 4869 cogit.
1827 4804 1985 4864 unde,
2018 4816 2081 4853 ac

499 4905 763 4962 quantum
800 4910 897 4964 per
943 4893 1259 4948 facultatem
1302 4900 1510 4959 posset,
1551 4891 1907 4959 ingentesque
1945 4892 2079 4945 adeo

574 5032 651 5098 (l)
686 5029 978 5102 θείνει-ωδε
1009 5051 1060 5086 se
1086 5034 1373 5102 quidquam
1398 5028 1782 5102 confecturum.
1812 5026 1927 5081 Sibi
1955 5026 2067 5102 Ma—

500 5102 624 5155 nuel
659 5115 722 5152 ac
775 5100 925 5153 fratri
955 5098 1288 5164 blandiatur,
1319 5111 1459 5153 utea
1491 5100 1757 5163 Bajazctis
1791 5098 2063 5165 regressio

499 5170 898 5239 desperationis
934 5173 1098 5225 fuerit
1148 5189 1177 5226 a
1222 5170 1497 5225 Theodori
1532 5178 1701 5229 metu,
1736 5185 1840 5221 non
1883 5166 2057 5233 magis

498 5242 803 5311 prudentite
833 5241 1057 5311 bellica.
1096 5258 1202 5311 qua
1232 5241 1490 5311 majorem
1524 5240 1827 5311 exercitum
1860 5251 2058 5311 cogen-

497 5305 624 5365 dum
659 5310 954 5377 putaverit,
976 5326 1040 5364 ac
1068 5305 1190 5364 belli
1225 5305 1353 5362 moli
1389 5325 1596 5376 parem.
1628 5309 1717 5362 Sir.
1746 5310 1883 5360 bene
1910 5305 2054 5358 iudi-

496 5393 581 5434 eat
613 5378 882 5433 Laonicus
914 5380 949 5437 Ι.
987 5396 1045 5445 ιι,
1088 5381 1178 5433 ubi
1213 5381 1375 5431 etiam
1406 5379 1661 5431 Brauezis
1714 5379 1867 5430 ducis
1900 5391 2060 5427 exer-

496 5457 641 5505 citus
690 5450 979 5516 Bajanetis,
1031 5450 1123 5517 qui
1157 5449 1319 5518 paulo
1366 5461 1490 5514 post
1536 5450 1778 5513 ponitur,
1820 5461 1904 5518 res
1937 5460 2059 5518 per-

496 5525 718 5589 sarmgit
757 5515 819 5572 ac
861 5515 1108 5582 exordia,
1160 5515 1319 5585 quem
1358 5518 1629 5589 Βρε-.έζην
1670 5517 1903 5589 appellat
1938 5532 1952 5566 :
1988 5515 2055 5567 de

494 5610 602 5653 quo
633 5594 825 5644 iterum
862 5592 1165 5653 adcalcem
1193 5591 1227 5640 Ι.
1260 5603 1331 5638 tv.
1355 5588 1547 5639 Narrat
1576 5588 1851 5639 Phrauzes
1878 5588 1912 5638 Ι.
1944 5600 1982 5645 ι,
2006 5599 2056 5636 c.

496 5663 583 5718 it).
609 5679 727 5726 quae
759 5664 841 5715 hic
872 5661 1081 5713 Mauuel
1106 5671 1248 5713 taret
1279 5675 1292 5709 :
1320 5660 1579 5726 nimirum
1602 5671 1827 5708 causam
1855 5670 1918 5708 ex
1942 5668 2047 5722 qua

493 5725 769 5797 inquietos
800 5732 1088 5785 Themlom
1126 5729 1388 5781 infensior
1420 5725 1596 5778 factus
1629 5736 1775 5778 esset
1807 5741 1821 5776 :
1855 5738 2048 5797 nempe

494 5794 637 5867 quod
686 5803 885 5855 Paulus
920 5802 1259 5855 Mammonas
1305 5800 1371 5849 de
1405 5800 1451 5846 vi
1487 5804 1714 5863 questus
1750 5794 1891 5864 apud
1920 5809 2045 5845 cum

2178 4619 2389 4685 δικαίῳ.
2435 4619 2575 4672 Ἀλλ’
2610 4622 2840 4691 ἐπείπερ
2875 4623 3072 4691 σκῆψις
3106 4620 3172 4694 ἦν
3214 4627 3309 4678 καὶ
3343 4627 3513 4695 σκηνὴ
3548 4629 3614 4679 τὰ
3654 4628 3746 4678 τοῦ

2181 4711 2473 4763 σουλτάνου
2506 4711 2829 4779 γράμματα,
2855 4713 2916 4765 τὸ
2938 4714 3187 4783 διαϐῆναι
3224 4716 3475 4770 σπεύδειν
3504 4718 3597 4771 τὸν
3627 4720 3743 4773 Ἐλ-

2178 4798 2477 4867 λήσποντον
2525 4801 2681 4869 ἔλεγε
2722 4804 2842 4873 μὲν,
2884 4805 2985 4858 οὐκ
3027 4806 3280 4860 ἐϐούλετο
3312 4810 3392 4862 δέ.
3444 4808 3744 4861 ’Λναλίσκει

2179 4893 2237 4945 δὲ
2290 4894 2479 4962 χρόνον
2529 4895 2590 4947 οὐ
2638 4898 2891 4966 σμικρὸν,
2927 4899 3091 4969 βάδην
3132 4903 3498 4971 πορευόμενος
3530 4920 3541 4932 α
3587 4903 3635 4953 εἰ
3686 4902 3742 4954 δὲ

2179 5027 2401 5106 fuisset,
2438 5044 2501 5082 ac
2528 5039 2713 5106 erepta
2742 5033 3117 5106 Monembasia
3156 5036 3398 5100 civitate,
3432 5051 3597 5106 quam
3652 5038 3743 5091 ille

2176 5097 2470 5169 regendam
2512 5097 2836 5167 accepisset,
2876 5120 2937 5156 ac
2972 5104 3208 5169 Bajuzeti
3240 5097 3474 5159 deditam
3511 5117 3737 5158 teneri-t.

2243 5170 2319 5237 (τί)
2362 5166 2543 5243 Fingit
2594 5166 2733 5222 vero.
2785 5170 2918 5224 Late
2956 5166 3083 5228 tunc
3121 5178 3371 5227 sultauus
3409 5173 3644 5243 [Egypio
3678 5191 3739 5227 ac

2170 5236 2341 5307 Syria:
2393 5236 2801 5313 dominabatur.
2854 5243 2941 5313 οιῄ
2995 5255 3052 5295 ιιι
3088 5236 3740 5313 Βοῂιῑθῑρείειᾱῖιὶιιιίεεοι

2162 5324 2291 5361 suas
2309 5311 2514 5379 copias,
2552 5310 2696 5379 haud
2726 5310 2865 5363 forte
2901 5310 3179 5379 Temeres,
3216 5330 3310 5365 seu
3354 5310 3734 5377 Tanicrlattus,

2158 5380 2350 5451 ambos
2379 5378 2698 5435 devicisset.
2732 5380 2946 5434 Fortior
2982 5378 3178 5451 quippe
3216 5384 3391 5436 virtus
3429 5384 3598 5435 unita.
3631 5382 3738 5434 Pu-

2158 5450 2290 5501 tavit
2329 5450 2633 5519 Bajazetes,
2683 5451 2827 5517 quod
2881 5450 3128 5519 plerique
3169 5462 3440 5512 nostrum,
3478 5452 3581 5503 sibi
3622 5467 3737 5503 mc-

2158 5519 2266 5589 lius
2303 5522 2637 5583 consultum,
2674 5528 2743 5589 ut
2780 5526 3096 5576 accessione
3127 5524 3309 5589 aliqua
3352 5520 3565 5587 imperii
3608 5534 3731 5587 pro-

2158 5588 2258 5655 prii
2319 5588 2581 5641 terminos
2620 5588 2913 5655 proferret,
2967 5608 3131 5658 quam
3167 5588 3233 5643 ut
3278 5591 3515 5641 alienum
3565 5607 3593 5642 a
3630 5603 3727 5656 po—

2160 5658 2380 5730 tentiori
2417 5658 2790 5730 invadente,a
2827 5674 2934 5726 quo
2982 5663 3155 5728 ipsius
3191 5660 3541 5730 postmodum
3579 5661 3730 5713 inva-

2158 5728 2393 5781 dendum
2422 5736 2583 5791 esset,
2614 5729 2818 5780 auxilio
2845 5730 3180 5784 defenderet.
