4166 6270
491 341 606 406 239

1689 352 2090 412 MANUELIS
2133 352 2221 411 PA
2237 351 2581 412 LIEOLOGI

3624 356 3731 417 240

502 466 787 527 acceperat
812 471 840 510 a
875 458 1141 527 genitore,
1178 459 1493 529 Ertogrules
1534 462 1778 518 nomine.
1805 461 1866 515 lli
1898 476 2058 530 porro

2180 459 2426 529 τοῦνομα.
2454 464 2661 524 Πάντες
2689 461 2746 514 δὲ
2787 460 3101 532 ἐπηύξησαν
3140 461 3269 532 ἄχρι
3313 461 3484 527 τοῦδε,
3515 465 3732 535 σπουδῇ

502 564 697 604 nniues
729 550 807 620 (l)
833 551 1100 605 hactenus
1130 562 1539 620 promoverunt,
1581 567 1682 607 sua
1715 553 1903 621 utique
1932 553 2060 607 dili-

505 643 687 710 gentia
715 651 769 696 et
830 642 1016 698 labore
1053 658 1118 699 ac
1174 644 1434 713 periculis
1490 659 1611 714 quae
1663 646 2058 701 desudarunt:

505 748 629 786 nam
662 732 951 788 dicendum
985 741 1070 788 est
1096 734 1243 803 quod
1303 751 1392 791 res
1423 736 1607 803 habet,
1656 737 1803 791 haud
1877 745 2060 791 tamen

503 824 640 877 adeo
666 824 862 892 potiori
891 839 954 879 ac
986 828 1437 882 consummatiori
1461 828 1662 881 virtute
1692 844 1707 882 :
1734 842 1843 897 quo
1901 830 2064 897 plane

502 915 572 968 sit
596 926 822 984 spes,ut
854 916 995 970 bona
1037 916 1366 987 quandoque
1401 918 1622 972 fortuna
1656 919 1916 972 mutanda
1971 920 2063 982 sit,

501 1007 680 1075 iisque
704 1007 984 1062 destitutis
1011 1009 1074 1061 ad
1106 1023 1206 1063 nos
1232 1008 1431 1061 iterum
1480 1009 1784 1072 defectura,
1830 1010 2065 1079 pristino

503 1113 686 1151 rerum
719 1109 864 1152 statu
902 1100 1178 1165 restituto,
1239 1100 1419 1169 qualis
1470 1101 1661 1154 habuit
1709 1102 1810 1155 sub
1864 1102 2067 1155 nostris

505 1188 829 1255 majoribus.
861 1188 1089 1254 Quando
1112 1189 1255 1242 enim
1308 1190 1481 1243 virtus
1507 1189 1559 1242 in
1610 1190 1864 1244 omnibus
1901 1205 2065 1259 supe-

503 1289 607 1340 rat,
634 1293 754 1330 cum
793 1280 861 1332 sit
893 1280 945 1331 in
975 1289 1157 1332 nostra
1195 1280 1434 1348 positum
1488 1280 1743 1334 facultate
1792 1290 1852 1334 ut
1899 1281 2064 1334 vitam

503 1369 754 1421 evirtute
794 1383 1213 1436 componamus,
1267 1370 1406 1423 haud
1456 1372 1728 1423 immerito
1787 1384 2067 1438 speremus

507 1458 642 1523 fore,
681 1469 739 1512 ιιι
770 1476 959 1513 eorum
989 1462 1264 1529 quondam
1305 1464 1536 1516 victores
1600 1462 1912 1526 evadamus,
1974 1463 2067 1530 qui

505 1567 598 1618 per
634 1560 846 1613 tempus
878 1552 1047 1605 nostri
1083 1552 1315 1605 victores
1376 1552 1686 1616 exsistunt;
1734 1552 1824 1620 qui
1890 1551 2071 1604 oderi-

412 1666 413 1671 η
507 1659 629 1695 mus
649 1643 865 1702 vitium,
888 1652 1235 1710 paternaaque
1259 1658 1321 1695 ac
1350 1644 1510 1695 avitae
1546 1643 1767 1696 virtutis
1828 1644 2071 1695 imitato-

506 1748 594 1784 res
618 1732 939 1795 eiliciamur,
991 1748 1054 1785 ac
1108 1734 1452 1786 agmulatores
1495 1733 1763 1786 honorum
1815 1746 2068 1800 Operutn.

2171 554 2270 623 μὲν
2302 555 2516 617 πάντως
2536 555 2631 608 καὶ
2658 553 2837 617 πόνοις
2854 554 2948 606 καὶ
2962 554 3227 617 κινδύνοις
3249 555 3459 607 ἑαυτῶν
3478 571 3494 586 ο
3514 555 3598 609 δεῖ
3623 558 3730 625 γὰρ

2166 645 2395 716 τάληθὲς
2442 647 2648 699 εἰπεῖν·
2683 644 2743 697 ού
2779 645 2886 713 μήν
2935 661 2997 711 γε
3027 644 3334 711 κρείττοσιν
3381 645 3604 715 ἀρεταῖς
3640 650 3734 701 καὶ⁸

2167 735 2546 804 τελεωτέραις.
2587 735 2653 789 Ὃ
2685 734 2750 805 δὴ
2782 736 2876 788 καὶ
2904 734 3128 806 θαρρεῖν
3158 736 3305 805 ἡμᾶς
3334 735 3520 789 δίδωσι
3567 755 3735 805 μετα-

2171 823 2454 876 πεσεῖσθαι
2485 841 2614 876 ποτε
2658 824 2758 892 τὴν
2786 824 2994 890 ἀγαθὴν
3041 823 3229 893 τύχην,
3269 825 3363 876 καὶ
3416 826 3535 893 μεθ’
3580 827 3733 895 ἡμῶν

2171 915 2386 980 ἐκείνην
2425 914 2581 976 αὖθις
2608 914 2946 978 τετάξεσθαι,
2980 914 3175 976 αὐτοὺς
3211 915 3452 985 ἐρήμους
3482 919 3732 984 ἀφεῖσαν,

2171 1005 2248 1067 ὡς
2302 1006 2437 1057 κάπὶ
2503 1004 2611 1056 τῶν
2680 1005 2959 1075 ἡμετέρων
3031 1004 3307 1073 προγόνων
3375 1006 3588 1075 ὑπῆρχε
3668 1008 3736 1060 τὰ

2174 1096 2732 1164 πράγματα.Ἐπειδὴ
2760 1098 2866 1165 γὰρ
2898 1094 3066 1165 ἀρετὴ
3100 1097 3374 1165 πανταχοῦ
3406 1098 3466 1148 τὸ
3498 1097 3735 1165 κρατοῦν

2116 1205 2130 1221 ι
2173 1187 2309 1246 ἐστι,
2329 1185 2480 1247 ὄντος
2512 1203 2572 1251 γε
2603 1187 2710 1237 τῶν
2738 1186 2820 1252 ἐφ’
2847 1188 2975 1255 ἡμῖν
3000 1184 3094 1237 τοῦ
3125 1187 3261 1254 μετά
3288 1188 3391 1255 τῆς
3422 1189 3619 1257 ἀρετῆς
3643 1189 3741 1255 ζῆ·

2177 1293 2287 1340 σαι,
2326 1277 2409 1344 εῐη
2450 1278 2514 1330 ἂν
2546 1279 2684 1330 πάνυ
2713 1278 2936 1338 δικαίως
2975 1278 3032 1329 ἐν
3066 1280 3177 1339 τοῖς
3227 1279 3601 1345 ἐλπιζομένοις
3634 1282 3740 1332 τῶν

2173 1366 2267 1418 νῦν
2301 1367 2639 1435 κρατούντων
2664 1369 2808 1436 ἡμᾶς
2832 1368 3147 1436 κρατήσειν,
3168 1368 3265 1438 τὴν
3291 1371 3388 1438 μὲν
3419 1370 3617 1445 κακίαν
3650 1388 3738 1435 μι-

2177 1462 2243 1525 σή
2255 1476 2470 1522 σαντας,
2503 1460 2684 1527 φίλους
2712 1459 2768 1512 δὲ
2798 1459 2897 1526 τῆς
2918 1459 3026 1512 τῶν
3052 1461 3337 1526 φυσάντων
3362 1462 3562 1530 ἀρετῆς
3586 1478 3742 1529 γεγο-

2176 1544 2353 1610 νότας,
2386 1551 2480 1599 καὶ
2503 1548 2735 1616 ἐραστὰς
2765 1547 2873 1600 τῶν
2897 1548 3115 1616 ἀγαθῶν
3144 1549 3341 1619 ἔργων.
3367 1552 3517 1616 Πλὴν
3549 1552 3740 1621 ἐκείνῳ

2175 1640 2281 1690 τῶν
2327 1640 2667 1708 πραγμάτων
2703 1639 3066 1702 ἐπιδιδόντων,
3101 1639 3177 1710 τῷ
3230 1641 3535 1714 Παγιαζίτῃ
3579 1642 3738 1710 λέγω,

2177 1718 2246 1782 τά
2295 1730 2538 1799 ἡμέτερα
2577 1731 2709 1800 πρὸς
2755 1730 2977 1798 μείωσιν
3021 1732 3239 1798 ἀφῖκτο,
3286 1734 3503 1786 πάντων
3536 1736 3743 1801 ἀπαγο-

504 1825 799 1889 Cteterum,
827 1823 1105 1889 rebusilli,
1142 1823 1400 1891 Bajazu-ti.
1438 1822 1681 1891 inquam,
1712 1822 1900 1875 felices
1942 1835 2067 1874 suc-

2180 1820 2429 1872 οευόντων
2463 1822 2561 1872 οὐκ
2587 1821 2691 1873 ἄπο
2721 1820 2900 1887 λόγου.
2932 1821 2996 1873 At
3023 1821 3132 1892 γὰρ
3169 1822 3280 1879 τῶν
3314 1822 3590 1893 πολεμίων
3621 1827 3741 1876 ἐπι·

508 1931 698 1970 cessus
748 1915 1097 1977 habentibus,
1152 1925 1354 1993 nostra;
1417 1915 1712 1968 admodum
1765 1914 2066 1967 imminuta:

507 2014 765 2069 crant,ut
790 2005 1030 2061 universi
1066 2021 1172 2058 non
1197 2006 1471 2059 immerito
1502 2006 1877 2074 desperarent.
1917 2004 2063 2056 idem

2173 1911 2344 1972 δόσεις
2375 1912 2496 1981 ἴσην
2528 1929 2642 1974 πως
2668 1910 2896 1981 δύναμιν
2926 1911 3109 1983 ἔχουσι
3141 1914 3258 1976 ταῖς
3284 1913 3392 1967 τῶν
3435 1914 3741 1968 ἀντιπάλων

2176 2003 2499 2071 μειώσεσινο
2534 2001 2723 2074 ὥσπερ
2752 2004 2848 2057 καὶ
2878 2005 2938 2055 τὸ
2969 2003 3227 2073 ἔμπαλιν.

507 2103 711 2173 quippe
747 2102 993 2171 prosperi
1027 2103 1266 2157 hostium
1325 2116 1640 2166 successus,
1704 2117 1771 2157 ac
1833 2101 2138 2155 imminutae
2191 2100 2631 2155 adversariorum
2684 2101 2837 2155 vires
2895 2101 3188 2170 cladesque
3238 2117 3452 2169 eorum,
3502 2103 3741 2168 valeant,

504 2211 574 2249 ac
606 2212 636 2251 e
666 2206 877 2249 contra.

578 2287 875 2354 Porrojam
909 2286 1111 2341 accedo
1143 2288 1415 2351 dicturus,
1451 2289 1594 2355 quod
1625 2288 1783 2356 plane
1808 2287 2074 2357 Iacrymas

502 2382 670 2435 cient.
704 2380 933 2444 Quidam
977 2379 1144 2441 enim,
1188 2380 1327 2432 haud
1365 2380 1441 2432 illi
1481 2380 1623 2447 vulgi
1688 2380 1958 2440 homines,
2013 2393 2077 2433 ac

510 2489 574 2525 ex
600 2472 753 2541 plebe
791 2472 971 2524 intima
1000 2471 1235 2540 primum
1288 2472 1506 2539 quidem
1542 2471 1778 2530 occulte,
1814 2480 1871 2522 ut
1922 2480 2074 2538 pote-

510 2574 636 2619 rant
700 2568 843 2632 (nam
867 2573 995 2632 puto
1026 2579 1120 2617 eos
1148 2563 1225 2616 rei
1276 2563 1558 2633 pudebat),
1602 2574 1711 2616 tum
1745 2580 1873 2615 vero
1900 2564 2073 2632 palam

503 2672 574 2709 ac
606 2656 797 2721 libere,
857 2655 1110 2707 hostibus
1142 2655 1462 2707 accedentes
1511 2653 1711 2721 (solent
1768 2654 1912 2707 enim
1965 2654 2078 2724 pri-

452 2800 455 2803 _
506 2762 657 2798 mutu
713 2747 849 2799 clam
898 2757 1068 2813 gesta,
1121 2747 1463 2813 postmodum
1523 2747 1755 2799 fron'em
1802 2746 2074 2813 induere),

507 2837 917 2892 irremediabile
937 2837 1097 2890 nobis
1145 2838 1345 2890 vulnus
1392 2837 1699 2891 inferebant
1737 2852 1839 2891 :ac
1889 2840 2078 2891 nescio

514 2927 644 2996 quid
670 2926 793 2980 illos
830 2926 1030 2979 dicturi
1061 2928 1216 2990 estis,
1253 2942 1383 2979 num
1416 2926 1689 2979 Romanos
1723 2941 1787 2979 ac
1839 2924 2077 2979 Christi-

2254 2286 2410 2336 ’Ἥκω
2440 2283 2493 2336 δὲ
2526 2283 2693 2348 λέξων
2724 2285 2823 2353 ἤδη
2859 2285 3107 2355 δακρύων
3150 2286 3301 2352 ἀξιον
3342 2286 3529 2359 ὅντως.
3576 2288 3749 2344 Ἔιιοι

2183 2376 2310 2447 γὰρ,
2345 2377 2527 2429 οὐκέτι
2550 2374 2658 2428 τῶν
2681 2377 2978 2430 τελούντων
3010 2381 3089 2441 εἰς
3117 2380 3308 2449 δῆμον,
3332 2381 3451 2433 οὐδὲ
3478 2383 3583 2433 τῶν
3613 2388 3746 2451 φαύ-

2182 2470 2289 2521 λων
2329 2466 2465 2521 εἶναι
2499 2466 2824 2531 δοκούντων,
2852 2472 2963 2531 τοῖς
2995 2471 3276 2540 πολεμίοις
3307 2475 3746 2544 προστιθέμενοι,

2182 2560 2280 2627 τὴν
2325 2560 2422 2628 μὲν
2461 2558 2657 2627 ἀρχὴν,
2687 2558 2759 2619 ὡς
2790 2553 2901 2612 οἷόν
2931 2577 3014 2621 τε,
3048 2561 3224 2630 λάθρα
3249 2578 3264 2594 ο
3298 2564 3596 2634 ᾐσχύνοντο
3641 2572 3748 2635 γαρ

2183 2645 2338 2717 οἶμαι
2362 2665 2376 2680 ο
2414 2648 2602 2701 ἔπειτα
2626 2650 2847 2717 ἀναίδην
2875 2653 3002 2722 περὶ
3035 2654 3093 2706 τά
3126 2642 3448 2708 τελευταΐαοο
3472 2657 3619 2726 φιλεῖ
3642 2660 3749 2731 γάρ

2184 2742 2252 2791 τὰ
2282 2742 2580 2809 γιγνόμενα
2607 2741 2789 2811 κρύφα
2819 2744 3009 2812 χρόνον
3043 2749 3499 2817 περιπροσχόντος
3531 2753 3751 2821 παρρη-

2187 2827 2508 2891 σιάζεσθαι·
2553 2829 2802 2882 δυσίατόν
2850 2848 2904 2883 τι
2962 2833 3131 2895 πάθος
3180 2836 3310 2905 ἡμῖν
3350 2838 3750 2905 ἐγένοντοσοῦς

2188 2921 2286 2971 οὐκ
2319 2915 2434 2970 οῐδα
2461 2921 2487 2971 ὅ
2518 2937 2569 2971 τι
2600 2920 2891 2973 καλέσετε·
2935 2924 3238 2993 Ῥωμαίους
3270 2929 3362 2979 καὶ
3394 2931 3751 2997 Χριστιανοὺς

516 3035 670 3081 anus,
698 3018 766 3070 ob
804 3033 974 3088 genus
1003 3033 1068 3071 ac
1098 3018 1365 3085 haptisnta
1393 3036 1405 3081 ;
1459 3033 1525 3071 an
1553 3034 1582 3071 e
1609 3028 1822 3080 contra,
1862 3028 2082 3085 propter

2185 3013 2272 3066 διὰ
2303 3014 2362 3065 τὸ
2389 3016 2546 3080 γένος
2581 3015 2675 3066 καὶ
2715 3014 2777 3065 τὸ
2818 3014 3125 3086 βάπτισμα,
3160 3018 3190 3089 ἢ
3227 3022 3491 3075 τάναντία
3541 3023 3627 3076 διὰ
3658 3026 3752 3091 τὴν

514 3109 848 3163 voluntatem
884 3124 948 3162 ar:
975 3109 1137 3162 acta?
1206 3109 1345 3163 Num
1373 3109 1579 3171 hostes,
1641 3111 1712 3162 ob
1763 3124 2079 3177 perversum

512 3216 581 3257 ac
616 3200 823 3255 furioso
860 3200 1166 3269 proximum
1201 3202 1252 3253 in
1278 3201 1506 3269 patriam
1541 3201 1809 3266 animum,
1839 3215 1906 3253 an
1942 3199 2084 3252 ami-

510 3306 631 3357 eos,
666 3294 808 3361 quod
831 3292 986 3348 vobis
1008 3293 1320 3347 exstiterint
1345 3293 1529 3360 gloriae
1557 3304 1836 3355 auctores,
1863 3295 2081 3345 tametsi

511 3400 629 3441 non
664 3400 730 3441 ex
763 3385 947 3439 animo
972 3384 1078 3439 illis
1111 3382 1327 3437 evenit?
1357 3382 1433 3436 Ex
1474 3384 1539 3437 iis
1562 3398 1799 3451 namque
1834 3399 1953 3451 quae
1984 3382 2088 3435 im-

512 3479 605 3549 pia
639 3479 692 3531 in
718 3492 815 3532 vos
836 3486 1144 3544 patrarunt,
1187 3484 1428 3531 vestrum
1486 3492 1549 3527 ex
1592 3476 1822 3528 adverso
1888 3474 2087 3527 effulsit

519 3572 743 3624 bonum.
772 3567 974 3623 Verum
1012 3577 1234 3637 prmstet
1261 3567 1404 3622 forte
1458 3568 1573 3620 haec
1611 3566 1865 3619 omittere
1900 3582 1913 3618 :
1945 3566 2084 3645 inte-

518 3663 621 3718 rim
648 3669 828 3719 autem
859 3675 1268 3730 prosequamur
1296 3673 1417 3729 qua:
1459 3658 1664 3727 reliqua
1693 3668 1843 3713 sunt.

579 3832 964 3890 .‘lnva‘lescehat
988 3832 1211 3895 malum,
1241 3846 1341 3886 nec
1377 3830 1648 3886 Barbarus
1685 3830 1862 3884 foedus
1887 3830 2086 3884 admit-

519 3927 690 3988 tchat,
719 3923 848 3993 quin
883 3922 1171 3993 impotenti
1208 3922 1261 3974 in
1302 3936 1404 3975 nos
1436 3920 1716 3974 ferebatur
1740 3929 1934 3983 (nstro,
1988 3935 2090 3973 nec

520 4015 755 4084 eratqui
811 4015 1142 4075 contineret,
1174 4022 1336 4067 autve
1374 4011 1531 4065 fratri
1585 4012 1850 4066 auxilium
1902 4010 2087 4067 ferret.

520 4104 754 4159 Tantum
794 4105 994 4174 quippe
1027 4113 1144 4157 erat
1174 4114 1230 4160 ut
1265 4106 1318 4158 itt
1355 4120 1441 4158 me
1466 4105 1783 4167 confideret,
1810 4105 1968 4172 cujus
2007 4118 2092 4157 res

523 4197 706 4250 multis
740 4195 986 4263 partibus
1010 4194 1220 4249 ail‘ectae
1248 4202 1455 4258 essent,
1487 4209 1555 4248 ac
1586 4195 1669 4247 cui
1714 4196 1889 4248 virtus
1929 4195 2092 4262 longo

523 4288 707 4342 attrita
728 4287 867 4341 hello
891 4286 972 4342 sic
995 4286 1351 4346 concidisset,
1386 4294 1456 4338 ,ut
1482 4286 1533 4337 in
1583 4300 1859 4337 sumntum
1919 4285 2093 4338 malo—

2185 3107 2507 3173 προαίρεσιν
2532 3106 2623 3157 καὶ
2653 3107 2749 3168 τὰς
2773 3107 2994 3175 πράξεις
3013 3128 3025 3140 ·
3059 3109 3307 3178 ἐχθροὺς,
3332 3113 3420 3166 διὰ
3444 3114 3502 3165 τὸ
3531 3116 3665 3185 πρὸς
3694 3116 3751 3168 τὸ

2184 3196 2417 3264 πατρίδα
2448 3196 2881 3266 διεστραμμένων
2920 3199 3015 3250 καὶ
3054 3202 3302 3267 μανικὸν,
3337 3202 3367 3273 ἢ
3404 3206 3748 3275 προτφιλεῖς,

2184 3291 2257 3350 ὡς
2308 3290 2511 3350 αἰτίους
2557 3293 2879 3359 γενομένους
2926 3294 3054 3361 ὑμῖν
3107 3295 3381 3359 εὐκλείας,
3441 3298 3489 3351 εἰ
3539 3298 3604 3370 δὴ
3661 3303 3752 3354 καὶ

2184 3380 2427 3431 ἀκόντων
2462 3382 2686 3432 ἐκείνων
2720 3381 2877 3434 τοῦτο
2931 3385 3294 3455 συμδέῦηκεο;
3326 3390 3446 3451 Τοῖς
3486 3394 3596 3461 γὰρ
3633 3394 3753 3444 καθ’

2188 3472 2355 3541 ὑμῶν
2393 3473 2573 3523 αὐτῶν
2617 3472 2929 3541 ἀσεϐήμασι
2978 3475 3040 3527 τὸ
3093 3476 3356 3546 ὑμέτερον
3409 3481 3751 3552 ἐξήστραψεν

2185 3566 2390 3631 ἀγαθὸν
2410 3564 2485 3626 ὡς
2512 3568 2569 3619 ἐν
2595 3568 2926 3636 παραθέσει.
2973 3570 3138 3624 ’Δλλὰ
3163 3575 3232 3625 τὰ
3263 3574 3363 3643 μὲν
3397 3580 3524 3646 περὶ
3552 3579 3755 3631 τούτων

2189 3654 2525 3725 παραλιπεῖν.
2576 3655 2706 3719 ῐσως
2763 3657 3025 3727 ἄμεινον’
3082 3661 3334 3734 ἐχώμεθα
3384 3666 3442 3719 δὲ
3489 3667 3598 3722 τῶν
3632 3669 3754 3741 ἑξῆς

2189 3745 2463 3799 ἐντεῦθεν.

2261 3835 2474 3900 Ηύξανε
2521 3838 2580 3889 τὸ
2624 3838 2815 3903 δεινὸν,
2848 3839 2943 3893 καὶ
2984 3841 3218 3905 σπονδὰς
3263 3843 3293 3893 ό
3349 3842 3626 3915 βάρϐαρος
3659 3847 3753 3899 οὐκ

2191 3927 2405 3996 ἐδέχετο
2429 3944 2443 3959 ·
2477 3927 2592 3980 ἀλλ’
2619 3923 2686 4000 ἦν
2727 3931 3031 3995 ἀκάθεκτος
3062 3933 3140 3995 είς
3168 3933 3237 3985 τὰ
3266 3935 3389 3987 καθ’
3431 3938 3618 4004 ἡμῶν·
3665 3948 3754 3990 καὶ

2194 4015 2315 4068 οὔτε
2362 4015 2553 4068 τοῦτον
2600 4013 2668 4088 ἦν
2719 4019 3055 4089 ἐπισχήσων,
3106 4022 3222 4075 οὔθ’
3264 4024 3291 4073 ὁ
3352 4022 3634 4094 βοηθήσων
3683 4027 3757 4093 τῷ

2190 4108 2423 4176 ἀδελφῷ.
2474 4110 2626 4177 Ἐμοὶ
2658 4114 2765 4179 γὰρ
2800 4107 2912 4180 εἶχε
2942 4112 3085 4183 μόνῳ
3117 4115 3359 4184 θαρρεἰν,
3398 4108 3443 4183 ᾧ
3477 4117 3758 4188 πολλαχῶς

2193 4194 2364 4245 ἐνόσει
2388 4194 2457 4245 τὰ
2476 4196 2798 4264 πράγματα,
2827 4200 2921 4250 καὶ
2951 4197 3099 4252 οὕτω
3127 4202 3417 4256 πέπτωκεν
3444 4206 3477 4274 ἡ
3508 4208 3663 4275 ἰσχὺς
3682 4207 3758 4277 τῷ

2197 4284 2391 4361 μακρῷ
2416 4283 2508 4335 τοῦ
2531 4286 2770 4354 πολέμου
2804 4288 3003 4359 χρόνῳ,
3027 4290 3101 4352 ὡς
3126 4293 3203 4354 είς
3235 4294 3368 4345 αὐτὸ
3397 4294 3575 4348 δοκεῖν
3604 4297 3757 4366 ἥκειν

525 4395 644 4435 rum
676 4388 910 4432 ventura
947 4377 1250 4437 videretur,
1280 4389 1390 4428 nec
1440 4373 1761 4442 quidquam,
1789 4381 1848 4427 ιιι
1892 4374 2086 4427 huma—

2192 4376 2250 4425 τὸ
2304 4374 2530 4443 ἔσχατον
2573 4376 2679 4428 τῶν
2728 4377 2940 4445 δεινῶν,
2990 4383 3081 4435 καὶ
3136 4383 3259 4451 μηδ’
3294 4385 3539 4452 ἡντινοῦν
3570 4388 3756 4440 ἐλπίδα

525 4487 647 4523 nam
685 4478 901 4538 spectes
927 4469 1223 4526 rationem.
1280 4466 1347 4518 ad
1396 4479 1542 4532 spem
1604 4465 1869 4531 reliquum
1924 4474 2091 4518 esset.

522 4561 656 4615 Cum
687 4575 771 4613 me
794 4575 946 4620 sane,
982 4554 1095 4611 tutu
1131 4558 1311 4618 illum,
1346 4555 1548 4623 duplex
1583 4554 1799 4608 subibat
1826 4555 2005 4617 timor,
2038 4565 2096 4609 ut

524 4654 755 4723 quisque
792 4668 890 4739 pro
920 4666 999 4715 se,
1031 4665 1094 4704 ac
1125 4650 1288 4703 ambo
1310 4664 1407 4717 pro
1433 4647 1661 4701 invicem
1695 4647 1911 4701 solliciti
1944 4663 2097 4702 csse-

526 4759 667 4796 mus.
716 4736 1053 4795 More-enim
1108 4739 1344 4807 gigantis
1404 4737 1707 4805 procedens
1785 4736 2092 4800 calamitas,

523 4848 738 4887 omnem
764 4849 901 4902 pene
921 4833 1147 4887 omnino
1184 4846 1333 4900 spent
1370 4830 1567 4883 salutis
1619 4828 1948 4882 excluserat.
2000 4827 2085 4882 ln-

593 5037 1191 5127 (Ιλ-(ξιιὶωξιςιὲοςνιιίξε.
1218 5042 1286 5096 Hi
1333 5058 1489 5127 porro
1518 5057 1719 5127 omnes,
1752 5052 1859 5124 etc.
1901 5042 2107 5096 Laoni-

522 5109 620 5164 cus
648 5109 746 5181 levi
779 5109 1452 5181 ηἱιιιαιίοιιεὈρτογούλην
1484 5123 1659 5173 vocat,
1681 5115 1839 5180 cujus
1870 5130 1956 5168 res
1980 5128 2110 5181 piro-

526 5179 772 5255 sequitur
795 5178 1224 5255 Ιι1›[ι’)ριίὶιηο,ἀσ
1249 5178 1581 5255 reliquorum
1605 5178 1862 5255 deinceps
1884 5178 2024 5255 quos
2045 5197 2110 5236 ex

522 5247 767 5322 margine
785 5247 989 5322 codicis
1005 5248 1094 5322 hic
1109 5247 1438 5322 repraesento
1456 5269 1475 5307 :
1490 5254 1566 5305 Τὰ
1590 5254 1776 5322 πρόσω
1786 5247 2111 5320 πο.Ἒρι;ογ-

520 5320 736 5390 Δρούλης,
754 5315 1028 5390 υύμάνης,
1046 5315 1330 5390 Ὀρχάνης,
1350 5315 1645 5390 Μωράτης,
1670 5315 1991 5389 Ιιαγαζίτηῖ
2018 5315 2115 5373 αὖ·

521 5386 633 5452 τός.
648 5386 780 5441 Sunt
793 5387 872 5439 Ita:
885 5401 1150 5455 persona;
1171 5386 1495 5455 Ertogralei,
1518 5386 2105 5453 0imanes,'01clianes,

524 5456 756 5510 Morates
799 5474 859 5507 ac
888 5454 1001 5523 ipse
1043 5454 1344 5520 Buiazetes.
1379 5456 1658 5513 Videndus
1692 5460 2092 5525 Leunciatvius,

521 5541 588 5580 ac
617 5528 813 5595 aliiqui
840 5541 928 5580 res
956 5526 1217 5579 Turcicas
1240 5530 1460 5595 scriptis
1482 5531 1937 5585 commendarunt
1967 5546 1982 5592 ;
2020 5531 2093 5581 si-

519 5596 1298 5664 tnulquenotaudum,quibus
1324 5606 1466 5650 tanta
1492 5599 1888 5664 tmperiimoles
1916 5598 2095 5652 initiis

523 5663 775 5733 creverit,
801 5674 928 5719 utet
960 5676 1128 5719 nostrt
1154 5665 1422 5724 caverint,
1448 5680 1509 5717 ac
1538 5668 1617 5717 vel
1647 5682 1675 5718 a
1706 5663 1926 5730 Turcis,
1951 5669 2095 5733 quod

520 5731 675 5787 initia
702 5736 788 5787 illa
808 5739 1003 5789 bonum
1025 5739 1354 5796 habueram,
1371 5736 1607 5786 mutuari
1627 5752 1731 5788 non
1753 5731 2097 5791 erubuerint.

2194 4465 2575 4533 ὑπολελεῖφθαι
2637 4471 2962 4539 κεχρημένῳ
3028 4473 3307 4543 λογισμοῖς
3374 4477 3754 4547 ἀνθρωπίνοις.

2204 4554 2446 4625 Ὑπῆρχε
2479 4556 2609 4623 γοῦν
2636 4560 2757 4628 ἐμοί
2786 4577 2842 4612 τε
2874 4562 3110 4632 κάκείνῳ
3141 4565 3312 4627 διττὸς
3339 4569 3367 4620 ὁ
3401 4569 3562 4637 φόϐος
3589 4588 3603 4603 ·
3633 4573 3759 4625 ἑκα-

2194 4647 2336 4715 τέρῳ
2358 4664 2417 4698 τε
2446 4648 2638 4714 αὑτοῦ,
2667 4652 2761 4702 καὶ
2782 4651 2987 4721 ἀμφοῖν
3011 4654 3150 4725 ὑπὲρ
3177 4656 3445 4727 ἀλλήλων.
3473 4661 3628 4713 Κατά
3652 4665 3758 4733 γὰρ

2195 4743 2320 4799 τοὺς
2352 4739 2586 4805 ἀγαθοὺς
2614 4741 2723 4793 τῶν
2752 4743 3020 4812 δρομέων,
3054 4748 3242 4815 προϊὸν
3267 4752 3326 4801 τὸ
3359 4751 3626 4821 δυσχερὲς
3654 4755 3758 4806 πᾶ·

2196 4845 2293 4883 σαν
2321 4832 2594 4900 σωτηρίας
2622 4833 2815 4886 ἐλπίδα
2840 4838 3063 4904 μονονοὺ
3095 4839 3442 4894 παντάπασιν
3463 4845 3759 4913 ἀφῃρήκει.

2217 5043 2437 5096 Multam
2461 5044 2604 5119 genti
2621 5045 2878 5119 _virtutem
2901 5061 3022 5102 cum
3048 5052 3226 5119 primo
3250 5051 3366 5105 fixit
3390 5051 3543 5107 sedes
3563 5069 3617 5107 tn
3639 5057 3761 5111 Asia

2218 5128 2407 5190 omnes
2444 5115 2668 5190 perinde
2720 5119 3020 5190 scriptores
3048 5115 3347 5190 instruunt,
3382 5131 3440 5176 ut
3464 5121 3585 5190 ejus
3626 5125 3764 5180 forte

2220 5183 2441 5263 merito.
2475 5184 2582 5262 Dei.
2595 5183 2959 5263 providentia,
2995 5188 3261 5263 infidelem
3291 5183 3764 5263 ge_ntem,tempo-

2222 5254 2351 5305 ralis
2383 5253 2608 5304 dominii
2639 5258 2860 5321 praemio
2882 5256 3135 5310 donatam
3160 5253 3410 5315 voluéril.
3433 5253 3765 5315 Delicias'vi-

2227 5332 2443 5392 tamque
2466 5322 2763 5375 molliorem
2788 5339 2818 5377 a
2845 5326 3047 5378 nostris
3070 5328 3325 5392 didicere,
3350 5344 3475 5382 cum
3507 5330 3762 5385 mulieres

2224 5390 2561 5468 Christianas
2594 5392 2646 5443 in
2673 5398 3270 5468 uxores_ac_cepissent,
3304 5390 3583 5468 quodiipsi
3614 5409 3763 5454 nota-

2202 5470 2329 5534 runt
2350 5460 2860 5534 scriptoresjiratci.
2881 5460 3111 5534 Pulchra
3131 5460 3402 5520 Phranies
3425 5460 3763 5534 digressioue

2204 5528 2299 5604 lib.
2329 5543 2367 5592 t,
2397 5543 2438 5604 a_
2463 5544 2583 5604 cap.
2609 5528 2705 5604 .25.
2732 5533 2797 5583 ad
2834 5532 2902 5585 54
2930 5534 3366 5604 _0smanidaruin
3401 5528 3577 5603 gentis
3614 5538 3736 5604 prin

2206 5596 2712 5672 cipumhismriam
2745 5602 3082 5671 perstringit,
3119 5618 3287 5672 usque
3314 5605 3378 5656 ad
3404 5596 3760 5659 Mahom'etetn

2207 5667 2534 5740 secundum,
2560 5683 2587 5717 a
2618 5683 2727 5740 quo
2769 5667 3143 5727 tandem'urbs
3178 5667 3333 5740 capta
3362 5683 3467 5736 est,
3499 5688 3562 5727 ac
3591 5672 3763 5729 lucer-

2209 5751 2276 5788 na
2308 5736 2510 5790 Gl‘tCt’lS
2546 5738 2835 5792 exstincta.
