4166 6270
444 412 548 477 2H

1228 418 1329 477 ΤΗ
1347 418 1624 478 EODORI
1662 418 2021 479 DESPOT/E
2062 417 2448 479 LAUDATIO
2487 414 2899 477 FUNEBRlS.

3562 400 3683 471 2i?

445 525 587 578 Ἀλλ’
612 528 737 597 ἐμοὶ
781 528 878 598 μὲν
911 526 1182 591 δέδοκται,
1213 529 1308 580 καὶ
1337 531 1449 591 τοῖς
1494 530 1806 599 ἡμετέροις,
1840 546 2007 598 προσ·
2036 563 2050 592 λ

2120 536 2270 589 terim
2309 543 2514 595 tamen,
2552 507 2707 594 mihi,
2734 530 3000 595 meisque,
3023 540 3090 579 ac
3114 523 3524 579 auxiliariorum
3549 539 3678 593 pru-

435 618 517 668 ἐτι
546 616 603 670 δὲ
636 620 732 672 καὶ⁵
780 622 892 680 τοίς
936 622 1370 690 φρονιμωτέροις
1402 623 1511 675 τῶν
1552 622 2012 691 συμμαχούντων,

446 711 501 768 ὲς
524 707 760 761 Ἰταλίαν
782 707 1129 777 πορεύεσθαι,
1154 710 1249 761 καὶ
1268 709 1332 780 δὴ
1354 710 1444 762 καὶ
1468 710 1699 773 Γαλλίας
1721 712 1817 772 τὰς
1837 712 2011 774 κάτω,

440 797 535 847 καὶ
562 796 890 865 Βρεττανίαν
916 798 1106 866 αὐτήν.
1143 798 1333 859 Πεῖσαι
1354 798 1462 868 γὰρ
1498 800 1722 863 εἰκότως
1742 800 1810 852 δι’
1838 802 2014 869 ἐμαυ-

442 887 536 939 τοῦ
566 888 691 949 τοὺς
718 886 1046 955 δυναμένους
1073 889 1205 958 ἡμῖν
1224 888 1474 957 ἀμύνειν,
1499 889 1736 958 χρῆσθαι
1760 893 1825 961 τῇ
1855 892 2013 944 δυνά-

450 995 542 1045 μει
575 978 822 1048 θελῆσαι,
853 980 947 1032 καὶ
980 980 1054 1048 μὴ
1089 981 1225 1049 πρὸς
1255 980 1524 1041 ἀναϐολὰς
1557 983 1649 1035 καὶ
1680 982 2017 1051 ὑπερϐἀσεις

445 1074 647 1138 χωρεῖν
672 1087 685 1102 ο
721 1070 881 1125 τοῦτο
911 1072 975 1141 δὴ
1004 1073 1064 1125 τὸ
1097 1075 1284 1137 είωθδς
1308 1075 1539 1138 ἐκείνοις
1565 1080 1757 1130 ποιεῖν.
1791 1078 2016 1132 Πάντων

446 1157 537 1213 οὖν
564 1163 968 1216 ἐπαινεσάντων
1009 1163 1107 1233 τὴν
1131 1164 1355 1233 γνώμην
1379 1183 1393 1197 ·
1424 1165 1496 1229 ὡς
1525 1166 1634 1236 γάρ
1669 1167 1727 1232 ἐξ
1750 1167 1885 1235 ἐμοῦ
1915 1167 2015 1235 τὴν

443 1255 619 1324 ἀρχὴν
660 1256 793 1324 πρὸς
836 1257 963 1317 τοὺς
994 1258 1246 1325 ἀρίστους
1284 1260 1390 1310 τῶν
1439 1261 1496 1312 ὲν
1549 1260 1698 1312 τέλει
1754 1260 1851 1312 καὶ
1903 1260 2016 1312 τῶν

445 1346 772 1413 συμμάχων,
808 1346 951 1396 οὕτω
983 1347 1293 1399 κάκ-τῶνδε
1332 1351 1627 1417 μετέπειτα
1652 1350 1787 1417 πρὸς
1817 1347 1913 1409 οὓς
1954 1365 2016 1414 γε

444 1435 608 1503 ἐχρῆν
628 1434 887 1501 μετεδὸθη
911 1451 924 1464 ο
950 1435 1008 1486 τὸ
1032 1435 1189 1499 δόξαν
1214 1438 1590 1506 διεπράττετο.
1619 1436 1753 1487 Οὐδὲ
1776 1437 1883 1505 γὰρ
1908 1435 2018 1503 ὲρῶ

357 1526 373 1545 ⁸
444 1540 506 1589 γε
540 1525 666 1593 περὶ
696 1524 934 1593 ἐμαυτοῦ
971 1526 1157 1590 πλέον,
1192 1526 1315 1578 οὐδὲ
1348 1525 1577 1595 μηκυνῶ
1599 1527 1688 1577 τὸν
1720 1526 1899 1592 λόγον,
1930 1527 2019 1576 ὲν·

445 1615 736 1684 διατρίϐων
757 1619 869 1680 τοῖς
904 1634 963 1669 τε
991 1617 1194 1680 ἄλλοις,
1238 1618 1333 1669 καὶ
1361 1618 1475 1678 τοῖς
1506 1617 1648 1669 κατά
1676 1616 1773 1685 τὴν
1800 1618 2019 1685 μακρὰν

448 1707 662 1773 ἐκείνην
697 1708 1029 1777 ἀποδημίαν.
1067 1707 1141 1759 Οὐ
1177 1708 1285 1775 μὴν
1334 1708 1523 1774 ἀφῆκα
1554 1707 1651 1775 τὴν
1699 1705 1831 1759 ναῦν
1870 1704 2016 1756 οὕτω

452 1797 603 1849 πλεῖν
621 1799 693 1859 ὡς
726 1798 791 1850 ἀν
814 1816 943 1852 ποτε
967 1799 1140 1868 τύχοι,
1164 1800 1195 1868 ἦ
1225 1797 1585 1868 κυϐερνᾶσθαι
1612 1797 1716 1850 ὑπό
1738 1813 1880 1859 τινος
1904 1796 2014 1848 τῶν

2114 626 2449 682 dentissimis
2488 623 2784 686 succurrit,
2833 621 2887 673 in
2926 618 3132 672 Italiam
3182 616 3492 685 Galliasque
3539 616 3679 669 inle-

2115 717 2285 771 riores
2308 716 2405 783 (l),
2433 715 2717 783 ipsamque
2775 709 2913 762 adeo
2962 706 3325 767 Britanniam,
3372 703 3670 772 prolicisci.

2115 809 2257 863 Fore
2294 809 2439 862 enim
2465 817 2523 861 ut
2543 820 2640 873 per
2696 818 2783 856 me
2810 802 2925 870 ipse
2966 798 3110 867 apud
3163 813 3259 850 eos
3316 796 3410 865 qui
3454 803 3676 863 possent

2113 897 2305 952 εποντο
2337 912 2515 967 opem,
2546 894 2816 964 legatione
2855 890 3105 961 fungens,
3136 895 3329 942 auctor
3351 887 3417 941 iis
3467 888 3675 947 lierein,

2113 1000 2171 1043 ut
2198 1005 2302 1059 qua
2333 988 2541 1057 pollent
2570 994 2855 1040 uterentur
2909 982 3171 1051 potentia,
3230 995 3331 1033 nec
3392 978 3677 1043 deinceps,

2114 1082 2258 1154 quod
2300 1082 2502 1136 habent
2530 1080 2796 1141 solemne,
2829 1090 3013 1131 moras
3040 1080 3342 1132 necterent,
3382 1085 3446 1124 ac
3501 1070 3679 1123 collu-

2114 1176 2327 1229 derent.
2365 1173 2590 1227 Cunctis
2613 1173 2796 1240 itaque
2819 1168 3111 1224 consilium
3164 1165 3552 1226 laudantibus;
3601 1160 3687 1214 uti

2116 1266 2260 1318 enim
2292 1244 2438 1317 amc
2468 1263 2701 1331 primum
2756 1260 2821 1313 ad
2854 1259 3125 1326 principes
3163 1272 3227 1310 ac
3258 1256 3532 1310 sociorum
3586 1267 3684 1320 op-

2118 1357 2305 1417 timos,
2334 1356 2404 1408 ita
2442 1351 2785 1421 postmodum
2823 1350 2890 1403 ab
2921 1349 3030 1402 illis
3086 1347 3150 1398 ad
3200 1346 3438 1413 reliquos
3482 1343 3683 1411 quibus

2121 1463 2219 1515 par
2239 1455 2404 1506 esset,
2438 1458 2530 1497 res
2578 1448 2923 1511 pervaserat;
2983 1437 3440 1506 quemadmodum
3506 1435 3680 1488 visum

2118 1549 2257 1601 erat,
2302 1536 2379 1591 sic
2408 1545 2463 1589 et
2485 1534 2686 1588 factum
2718 1541 2823 1586 est.
2866 1530 2980 1584 Non
3006 1531 3151 1584 enim
3182 1529 3336 1599 plura
3366 1529 3562 1596 loquar
3614 1524 3683 1579 de

2119 1627 2325 1693 meipso
2355 1639 2453 1677 nee
2472 1623 2594 1677 aliis
2622 1623 2944 1686 immorans,
2987 1635 3051 1673 ac
3078 1620 3144 1673 iis
3171 1635 3293 1687 qua?
3332 1626 3579 1686 spectant
3615 1617 3679 1668 ad

2120 1716 2331 1784 longam
2363 1714 2511 1766 illam
2550 1711 2964 1780 profectionem,
2992 1708 3301 1773 orationem
3339 1707 3681 1775 protraham.

2117 1808 2381 1861 Caeterum
2418 1806 2561 1860 haud
2582 1802 2855 1865 commisi,
2881 1810 2938 1854 ut
2969 1801 3149 1854 navim
3191 1814 3301 1869 quo
3362 1812 3482 1852 sors
3517 1797 3684 1849 ferret

454 1890 533 1950 εἰς
580 1888 756 1959 ἀρχὴν
790 1890 1173 1942 καταστάντων
1227 1890 1429 1957 μικρᾶς
1472 1905 1615 1948 τινος
1661 1887 1879 1949 ὁλκάδος
1928 1885 2050 1937 ειν-1

2120 1899 2420 1969 jactantlam
2448 1897 2841 1966 relinquerem,
2874 1905 3036 1949 autve
3055 1893 3175 1947 rudi
3213 1891 3375 1946 alicui
3410 1889 3687 1944 traderem

456 1979 584 2041 ίοτε,
645 1980 677 2047 ἢ
740 1979 885 2033 κατά
930 1978 1263 2049 χειροτονίαν
1320 1978 1436 2047 ἦτοι
1485 1977 1725 2048 κλῆρον,
1781 1977 1813 2046 ἦ
1869 1974 2010 2028 κατά

451 2085 639 2138 τυχην.

527 2273 667 2327 Ἀλλ’
696 2274 817 2327 ἐπεί
856 2293 946 2345 μοι
1004 2279 1133 2339 παῖς
1178 2278 1279 2333 οὐκ
1334 2274 1401 2352 ἦν
1436 2281 1522 2349 ἐφ’
1556 2281 1746 2352 ἡλικίᾳ
1797 2282 1885 2351 οἶα
1950 2296 2012 2333 τε

450 2364 665 2434 ἄρχειν,
695 2366 789 2421 τὸν
818 2368 1135 2436 ἀδελφιδοῦν
1169 2372 1391 2442 ἐμαυτῷ
1415 2372 1708 2436 διαλλάξας
1744 2374 2016 2442 κρατίστῃ

448 2456 609 2525 τύχῃ,
643 2458 737 2509 ἐπὶ
784 2460 895 2512 τῶν
934 2462 1135 2514 οἰάκων
1169 2464 1331 2515 αὑτὸν
1371 2463 1630 2526 ἓκάθισα,
1657 2465 1762 2526 ἓως
1798 2467 1847 2515 cl
1890 2464 2017 2532 βού-

450 2548 594 2601 λοιτο
624 2550 682 2602 τὸ
711 2551 855 2603 θεῖον
888 2553 1229 2621 ὑποστρέψαι
1262 2571 1349 2622 με.
1386 2555 1444 2607 '0
1473 2555 1517 2608 δ’
1542 2555 1633 2607 οὖν
1664 2556 1888 2621 ἀδελφὸς
1916 2558 2019 2608 κάν

452 2639 629 2708 τούτῳ
661 2640 795 2692 πολὺ
824 2641 1060 2711 βληθεὶς.
1086 2644 1162 2712 τῷ
1190 2644 1497 2713 μεταϐῆναί
1530 2662 1598 2713 με
1623 2644 1788 2711 λέγω,
1821 2646 2021 2714 ἠθύμει

460 2729 666 2796 μᾶλλον
696 2730 727 2798 ἢ
775 2731 1033 2800 πρόσθεν.
1061 2728 1171 2785 Ἦν
1203 2735 1311 2803 γὰρ
1342 2735 1599 2801 ἄντικρυς
1646 2733 1795 2801 αὐτῷ
1834 2733 2023 2803 ὥσπερ

454 2814 691 2886 ὀρφανία
712 2820 772 2871 τδ
796 2822 1049 2889 πρᾶγμα.
1078 2823 1307 2892 Μακρδς
1333 2824 1431 2891 μὲν
1455 2824 1559 2893 γὰρ
1583 2820 1650 2894 ἦν
1671 2826 1699 2877 ὁ
1721 2824 2019 2887 ἀπόπλους

459 2913 774 2982 μακροτέρα
804 2914 860 2967 δὲ
893 2915 1126 2985 πολλῷή
1157 2916 1303 2968 κατά
1328 2916 1429 2986 τὴν
1458 2919 1688 2987 ἤπειρον
1718 2920 2020 2989 ἀποδημία.

457 3003 564 3056 Καὶ
594 3006 848 3058 τοσοῦτον
878 3001 946 3076 ἦν
977 3007 1035 3059 ἐν
1066 3007 1249 3077 ἀδήλῳ
1280 3008 1340 3061 τὸ
1372 3009 1495 3061 καθ’
1526 3011 1695 3079 ἡμᾶς,
1733 3012 1809 3072 ὥς
1843 3013 1936 3064 καὶ
1963 3012 2023 3064 τὸ

462 3098 602 3165 μετά
632 3099 843 3166 μακρόν
890 3117 957 3167 με
1002 3102 1196 3169 χρόνον
1246 3103 1564 3156 ἐπανελθεῖν
1604 3105 1793 3157 εὐκτόν
1828 3122 1892 3174 γε
1926 3105 2017 3174 δὴ-

2116 1991 2548 2062 gubernandam,
2578 2004 2640 2042 ac
2675 1988 2763 2043 cui
2798 1987 3030 2041 minoris
3059 1985 3325 2037 hactenus
3346 1981 3559 2049 scapha:
3580 1996 3673 2048 gu-

2116 2083 2384 2147 bernatio,
2424 2081 2540 2136 sive
2589 2079 2879 2141 electione,
2907 2092 3001 2131 seu
3028 2073 3364 2134 hazreditate,
3392 2086 3487 2126 seu
3550 2082 3679 2123 casu

2116 2177 2331 2230 fortuna
2411 2172 2727 2242 obtigisset.

2188 2283 2479 2337 Enimvero
2500 2281 2645 2351 quod
2683 2280 2828 2335 ﬁlius
2853 2288 3063 2333 matura
3101 2276 3234 2331 satis
3259 2282 3418 2329 :etate
3449 2274 3682 2343 publicae

2119 2377 2194 2431 rei
2220 2373 2668 2429 administranda!
2692 2371 2930 2433 deesset,
2963 2368 3169 2437 optima
3222 2364 3351 2419 mihi
3376 2375 3493 2419 arte
3558 2378 3685 2417 con-

2118 2469 2365 2523 ciliatum
2407 2465 2709 2534 patruelem
2763 2462 2864 2533 (2),
2916 2462 3167 2531 regendze
3218 2457 3455 2517 civitati,
3513 2472 3685 2519 usque

2121 2561 2248 2611 dum
2284 2559 2392 2611 Deo
2451 2558 2690 2610 donante
2752 2554 2951 2606 reverti
3007 2551 3377 2618 contingeret,
3437 2546 3680 2614 μηνίει-ἰ.

2122 2647 2311 2700 Frater
2342 2662 2491 2715 ergo,
2514 2646 2613 2697 hoc
2650 2657 2868 2712 quoque
2900 2642 3015 2693 dire
3058 2654 3373 2708 percussus,
3430 2650 3572 2697 meo,
3600 2635 3686 2686 in-

2124 2735 2400 2804 quam,ab
2432 2733 2565 2785 urbe
2605 2747 2666 2784 ac
2708 2730 2877 2797 patria
2916 2743 3158 2786 recessu,
3191 2725 3362 2793 priori
3424 2723 3683 2790 majorem

2127 2825 2401 2878 tristitiam
2438 2820 2707 2889 concepit.
2752 2818 2962 2887 Quippe
2997 2832 3170 2871 meam
3198 2816 3325 2867 hinc
3380 2814 3683 2867 absentiam

2125 2918 2376 2971 maximae
2417 2914 2699 2982 cujusdam
2756 2910 3009 2965 orbitatis
3070 2910 3189 2962 loco
3245 2907 3523 2961 habebat:
3569 2913 3690 2958 erat

2126 3009 2283 3077 plane
2323 3012 2479 3075 longa
2514 3004 2787 3074 navigatio
2809 3015 2873 3058 ac
2904 3003 3186 3073 trajectus,
3240 3000 3520 3067 multoque
3564 2998 3684 3051 lon-

2125 3102 2241 3169 gior
2271 3111 2484 3153 terrena
2522 3098 2807 3167 profectio.
2839 3098 2986 3150 Adeo
3027 3105 3207 3149 autem
3230 3111 3319 3149 res
3356 3102 3555 3147 nostra:
3604 3092 3689 3143 in-

461 3187 658 3241 πουθεν
694 3184 967 3244 εἶναι.ἽῙν
997 3190 1097 3259 μὲν
1121 3192 1214 3245 οὖν
1258 3194 1437 3246 πάντα
1481 3195 1546 3247 τὰ
1589 3196 1799 3248 ἐκείνου
1837 3198 1895 3248 ὲν
1927 3198 2024 3249 οὐκ

2130 3204 2275 3244 certe
2309 3192 2661 3254 ﬂuctuabant,
2688 3198 2822 3243 utet
2856 3189 3081 3249 tardior,
3116 3202 3213 3241 nec
3243 3187 3347 3238 nisi
3386 3195 3505 3253 post
3553 3185 3694 3237 mul-

462 3280 693 3345 ἀγαθαῖς
746 3282 929 3335 ἐλπίσι
981 3285 1044 3353 τῇ
1098 3286 1399 3358 προσδοκίᾳ
1451 3287 1558 3339 τῶν
1594 3288 1876 3357 ἑπομένων
1915 3293 2027 3351 τοῖς

461 3373 582 3425 τότε
619 3375 963 3443 πράγμασιν·
998 3378 1025 3428 ὁ
1057 3377 1111 3429 δὲ
1147 3379 1223 3446 μὴ
1266 3381 1441 3448 πάντη
1484 3382 1838 3444 καταπεσὼν,
1865 3383 1892 3433 ὅ
1924 3383 2025 3434 κᾶν

461 3464 617 3526 ἄλλος
651 3464 852 3517 ἔπαθεν
884 3468 964 3519 ἐνί
994 3485 1070 3536 τῳ
1103 3470 1492 3538 προσπαλαίων
1526 3472 1632 3524 τῶν
1660 3473 1849 3525 δεινῶν
1882 3476 2027 3543 ἅπερ

464 3556 669 3618 ἐκεῖνος
701 3558 989 3623 ὑφίστατο,
1018 3562 1344 3628 καρτερικὸς
1374 3563 1697 3631 φαινόμενος
1726 3567 1782 3617 ὲν
1812 3569 2024 3633 καιροῖς

462 3646 563 3698 οὐκ
606 3647 952 3715 ἀνεχομένοις
985 3648 1273 3719 ἀναϐολῆς,
1303 3650 1483 3720 ἐξῄτει
1532 3653 1648 3713 πῶς
1698 3654 1910 3706 ἰάσεται
1968 3653 2028 3704 τὸ

462 3736 691 3790 λυποῦν.
728 3737 834 3790 Καὶ
884 3738 1064 3805 μέντοι
1099 3744 1193 3792 καὶ
1238 3741 1479 3812 ἐξεῦρεν.
1537 3742 1595 3794 '0
1626 3744 1680 3795 δὲ
1707 3744 1907 3811 τρόπος
1936 3744 2030 3795 νῦν

471 3824 570 3891 μὲν
600 3823 758 3889 δῆλος
787 3825 959 3879 ἆπισι
1007 3829 1145 3895 μετά
1176 3829 1237 3880 τὸ
1282 3831 1561 3896 γενέσθαι,
1589 3832 1710 3882 τότε
1744 3832 1820 3893 δὲ,
1849 3827 2025 3897 οἶμαι,

466 3914 691 3982 ὀλίγοις.
723 3913 879 3968 Οὕτω
912 3917 1020 3986 γὰρ
1064 3918 1342 3986 ἠνάγκαζε
1379 3921 1439 3973 τὸ
1472 3921 1771 3988 συμφέρον.
1822 3920 1881 3971 El
1924 3924 2031 3987 γὰρ

462 4006 602 4068 ὅλως
632 4006 986 4059 ὑπωπτεύετο
1013 4010 1124 4068 τοῖς
1152 4008 1365 4076 ἐχθροῖς
1394 3998 1453 4061 τὸ
1482 4008 1684 4078 δρᾶμα·
1710 4011 1893 4077 δρᾶμα
1926 4010 2031 4079 γὰρ

464 4094 535 4169 ἦν
560 4097 815 4169 ἀτεχνῶςν
833 4098 893 4151 τὸ
928 4100 1180 4169 πρᾶγμα,
1215 4099 1415 4172 ἀρίστῃ
1450 4101 1613 4171 τέχνῃ
1649 4101 1767 4152 τότε
1806 4101 2028 4171 γενόμε-

416 4388 421 4391 ,
540 4335 615 4402 (Ι)
648 4332 710 4386 1η
751 4333 968 4387 Italiam
994 4332 1296 4401 Galliasque
1325 4345 1608 4391 extremas.
1654 4337 1836 4391 Multis
1890 4338 2026 4392 Lao-

470 4406 624 4457 uieus
652 4419 771 4457 eam
817 4405 1081 4457 Manuelis
1116 4405 1513 4471 profectionem
1567 4407 1660 4460 lih.
1702 4425 1736 4461 ιι
1781 4420 2021 4471 enarrat,

470 4477 699 4541 ejusque
731 4475 1019 4527 occasione
1043 4476 1192 4540 plura
1222 4474 1474 4529 edisserit
1506 4475 1571 4528 de
1588 4476 2020 4544 Occidentalium

473 4522 711 4618 moribus
745 4560 806 4618 ac
839 4522 1101 4618 potentia.
1136 4543 1375 4618 Κοάλίας
1420 4545 1517 4605 τὰς
2059 4522 2103 4578 D

473 4613 711 4672 Mauucl,
738 4613 1086 4683 distinctione
1112 4628 1140 4665 a
1169 4612 1358 4665 Galliis
1385 4614 1550 4666 Italia:
1603 4612 2018 4683 atljacetitibtis;

473 4683 730 4755 tieltit-am
767 4682 974 4736 scilicet
1026 4697 1089 4755 ac
1140 4683 1433 4755 llelgicatn.
1490 4684 1771 4755 ipsamque
1831 4689 2024 4740 stricte

476 4751 785 4832 Franciam,
818 4767 881 4806 ac
932 4751 1081 4819 regni
1122 4752 1305 4805 sedem
1357 4751 1653 4820 Lutetiam,
1683 4751 1799 4809 'ubi
1839 4772 2023 4826 regem

456 4830 745 4875 xonveltit.

544 4891 619 4957 (2)
664 4890 877 4956 Optima
916 4900 1029 4941 arte
1079 4889 1421 4944 conciliatura:
1454 4893 1763 4956 patruelem.
1806 4892 2026 4951 Veteres

472 4970 625 5013 erant
644 4960 943 5031 Manuelem
967 4958 1107 5013 inter
1136 4978 1199 5015 ac
1216 4962 1584 5015 Andronicum
1611 4962 1859 5025 fratrem,
1879 4964 2028 5031 ejus-

471 5044 577 5097 que
626 5027 1108 5100 tilium_.loannem
1172 5030 1493 5095 inimicitiae,
1533 5046 1603 5085 ex
1633 5048 1743 5100 quo
1786 5027 2027 5097 Man'uel,

476 5101 686 5152 tametsi
716 5098 925 5164 junior,
958 5115 988 5152 a
1026 5106 1180 5167 patre
1214 5100 1467 5167 praelatus
1499 5098 1697 5165 fuerat,
1745 5110 1803 5156 ut
1837 5118 2029 5157 succe-

472 5166 626 5218 deret
658 5167 905 5237 imperio.
936 5166 1037 5221 Vis
1090 5166 1307 5222 tandem
1362 5184 1496 5237 ergo
1542 5171 1838 5225 Andronici
1886 5172 2028 5226 ﬁlius

472 5240 711 5307 Joannes
731 5235 1028 5291 amicitiam
1052 5238 1375 5292 instauravit
1391 5235 1515 5291 cum
1542 5248 1739 5307 patruo
1757 5239 2028 5304 Manuele,

474 5304 541 5357 ad
560 5320 718 5370 quem
751 5314 971 5361 coactus
993 5316 1135 5361 esset
1157 5308 1471 5371 confugere,
1491 5304 1614 5362 cum
1642 5307 1815 5364 lactus
1838 5310 2032 5364 luisset

475 5374 712 5436 Bajazvti
749 5378 1074 5444 suspectior,
1112 5392 1178 5429 ne
1210 5392 1305 5443 per
1327 5391 1451 5428 eum
1478 5377 1689 5431 obsidio
1723 5380 2034 5433 Constanti-

476 5446 807 5508 quolltana:
858 5445 1008 5497 urbis
1044 5446 1194 5497 irrita
1229 5446 1472 5507 cederet,
1509 5447 1582 5497 uti
1617 5445 1889 5503 Laonieus
1929 5450 2027 5503 lib.

476 5529 538 5575 ιι,
564 5526 618 5568 et
650 5516 883 5586 Phranrz2
906 5515 937 5567 Ι.
968 5516 1091 5586 item
1119 5530 1154 5586 ι,
1184 5514 1446 5586 c._20_,ubi
1475 5518 1725 5586 quazhuc
1756 5526 2025 5586 spectant,

477 5602 701 5656 qucque
737 5586 801 5637 ad
838 5584 1099 5656 illanuclis
1134 5585 1186 5635 in
1212 5581 1446 5656 italiam
1479 5581 1540 5637 ac
1570 5581 1857 5641 Franciam
1901 5581 2028 5656 pro-

478 5652 768 5707 lectionem
798 5655 862 5706 ad
891 5653 1261 5717 conquirenda
1288 5652 1509 5715 auxilia,
1542 5658 1640 5707 nec
1671 5673 1773 5708 non
1802 5657 1867 5709 ad
1899 5652 2031 5713 vou-

476 5725 736 5776 ditionem
773 5724 996 5776 ditionis
1020 5722 1248 5789 Spattaz,
1281 5722 1505 5789 ejusque
1538 5726 1921 5778 rescissioncm
1952 5735 2031 5778 tu-

478 5794 875 5847 multuantibus
924 5791 1230 5860 Spartanis,
1268 5791 1505 5846 dilucide
1555 5808 1615 5846 ac
1646 5798 1836 5863 paucis
1871 5810 2029 5848 enar-

2130 3294 2240 3337 tum
2270 3294 2481 3353 tempus
2504 3285 2819 3342 decursum,
2885 3281 3089 3335 reditus
3114 3282 3167 3333 in
3221 3279 3362 3333 votis
3412 3277 3692 3331 habendus

2134 3377 2423 3429 videretur.
2462 3374 2565 3428 Res
2593 3389 2723 3427 sane
2769 3373 2886 3440 ejus
2922 3388 3110 3425 omnes
3158 3386 3285 3437 spes
3349 3384 3456 3421 non
3519 3369 3691 3419 bonas

2128 3467 2765 3534 prmtendehant,eorum
2794 3462 3223 3529 exspectatione,
3268 3473 3392 3526 qua:
3460 3465 3691 3507 ventura

2128 3569 2304 3611 erant.
2341 3558 2429 3610 Ille
2454 3558 2754 3617 enimvero,
2810 3555 2951 3607 haud
2974 3554 3195 3605 omnino
3210 3547 3552 3613 despondens
3579 3546 3695 3597 ani-

2133 3667 2307 3713 mum,
2342 3652 2483 3716 quod
2528 3648 2607 3701 vel
2640 3648 2800 3700 unius
2829 3655 3040 3698 tantum
3090 3641 3380 3697 eluctanda
3446 3638 3691 3703 incursio

2126 3740 2536 3805 aliilnjecissct,
2568 3736 2692 3789 forti
2732 3736 2918 3789 animo
2975 3736 3042 3788 iis
3098 3731 3391 3785 momentis
3453 3731 3685 3791 habens,

2127 3842 2246 3894 qua:
2272 3841 2450 3879 moras
2502 3840 2607 3876 non
2655 3825 2875 3885 ferrent,
2904 3823 3060 3877 malis
3114 3823 3331 3890 aliquod
3389 3820 3687 3873 remedium

2127 3915 2421 3983 quaerebat.
2456 3916 2532 3967 Ac
2570 3929 2698 3965 vero
2748 3914 2911 3967 etiam
2983 3914 3204 3967 invenit.
3268 3912 3459 3965 Modus
3510 3920 3689 3962 autem

2130 4021 2276 4059 nunc
2304 4006 2473 4072 liquet
2501 4004 2777 4067 omnibus,
2808 4018 2931 4057 cum
2958 4018 3044 4057 res
3068 4006 3329 4058 successit
3357 4019 3372 4057 :
3430 4014 3558 4057 tunc
3593 4018 3691 4054 an-

2133 4104 2261 4163 tem,
2288 4096 2544 4160 arbitror,
2569 4094 2861 4150 admodum
2889 4095 3096 4164 paucis.
3130 4095 3223 4152 Sic
3240 4097 3383 4151 enim
3404 4111 3434 4152 e
3468 4113 3524 4151 re
3550 4106 3687 4151 erat.

2135 4348 2247 4392 rata
2288 4337 2455 4391 habes
2488 4353 2499 4387 :
2536 4334 2817 4406 nti_c.719,
2850 4349 2971 4406 qurc
2996 4340 3243 4400 spectant
3280 4336 3349 4387 ad
3383 4338 3686 4406 principum

2132 4410 2568 4462 Christianorum
2627 4403 3071 4474 ftedet'atiouetn._
3121 4418 3185 4457 ac
3238 4403 3574 4474 Sigismundi
3637 4420 3691 4460 et

2136 4489 2445 4531 nostrorum
2484 4474 2688 4527 cladem
2724 4473 2790 4527 ad
2830 4472 3157 4541 Nicopolim,
3190 4472 3323 4527 cuni
3360 4474 3482 4529 talis
3514 4492 3577 4529 ac
3616 4478 3687 4531 ita

2128 4547 2413 4601 confertus
2446 4545 2725 4611 lectusque
2752 4543 3218 4613 esseticxercilus,
3248 4553 3305 4596 ut
3338 4555 3539 4597 metum
3567 4562 3690 4613 gra-

2127 4633 2247 4669 vem
2284 4616 2531 4682 injiceret
2559 4613 2819 4683 Bajazcti.
2852 4611 3139 4683 All‘ucrnnt
3168 4625 3220 4665 et
3244 4613 3377 4683 Galli
3401 4611 3684 4683 suppetias

2128 4686 2302 4746 missi,
2335 4686 2498 4752 inque
2530 4682 2634 4735 illis
2670 4682 2986 4744 didicimus,
3016 4682 3144 4746 quid
3177 4682 3258 4733 vel
3284 4682 3483 4735 Gallica
3512 4682 3688 4739 virtus

2129 4756 2300 4823 possit
2326 4755 2429 4805 nisi
2470 4752 2609 4804 Deus
2634 4752 3070 4823 corroboraverit
3109 4768 3121 4803 :
3152 4767 3428 4817 quamque
3465 4765 3681 4820 pratstet

2129 4819 2472 4877 communem
2508 4824 2715 4872 hostem
2742 4819 2993 4872 nonnihil
3028 4830 3294 4873 semotum
3330 4819 3531 4889 petere,
3558 4826 3686 4877 dum

2130 4892 2247 4958 ipse
2283 4891 2494 4944 vicinos
2527 4891 2751 4956 appetit,
2795 4903 2960 4957 quam
3010 4890 3075 4944 iis
3112 4901 3297 4943 nostra
3324 4891 3686 4949 derelictione

2131 4961 2348 5022 deletis,
2387 4959 2649 5013 lateribus
2675 4959 2805 5026 ipsis
2840 4959 3043 5012 nostris
3082 4959 3487 5013 incumbentem
3522 4964 3691 5017 inuu-

2131 5030 2380 5101 merabili
2411 5028 2593 5101 turba,
2634 5028 2898 5101 experiri:
2925 5030 3193 5101 caeterum
3230 5045 3320 5085 ars
3368 5031 3454 5084 illa
3472 5034 3687 5101 optima

2131 5116 2293 5223 quam
2321 5099 2450 5153 dicit
2491 5096 2725 5161 Manuel,
2756 5096 2897 5151 haud
2953 5097 3098 5151 aliud
3134 5097 3204 5152 sit
3242 5114 3407 5167 quam
3458 5096 3687 5157 Joannis

2168 5168 2397 5223 elinitio.
2425 5168 2662 5221 maxima
2690 5166 2957 5220 bonorum
2988 5177 3140 5223 parte
3160 5170 3362 5223 oblata.
3396 5184 3492 5223 ccu
3524 5172 3682 5223 οι-ίιιιί

2168 5168 2397 5239 elinitio.
2425 5168 2662 5239 maxima
2690 5166 2957 5239 bonorum
2988 5177 3140 5239 parte
3160 5166 3362 5233 oblata,
3396 5184 3492 5223 ceu
3524 5172 3682 5239 primi

2132 5238 2343 5292 ordinis
2377 5236 2607 5304 principi
2647 5253 2659 5288 :
2704 5246 2798 5289 aut
2847 5236 3012 5290 etiam
3058 5236 3327 5305 Bajazctis
3373 5242 3429 5291 in
3482 5236 3683 5304 regiam

2132 5322 2349 5360 omnem
2382 5308 2610 5375 stirpem
2657 5314 2875 5360 ostensa
2913 5306 3052 5360 mala
3094 5307 3367 5369 voluntas,
3403 5308 3577 5360 aliave
3606 5308 3683 5358 si-

2134 5378 2280 5431 milis
2317 5375 2521 5441 suasio,
2556 5390 2664 5443 qua
2712 5378 2927 5429 laudent
2977 5378 3153 5429 virum
3212 5376 3569 5429 ahsterruerit
3619 5375 3686 5426 ab

2132 5446 2248 5512 ejus
2280 5445 2563 5512 obsequio,
2597 5458 2661 5499 ac
2688 5443 2790 5498 sibi
2826 5444 3147 5498 devianrst.
3189 5445 3280 5498 Sic
3312 5444 3547 5512 produnt
3576 5444 3686 5512 Λιι-

2132 5511 2275 5567 nales
2319 5511 2646 5567 Turcirilib.
2683 5529 2757 5574 vr,
2796 5514 3123 5580 interceptas
3153 5514 3392 5581 ejusdem
3425 5511 3687 5581 Mannclis

2134 5585 2199 5636 ad
2256 5582 2665 5636 Pannoniorum
2697 5598 2875 5650 regem
2929 5580 3209 5649 epistolas,
3243 5581 3442 5642 quibus
3473 5592 3595 5629 eum
3634 5580 3685 5629 in

2132 5650 2435 5718 Bajazetem
2472 5651 2732 5710 irritaret,
2766 5666 2885 5718 qua:
2908 5661 2961 5703 et
2984 5666 3147 5703 causa
3182 5652 3381 5699 l'ucrtnt
3414 5656 3693 5718 maturan-

2133 5712 2543 5775 dae'ohsidionls
2577 5720 2736 5786 regia:
2774 5712 2944 5782 urbis,
2974 5718 3222 5786 Bajazcte
3250 5728 3388 5766 nova
3423 5712 3699 5769 Manudis

2137 5791 2334 5860 injuria
2377 5788 2596 5858 gravius
2632 5789 2859 5842 olIcnso.
