  <div class='ocr_page' id='page_1' title='image "/cluster/home/n/w/nwhite01/storage/ocr_20150623/156/mdp.39015078384719/130.png"; bbox 0 0 4166 6270; ppageno 0'>
   <div class='ocr_carea' id='block_1_1' title="bbox 460 363 565 427">
    <p class='ocr_par' dir='ltr' id='par_1_1' title="bbox 460 363 565 427">
     <span class='ocr_line' id='line_1_1' title="bbox 460 363 565 427; baseline -0.019 -1"><span class='ocrx_word' id='word_1_1' title='bbox 460 363 565 427; x_wconf 75' lang='grc' dir='ltr'><strong>2ἰὸ</strong></span> 
     </span>
    </p>
   </div>
   <div class='ocr_carea' id='block_1_2' title="bbox 1222 371 2898 441">
    <p class='ocr_par' dir='ltr' id='par_1_2' title="bbox 1222 371 2898 441">
     <span class='ocr_line' id='line_1_2' title="bbox 1222 371 2898 441; baseline 0.007 -11"><span class='ocrx_word' id='word_1_2' title='bbox 1222 371 1623 434; x_wconf 81' lang='lat' dir='ltr'><strong>TllEODORI</strong></span> <span class='ocrx_word' id='word_1_3' title='bbox 1671 375 2030 435; x_wconf 67' lang='lat' dir='ltr'><strong>DESPOTJE</strong></span> <span class='ocrx_word' id='word_1_4' title='bbox 2073 378 2464 439; x_wconf 64' lang='lat' dir='ltr'><strong>LAUDATIO</strong></span> <span class='ocrx_word' id='word_1_5' title='bbox 2492 381 2898 441; x_wconf 79' lang='lat' dir='ltr'><strong>FUNEBRIS.</strong></span> 
     </span>
    </p>
   </div>
   <div class='ocr_carea' id='block_1_3' title="bbox 3589 380 3695 442">
    <p class='ocr_par' dir='ltr' id='par_1_3' title="bbox 3589 380 3695 442">
     <span class='ocr_line' id='line_1_3' title="bbox 3589 380 3695 442; baseline -0.028 0"><span class='ocrx_word' id='word_1_6' title='bbox 3589 380 3695 442; x_wconf 58' lang='lat'><strong>2-16</strong></span> 
     </span>
    </p>
   </div>
   <div class='ocr_carea' id='block_1_4' title="bbox 465 475 2071 561">
    <p class='ocr_par' dir='ltr' id='par_1_4' title="bbox 465 475 2071 554">
     <span class='ocr_line' id='line_1_4' title="bbox 465 475 2071 554; baseline 0.004 -24"><span class='ocrx_word' id='word_1_7' title='bbox 465 477 635 532; x_wconf 80' lang='grc' dir='ltr'><strong>Τοῦτο</strong></span> <span class='ocrx_word' id='word_1_8' title='bbox 658 476 812 540; x_wconf 75' lang='grc' dir='ltr'><strong>τέλος</strong></span> <span class='ocrx_word' id='word_1_9' title='bbox 852 475 1097 544; x_wconf 67' lang='grc' dir='ltr'><strong>εἰληφὸς,</strong></span> <span class='ocrx_word' id='word_1_10' title='bbox 1125 479 1364 550; x_wconf 81' lang='grc' dir='ltr'><strong>τοσούτῳ</strong></span> <span class='ocrx_word' id='word_1_11' title='bbox 1403 485 1724 536; x_wconf 74' lang='grc' dir='ltr'><strong>συνετέλεσε</strong></span> <span class='ocrx_word' id='word_1_12' title='bbox 1763 487 1829 554; x_wconf 82' lang='grc' dir='ltr'><strong>τῇ</strong></span> <span class='ocrx_word' id='word_1_13' title='bbox 1862 485 2032 537; x_wconf 83' lang='grc' dir='ltr'><strong>Πελο-</strong></span> <span class='ocrx_word' id='word_1_14' title='bbox 2061 523 2071 543; x_wconf 50' lang='grc' dir='ltr'><strong><em>ε</em></strong></span> 
     </span>
    </p>
   </div>
   <div class='ocr_carea' id='block_1_5' title="bbox 2124 475 3691 561">
    <p class='ocr_par' dir='ltr' id='par_1_5' title="bbox 2141 489 3691 561">
     <span class='ocr_line' id='line_1_5' title="bbox 2141 489 3691 561; baseline -0.001 -19"><span class='ocrx_word' id='word_1_15' title='bbox 2141 499 2252 542; x_wconf 84' lang='grc' dir='ltr'>ιυιιι</span> <span class='ocrx_word' id='word_1_16' title='bbox 2287 489 2644 561; x_wconf 82' lang='lat' dir='ltr'><strong>Pelopomtesi</strong></span> <span class='ocrx_word' id='word_1_17' title='bbox 2663 491 2966 546; x_wconf 87' lang='lat' dir='ltr'><strong>commodis</strong></span> <span class='ocrx_word' id='word_1_18' title='bbox 2992 489 3220 553; x_wconf 84' lang='lat' dir='ltr'><strong>addidit,</strong></span> <span class='ocrx_word' id='word_1_19' title='bbox 3254 496 3522 558; x_wconf 88' lang='lat' dir='ltr'><strong>quantum</strong></span> <span class='ocrx_word' id='word_1_20' title='bbox 3552 499 3691 551; x_wconf 46' lang='lat' dir='ltr'><strong>tem:</strong></span> 
     </span>
    </p>
   </div>
   <div class='ocr_carea' id='block_1_6' title="bbox 464 573 2030 645">
    <p class='ocr_par' dir='ltr' id='par_1_6' title="bbox 464 573 2030 645">
     <span class='ocr_line' id='line_1_6' title="bbox 464 573 2030 645; baseline 0.005 -19"><span class='ocrx_word' id='word_1_21' title='bbox 464 573 739 643; x_wconf 85' lang='grc' dir='ltr'><strong>ποννήσῳ,</strong></span> <span class='ocrx_word' id='word_1_22' title='bbox 765 574 875 643; x_wconf 80' lang='grc' dir='ltr'><strong>ὅσῳ</strong></span> <span class='ocrx_word' id='word_1_23' title='bbox 905 589 970 639; x_wconf 85' lang='grc' dir='ltr'><strong>γε</strong></span> <span class='ocrx_word' id='word_1_24' title='bbox 1001 573 1188 642; x_wconf 72' lang='grc' dir='ltr'><strong>σαφῶς</strong></span> <span class='ocrx_word' id='word_1_25' title='bbox 1217 578 1245 628; x_wconf 83' lang='grc' dir='ltr'>ὁ</span> <span class='ocrx_word' id='word_1_26' title='bbox 1281 579 1471 645; x_wconf 75' lang='grc' dir='ltr'><strong>καιρὸς</strong></span> <span class='ocrx_word' id='word_1_27' title='bbox 1507 579 1696 644; x_wconf 79' lang='grc' dir='ltr'><strong>ἔδειξε.</strong></span> <span class='ocrx_word' id='word_1_28' title='bbox 1735 579 1906 634; x_wconf 79' lang='grc' dir='ltr'><strong>Τοῦτο</strong></span> <span class='ocrx_word' id='word_1_29' title='bbox 1930 581 2030 644; x_wconf 79' lang='grc' dir='ltr'><strong>τὰς</strong></span> 
     </span>
    </p>
   </div>
   <div class='ocr_carea' id='block_1_7' title="bbox 461 663 2027 740">
    <p class='ocr_par' dir='ltr' id='par_1_7' title="bbox 461 663 2027 740">
     <span class='ocr_line' id='line_1_7' title="bbox 461 663 2027 740; baseline 0.004 -23"><span class='ocrx_word' id='word_1_30' title='bbox 461 665 687 732; x_wconf 70' lang='grc' dir='ltr'><strong>ἐφῖδους</strong></span> <span class='ocrx_word' id='word_1_31' title='bbox 717 663 827 716; x_wconf 84' lang='grc' dir='ltr'><strong>τῶν</strong></span> <span class='ocrx_word' id='word_1_32' title='bbox 857 663 1069 734; x_wconf 84' lang='grc' dir='ltr'><strong>ἐχθρῶν</strong></span> <span class='ocrx_word' id='word_1_33' title='bbox 1100 664 1311 730; x_wconf 74' lang='grc' dir='ltr'><strong>καὶτὰς</strong></span> <span class='ocrx_word' id='word_1_34' title='bbox 1338 669 1608 735; x_wconf 66' lang='grc' dir='ltr'><strong>είσὸολὶς,</strong></span> <span class='ocrx_word' id='word_1_35' title='bbox 1637 671 1760 723; x_wconf 84' lang='grc' dir='ltr'><strong>ὅσον</strong></span> <span class='ocrx_word' id='word_1_36' title='bbox 1790 672 1821 739; x_wconf 84' lang='grc' dir='ltr'>ὴ</span> <span class='ocrx_word' id='word_1_37' title='bbox 1862 673 2027 740; x_wconf 83' lang='grc' dir='ltr'><strong>πεῖρα</strong></span> 
     </span>
    </p>
   </div>
   <div class='ocr_carea' id='block_1_8' title="bbox 461 755 2030 829">
    <p class='ocr_par' dir='ltr' id='par_1_8' title="bbox 461 755 2030 829">
     <span class='ocr_line' id='line_1_8' title="bbox 461 755 2030 829; baseline 0.005 -22"><span class='ocrx_word' id='word_1_38' title='bbox 461 755 833 824; x_wconf 84' lang='grc' dir='ltr'><strong>παρέστησεν,</strong></span> <span class='ocrx_word' id='word_1_39' title='bbox 866 755 1232 826; x_wconf 84' lang='grc' dir='ltr'><strong>ἀπεσὸσησεν.</strong></span> <span class='ocrx_word' id='word_1_40' title='bbox 1263 757 1398 810; x_wconf 79' lang='grc' dir='ltr'><strong>Οὔτε</strong></span> <span class='ocrx_word' id='word_1_41' title='bbox 1433 760 1540 829; x_wconf 78' lang='grc' dir='ltr'><strong>γὰρ</strong></span> <span class='ocrx_word' id='word_1_42' title='bbox 1592 761 1851 828; x_wconf 76' lang='grc' dir='ltr'><strong>στρατιὰν</strong></span> <span class='ocrx_word' id='word_1_43' title='bbox 1877 763 2030 829; x_wconf 81' lang='grc' dir='ltr'><strong>ἀγεί-</strong></span> 
     </span>
    </p>
   </div>
   <div class='ocr_carea' id='block_1_9' title="bbox 464 841 2024 920">
    <p class='ocr_par' dir='ltr' id='par_1_9' title="bbox 464 841 2024 920">
     <span class='ocr_line' id='line_1_9' title="bbox 464 841 2024 920; baseline 0.005 -24"><span class='ocrx_word' id='word_1_44' title='bbox 464 861 580 913; x_wconf 86' lang='grc' dir='ltr'><strong>ρειν</strong></span> <span class='ocrx_word' id='word_1_45' title='bbox 607 843 836 912; x_wconf 85' lang='grc' dir='ltr'><strong>ίσχυράν</strong></span> <span class='ocrx_word' id='word_1_46' title='bbox 861 841 1069 896; x_wconf 75' lang='grc' dir='ltr'><strong>οἴκοθεν</strong></span> <span class='ocrx_word' id='word_1_47' title='bbox 1098 841 1242 916; x_wconf 77' lang='grc' dir='ltr'><strong>εἶχον</strong></span> <span class='ocrx_word' id='word_1_48' title='bbox 1264 848 1312 900; x_wconf 80' lang='grc' dir='ltr'>οἱ</span> <span class='ocrx_word' id='word_1_49' title='bbox 1335 847 1708 914; x_wconf 72' lang='grc' dir='ltr'><strong>γειτονοῦντες</strong></span> <span class='ocrx_word' id='word_1_50' title='bbox 1737 849 2024 920; x_wconf 61' lang='grc' dir='ltr'><strong>βάρϐαροι,</strong></span> 
     </span>
    </p>
   </div>
   <div class='ocr_carea' id='block_1_10' title="bbox 463 934 2028 1010">
    <p class='ocr_par' dir='ltr' id='par_1_10' title="bbox 463 934 2028 1010">
     <span class='ocr_line' id='line_1_10' title="bbox 463 934 2028 1010; baseline 0.005 -24"><span class='ocrx_word' id='word_1_51' title='bbox 463 934 585 986; x_wconf 77' lang='grc' dir='ltr'><strong>οὔτε</strong></span> <span class='ocrx_word' id='word_1_52' title='bbox 616 935 689 1003; x_wconf 76' lang='grc' dir='ltr'><strong>μὴ</strong></span> <span class='ocrx_word' id='word_1_53' title='bbox 723 935 988 1004; x_wconf 84' lang='grc' dir='ltr'><strong>πρότερον</strong></span> <span class='ocrx_word' id='word_1_54' title='bbox 1021 936 1099 998; x_wconf 69' lang='grc' dir='ltr'><strong>εἰς</strong></span> <span class='ocrx_word' id='word_1_55' title='bbox 1124 937 1260 991; x_wconf 67' lang='grc' dir='ltr'><strong>πολὺ</strong></span> <span class='ocrx_word' id='word_1_56' title='bbox 1296 941 1765 1010; x_wconf 86' lang='grc' dir='ltr'><strong>συναθροισθεῖσιν</strong></span> <span class='ocrx_word' id='word_1_57' title='bbox 1796 943 2028 1006; x_wconf 88' lang='grc' dir='ltr'><strong>ἐκείνοις</strong></span> 
     </span>
    </p>
   </div>
   <div class='ocr_carea' id='block_1_11' title="bbox 465 1025 2024 1102">
    <p class='ocr_par' dir='ltr' id='par_1_11' title="bbox 465 1025 2024 1102">
     <span class='ocr_line' id='line_1_11' title="bbox 465 1025 2024 1102; baseline 0.005 -25"><span class='ocrx_word' id='word_1_58' title='bbox 465 1025 694 1094; x_wconf 79' lang='grc' dir='ltr'><strong>πλῆθος,</strong></span> <span class='ocrx_word' id='word_1_59' title='bbox 728 1026 827 1095; x_wconf 76' lang='grc' dir='ltr'><strong>τὴν</strong></span> <span class='ocrx_word' id='word_1_60' title='bbox 876 1027 1152 1096; x_wconf 77' lang='grc' dir='ltr'><strong>ἡμετέραν</strong></span> <span class='ocrx_word' id='word_1_61' title='bbox 1185 1031 1544 1099; x_wconf 68' lang='grc' dir='ltr'><strong>κατατρέχειν</strong></span> <span class='ocrx_word' id='word_1_62' title='bbox 1576 1025 1719 1102; x_wconf 76' lang='grc' dir='ltr'><strong>ἐξῆν.</strong></span> <span class='ocrx_word' id='word_1_63' title='bbox 1749 1033 1857 1087; x_wconf 89' lang='grc' dir='ltr'><strong>δέει</strong></span> <span class='ocrx_word' id='word_1_64' title='bbox 1901 1033 2024 1094; x_wconf 74' lang='grc' dir='ltr'><strong>τοὺς</strong></span> 
     </span>
    </p>
   </div>
   <div class='ocr_carea' id='block_1_12' title="bbox 463 1111 2028 1193">
    <p class='ocr_par' dir='ltr' id='par_1_12' title="bbox 463 1111 2028 1193">
     <span class='ocr_line' id='line_1_12' title="bbox 463 1111 2028 1193; baseline 0.008 -29"><span class='ocrx_word' id='word_1_65' title='bbox 463 1117 738 1177; x_wconf 73' lang='grc' dir='ltr'><strong>τοιούτους</strong></span> <span class='ocrx_word' id='word_1_66' title='bbox 792 1116 1153 1186; x_wconf 79' lang='grc' dir='ltr'><strong>στρατιώταςο</strong></span> <span class='ocrx_word' id='word_1_67' title='bbox 1192 1121 1250 1173; x_wconf 78' lang='grc' dir='ltr'><strong>τὸ</strong></span> <span class='ocrx_word' id='word_1_68' title='bbox 1299 1121 1354 1174; x_wconf 79' lang='grc' dir='ltr'><strong>δὲ</strong></span> <span class='ocrx_word' id='word_1_69' title='bbox 1402 1123 1605 1193; x_wconf 81' lang='grc' dir='ltr'><strong>πολλήν</strong></span> <span class='ocrx_word' id='word_1_70' title='bbox 1653 1141 1779 1177; x_wconf 90' lang='grc' dir='ltr'><strong>τινα</strong></span> <span class='ocrx_word' id='word_1_71' title='bbox 1820 1111 2028 1192; x_wconf 78' lang='grc' dir='ltr'><strong>ταύτην</strong></span> 
     </span>
    </p>
   </div>
   <div class='ocr_carea' id='block_1_13' title="bbox 467 1205 2024 1284">
    <p class='ocr_par' dir='ltr' id='par_1_13' title="bbox 467 1205 2024 1284">
     <span class='ocr_line' id='line_1_13' title="bbox 467 1205 2024 1284; baseline 0.01 -33"><span class='ocrx_word' id='word_1_72' title='bbox 467 1205 1077 1275; x_wconf 79' lang='grc' dir='ltr'><strong>συγκροτηθῆναι,·καὶ</strong></span> <span class='ocrx_word' id='word_1_73' title='bbox 1132 1211 1221 1264; x_wconf 82' lang='grc' dir='ltr'><strong>διὰ</strong></span> <span class='ocrx_word' id='word_1_74' title='bbox 1266 1211 1482 1282; x_wconf 84' lang='grc' dir='ltr'><strong>χρόνου,</strong></span> <span class='ocrx_word' id='word_1_75' title='bbox 1527 1215 1618 1266; x_wconf 75' lang='grc' dir='ltr'><strong>καὶ</strong></span> <span class='ocrx_word' id='word_1_76' title='bbox 1670 1215 2024 1284; x_wconf 72' lang='grc' dir='ltr'><strong>πολλαχόθενο</strong></span> 
     </span>
    </p>
   </div>
   <div class='ocr_carea' id='block_1_14' title="bbox 463 1297 2029 1376">
    <p class='ocr_par' dir='ltr' id='par_1_14' title="bbox 463 1297 2029 1376">
     <span class='ocr_line' id='line_1_14' title="bbox 463 1297 2029 1376; baseline 0.004 -26"><span class='ocrx_word' id='word_1_77' title='bbox 463 1297 624 1352; x_wconf 83' lang='grc' dir='ltr'><strong>τοῦτο</strong></span> <span class='ocrx_word' id='word_1_78' title='bbox 675 1297 787 1368; x_wconf 84' lang='grc' dir='ltr'><strong>γὰρ</strong></span> <span class='ocrx_word' id='word_1_79' title='bbox 836 1299 1245 1355; x_wconf 71' lang='grc' dir='ltr'><strong>ὑπολέλειπται·</strong></span> <span class='ocrx_word' id='word_1_80' title='bbox 1284 1310 1378 1356; x_wconf 74' lang='grc' dir='ltr'><strong>καὶ</strong></span> <span class='ocrx_word' id='word_1_81' title='bbox 1417 1305 1517 1368; x_wconf 82' lang='grc' dir='ltr'><strong>τὰς</strong></span> <span class='ocrx_word' id='word_1_82' title='bbox 1566 1307 1801 1376; x_wconf 79' lang='grc' dir='ltr'><strong>ὁμόρους</strong></span> <span class='ocrx_word' id='word_1_83' title='bbox 1846 1306 2029 1365; x_wconf 78' lang='grc' dir='ltr'><strong>πόλεις</strong></span> 
     </span>
    </p>
   </div>
   <div class='ocr_carea' id='block_1_15' title="bbox 463 1383 2030 1465">
    <p class='ocr_par' dir='ltr' id='par_1_15' title="bbox 463 1383 2030 1465">
     <span class='ocr_line' id='line_1_15' title="bbox 463 1383 2030 1465; baseline 0.001 -22"><span class='ocrx_word' id='word_1_84' title='bbox 463 1390 670 1455; x_wconf 87' lang='grc' dir='ltr'><strong>λαθεῖν,</strong></span> <span class='ocrx_word' id='word_1_85' title='bbox 699 1391 768 1444; x_wconf 86' lang='grc' dir='ltr'><strong>δι’</strong></span> <span class='ocrx_word' id='word_1_86' title='bbox 797 1383 871 1443; x_wconf 82' lang='grc' dir='ltr'><strong>ὧν</strong></span> <span class='ocrx_word' id='word_1_87' title='bbox 900 1392 932 1461; x_wconf 83' lang='grc' dir='ltr'><strong>ή</strong></span> <span class='ocrx_word' id='word_1_88' title='bbox 979 1395 1137 1463; x_wconf 83' lang='grc' dir='ltr'><strong>φήμη</strong></span> <span class='ocrx_word' id='word_1_89' title='bbox 1176 1396 1485 1464; x_wconf 83' lang='grc' dir='ltr'><strong>μετεδίδοτο</strong></span> <span class='ocrx_word' id='word_1_90' title='bbox 1518 1397 1657 1465; x_wconf 69' lang='grc' dir='ltr'><strong>πρδς</strong></span> <span class='ocrx_word' id='word_1_91' title='bbox 1695 1396 1794 1457; x_wconf 77' lang='grc' dir='ltr'><strong>τὰς</strong></span> <span class='ocrx_word' id='word_1_92' title='bbox 1829 1394 2030 1463; x_wconf 73' lang='grc' dir='ltr'><strong>ἡμετέο</strong></span> 
     </span>
    </p>
   </div>
   <div class='ocr_carea' id='block_1_16' title="bbox 465 1480 2030 1554">
    <p class='ocr_par' dir='ltr' id='par_1_16' title="bbox 465 1480 2030 1554">
     <span class='ocr_line' id='line_1_16' title="bbox 465 1480 2030 1554; baseline 0.001 -20"><span class='ocrx_word' id='word_1_93' title='bbox 465 1499 586 1550; x_wconf 84' lang='grc' dir='ltr'><strong>ρας,</strong></span> <span class='ocrx_word' id='word_1_94' title='bbox 625 1481 826 1552; x_wconf 79' lang='grc' dir='ltr'><strong>μικροῦ</strong></span> <span class='ocrx_word' id='word_1_95' title='bbox 857 1482 969 1535; x_wconf 89' lang='grc' dir='ltr'><strong>δεῖν</strong></span> <span class='ocrx_word' id='word_1_96' title='bbox 1003 1480 1156 1554; x_wconf 78' lang='grc' dir='ltr'><strong>οἶμαι</strong></span> <span class='ocrx_word' id='word_1_97' title='bbox 1180 1486 1464 1540; x_wconf 81' lang='grc' dir='ltr'><strong>ἀδύνατον.</strong></span> <span class='ocrx_word' id='word_1_98' title='bbox 1496 1485 1797 1538; x_wconf 83' lang='grc' dir='ltr'><strong>Γνωσθεῖσι</strong></span> <span class='ocrx_word' id='word_1_99' title='bbox 1829 1485 1884 1537; x_wconf 79' lang='grc' dir='ltr'><strong>δὲ</strong></span> <span class='ocrx_word' id='word_1_100' title='bbox 1920 1487 2030 1547; x_wconf 86' lang='grc' dir='ltr'><strong>τοῖς</strong></span> 
     </span>
    </p>
   </div>
   <div class='ocr_carea' id='block_1_17' title="bbox 465 1573 2027 1646">
    <p class='ocr_par' dir='ltr' id='par_1_17' title="bbox 465 1573 2027 1646">
     <span class='ocr_line' id='line_1_17' title="bbox 465 1573 2027 1646; baseline 0.003 -21"><span class='ocrx_word' id='word_1_101' title='bbox 465 1573 680 1643; x_wconf 85' lang='grc' dir='ltr'><strong>ἐχθροῖς</strong></span> <span class='ocrx_word' id='word_1_102' title='bbox 711 1576 909 1628; x_wconf 82' lang='grc' dir='ltr'>παθεῖν</span> <span class='ocrx_word' id='word_1_103' title='bbox 938 1592 992 1628; x_wconf 89' lang='grc' dir='ltr'><strong>τι</strong></span> <span class='ocrx_word' id='word_1_104' title='bbox 1026 1578 1228 1644; x_wconf 82' lang='grc' dir='ltr'><strong>μᾶλλον</strong></span> <span class='ocrx_word' id='word_1_105' title='bbox 1258 1577 1598 1640; x_wconf 80' lang='grc' dir='ltr'><strong>συνέϐαινεν,</strong></span> <span class='ocrx_word' id='word_1_106' title='bbox 1629 1577 1660 1646; x_wconf 82' lang='grc' dir='ltr'>ἢ</span> <span class='ocrx_word' id='word_1_107' title='bbox 1694 1576 1894 1646; x_wconf 73' lang='grc' dir='ltr'><strong>δρᾶσαί</strong></span> <span class='ocrx_word' id='word_1_108' title='bbox 1926 1593 2027 1630; x_wconf 77' lang='grc' dir='ltr'><strong>που</strong></span> 
     </span>
    </p>
   </div>
   <div class='ocr_carea' id='block_1_18' title="bbox 466 1665 2025 1737">
    <p class='ocr_par' dir='ltr' id='par_1_18' title="bbox 466 1665 2025 1737">
     <span class='ocr_line' id='line_1_18' title="bbox 466 1665 2025 1737; baseline 0.003 -21"><span class='ocrx_word' id='word_1_109' title='bbox 466 1665 729 1734; x_wconf 80' lang='grc' dir='ltr'><strong>λυπηρόν.</strong></span> <span class='ocrx_word' id='word_1_110' title='bbox 761 1666 938 1719; x_wconf 84' lang='grc' dir='ltr'><strong>Τοῦτο</strong></span> <span class='ocrx_word' id='word_1_111' title='bbox 968 1667 1146 1736; x_wconf 87' lang='grc' dir='ltr'><strong>πολλῷ</strong></span> <span class='ocrx_word' id='word_1_112' title='bbox 1191 1668 1403 1737; x_wconf 83' lang='grc' dir='ltr'><strong>βέλτιον</strong></span> <span class='ocrx_word' id='word_1_113' title='bbox 1431 1671 1543 1730; x_wconf 85' lang='grc' dir='ltr'><strong>τοῖς</strong></span> <span class='ocrx_word' id='word_1_114' title='bbox 1572 1668 1690 1721; x_wconf 83' lang='grc' dir='ltr'><strong>τότε</strong></span> <span class='ocrx_word' id='word_1_115' title='bbox 1727 1670 2025 1736; x_wconf 83' lang='grc' dir='ltr'>συνήνεγκε</span> 
     </span>
    </p>
   </div>
   <div class='ocr_carea' id='block_1_19' title="bbox 471 1757 2024 1827">
    <p class='ocr_par' dir='ltr' id='par_1_19' title="bbox 471 1757 2024 1827">
     <span class='ocr_line' id='line_1_19' title="bbox 471 1757 2024 1827; baseline 0.002 -20"><span class='ocrx_word' id='word_1_116' title='bbox 471 1757 810 1824; x_wconf 71' lang='grc' dir='ltr'><strong>πράγμασιν,</strong></span> <span class='ocrx_word' id='word_1_117' title='bbox 834 1757 866 1826; x_wconf 83' lang='grc' dir='ltr'>ἢ</span> <span class='ocrx_word' id='word_1_118' title='bbox 891 1759 980 1811; x_wconf 77' lang='grc' dir='ltr'><strong>ὅτε</strong></span> <span class='ocrx_word' id='word_1_119' title='bbox 1006 1757 1209 1826; x_wconf 83' lang='grc' dir='ltr'><strong>ταύτην</strong></span> <span class='ocrx_word' id='word_1_120' title='bbox 1239 1760 1644 1827; x_wconf 71' lang='grc' dir='ltr'><strong>ἐπανεκτήσατο</strong></span> <span class='ocrx_word' id='word_1_121' title='bbox 1667 1760 1694 1810; x_wconf 85' lang='grc' dir='ltr'><em>ὁ</em></span> <span class='ocrx_word' id='word_1_122' title='bbox 1722 1758 2024 1826; x_wconf 77' lang='grc' dir='ltr'><strong>θαυμάσιος</strong></span> 
     </span>
    </p>
   </div>
   <div class='ocr_carea' id='block_1_20' title="bbox 471 1848 2026 1920">
    <p class='ocr_par' dir='ltr' id='par_1_20' title="bbox 471 1848 2026 1920">
     <span class='ocr_line' id='line_1_20' title="bbox 471 1848 2026 1920; baseline 0.001 -22"><span class='ocrx_word' id='word_1_123' title='bbox 471 1848 678 1913; x_wconf 66' lang='grc' dir='ltr'><strong>οὑτοσὶ,</strong></span> <span class='ocrx_word' id='word_1_124' title='bbox 713 1848 878 1902; x_wconf 80' lang='grc' dir='ltr'><strong>πολύν</strong></span> <span class='ocrx_word' id='word_1_125' title='bbox 920 1866 1040 1904; x_wconf 85' lang='grc' dir='ltr'><strong>τινα</strong></span> <span class='ocrx_word' id='word_1_126' title='bbox 1089 1851 1278 1920; x_wconf 83' lang='grc' dir='ltr'><strong>χρόνον</strong></span> <span class='ocrx_word' id='word_1_127' title='bbox 1314 1851 1414 1919; x_wconf 76' lang='grc' dir='ltr'><strong>ἤδη</strong></span> <span class='ocrx_word' id='word_1_128' title='bbox 1461 1848 2026 1917; x_wconf 87' lang='grc' dir='ltr'><strong>προαποσπασθεῖσαν</strong></span> 
     </span>
    </p>
   </div>
   <div class='ocr_carea' id='block_1_21' title="bbox 469 1938 2022 2012">
    <p class='ocr_par' dir='ltr' id='par_1_21' title="bbox 469 1938 2022 2012">
     <span class='ocr_line' id='line_1_21' title="bbox 469 1938 2022 2012; baseline 0.001 -22"><span class='ocrx_word' id='word_1_129' title='bbox 469 1938 570 2007; x_wconf 81' lang='grc' dir='ltr'><strong>τῆς</strong></span> <span class='ocrx_word' id='word_1_130' title='bbox 592 1941 700 1993; x_wconf 81' lang='grc' dir='ltr'><strong>τῶν</strong></span> <span class='ocrx_word' id='word_1_131' title='bbox 729 1941 1012 2010; x_wconf 85' lang='grc' dir='ltr'><strong>Ῥωμαίων</strong></span> <span class='ocrx_word' id='word_1_132' title='bbox 1035 1943 1228 2012; x_wconf 83' lang='grc' dir='ltr'><strong>ἀρχῆς.</strong></span> <span class='ocrx_word' id='word_1_133' title='bbox 1252 1941 1423 1994; x_wconf 89' lang='grc' dir='ltr'><strong>Τοῦτο</strong></span> <span class='ocrx_word' id='word_1_134' title='bbox 1442 1941 1544 2012; x_wconf 83' lang='grc' dir='ltr'><strong>τὴν</strong></span> <span class='ocrx_word' id='word_1_135' title='bbox 1568 1941 1777 1994; x_wconf 83' lang='grc' dir='ltr'><strong>ἐκείνου</strong></span> <span class='ocrx_word' id='word_1_136' title='bbox 1807 1938 2022 2008; x_wconf 73' lang='grc' dir='ltr'><strong>σοφίαν,</strong></span> 
     </span>
    </p>
   </div>
   <div class='ocr_carea' id='block_1_22' title="bbox 468 2030 2025 2102">
    <p class='ocr_par' dir='ltr' id='par_1_22' title="bbox 468 2030 2025 2102">
     <span class='ocr_line' id='line_1_22' title="bbox 468 2030 2025 2102; baseline 0.003 -22"><span class='ocrx_word' id='word_1_137' title='bbox 468 2030 562 2081; x_wconf 77' lang='grc' dir='ltr'><strong>καὶ</strong></span> <span class='ocrx_word' id='word_1_138' title='bbox 592 2030 689 2099; x_wconf 78' lang='grc' dir='ltr'><strong>τὴν</strong></span> <span class='ocrx_word' id='word_1_139' title='bbox 719 2032 847 2100; x_wconf 80' lang='grc' dir='ltr'><strong>περὶ</strong></span> <span class='ocrx_word' id='word_1_140' title='bbox 874 2033 940 2084; x_wconf 83' lang='grc' dir='ltr'><strong>τὰ</strong></span> <span class='ocrx_word' id='word_1_141' title='bbox 967 2034 1123 2085; x_wconf 86' lang='grc' dir='ltr'><strong>κοινὰ</strong></span> <span class='ocrx_word' id='word_1_142' title='bbox 1151 2034 1490 2102; x_wconf 85' lang='grc' dir='ltr'><strong>ἐπιστήμην,</strong></span> <span class='ocrx_word' id='word_1_143' title='bbox 1523 2031 1860 2102; x_wconf 79' lang='grc' dir='ltr'><strong>ὑψηλοτέραν</strong></span> <span class='ocrx_word' id='word_1_144' title='bbox 1889 2033 2025 2085; x_wconf 87' lang='grc' dir='ltr'><strong>ἀπέ-</strong></span> 
     </span>
    </p>
   </div>
   <div class='ocr_carea' id='block_1_23' title="bbox 463 2116 2025 2196">
    <p class='ocr_par' dir='ltr' id='par_1_23' title="bbox 463 2116 2025 2196">
     <span class='ocr_line' id='line_1_23' title="bbox 463 2116 2025 2196; baseline 0.004 -26"><span class='ocrx_word' id='word_1_145' title='bbox 463 2118 634 2196; x_wconf 77' lang='grc' dir='ltr'><strong>δειξεν</strong></span> <span class='ocrx_word' id='word_1_146' title='bbox 661 2120 815 2173; x_wconf 82' lang='grc' dir='ltr'><strong>οὐδὲν</strong></span> <span class='ocrx_word' id='word_1_147' title='bbox 837 2116 1020 2192; x_wconf 80' lang='grc' dir='ltr'><strong>ἦττον,</strong></span> <span class='ocrx_word' id='word_1_148' title='bbox 1053 2125 1084 2192; x_wconf 80' lang='grc' dir='ltr'>ἢ</span> <span class='ocrx_word' id='word_1_149' title='bbox 1115 2124 1204 2176; x_wconf 85' lang='grc' dir='ltr'><strong>ὅτε</strong></span> <span class='ocrx_word' id='word_1_150' title='bbox 1232 2123 1647 2192; x_wconf 74' lang='grc' dir='ltr'><strong>θαυμαζόμενος</strong></span> <span class='ocrx_word' id='word_1_151' title='bbox 1677 2117 1832 2189; x_wconf 66' lang='grc' dir='ltr'><strong>οὗτος</strong></span> <span class='ocrx_word' id='word_1_152' title='bbox 1853 2120 1920 2194; x_wconf 79' lang='grc' dir='ltr'><strong>ἦν</strong></span> <span class='ocrx_word' id='word_1_153' title='bbox 1948 2124 2025 2194; x_wconf 86' lang='grc' dir='ltr'><strong>τῷ</strong></span> 
     </span>
    </p>
   </div>
   <div class='ocr_carea' id='block_1_24' title="bbox 463 2211 2020 2285">
    <p class='ocr_par' dir='ltr' id='par_1_24' title="bbox 463 2211 2020 2285">
     <span class='ocr_line' id='line_1_24' title="bbox 463 2211 2020 2285; baseline 0.004 -23"><span class='ocrx_word' id='word_1_154' title='bbox 463 2211 698 2264; x_wconf 83' lang='grc' dir='ltr'><strong>κτᾶσθαι</strong></span> <span class='ocrx_word' id='word_1_155' title='bbox 733 2213 918 2277; x_wconf 81' lang='grc' dir='ltr'><strong>πόλεις</strong></span> <span class='ocrx_word' id='word_1_156' title='bbox 954 2213 1168 2283; x_wconf 80' lang='grc' dir='ltr'><strong>ἐτέρας.</strong></span> <span class='ocrx_word' id='word_1_157' title='bbox 1203 2214 1378 2268; x_wconf 83' lang='grc' dir='ltr'><strong>Ἔστι</strong></span> <span class='ocrx_word' id='word_1_158' title='bbox 1413 2217 1521 2285; x_wconf 81' lang='grc' dir='ltr'><strong>γὰρ</strong></span> <span class='ocrx_word' id='word_1_159' title='bbox 1554 2218 1760 2282; x_wconf 85' lang='grc' dir='ltr'><strong>καιρὸς</strong></span> <span class='ocrx_word' id='word_1_160' title='bbox 1790 2215 2020 2280; x_wconf 67' lang='grc' dir='ltr'><strong>λαϐεῖν,</strong></span> 
     </span>
    </p>
   </div>
   <div class='ocr_carea' id='block_1_25' title="bbox 461 2302 2024 2376">
    <p class='ocr_par' dir='ltr' id='par_1_25' title="bbox 461 2302 2024 2376">
     <span class='ocr_line' id='line_1_25' title="bbox 461 2302 2024 2376; baseline 0.003 -22"><span class='ocrx_word' id='word_1_161' title='bbox 461 2302 560 2354; x_wconf 81' lang='grc' dir='ltr'><strong>καὶ</strong></span> <span class='ocrx_word' id='word_1_162' title='bbox 589 2305 797 2371; x_wconf 79' lang='grc' dir='ltr'><strong>καιρὸς</strong></span> <span class='ocrx_word' id='word_1_163' title='bbox 824 2305 1063 2371; x_wconf 78' lang='grc' dir='ltr'><strong>πάντως</strong></span> <span class='ocrx_word' id='word_1_164' title='bbox 1088 2303 1402 2372; x_wconf 75' lang='grc' dir='ltr'><strong>προέσθαι.</strong></span> <span class='ocrx_word' id='word_1_165' title='bbox 1426 2307 1535 2360; x_wconf 71' lang='grc' dir='ltr'><strong>Καὶ</strong></span> <span class='ocrx_word' id='word_1_166' title='bbox 1558 2307 1717 2361; x_wconf 80' lang='grc' dir='ltr'><strong>τοῦτο</strong></span> <span class='ocrx_word' id='word_1_167' title='bbox 1744 2306 2024 2376; x_wconf 84' lang='grc' dir='ltr'><strong>Σολομῶν-</strong></span> 
     </span>
    </p>
   </div>
   <div class='ocr_carea' id='block_1_26' title="bbox 461 2393 2022 2467">
    <p class='ocr_par' dir='ltr' id='par_1_26' title="bbox 461 2393 2022 2467">
     <span class='ocr_line' id='line_1_26' title="bbox 461 2393 2022 2467; baseline 0.004 -23"><span class='ocrx_word' id='word_1_168' title='bbox 461 2409 603 2457; x_wconf 81' lang='grc' dir='ltr'><strong>τειος</strong></span> <span class='ocrx_word' id='word_1_169' title='bbox 651 2393 799 2462; x_wconf 80' lang='grc' dir='ltr'><strong>δόξα·</strong></span> <span class='ocrx_word' id='word_1_170' title='bbox 846 2399 894 2449; x_wconf 88' lang='grc' dir='ltr'><strong>εί</strong></span> <span class='ocrx_word' id='word_1_171' title='bbox 954 2396 1225 2465; x_wconf 76' lang='grc' dir='ltr'><strong>μέμνηται</strong></span> <span class='ocrx_word' id='word_1_172' title='bbox 1273 2415 1357 2460; x_wconf 88' lang='grc' dir='ltr'><strong>τις</strong></span> <span class='ocrx_word' id='word_1_173' title='bbox 1414 2397 1650 2463; x_wconf 82' lang='grc' dir='ltr'><strong>ἐκείνου,</strong></span> <span class='ocrx_word' id='word_1_174' title='bbox 1704 2398 1781 2467; x_wconf 81' lang='grc' dir='ltr'><strong>τῷ</strong></span> <span class='ocrx_word' id='word_1_175' title='bbox 1844 2397 2022 2467; x_wconf 81' lang='grc' dir='ltr'><strong>καιρῷ</strong></span> 
     </span>
    </p>
   </div>
   <div class='ocr_carea' id='block_1_27' title="bbox 465 2473 2023 2557">
    <p class='ocr_par' dir='ltr' id='par_1_27' title="bbox 465 2473 2023 2557">
     <span class='ocr_line' id='line_1_27' title="bbox 465 2473 2023 2557; baseline 0.003 -23"><span class='ocrx_word' id='word_1_176' title='bbox 465 2483 640 2537; x_wconf 83' lang='grc' dir='ltr'><strong>πάντα</strong></span> <span class='ocrx_word' id='word_1_177' title='bbox 669 2485 950 2554; x_wconf 81' lang='grc' dir='ltr'><strong>νέμοντος.</strong></span> <span class='ocrx_word' id='word_1_178' title='bbox 979 2487 1218 2557; x_wconf 76' lang='grc' dir='ltr'><strong>Θάτερον</strong></span> <span class='ocrx_word' id='word_1_179' title='bbox 1247 2487 1346 2556; x_wconf 73' lang='grc' dir='ltr'><strong>μὲν</strong></span> <span class='ocrx_word' id='word_1_180' title='bbox 1379 2489 1491 2539; x_wconf 86' lang='grc' dir='ltr'><strong>τοῖν</strong></span> <span class='ocrx_word' id='word_1_181' title='bbox 1527 2487 1858 2556; x_wconf 87' lang='grc' dir='ltr'><strong>εἰρημένοιν·</strong></span> <span class='ocrx_word' id='word_1_182' title='bbox 1881 2473 2023 2552; x_wconf 83' lang='grc' dir='ltr'><strong>λέγω</strong></span> 
     </span>
    </p>
   </div>
   <div class='ocr_carea' id='block_1_28' title="bbox 463 2574 2025 2647">
    <p class='ocr_par' dir='ltr' id='par_1_28' title="bbox 463 2574 2025 2647">
     <span class='ocr_line' id='line_1_28' title="bbox 463 2574 2025 2647; baseline 0.005 -22"><span class='ocrx_word' id='word_1_183' title='bbox 463 2574 526 2641; x_wconf 83' lang='grc' dir='ltr'><strong>δὴ</strong></span> <span class='ocrx_word' id='word_1_184' title='bbox 563 2576 623 2626; x_wconf 80' lang='grc' dir='ltr'><strong>τὸ</strong></span> <span class='ocrx_word' id='word_1_185' title='bbox 671 2575 769 2628; x_wconf 80' lang='grc' dir='ltr'><strong>σὺν</strong></span> <span class='ocrx_word' id='word_1_186' title='bbox 801 2576 892 2646; x_wconf 76' lang='grc' dir='ltr'><strong>-τῷ</strong></span> <span class='ocrx_word' id='word_1_187' title='bbox 939 2576 1114 2646; x_wconf 80' lang='grc' dir='ltr'><strong>καιρῷ</strong></span> <span class='ocrx_word' id='word_1_188' title='bbox 1163 2577 1372 2630; x_wconf 82' lang='grc' dir='ltr'><strong>δοῦναι·</strong></span> <span class='ocrx_word' id='word_1_189' title='bbox 1419 2576 1644 2647; x_wconf 75' lang='grc' dir='ltr'><strong>ὑψηλὸν,</strong></span> <span class='ocrx_word' id='word_1_190' title='bbox 1679 2577 1773 2629; x_wconf 73' lang='grc' dir='ltr'><strong>καὶ</strong></span> <span class='ocrx_word' id='word_1_191' title='bbox 1807 2580 1864 2629; x_wconf 85' lang='grc' dir='ltr'><strong>οὺ</strong></span> <span class='ocrx_word' id='word_1_192' title='bbox 1918 2579 2025 2634; x_wconf 83' lang='grc' dir='ltr'><strong>τῶν</strong></span> 
     </span>
    </p>
   </div>
   <div class='ocr_carea' id='block_1_29' title="bbox 465 2666 697 2721">
    <p class='ocr_par' dir='ltr' id='par_1_29' title="bbox 465 2666 697 2721">
     <span class='ocr_line' id='line_1_29' title="bbox 465 2666 697 2721; baseline 0.013 -4"><span class='ocrx_word' id='word_1_193' title='bbox 465 2666 697 2721; x_wconf 84' lang='grc' dir='ltr'><strong>πολλῶν.</strong></span> 
     </span>
    </p>
   </div>
   <div class='ocr_carea' id='block_1_30' title="bbox 548 2758 2024 2831">
    <p class='ocr_par' dir='ltr' id='par_1_30' title="bbox 548 2758 2024 2831">
     <span class='ocr_line' id='line_1_30' title="bbox 548 2758 2024 2831; baseline 0.001 -19"><span class='ocrx_word' id='word_1_194' title='bbox 548 2760 702 2814; x_wconf 83' lang='grc' dir='ltr'><strong>Ἐπεὶ</strong></span> <span class='ocrx_word' id='word_1_195' title='bbox 739 2758 846 2828; x_wconf 83' lang='grc' dir='ltr'><strong>γὰρ</strong></span> <span class='ocrx_word' id='word_1_196' title='bbox 881 2759 1101 2824; x_wconf 75' lang='grc' dir='ltr'><strong>πάντως</strong></span> <span class='ocrx_word' id='word_1_197' title='bbox 1128 2759 1210 2821; x_wconf 84' lang='grc' dir='ltr'><strong>είς</strong></span> <span class='ocrx_word' id='word_1_198' title='bbox 1245 2759 1307 2814; x_wconf 83' lang='grc' dir='ltr'><strong>τδ</strong></span> <span class='ocrx_word' id='word_1_199' title='bbox 1339 2760 1510 2829; x_wconf 76' lang='grc' dir='ltr'><strong>παρὸν</strong></span> <span class='ocrx_word' id='word_1_200' title='bbox 1541 2761 1591 2815; x_wconf 80' lang='grc' dir='ltr'><strong>οἱ</strong></span> <span class='ocrx_word' id='word_1_201' title='bbox 1633 2761 1873 2815; x_wconf 84' lang='grc' dir='ltr'><strong>πλεῖστοι</strong></span> <span class='ocrx_word' id='word_1_202' title='bbox 1907 2761 2024 2831; x_wconf 78' lang='grc' dir='ltr'><strong>βλέο</strong></span> 
     </span>
    </p>
   </div>
   <div class='ocr_carea' id='block_1_31' title="bbox 462 2851 2023 2923">
    <p class='ocr_par' dir='ltr' id='par_1_31' title="bbox 462 2851 2023 2923">
     <span class='ocr_line' id='line_1_31' title="bbox 462 2851 2023 2923; baseline 0.002 -20"><span class='ocrx_word' id='word_1_203' title='bbox 462 2866 624 2904; x_wconf 83' lang='grc' dir='ltr'><strong>πουσι</strong></span> <span class='ocrx_word' id='word_1_204' title='bbox 661 2851 770 2906; x_wconf 81' lang='grc' dir='ltr'><strong>τῶν</strong></span> <span class='ocrx_word' id='word_1_205' title='bbox 800 2851 1124 2923; x_wconf 86' lang='grc' dir='ltr'><strong>ἀνθρώπων,</strong></span> <span class='ocrx_word' id='word_1_206' title='bbox 1159 2852 1552 2923; x_wconf 71' lang='grc' dir='ltr'><strong>ὀλιγωροῦντες</strong></span> <span class='ocrx_word' id='word_1_207' title='bbox 1584 2854 1677 2908; x_wconf 88' lang='grc' dir='ltr'><strong>τοῦ</strong></span> <span class='ocrx_word' id='word_1_208' title='bbox 1713 2855 2023 2922; x_wconf 85' lang='grc' dir='ltr'><strong>μέλλοντος,</strong></span> 
     </span>
    </p>
   </div>
   <div class='ocr_carea' id='block_1_32' title="bbox 460 2943 2024 3015">
    <p class='ocr_par' dir='ltr' id='par_1_32' title="bbox 460 2943 2024 3015">
     <span class='ocr_line' id='line_1_32' title="bbox 460 2943 2024 3015; baseline 0.002 -20"><span class='ocrx_word' id='word_1_209' title='bbox 460 2943 537 3006; x_wconf 83' lang='grc' dir='ltr'><strong>ὡς</strong></span> <span class='ocrx_word' id='word_1_210' title='bbox 569 2944 628 2997; x_wconf 87' lang='grc' dir='ltr'><strong>ἐν</strong></span> <span class='ocrx_word' id='word_1_211' title='bbox 659 2944 839 3014; x_wconf 74' lang='grc' dir='ltr'><strong>ἀδήλῳ</strong></span> <span class='ocrx_word' id='word_1_212' title='bbox 865 2945 1078 3008; x_wconf 81' lang='grc' dir='ltr'><strong>τούτοις</strong></span> <span class='ocrx_word' id='word_1_213' title='bbox 1107 2946 1382 3013; x_wconf 80' lang='grc' dir='ltr'><strong>κειμένου,</strong></span> <span class='ocrx_word' id='word_1_214' title='bbox 1408 2945 1659 3015; x_wconf 78' lang='grc' dir='ltr'><strong>δηλονότι</strong></span> <span class='ocrx_word' id='word_1_215' title='bbox 1691 2946 1801 2998; x_wconf 85' lang='grc' dir='ltr'><strong>τῶν</strong></span> <span class='ocrx_word' id='word_1_216' title='bbox 1824 2947 2024 3014; x_wconf 85' lang='grc' dir='ltr'><strong>ὀλίγων</strong></span> 
     </span>
    </p>
   </div>
   <div class='ocr_carea' id='block_1_33' title="bbox 463 3036 2020 3109">
    <p class='ocr_par' dir='ltr' id='par_1_33' title="bbox 463 3036 2020 3109">
     <span class='ocr_line' id='line_1_33' title="bbox 463 3036 2020 3109; baseline 0.002 -20"><span class='ocrx_word' id='word_1_217' title='bbox 463 3037 578 3090; x_wconf 67' lang='grc' dir='ltr'><strong>ἐστὶ¹</strong></span> <span class='ocrx_word' id='word_1_218' title='bbox 627 3036 828 3106; x_wconf 65' lang='grc' dir='ltr'><strong>μικρὰν</strong></span> <span class='ocrx_word' id='word_1_219' title='bbox 865 3037 1158 3106; x_wconf 82' lang='grc' dir='ltr'><strong>ἀφαίρεσιν</strong></span> <span class='ocrx_word' id='word_1_220' title='bbox 1203 3038 1458 3105; x_wconf 79' lang='grc' dir='ltr'><strong>δέξασθαι</strong></span> <span class='ocrx_word' id='word_1_221' title='bbox 1510 3039 1619 3092; x_wconf 85' lang='grc' dir='ltr'><strong>τῶν</strong></span> <span class='ocrx_word' id='word_1_222' title='bbox 1669 3040 2020 3109; x_wconf 81' lang='grc' dir='ltr'><strong>ὑπαρχόντων</strong></span> 
     </span>
    </p>
   </div>
   <div class='ocr_carea' id='block_1_34' title="bbox 461 3124 2017 3200">
    <p class='ocr_par' dir='ltr' id='par_1_34' title="bbox 461 3124 2017 3200">
     <span class='ocr_line' id='line_1_34' title="bbox 461 3124 2017 3200; baseline 0.001 -19"><span class='ocrx_word' id='word_1_223' title='bbox 461 3129 643 3192; x_wconf 80' lang='grc' dir='ltr'><strong>αὐτοῖς</strong></span> <span class='ocrx_word' id='word_1_224' title='bbox 675 3130 796 3182; x_wconf 74' lang='grc' dir='ltr'><strong>ἀντὶ</strong></span> <span class='ocrx_word' id='word_1_225' title='bbox 831 3130 1093 3199; x_wconf 83' lang='grc' dir='ltr'><strong>μεγίστης</strong></span> <span class='ocrx_word' id='word_1_226' title='bbox 1139 3131 1303 3200; x_wconf 82' lang='grc' dir='ltr'><strong>μήπω</strong></span> <span class='ocrx_word' id='word_1_227' title='bbox 1349 3131 1652 3200; x_wconf 86' lang='grc' dir='ltr'><strong>παρούσης.</strong></span> <span class='ocrx_word' id='word_1_228' title='bbox 1688 3131 1826 3184; x_wconf 85' lang='grc' dir='ltr'><strong>Ἀλλ’</strong></span> <span class='ocrx_word' id='word_1_229' title='bbox 1867 3124 2017 3194; x_wconf 72' lang='grc' dir='ltr'><strong>οὗτός</strong></span> 
     </span>
    </p>
   </div>
   <div class='ocr_carea' id='block_1_35' title="bbox 463 3218 2019 3293">
    <p class='ocr_par' dir='ltr' id='par_1_35' title="bbox 463 3218 2019 3293">
     <span class='ocr_line' id='line_1_35' title="bbox 463 3218 2019 3293; baseline 0.004 -23"><span class='ocrx_word' id='word_1_230' title='bbox 463 3234 525 3284; x_wconf 88' lang='grc' dir='ltr'><strong>γε</strong></span> <span class='ocrx_word' id='word_1_231' title='bbox 545 3219 606 3270; x_wconf 73' lang='grc' dir='ltr'><strong>σού</strong></span> <span class='ocrx_word' id='word_1_232' title='bbox 621 3219 741 3271; x_wconf 87' lang='grc' dir='ltr'><strong>κατ’</strong></span> <span class='ocrx_word' id='word_1_233' title='bbox 761 3218 1002 3284; x_wconf 76' lang='grc' dir='ltr'><strong>ἐκείνους</strong></span> <span class='ocrx_word' id='word_1_234' title='bbox 1030 3223 1157 3284; x_wconf 65' lang='grc' dir='ltr'><strong>τοὺς</strong></span> <span class='ocrx_word' id='word_1_235' title='bbox 1180 3223 1247 3274; x_wconf 84' lang='grc' dir='ltr'><strong>τά</strong></span> <span class='ocrx_word' id='word_1_236' title='bbox 1270 3223 1326 3274; x_wconf 82' lang='grc' dir='ltr'><strong>ἐν</strong></span> <span class='ocrx_word' id='word_1_237' title='bbox 1353 3223 1478 3274; x_wconf 72' lang='grc' dir='ltr'><strong>ποσὶ</strong></span> <span class='ocrx_word' id='word_1_238' title='bbox 1506 3225 1669 3291; x_wconf 78' lang='grc' dir='ltr'><strong>μόνον</strong></span> <span class='ocrx_word' id='word_1_239' title='bbox 1696 3222 2019 3293; x_wconf 82' lang='grc' dir='ltr'><strong>βλέποντας,</strong></span> 
     </span>
    </p>
   </div>
   <div class='ocr_carea' id='block_1_36' title="bbox 463 3310 2022 3385">
    <p class='ocr_par' dir='ltr' id='par_1_36' title="bbox 463 3310 2022 3385">
     <span class='ocr_line' id='line_1_36' title="bbox 463 3310 2022 3385; baseline 0.003 -22"><span class='ocrx_word' id='word_1_240' title='bbox 463 3310 596 3363; x_wconf 83' lang='grc' dir='ltr'><strong>ἀλλά</strong></span> <span class='ocrx_word' id='word_1_241' title='bbox 625 3313 717 3366; x_wconf 72' lang='grc' dir='ltr'><strong>καὶ</strong></span> <span class='ocrx_word' id='word_1_242' title='bbox 750 3313 811 3364; x_wconf 85' lang='grc' dir='ltr'><strong>τὸ</strong></span> <span class='ocrx_word' id='word_1_243' title='bbox 842 3311 1034 3382; x_wconf 79' lang='grc' dir='ltr'><strong>μέλλον</strong></span> <span class='ocrx_word' id='word_1_244' title='bbox 1064 3316 1391 3385; x_wconf 83' lang='grc' dir='ltr'><strong>προεωρᾶτο</strong></span> <span class='ocrx_word' id='word_1_245' title='bbox 1422 3313 1582 3384; x_wconf 77' lang='grc' dir='ltr'><strong>εἴπερ</strong></span> <span class='ocrx_word' id='word_1_246' title='bbox 1614 3333 1695 3377; x_wconf 88' lang='grc' dir='ltr'><strong>τις</strong></span> <span class='ocrx_word' id='word_1_247' title='bbox 1725 3317 1904 3378; x_wconf 87' lang='grc' dir='ltr'><strong>ἄλλος,</strong></span> <span class='ocrx_word' id='word_1_248' title='bbox 1931 3316 2022 3369; x_wconf 78' lang='grc' dir='ltr'><strong>καὶ</strong></span> 
     </span>
    </p>
   </div>
   <div class='ocr_carea' id='block_1_37' title="bbox 463 3403 2022 3476">
    <p class='ocr_par' dir='ltr' id='par_1_37' title="bbox 463 3403 2022 3476">
     <span class='ocr_line' id='line_1_37' title="bbox 463 3403 2022 3476; baseline 0.004 -22"><span class='ocrx_word' id='word_1_249' title='bbox 463 3405 593 3474; x_wconf 81' lang='grc' dir='ltr'><strong>περὶ</strong></span> <span class='ocrx_word' id='word_1_250' title='bbox 621 3403 839 3458; x_wconf 83' lang='grc' dir='ltr'><strong>πάντων</strong></span> <span class='ocrx_word' id='word_1_251' title='bbox 863 3404 986 3472; x_wconf 79' lang='grc' dir='ltr'><strong>ἐξῆτ</strong></span> <span class='ocrx_word' id='word_1_252' title='bbox 1014 3406 1294 3475; x_wconf 77' lang='grc' dir='ltr'><strong>ἐφρόντιζε</strong></span> <span class='ocrx_word' id='word_1_253' title='bbox 1330 3406 1438 3458; x_wconf 85' lang='grc' dir='ltr'><strong>τῶν</strong></span> <span class='ocrx_word' id='word_1_254' title='bbox 1464 3410 1825 3476; x_wconf 83' lang='grc' dir='ltr'><strong>πραγμάτων.</strong></span> <span class='ocrx_word' id='word_1_255' title='bbox 1858 3409 2022 3461; x_wconf 83' lang='grc' dir='ltr'><strong>Ὅθεν</strong></span> 
     </span>
    </p>
   </div>
   <div class='ocr_carea' id='block_1_38' title="bbox 462 3495 2020 3570">
    <p class='ocr_par' dir='ltr' id='par_1_38' title="bbox 462 3495 2020 3570">
     <span class='ocr_line' id='line_1_38' title="bbox 462 3495 2020 3570; baseline 0.001 -23"><span class='ocrx_word' id='word_1_256' title='bbox 462 3495 888 3566; x_wconf 81' lang='grc' dir='ltr'><strong>ἐξησθενηκυῖαν</strong></span> <span class='ocrx_word' id='word_1_257' title='bbox 941 3497 1084 3566; x_wconf 84' lang='grc' dir='ltr'><strong>ὀρῶν</strong></span> <span class='ocrx_word' id='word_1_258' title='bbox 1133 3497 1231 3568; x_wconf 89' lang='grc' dir='ltr'><strong>τὴν</strong></span> <span class='ocrx_word' id='word_1_259' title='bbox 1281 3498 1437 3550; x_wconf 73' lang='grc' dir='ltr'><strong>πόλιν</strong></span> <span class='ocrx_word' id='word_1_260' title='bbox 1485 3497 1563 3568; x_wconf 79' lang='grc' dir='ltr'><strong>τῷ</strong></span> <span class='ocrx_word' id='word_1_261' title='bbox 1613 3497 2020 3570; x_wconf 74' lang='grc' dir='ltr'><strong>πολιορκεῖσθαι</strong></span> 
     </span>
    </p>
   </div>
   <div class='ocr_carea' id='block_1_39' title="bbox 466 3586 2021 3659">
    <p class='ocr_par' dir='ltr' id='par_1_39' title="bbox 466 3586 2021 3659">
     <span class='ocr_line' id='line_1_39' title="bbox 466 3586 2021 3659; baseline 0.001 -20"><span class='ocrx_word' id='word_1_262' title='bbox 466 3589 661 3657; x_wconf 83' lang='grc' dir='ltr'><strong>μακρῷ</strong></span> <span class='ocrx_word' id='word_1_263' title='bbox 694 3586 772 3656; x_wconf 86' lang='grc' dir='ltr'><strong>τῷ</strong></span> <span class='ocrx_word' id='word_1_264' title='bbox 803 3587 1004 3657; x_wconf 84' lang='grc' dir='ltr'><strong>χρόνῳ,</strong></span> <span class='ocrx_word' id='word_1_265' title='bbox 1033 3589 1124 3641; x_wconf 78' lang='grc' dir='ltr'><strong>καὶ</strong></span> <span class='ocrx_word' id='word_1_266' title='bbox 1169 3590 1229 3641; x_wconf 73' lang='grc' dir='ltr'><strong>τὺ</strong></span> <span class='ocrx_word' id='word_1_267' title='bbox 1273 3589 1530 3658; x_wconf 74' lang='grc' dir='ltr'><strong>ἐσόμενον</strong></span> <span class='ocrx_word' id='word_1_268' title='bbox 1582 3589 1800 3652; x_wconf 85' lang='grc' dir='ltr'><strong>πάντως</strong></span> <span class='ocrx_word' id='word_1_269' title='bbox 1834 3589 2021 3659; x_wconf 84' lang='grc' dir='ltr'><strong>ὥσπερ</strong></span> 
     </span>
    </p>
   </div>
   <div class='ocr_carea' id='block_1_40' title="bbox 463 3679 2054 3754">
    <p class='ocr_par' dir='ltr' id='par_1_40' title="bbox 463 3679 2054 3754">
     <span class='ocr_line' id='line_1_40' title="bbox 463 3679 2054 3754; baseline 0.001 -22"><span class='ocrx_word' id='word_1_270' title='bbox 463 3680 554 3732; x_wconf 83' lang='grc' dir='ltr'><strong>ὑπ’</strong></span> <span class='ocrx_word' id='word_1_271' title='bbox 580 3679 705 3747; x_wconf 69' lang='grc' dir='ltr'><strong>ὄψιν</strong></span> <span class='ocrx_word' id='word_1_272' title='bbox 733 3679 892 3748; x_wconf 75' lang='grc' dir='ltr'><strong>ἔχων,</strong></span> <span class='ocrx_word' id='word_1_273' title='bbox 922 3679 996 3741; x_wconf 84' lang='grc' dir='ltr'><strong>ὡς</strong></span> <span class='ocrx_word' id='word_1_274' title='bbox 1019 3682 1067 3733; x_wconf 78' lang='grc' dir='ltr'><strong>οἱ</strong></span> <span class='ocrx_word' id='word_1_275' title='bbox 1097 3681 1509 3749; x_wconf 82' lang='grc' dir='ltr'><strong>πολιορκοῦντες</strong></span> <span class='ocrx_word' id='word_1_276' title='bbox 1546 3681 1814 3754; x_wconf 75' lang='grc' dir='ltr'><strong>βάρϐαροι</strong></span> <span class='ocrx_word' id='word_1_277' title='bbox 1843 3687 2054 3750; x_wconf 78' lang='grc' dir='ltr'><strong>παρα-ι’</strong></span> 
     </span>
    </p>
   </div>
   <div class='ocr_carea' id='block_1_41' title="bbox 465 3774 2019 3846">
    <p class='ocr_par' dir='ltr' id='par_1_41' title="bbox 465 3774 2019 3846">
     <span class='ocr_line' id='line_1_41' title="bbox 465 3774 2019 3846; baseline 0 -20"><span class='ocrx_word' id='word_1_278' title='bbox 465 3774 756 3838; x_wconf 80' lang='grc' dir='ltr'><strong>στήσονται</strong></span> <span class='ocrx_word' id='word_1_279' title='bbox 803 3774 900 3842; x_wconf 80' lang='grc' dir='ltr'><strong>μὲν</strong></span> <span class='ocrx_word' id='word_1_280' title='bbox 935 3775 1103 3843; x_wconf 80' lang='grc' dir='ltr'><strong>αὐτὴν</strong></span> <span class='ocrx_word' id='word_1_281' title='bbox 1155 3777 1216 3829; x_wconf 85' lang='grc' dir='ltr'><strong>οὐ</strong></span> <span class='ocrx_word' id='word_1_282' title='bbox 1254 3776 1392 3845; x_wconf 85' lang='grc' dir='ltr'><strong>μετά</strong></span> <span class='ocrx_word' id='word_1_283' title='bbox 1440 3776 1608 3830; x_wconf 87' lang='grc' dir='ltr'><strong>πολύν</strong></span> <span class='ocrx_word' id='word_1_284' title='bbox 1642 3795 1762 3829; x_wconf 90' lang='grc' dir='ltr'><strong>τινα</strong></span> <span class='ocrx_word' id='word_1_285' title='bbox 1810 3778 2019 3846; x_wconf 74' lang='grc' dir='ltr'><strong>χρόνον,</strong></span> 
     </span>
    </p>
   </div>
   <div class='ocr_carea' id='block_1_42' title="bbox 465 3863 2026 3935">
    <p class='ocr_par' dir='ltr' id='par_1_42' title="bbox 465 3863 2026 3935">
     <span class='ocr_line' id='line_1_42' title="bbox 465 3863 2026 3935; baseline 0.001 -20"><span class='ocrx_word' id='word_1_286' title='bbox 465 3863 910 3930; x_wconf 81' lang='grc' dir='ltr'><strong>παραστήσονται</strong></span> <span class='ocrx_word' id='word_1_287' title='bbox 938 3863 995 3917; x_wconf 69' lang='grc' dir='ltr'><strong>δέ</strong></span> <span class='ocrx_word' id='word_1_288' title='bbox 1022 3864 1237 3927; x_wconf 84' lang='grc' dir='ltr'><strong>πλείους</strong></span> <span class='ocrx_word' id='word_1_289' title='bbox 1269 3866 1430 3927; x_wconf 82' lang='grc' dir='ltr'><strong>εὐθὺς</strong></span> <span class='ocrx_word' id='word_1_290' title='bbox 1466 3867 1684 3935; x_wconf 79' lang='grc' dir='ltr'><strong>ἐκείνης</strong></span> <span class='ocrx_word' id='word_1_291' title='bbox 1713 3867 2026 3934; x_wconf 57' lang='grc' dir='ltr'><strong>κρατήσαντ</strong></span> 
     </span>
    </p>
   </div>
   <div class='ocr_carea' id='block_1_43' title="bbox 461 3952 2026 4022">
    <p class='ocr_par' dir='ltr' id='par_1_43' title="bbox 461 3952 2026 4022">
     <span class='ocr_line' id='line_1_43' title="bbox 461 3952 2026 4022; baseline -0.004 -15"><span class='ocrx_word' id='word_1_292' title='bbox 461 3971 576 4018; x_wconf 87' lang='grc' dir='ltr'><strong>τες,</strong></span> <span class='ocrx_word' id='word_1_293' title='bbox 616 3953 709 4004; x_wconf 73' lang='grc' dir='ltr'><strong>καὶ</strong></span> <span class='ocrx_word' id='word_1_294' title='bbox 743 3952 986 4022; x_wconf 83' lang='grc' dir='ltr'><strong>χωρήσει</strong></span> <span class='ocrx_word' id='word_1_295' title='bbox 1032 3953 1091 4004; x_wconf 82' lang='grc' dir='ltr'><strong>τὸ</strong></span> <span class='ocrx_word' id='word_1_296' title='bbox 1124 3952 1296 4004; x_wconf 79' lang='grc' dir='ltr'><strong>δεινὸν</strong></span> <span class='ocrx_word' id='word_1_297' title='bbox 1335 3955 1426 4005; x_wconf 84' lang='grc' dir='ltr'><strong>ἐπὶ</strong></span> <span class='ocrx_word' id='word_1_298' title='bbox 1462 3953 1737 4005; x_wconf 81' lang='grc' dir='ltr'><strong>πλεῖστον’</strong></span> <span class='ocrx_word' id='word_1_299' title='bbox 1781 3953 2026 4019; x_wconf 77' lang='grc' dir='ltr'><strong>ἡγήσατο</strong></span> 
     </span>
    </p>
   </div>
   <div class='ocr_carea' id='block_1_44' title="bbox 460 4039 2025 4112">
    <p class='ocr_par' dir='ltr' id='par_1_44' title="bbox 460 4039 2025 4112">
     <span class='ocr_line' id='line_1_44' title="bbox 460 4039 2025 4112; baseline -0.003 -15"><span class='ocrx_word' id='word_1_300' title='bbox 460 4045 522 4097; x_wconf 78' lang='grc' dir='ltr'><strong>τὸ</strong></span> <span class='ocrx_word' id='word_1_301' title='bbox 561 4043 766 4111; x_wconf 76' lang='grc' dir='ltr'><strong>ταύτην</strong></span> <span class='ocrx_word' id='word_1_302' title='bbox 796 4040 1086 4112; x_wconf 80' lang='grc' dir='ltr'><strong>προέσθαι,</strong></span> <span class='ocrx_word' id='word_1_303' title='bbox 1132 4041 1272 4109; x_wconf 79' lang='grc' dir='ltr'><strong>ὑπὲρ</strong></span> <span class='ocrx_word' id='word_1_304' title='bbox 1301 4041 1393 4094; x_wconf 88' lang='grc' dir='ltr'><strong>τοῦ</strong></span> <span class='ocrx_word' id='word_1_305' title='bbox 1430 4041 1504 4110; x_wconf 82' lang='grc' dir='ltr'><strong>μὴ</strong></span> <span class='ocrx_word' id='word_1_306' title='bbox 1539 4040 1762 4101; x_wconf 85' lang='grc' dir='ltr'><strong>πλείους</strong></span> <span class='ocrx_word' id='word_1_307' title='bbox 1809 4039 2025 4106; x_wconf 85' lang='grc' dir='ltr'><strong>σύναμα</strong></span> 
     </span>
    </p>
   </div>
   <div class='ocr_carea' id='block_1_45' title="bbox 460 4129 2062 4206">
    <p class='ocr_par' dir='ltr' id='par_1_45' title="bbox 460 4129 2062 4206">
     <span class='ocr_line' id='line_1_45' title="bbox 460 4129 2062 4206; baseline -0.006 -18"><span class='ocrx_word' id='word_1_308' title='bbox 460 4139 656 4206; x_wconf 76' lang='grc' dir='ltr'><strong>ταύτῃ,</strong></span> <span class='ocrx_word' id='word_1_309' title='bbox 702 4135 893 4204; x_wconf 80' lang='grc' dir='ltr'><strong>κέρδος</strong></span> <span class='ocrx_word' id='word_1_310' title='bbox 939 4134 1000 4186; x_wconf 87' lang='grc' dir='ltr'><strong>ού</strong></span> <span class='ocrx_word' id='word_1_311' title='bbox 1060 4133 1256 4203; x_wconf 69' lang='grc' dir='ltr'><strong>μικρὸν</strong></span> <span class='ocrx_word' id='word_1_312' title='bbox 1312 4129 1594 4185; x_wconf 71' lang='grc' dir='ltr'><strong>εἷνανκαὶ</strong></span> <span class='ocrx_word' id='word_1_313' title='bbox 1645 4130 1805 4200; x_wconf 81' lang='grc' dir='ltr'><strong>ἐῴκει</strong></span> <span class='ocrx_word' id='word_1_314' title='bbox 1855 4129 2062 4181; x_wconf 77' lang='grc' dir='ltr'><strong>ταῦτα.</strong></span> 
     </span>
    </p>
   </div>
   <div class='ocr_carea' id='block_1_46' title="bbox 412 4221 2025 4296">
    <p class='ocr_par' dir='ltr' id='par_1_46' title="bbox 412 4221 2025 4296">
     <span class='ocr_line' id='line_1_46' title="bbox 412 4221 2025 4296; baseline -0.004 -17"><span class='ocrx_word' id='word_1_315' title='bbox 412 4269 417 4274; x_wconf 97' lang='grc'><strong>.</strong></span> <span class='ocrx_word' id='word_1_316' title='bbox 461 4227 717 4296; x_wconf 76' lang='grc' dir='ltr'><strong>πράττων</strong></span> <span class='ocrx_word' id='word_1_317' title='bbox 742 4227 852 4287; x_wconf 85' lang='grc' dir='ltr'><strong>τοῖς</strong></span> <span class='ocrx_word' id='word_1_318' title='bbox 884 4224 1101 4296; x_wconf 80' lang='grc' dir='ltr'><strong>σφοδρῷ</strong></span> <span class='ocrx_word' id='word_1_319' title='bbox 1133 4221 1384 4292; x_wconf 77' lang='grc' dir='ltr'><strong>ληφθεῖσι</strong></span> <span class='ocrx_word' id='word_1_320' title='bbox 1409 4223 1658 4285; x_wconf 85' lang='grc' dir='ltr'><strong>κλύδωνι,</strong></span> <span class='ocrx_word' id='word_1_321' title='bbox 1680 4221 1726 4273; x_wconf 82' lang='grc' dir='ltr'><strong>οἳ</strong></span> <span class='ocrx_word' id='word_1_322' title='bbox 1756 4222 1873 4284; x_wconf 87' lang='grc' dir='ltr'><strong>ταῖς</strong></span> <span class='ocrx_word' id='word_1_323' title='bbox 1899 4221 2025 4272; x_wconf 80' lang='grc' dir='ltr'><strong>ἐαυ·</strong></span> 
     </span>
    </p>
   </div>
   <div class='ocr_carea' id='block_1_47' title="bbox 461 4313 2021 4387">
    <p class='ocr_par' dir='ltr' id='par_1_47' title="bbox 461 4313 2021 4387">
     <span class='ocr_line' id='line_1_47' title="bbox 461 4313 2021 4387; baseline -0.006 -14"><span class='ocrx_word' id='word_1_324' title='bbox 461 4319 570 4373; x_wconf 82' lang='grc' dir='ltr'><strong>τῶν</strong></span> <span class='ocrx_word' id='word_1_325' title='bbox 619 4319 777 4387; x_wconf 76' lang='grc' dir='ltr'><strong>χερσὶ</strong></span> <span class='ocrx_word' id='word_1_326' title='bbox 825 4317 998 4370; x_wconf 74' lang='grc' dir='ltr'><strong>πολλὰ</strong></span> <span class='ocrx_word' id='word_1_327' title='bbox 1047 4316 1156 4369; x_wconf 85' lang='grc' dir='ltr'><strong>τῶν</strong></span> <span class='ocrx_word' id='word_1_328' title='bbox 1211 4317 1512 4384; x_wconf 84' lang='grc' dir='ltr'><strong>ἀγωγίμων</strong></span> <span class='ocrx_word' id='word_1_329' title='bbox 1567 4313 2021 4384; x_wconf 76' lang='grc' dir='ltr'><strong>ἀποδαλλόμενοι,</strong></span> 
     </span>
    </p>
   </div>
   <div class='ocr_carea' id='block_1_48' title="bbox 465 4405 2025 4482">
    <p class='ocr_par' dir='ltr' id='par_1_48' title="bbox 465 4405 2025 4482">
     <span class='ocr_line' id='line_1_48' title="bbox 465 4405 2025 4482; baseline -0.006 -17"><span class='ocrx_word' id='word_1_330' title='bbox 465 4412 652 4481; x_wconf 85' lang='grc' dir='ltr'><strong>κέρδος</strong></span> <span class='ocrx_word' id='word_1_331' title='bbox 681 4410 780 4482; x_wconf 78' lang='grc' dir='ltr'><strong>τὴν</strong></span> <span class='ocrx_word' id='word_1_332' title='bbox 818 4409 1022 4480; x_wconf 78' lang='grc' dir='ltr'><strong>ζημίαν</strong></span> <span class='ocrx_word' id='word_1_333' title='bbox 1068 4407 1346 4479; x_wconf 76' lang='grc' dir='ltr'><strong>ἡγοῦνται·</strong></span> <span class='ocrx_word' id='word_1_334' title='bbox 1369 4407 1466 4476; x_wconf 74' lang='grc' dir='ltr'><strong>οὐχ</strong></span> <span class='ocrx_word' id='word_1_335' title='bbox 1500 4407 1689 4468; x_wconf 82' lang='grc' dir='ltr'><strong>ἁπλῶς</strong></span> <span class='ocrx_word' id='word_1_336' title='bbox 1726 4405 1802 4475; x_wconf 83' lang='grc' dir='ltr'><strong>τῷ</strong></span> <span class='ocrx_word' id='word_1_337' title='bbox 1849 4405 2025 4474; x_wconf 80' lang='grc' dir='ltr'><strong>πράγ-</strong></span> 
     </span>
    </p>
   </div>
   <div class='ocr_carea' id='block_1_49' title="bbox 467 4495 2024 4572">
    <p class='ocr_par' dir='ltr' id='par_1_49' title="bbox 467 4495 2024 4572">
     <span class='ocr_line' id='line_1_49' title="bbox 467 4495 2024 4572; baseline -0.004 -18"><span class='ocrx_word' id='word_1_338' title='bbox 467 4519 594 4571; x_wconf 81' lang='grc' dir='ltr'><strong>ματι</strong></span> <span class='ocrx_word' id='word_1_339' title='bbox 621 4501 926 4572; x_wconf 82' lang='grc' dir='ltr'><strong>χαίροντες,</strong></span> <span class='ocrx_word' id='word_1_340' title='bbox 955 4500 1074 4552; x_wconf 74' lang='grc' dir='ltr'><strong>ἀλλ’</strong></span> <span class='ocrx_word' id='word_1_341' title='bbox 1102 4499 1188 4554; x_wconf 73' lang='grc' dir='ltr'><strong>ἵνα</strong></span> <span class='ocrx_word' id='word_1_342' title='bbox 1225 4499 1301 4568; x_wconf 83' lang='grc' dir='ltr'><strong>μὴ</strong></span> <span class='ocrx_word' id='word_1_343' title='bbox 1324 4498 1385 4552; x_wconf 80' lang='grc' dir='ltr'><strong>τὸ</strong></span> <span class='ocrx_word' id='word_1_344' title='bbox 1416 4500 1521 4550; x_wconf 73' lang='grc' dir='ltr'><strong>πᾶν</strong></span> <span class='ocrx_word' id='word_1_345' title='bbox 1554 4497 1827 4559; x_wconf 84' lang='grc' dir='ltr'><strong>ἐθέλοντες</strong></span> <span class='ocrx_word' id='word_1_346' title='bbox 1857 4495 2024 4565; x_wconf 78' lang='grc' dir='ltr'><strong>ἔχειν,</strong></span> 
     </span>
    </p>
   </div>
   <div class='ocr_carea' id='block_1_50' title="bbox 464 4587 2026 4661">
    <p class='ocr_par' dir='ltr' id='par_1_50' title="bbox 464 4587 2026 4661">
     <span class='ocr_line' id='line_1_50' title="bbox 464 4587 2026 4661; baseline -0.004 -16"><span class='ocrx_word' id='word_1_347' title='bbox 464 4593 558 4646; x_wconf 84' lang='grc' dir='ltr'><strong>τοῦ</strong></span> <span class='ocrx_word' id='word_1_348' title='bbox 600 4591 794 4660; x_wconf 84' lang='grc' dir='ltr'><strong>καιροῦ</strong></span> <span class='ocrx_word' id='word_1_349' title='bbox 853 4593 990 4661; x_wconf 84' lang='grc' dir='ltr'><strong>πρὸς</strong></span> <span class='ocrx_word' id='word_1_350' title='bbox 1040 4591 1352 4644; x_wconf 83' lang='grc' dir='ltr'><strong>τούναντίον</strong></span> <span class='ocrx_word' id='word_1_351' title='bbox 1405 4588 1751 4658; x_wconf 77' lang='grc' dir='ltr'><strong>βιαζομένου,</strong></span> <span class='ocrx_word' id='word_1_352' title='bbox 1809 4588 1869 4640; x_wconf 83' lang='grc' dir='ltr'><strong>τὸ</strong></span> <span class='ocrx_word' id='word_1_353' title='bbox 1919 4587 2026 4639; x_wconf 83' lang='grc' dir='ltr'><strong>πᾶν</strong></span> 
     </span>
    </p>
   </div>
   <div class='ocr_carea' id='block_1_51' title="bbox 467 4674 2024 4747">
    <p class='ocr_par' dir='ltr' id='par_1_51' title="bbox 467 4674 2024 4747">
     <span class='ocr_line' id='line_1_51' title="bbox 467 4674 2024 4747; baseline -0.004 -15"><span class='ocrx_word' id='word_1_354' title='bbox 467 4679 652 4742; x_wconf 85' lang='grc' dir='ltr'><strong>κακῶς</strong></span> <span class='ocrx_word' id='word_1_355' title='bbox 684 4680 1048 4734; x_wconf 78' lang='grc' dir='ltr'><strong>ἀπολέσωσιν.</strong></span> <span class='ocrx_word' id='word_1_356' title='bbox 1071 4679 1254 4743; x_wconf 81' lang='grc' dir='ltr'><strong>Ὥστε,</strong></span> <span class='ocrx_word' id='word_1_357' title='bbox 1281 4677 1534 4747; x_wconf 81' lang='grc' dir='ltr'><strong>καθάπερ</strong></span> <span class='ocrx_word' id='word_1_358' title='bbox 1567 4679 1758 4746; x_wconf 73' lang='grc' dir='ltr'><strong>τοπρὶν</strong></span> <span class='ocrx_word' id='word_1_359' title='bbox 1787 4674 2024 4745; x_wconf 74' lang='grc' dir='ltr'><strong>εἰληφὼς</strong></span> 
     </span>
    </p>
   </div>
   <div class='ocr_carea' id='block_1_52' title="bbox 465 4767 2027 4841">
    <p class='ocr_par' dir='ltr' id='par_1_52' title="bbox 465 4767 2027 4841">
     <span class='ocr_line' id='line_1_52' title="bbox 465 4767 2027 4841; baseline -0.004 -17"><span class='ocrx_word' id='word_1_360' title='bbox 465 4772 694 4841; x_wconf 77' lang='grc' dir='ltr'><strong>ταυτηνὶ</strong></span> <span class='ocrx_word' id='word_1_361' title='bbox 741 4772 841 4840; x_wconf 78' lang='grc' dir='ltr'><strong>τὴν</strong></span> <span class='ocrx_word' id='word_1_362' title='bbox 895 4770 1272 4841; x_wconf 79' lang='grc' dir='ltr'><strong>πολυύμνητον</strong></span> <span class='ocrx_word' id='word_1_363' title='bbox 1322 4769 1500 4831; x_wconf 58' lang='grc' dir='ltr'><strong>πάλιν,</strong></span> <span class='ocrx_word' id='word_1_364' title='bbox 1555 4767 1879 4836; x_wconf 82' lang='grc' dir='ltr'><strong>ἀναλώμασι</strong></span> <span class='ocrx_word' id='word_1_365' title='bbox 1927 4767 2027 4840; x_wconf 83' lang='grc' dir='ltr'><strong>μὲν</strong></span> 
     </span>
    </p>
   </div>
   <div class='ocr_carea' id='block_1_53' title="bbox 468 4858 2027 4926">
    <p class='ocr_par' dir='ltr' id='par_1_53' title="bbox 468 4858 2027 4926">
     <span class='ocr_line' id='line_1_53' title="bbox 468 4858 2027 4926; baseline -0.005 -10"><span class='ocrx_word' id='word_1_366' title='bbox 468 4861 702 4924; x_wconf 56' lang='grc' dir='ltr'><strong>πολλοῖς,</strong></span> <span class='ocrx_word' id='word_1_367' title='bbox 728 4862 938 4914; x_wconf 89' lang='grc' dir='ltr'><strong>πλείοσι</strong></span> <span class='ocrx_word' id='word_1_368' title='bbox 960 4862 1016 4913; x_wconf 76' lang='grc' dir='ltr'><strong>δὲ</strong></span> <span class='ocrx_word' id='word_1_369' title='bbox 1040 4862 1244 4926; x_wconf 80' lang='grc' dir='ltr'><strong>πόνοις,</strong></span> <span class='ocrx_word' id='word_1_370' title='bbox 1263 4861 1525 4921; x_wconf 81' lang='grc' dir='ltr'><strong>κινδύνοις</strong></span> <span class='ocrx_word' id='word_1_371' title='bbox 1545 4859 1600 4912; x_wconf 79' lang='grc' dir='ltr'><strong>δέ</strong></span> <span class='ocrx_word' id='word_1_372' title='bbox 1617 4860 1699 4912; x_wconf 84' lang='grc' dir='ltr'><strong>ὅτι</strong></span> <span class='ocrx_word' id='word_1_373' title='bbox 1725 4858 2027 4921; x_wconf 80' lang='grc' dir='ltr'><strong>πλείστοις,</strong></span> 
     </span>
    </p>
   </div>
   <div class='ocr_carea' id='block_1_54' title="bbox 471 4946 2024 5024">
    <p class='ocr_par' dir='ltr' id='par_1_54' title="bbox 471 4946 2024 5024">
     <span class='ocr_line' id='line_1_54' title="bbox 471 4946 2024 5024; baseline -0.005 -18"><span class='ocrx_word' id='word_1_374' title='bbox 471 4955 642 5024; x_wconf 78' lang='grc' dir='ltr'><strong>μέγας</strong></span> <span class='ocrx_word' id='word_1_375' title='bbox 675 4952 772 5016; x_wconf 84' lang='grc' dir='ltr'><strong>ὢν,</strong></span> <span class='ocrx_word' id='word_1_376' title='bbox 810 4953 904 5005; x_wconf 75' lang='grc' dir='ltr'><strong>καὶ</strong></span> <span class='ocrx_word' id='word_1_377' title='bbox 936 4953 1226 5006; x_wconf 81' lang='grc' dir='ltr'><strong>δέδεικται’</strong></span> <span class='ocrx_word' id='word_1_378' title='bbox 1257 4952 1398 5004; x_wconf 77' lang='grc' dir='ltr'><strong>οὕτω</strong></span> <span class='ocrx_word' id='word_1_379' title='bbox 1436 4951 1530 5002; x_wconf 72' lang='grc' dir='ltr'><strong>καὶ</strong></span> <span class='ocrx_word' id='word_1_380' title='bbox 1573 4949 1718 5012; x_wconf 87' lang='grc' dir='ltr'><strong>τότε,</strong></span> <span class='ocrx_word' id='word_1_381' title='bbox 1755 4946 2024 5011; x_wconf 87' lang='grc' dir='ltr'><strong>δεδωκὼς,</strong></span> 
     </span>
    </p>
   </div>
   <div class='ocr_carea' id='block_1_55' title="bbox 466 5036 2026 5114">
    <p class='ocr_par' dir='ltr' id='par_1_55' title="bbox 466 5036 2026 5114">
     <span class='ocr_line' id='line_1_55' title="bbox 466 5036 2026 5114; baseline -0.001 -20"><span class='ocrx_word' id='word_1_382' title='bbox 466 5046 632 5114; x_wconf 74' lang='grc' dir='ltr'><strong>ἡνίκα</strong></span> <span class='ocrx_word' id='word_1_383' title='bbox 679 5061 762 5109; x_wconf 73' lang='grc' dir='ltr'><strong>τε,</strong></span> <span class='ocrx_word' id='word_1_384' title='bbox 803 5044 896 5097; x_wconf 72' lang='grc' dir='ltr'><strong>καὶ</strong></span> <span class='ocrx_word' id='word_1_385' title='bbox 943 5037 1024 5106; x_wconf 80' lang='grc' dir='ltr'><strong>οἷς</strong></span> <span class='ocrx_word' id='word_1_386' title='bbox 1056 5043 1241 5112; x_wconf 78' lang='grc' dir='ltr'><strong>ἐχρῆν,</strong></span> <span class='ocrx_word' id='word_1_387' title='bbox 1285 5043 1378 5094; x_wconf 74' lang='grc' dir='ltr'><strong>καὶ</strong></span> <span class='ocrx_word' id='word_1_388' title='bbox 1408 5041 1483 5104; x_wconf 80' lang='grc' dir='ltr'><strong>ὡς</strong></span> <span class='ocrx_word' id='word_1_389' title='bbox 1517 5042 1616 5095; x_wconf 78' lang='grc' dir='ltr'><strong>οῦκ</strong></span> <span class='ocrx_word' id='word_1_390' title='bbox 1652 5041 1719 5094; x_wconf 82' lang='grc' dir='ltr'><strong>ἂν</strong></span> <span class='ocrx_word' id='word_1_391' title='bbox 1746 5036 1814 5112; x_wconf 80' lang='grc' dir='ltr'><strong>ἦν</strong></span> <span class='ocrx_word' id='word_1_392' title='bbox 1851 5041 2026 5104; x_wconf 77' lang='grc' dir='ltr'><strong>ἄλλως</strong></span> 
     </span>
    </p>
   </div>
   <div class='ocr_carea' id='block_1_56' title="bbox 469 5129 2026 5206">
    <p class='ocr_par' dir='ltr' id='par_1_56' title="bbox 469 5129 2026 5206">
     <span class='ocr_line' id='line_1_56' title="bbox 469 5129 2026 5206; baseline -0.003 -16"><span class='ocrx_word' id='word_1_393' title='bbox 469 5138 676 5206; x_wconf 70' lang='grc' dir='ltr'><strong>βέλτιον</strong></span> <span class='ocrx_word' id='word_1_394' title='bbox 708 5137 1021 5190; x_wconf 81' lang='grc' dir='ltr'><strong>δεδωκέναι.</strong></span> <span class='ocrx_word' id='word_1_395' title='bbox 1047 5135 1174 5188; x_wconf 86' lang='grc' dir='ltr'><strong>Ὀτε</strong></span> <span class='ocrx_word' id='word_1_396' title='bbox 1202 5139 1312 5202; x_wconf 77' lang='grc' dir='ltr'><strong>γὰρ</strong></span> <span class='ocrx_word' id='word_1_397' title='bbox 1343 5135 1442 5188; x_wconf 88' lang='grc' dir='ltr'><strong>οὐκ</strong></span> <span class='ocrx_word' id='word_1_398' title='bbox 1465 5129 1533 5203; x_wconf 82' lang='grc' dir='ltr'><strong>ἦν</strong></span> <span class='ocrx_word' id='word_1_399' title='bbox 1560 5133 1774 5202; x_wconf 84' lang='grc' dir='ltr'><strong>ἐκείνην</strong></span> <span class='ocrx_word' id='word_1_400' title='bbox 1801 5132 1879 5185; x_wconf 77' lang='grc' dir='ltr'><strong>ἔτι</strong></span> <span class='ocrx_word' id='word_1_401' title='bbox 1910 5132 2026 5186; x_wconf 84' lang='grc' dir='ltr'><strong>δια-</strong></span> 
     </span>
    </p>
   </div>
   <div class='ocr_carea' id='block_1_57' title="bbox 469 5222 2024 5294">
    <p class='ocr_par' dir='ltr' id='par_1_57' title="bbox 469 5222 2024 5294">
     <span class='ocr_line' id='line_1_57' title="bbox 469 5222 2024 5294; baseline -0.004 -12"><span class='ocrx_word' id='word_1_402' title='bbox 469 5226 760 5292; x_wconf 76' lang='grc' dir='ltr'><strong>σώζεσθαι,</strong></span> <span class='ocrx_word' id='word_1_403' title='bbox 794 5229 890 5281; x_wconf 76' lang='grc' dir='ltr'><strong>καὶ</strong></span> <span class='ocrx_word' id='word_1_404' title='bbox 939 5227 1054 5287; x_wconf 84' lang='grc' dir='ltr'><strong>τοῖς</strong></span> <span class='ocrx_word' id='word_1_405' title='bbox 1100 5226 1370 5294; x_wconf 78' lang='grc' dir='ltr'><strong>Φρερίοις,</strong></span> <span class='ocrx_word' id='word_1_406' title='bbox 1416 5227 1510 5280; x_wconf 74' lang='grc' dir='ltr'><strong>καὶ</strong></span> <span class='ocrx_word' id='word_1_407' title='bbox 1568 5224 1708 5290; x_wconf 86' lang='grc' dir='ltr'><strong>μετά</strong></span> <span class='ocrx_word' id='word_1_408' title='bbox 1757 5222 2024 5294; x_wconf 84' lang='grc' dir='ltr'><strong>λαμπρῶν</strong></span> 
     </span>
    </p>
   </div>
   <div class='ocr_carea' id='block_1_58' title="bbox 469 5315 2020 5389">
    <p class='ocr_par' dir='ltr' id='par_1_58' title="bbox 469 5315 2020 5389">
     <span class='ocr_line' id='line_1_58' title="bbox 469 5315 2020 5389; baseline -0.005 -15"><span class='ocrx_word' id='word_1_409' title='bbox 469 5320 838 5389; x_wconf 79' lang='grc' dir='ltr'><strong>ὑποσχέσεων,</strong></span> <span class='ocrx_word' id='word_1_410' title='bbox 875 5317 1090 5388; x_wconf 83' lang='grc' dir='ltr'><strong>βοηθεῖν</strong></span> <span class='ocrx_word' id='word_1_411' title='bbox 1131 5319 1262 5387; x_wconf 69' lang='grc' dir='ltr'><strong>ἡμῖν</strong></span> <span class='ocrx_word' id='word_1_412' title='bbox 1293 5317 1536 5378; x_wconf 79' lang='grc' dir='ltr'><strong>ἐκείνους</strong></span> <span class='ocrx_word' id='word_1_413' title='bbox 1576 5315 1749 5370; x_wconf 70' lang='grc' dir='ltr'><strong>ἅπασι</strong></span> <span class='ocrx_word' id='word_1_414' title='bbox 1777 5316 2020 5384; x_wconf 89' lang='grc' dir='ltr'><strong>τρόποις.</strong></span> 
     </span>
    </p>
   </div>
   <div class='ocr_carea' id='block_1_59' title="bbox 539 5395 2026 5478">
    <p class='ocr_par' dir='ltr' id='par_1_59' title="bbox 539 5395 2026 5478">
     <span class='ocr_line' id='line_1_59' title="bbox 539 5395 2026 5478; baseline -0.005 -14"><span class='ocrx_word' id='word_1_415' title='bbox 539 5412 711 5464; x_wconf 72' lang='grc' dir='ltr'><strong>Πόσον</strong></span> <span class='ocrx_word' id='word_1_416' title='bbox 755 5408 846 5463; x_wconf 79' lang='grc' dir='ltr'><strong>οὖν</strong></span> <span class='ocrx_word' id='word_1_417' title='bbox 881 5395 1257 5478; x_wconf 61' lang='grc' dir='ltr'><strong>θαυμάζεσθαι</strong></span> <span class='ocrx_word' id='word_1_418' title='bbox 1301 5407 1530 5470; x_wconf 71' lang='grc' dir='ltr'><strong>δίκαιος,</strong></span> <span class='ocrx_word' id='word_1_419' title='bbox 1564 5407 1612 5458; x_wconf 80' lang='grc' dir='ltr'><strong>εί</strong></span> <span class='ocrx_word' id='word_1_420' title='bbox 1643 5407 1780 5475; x_wconf 84' lang='grc' dir='ltr'><strong>ὅπερ</strong></span> <span class='ocrx_word' id='word_1_421' title='bbox 1806 5406 2026 5466; x_wconf 81' lang='grc' dir='ltr'><strong>πάντως</strong></span> 
     </span>
    </p>
   </div>
   <div class='ocr_carea' id='block_1_60' title="bbox 467 5495 2024 5572">
    <p class='ocr_par' dir='ltr' id='par_1_60' title="bbox 467 5495 2024 5572">
     <span class='ocr_line' id='line_1_60' title="bbox 467 5495 2024 5572; baseline -0.007 -16"><span class='ocrx_word' id='word_1_422' title='bbox 467 5504 690 5572; x_wconf 80' lang='grc' dir='ltr'><strong>ἔμελλεν</strong></span> <span class='ocrx_word' id='word_1_423' title='bbox 718 5503 778 5556; x_wconf 81' lang='grc' dir='ltr'><strong>ἐν</strong></span> <span class='ocrx_word' id='word_1_424' title='bbox 805 5502 925 5564; x_wconf 86' lang='grc' dir='ltr'><strong>ταῖς</strong></span> <span class='ocrx_word' id='word_1_425' title='bbox 968 5501 1077 5554; x_wconf 84' lang='grc' dir='ltr'><strong>τῶν</strong></span> <span class='ocrx_word' id='word_1_426' title='bbox 1111 5499 1322 5568; x_wconf 85' lang='grc' dir='ltr'><strong>ἐχθρῶν</strong></span> <span class='ocrx_word' id='word_1_427' title='bbox 1361 5496 1550 5569; x_wconf 68' lang='grc' dir='ltr'><strong>χερσὶν</strong></span> <span class='ocrx_word' id='word_1_428' title='bbox 1586 5495 1828 5549; x_wconf 85' lang='grc' dir='ltr'><strong>ἀπίστων</strong></span> <span class='ocrx_word' id='word_1_429' title='bbox 1854 5495 2024 5548; x_wconf 76' lang='grc' dir='ltr'><strong>ὄντων</strong></span> 
     </span>
    </p>
   </div>
   <div class='ocr_carea' id='block_1_61' title="bbox 466 5587 2021 5660">
    <p class='ocr_par' dir='ltr' id='par_1_61' title="bbox 466 5587 2021 5660">
     <span class='ocr_line' id='line_1_61' title="bbox 466 5587 2021 5660; baseline -0.007 -13"><span class='ocrx_word' id='word_1_430' title='bbox 466 5595 706 5656; x_wconf 73' lang='grc' dir='ltr'><strong>ἔσεσθαι,</strong></span> <span class='ocrx_word' id='word_1_431' title='bbox 746 5591 905 5646; x_wconf 82' lang='grc' dir='ltr'><strong>τοῦτο</strong></span> <span class='ocrx_word' id='word_1_432' title='bbox 954 5591 1126 5660; x_wconf 84' lang='grc' dir='ltr'><strong>φίλοις</strong></span> <span class='ocrx_word' id='word_1_433' title='bbox 1162 5590 1256 5643; x_wconf 82' lang='grc' dir='ltr'><strong>καὶ</strong></span> <span class='ocrx_word' id='word_1_434' title='bbox 1305 5589 1651 5657; x_wconf 84' lang='grc' dir='ltr'><strong>Χριστιανοῖς</strong></span> <span class='ocrx_word' id='word_1_435' title='bbox 1697 5587 2021 5655; x_wconf 76' lang='grc' dir='ltr'><strong>ἐνεχείρισε,</strong></span> 
     </span>
    </p>
   </div>
   <div class='ocr_carea' id='block_1_62' title="bbox 468 5675 2022 5753">
    <p class='ocr_par' dir='ltr' id='par_1_62' title="bbox 468 5675 2022 5753">
     <span class='ocr_line' id='line_1_62' title="bbox 468 5675 2022 5753; baseline -0.008 -16"><span class='ocrx_word' id='word_1_436' title='bbox 468 5686 563 5737; x_wconf 64' lang='grc' dir='ltr'><strong>καὶ</strong></span> <span class='ocrx_word' id='word_1_437' title='bbox 591 5684 763 5753; x_wconf 79' lang='grc' dir='ltr'><strong>ταύτῃ</strong></span> <span class='ocrx_word' id='word_1_438' title='bbox 791 5698 855 5750; x_wconf 82' lang='grc' dir='ltr'><strong>γε</strong></span> <span class='ocrx_word' id='word_1_439' title='bbox 887 5681 1212 5752; x_wconf 78' lang='grc' dir='ltr'><strong>συμμάχους</strong></span> <span class='ocrx_word' id='word_1_440' title='bbox 1247 5679 1446 5742; x_wconf 74' lang='grc' dir='ltr'><strong>αὐτοὺς</strong></span> <span class='ocrx_word' id='word_1_441' title='bbox 1470 5677 1741 5745; x_wconf 66' lang='grc' dir='ltr'><strong>ἐκτήσατο</strong></span> <span class='ocrx_word' id='word_1_442' title='bbox 1766 5675 1856 5726; x_wconf 74' lang='grc' dir='ltr'><strong>τοῦ</strong></span> <span class='ocrx_word' id='word_1_443' title='bbox 1885 5677 2022 5744; x_wconf 72' lang='grc' dir='ltr'><strong>πρὸς</strong></span> 
     </span>
    </p>
   </div>
   <div class='ocr_carea' id='block_1_63' title="bbox 468 5766 2020 5845">
    <p class='ocr_par' dir='ltr' id='par_1_63' title="bbox 468 5766 2020 5845">
     <span class='ocr_line' id='line_1_63' title="bbox 468 5766 2020 5845; baseline -0.008 -15"><span class='ocrx_word' id='word_1_444' title='bbox 468 5776 706 5838; x_wconf 78' lang='grc' dir='ltr'><strong>ἐκείνους</strong></span> <span class='ocrx_word' id='word_1_445' title='bbox 739 5774 1012 5845; x_wconf 83' lang='grc' dir='ltr'><strong>πολέμου;</strong></span> <span class='ocrx_word' id='word_1_446' title='bbox 1044 5773 1151 5828; x_wconf 73' lang='grc' dir='ltr'><strong>Καὶ</strong></span> <span class='ocrx_word' id='word_1_447' title='bbox 1192 5773 1353 5826; x_wconf 67' lang='grc' dir='ltr'><strong>πάλαι</strong></span> <span class='ocrx_word' id='word_1_448' title='bbox 1388 5774 1492 5841; x_wconf 72' lang='grc' dir='ltr'><strong>γὰρ</strong></span> <span class='ocrx_word' id='word_1_449' title='bbox 1519 5771 1642 5830; x_wconf 56' lang='grc' dir='ltr'><strong>τοὶς</strong></span> <span class='ocrx_word' id='word_1_450' title='bbox 1679 5767 1874 5836; x_wconf 66' lang='grc' dir='ltr'><strong>ἄνδρας</strong></span> <span class='ocrx_word' id='word_1_451' title='bbox 1905 5766 2020 5819; x_wconf 67' lang='lat'><strong>:03-</strong></span> 
     </span>
    </p>
   </div>
   <div class='ocr_carea' id='block_1_64' title="bbox 2133 577 3685 650">
    <p class='ocr_par' dir='ltr' id='par_1_64' title="bbox 2133 577 3685 650">
     <span class='ocr_line' id='line_1_64' title="bbox 2133 577 3685 650; baseline -0.002 -18"><span class='ocrx_word' id='word_1_452' title='bbox 2133 595 2235 648; x_wconf 84' lang='lat' dir='ltr'><strong>pus</strong></span> <span class='ocrx_word' id='word_1_453' title='bbox 2266 582 2613 648; x_wconf 79' lang='lat' dir='ltr'><strong>postmodum</strong></span> <span class='ocrx_word' id='word_1_454' title='bbox 2637 583 2844 650; x_wconf 89' lang='lat' dir='ltr'><strong>liquido</strong></span> <span class='ocrx_word' id='word_1_455' title='bbox 2876 580 3134 634; x_wconf 87' lang='lat' dir='ltr'><strong>ostendit.</strong></span> <span class='ocrx_word' id='word_1_456' title='bbox 3173 577 3244 632; x_wconf 87' lang='lat' dir='ltr'><strong>Ea</strong></span> <span class='ocrx_word' id='word_1_457' title='bbox 3280 595 3387 644; x_wconf 85' lang='lat' dir='ltr'><strong>res,</strong></span> <span class='ocrx_word' id='word_1_458' title='bbox 3449 579 3685 632; x_wconf 88' lang='lat' dir='ltr'><strong>hostium</strong></span> 
     </span>
    </p>
   </div>
   <div class='ocr_carea' id='block_1_65' title="bbox 2131 667 3691 737">
    <p class='ocr_par' dir='ltr' id='par_1_65' title="bbox 2131 667 3691 737">
     <span class='ocr_line' id='line_1_65' title="bbox 2131 667 3691 737; baseline -0.004 -17"><span class='ocrx_word' id='word_1_459' title='bbox 2131 667 2476 722; x_wconf 84' lang='lat' dir='ltr'><strong>incursiones</strong></span> <span class='ocrx_word' id='word_1_460' title='bbox 2497 684 2559 722; x_wconf 87' lang='lat' dir='ltr'><strong>ac</strong></span> <span class='ocrx_word' id='word_1_461' title='bbox 2592 669 2925 733; x_wconf 81' lang='lat' dir='ltr'><strong>invasiones,</strong></span> <span class='ocrx_word' id='word_1_462' title='bbox 2954 675 3217 737; x_wconf 89' lang='lat' dir='ltr'><strong>quantum</strong></span> <span class='ocrx_word' id='word_1_463' title='bbox 3256 667 3501 734; x_wconf 84' lang='lat' dir='ltr'><strong>probavit</strong></span> <span class='ocrx_word' id='word_1_464' title='bbox 3523 683 3691 733; x_wconf 72' lang='lat' dir='ltr'><strong>expe—</strong></span> 
     </span>
    </p>
   </div>
   <div class='ocr_carea' id='block_1_66' title="bbox 2130 755 3693 830">
    <p class='ocr_par' dir='ltr' id='par_1_66' title="bbox 2130 755 3693 830">
     <span class='ocr_line' id='line_1_66' title="bbox 2130 755 3693 830; baseline -0.004 -17"><span class='ocrx_word' id='word_1_465' title='bbox 2130 761 2348 825; x_wconf 86' lang='lat' dir='ltr'><strong>rientia,</strong></span> <span class='ocrx_word' id='word_1_466' title='bbox 2373 761 2668 815; x_wconf 77' lang='lat' dir='ltr'><strong>submovit.</strong></span> <span class='ocrx_word' id='word_1_467' title='bbox 2694 759 2880 830; x_wconf 80' lang='lat' dir='ltr'><strong>Neque</strong></span> <span class='ocrx_word' id='word_1_468' title='bbox 2908 759 3050 814; x_wconf 87' lang='lat' dir='ltr'><strong>enim</strong></span> <span class='ocrx_word' id='word_1_469' title='bbox 3100 756 3266 810; x_wconf 83' lang='lat' dir='ltr'><strong>vicini</strong></span> <span class='ocrx_word' id='word_1_470' title='bbox 3305 755 3524 808; x_wconf 82' lang='lat' dir='ltr'><strong>Barbari</strong></span> <span class='ocrx_word' id='word_1_471' title='bbox 3586 757 3693 809; x_wconf 81' lang='lat' dir='ltr'><strong>for-</strong></span> 
     </span>
    </p>
   </div>
   <div class='ocr_carea' id='block_1_67' title="bbox 2131 854 3694 922">
    <p class='ocr_par' dir='ltr' id='par_1_67' title="bbox 2131 854 3694 922">
     <span class='ocr_line' id='line_1_67' title="bbox 2131 854 3694 922; baseline -0.002 -16"><span class='ocrx_word' id='word_1_472' title='bbox 2131 862 2235 906; x_wconf 91' lang='lat' dir='ltr'><strong>tem</strong></span> <span class='ocrx_word' id='word_1_473' title='bbox 2263 854 2395 908; x_wconf 85' lang='lat' dir='ltr'><strong>satis</strong></span> <span class='ocrx_word' id='word_1_474' title='bbox 2429 870 2456 908; x_wconf 90' lang='lat' dir='ltr'><strong>a</strong></span> <span class='ocrx_word' id='word_1_475' title='bbox 2484 857 2861 909; x_wconf 73' lang='lat' dir='ltr'><strong>seexercitum</strong></span> <span class='ocrx_word' id='word_1_476' title='bbox 2914 862 3168 922; x_wconf 75' lang='lat' dir='ltr'><strong>poterant</strong></span> <span class='ocrx_word' id='word_1_477' title='bbox 3188 865 3408 919; x_wconf 73' lang='lat' dir='ltr'><strong>cogere,</strong></span> <span class='ocrx_word' id='word_1_478' title='bbox 3438 866 3536 903; x_wconf 85' lang='lat' dir='ltr'><strong>nec</strong></span> <span class='ocrx_word' id='word_1_479' title='bbox 3564 867 3694 904; x_wconf 79' lang='lat' dir='ltr'><strong>vero</strong></span> 
     </span>
    </p>
   </div>
   <div class='ocr_carea' id='block_1_68' title="bbox 2131 944 3696 1016">
    <p class='ocr_par' dir='ltr' id='par_1_68' title="bbox 2131 944 3696 1016">
     <span class='ocr_line' id='line_1_68' title="bbox 2131 944 3696 1016; baseline -0.002 -19"><span class='ocrx_word' id='word_1_480' title='bbox 2131 945 2466 999; x_wconf 81' lang='lat' dir='ltr'><strong>Rhodiorum</strong></span> <span class='ocrx_word' id='word_1_481' title='bbox 2490 957 2634 1000; x_wconf 90' lang='lat' dir='ltr'><strong>metu</strong></span> <span class='ocrx_word' id='word_1_482' title='bbox 2657 946 2877 1009; x_wconf 74' lang='lat' dir='ltr'><strong>licrbat,</strong></span> <span class='ocrx_word' id='word_1_483' title='bbox 2897 957 2954 1001; x_wconf 89' lang='lat' dir='ltr'><strong>ut</strong></span> <span class='ocrx_word' id='word_1_484' title='bbox 2970 947 3068 1000; x_wconf 90' lang='lat' dir='ltr'><strong>nisi</strong></span> <span class='ocrx_word' id='word_1_485' title='bbox 3091 963 3285 1016; x_wconf 76' lang='lat' dir='ltr'><strong>magno</strong></span> <span class='ocrx_word' id='word_1_486' title='bbox 3299 944 3448 1015; x_wconf 85' lang='lat' dir='ltr'><strong>prius</strong></span> <span class='ocrx_word' id='word_1_487' title='bbox 3469 959 3696 997; x_wconf 88' lang='lat' dir='ltr'><strong>numero</strong></span> 
     </span>
    </p>
   </div>
   <div class='ocr_carea' id='block_1_69' title="bbox 2131 1035 3698 1098">
    <p class='ocr_par' dir='ltr' id='par_1_69' title="bbox 2131 1035 3698 1098">
     <span class='ocr_line' id='line_1_69' title="bbox 2131 1035 3698 1098; baseline -0.002 -11"><span class='ocrx_word' id='word_1_488' title='bbox 2131 1035 2366 1098; x_wconf 85' lang='lat' dir='ltr'><strong>collecti,</strong></span> <span class='ocrx_word' id='word_1_489' title='bbox 2419 1036 2644 1090; x_wconf 81' lang='lat' dir='ltr'><strong>ditiOnis</strong></span> <span class='ocrx_word' id='word_1_490' title='bbox 2677 1047 2875 1091; x_wconf 81' lang='lat' dir='ltr'><strong>nostrae</strong></span> <span class='ocrx_word' id='word_1_491' title='bbox 2929 1047 3102 1093; x_wconf 75' lang='lat' dir='ltr'><strong>terras</strong></span> <span class='ocrx_word' id='word_1_492' title='bbox 3165 1039 3513 1092; x_wconf 88' lang='lat' dir='ltr'><strong>ineursarent</strong></span> <span class='ocrx_word' id='word_1_493' title='bbox 3579 1055 3592 1089; x_wconf 90' lang='lat'><strong>:</strong></span> <span class='ocrx_word' id='word_1_494' title='bbox 3639 1047 3698 1085; x_wconf 83' lang='grc' dir='ltr'>ιιι</span> 
     </span>
    </p>
   </div>
   <div class='ocr_carea' id='block_1_70' title="bbox 2130 1129 3697 1199">
    <p class='ocr_par' dir='ltr' id='par_1_70' title="bbox 2130 1129 3697 1199">
     <span class='ocr_line' id='line_1_70' title="bbox 2130 1129 3697 1199; baseline -0.001 -21"><span class='ocrx_word' id='word_1_495' title='bbox 2130 1137 2308 1180; x_wconf 85' lang='lat' dir='ltr'><strong>autem</strong></span> <span class='ocrx_word' id='word_1_496' title='bbox 2332 1142 2427 1195; x_wconf 91' lang='lat' dir='ltr'><strong>per</strong></span> <span class='ocrx_word' id='word_1_497' title='bbox 2450 1135 2683 1191; x_wconf 86' lang='lat' dir='ltr'><strong>tempus,</strong></span> <span class='ocrx_word' id='word_1_498' title='bbox 2708 1143 2767 1180; x_wconf 80' lang='lat' dir='ltr'><strong>ac</strong></span> <span class='ocrx_word' id='word_1_499' title='bbox 2802 1143 2867 1182; x_wconf 68' lang='lat' dir='ltr'><strong>ex</strong></span> <span class='ocrx_word' id='word_1_500' title='bbox 2897 1129 3082 1184; x_wconf 88' lang='lat' dir='ltr'><strong>multis</strong></span> <span class='ocrx_word' id='word_1_501' title='bbox 3131 1129 3286 1194; x_wconf 83' lang='lat' dir='ltr'><strong>locis,</strong></span> <span class='ocrx_word' id='word_1_502' title='bbox 3327 1129 3473 1199; x_wconf 87' lang='lat' dir='ltr'><strong>quod</strong></span> <span class='ocrx_word' id='word_1_503' title='bbox 3527 1142 3697 1178; x_wconf 88' lang='lat' dir='ltr'><strong>unum</strong></span> 
     </span>
    </p>
   </div>
   <div class='ocr_carea' id='block_1_71' title="bbox 2133 1217 3696 1289">
    <p class='ocr_par' dir='ltr' id='par_1_71' title="bbox 2133 1217 3696 1289">
     <span class='ocr_line' id='line_1_71' title="bbox 2133 1217 3696 1289; baseline -0.002 -19"><span class='ocrx_word' id='word_1_504' title='bbox 2133 1217 2400 1282; x_wconf 89' lang='lat' dir='ltr'><strong>reliquum</strong></span> <span class='ocrx_word' id='word_1_505' title='bbox 2416 1218 2802 1285; x_wconf 78' lang='lat' dir='ltr'><strong>eratgrandem</strong></span> <span class='ocrx_word' id='word_1_506' title='bbox 2823 1219 3400 1288; x_wconf 76' lang='lat' dir='ltr'><strong>ejusmodiexercitum</strong></span> <span class='ocrx_word' id='word_1_507' title='bbox 3419 1227 3668 1289; x_wconf 75' lang='lat' dir='ltr'><strong>cogerent</strong></span> <span class='ocrx_word' id='word_1_508' title='bbox 3682 1257 3696 1278; x_wconf 87' lang='lat'><strong>,</strong></span> 
     </span>
    </p>
   </div>
   <div class='ocr_carea' id='block_1_72' title="bbox 2133 1307 3697 1381">
    <p class='ocr_par' dir='ltr' id='par_1_72' title="bbox 2133 1307 3697 1381">
     <span class='ocr_line' id='line_1_72' title="bbox 2133 1307 3697 1381; baseline 0 -21"><span class='ocrx_word' id='word_1_509' title='bbox 2133 1323 2327 1374; x_wconf 87' lang='lat' dir='ltr'><strong>resque</strong></span> <span class='ocrx_word' id='word_1_510' title='bbox 2358 1307 2547 1360; x_wconf 84' lang='lat' dir='ltr'><strong>lateret</strong></span> <span class='ocrx_word' id='word_1_511' title='bbox 2579 1307 2820 1361; x_wconf 86' lang='lat' dir='ltr'><strong>contines</strong></span> <span class='ocrx_word' id='word_1_512' title='bbox 2849 1310 3121 1376; x_wconf 82' lang='lat' dir='ltr'><strong>civitates,</strong></span> <span class='ocrx_word' id='word_1_513' title='bbox 3160 1327 3256 1381; x_wconf 90' lang='lat' dir='ltr'><strong>per</strong></span> <span class='ocrx_word' id='word_1_514' title='bbox 3281 1327 3418 1381; x_wconf 87' lang='lat' dir='ltr'><strong>quas</strong></span> <span class='ocrx_word' id='word_1_515' title='bbox 3478 1309 3623 1362; x_wconf 81' lang='lat' dir='ltr'><strong>fama</strong></span> <span class='ocrx_word' id='word_1_516' title='bbox 3644 1309 3697 1360; x_wconf 90' lang='lat' dir='ltr'><strong>in</strong></span> 
     </span>
    </p>
   </div>
   <div class='ocr_carea' id='block_1_73' title="bbox 2135 1397 3700 1468">
    <p class='ocr_par' dir='ltr' id='par_1_73' title="bbox 2135 1397 3700 1468">
     <span class='ocr_line' id='line_1_73' title="bbox 2135 1397 3700 1468; baseline -0.001 -18"><span class='ocrx_word' id='word_1_517' title='bbox 2135 1409 2351 1450; x_wconf 89' lang='lat' dir='ltr'><strong>nostras</strong></span> <span class='ocrx_word' id='word_1_518' title='bbox 2379 1397 2672 1450; x_wconf 87' lang='lat' dir='ltr'><strong>derivanda</strong></span> <span class='ocrx_word' id='word_1_519' title='bbox 2711 1407 2876 1461; x_wconf 84' lang='lat' dir='ltr'><strong>esset,</strong></span> <span class='ocrx_word' id='word_1_520' title='bbox 2905 1399 2956 1451; x_wconf 92' lang='lat' dir='ltr'><strong>id</strong></span> <span class='ocrx_word' id='word_1_521' title='bbox 2989 1415 3118 1453; x_wconf 83' lang='lat' dir='ltr'><strong>vero</strong></span> <span class='ocrx_word' id='word_1_522' title='bbox 3149 1401 3360 1468; x_wconf 85' lang='lat' dir='ltr'><strong>opinor,</strong></span> <span class='ocrx_word' id='word_1_523' title='bbox 3394 1399 3538 1451; x_wconf 77' lang='lat' dir='ltr'><strong>factu</strong></span> <span class='ocrx_word' id='word_1_524' title='bbox 3599 1398 3700 1450; x_wconf 82' lang='lat' dir='ltr'><strong>itit-</strong></span> 
     </span>
    </p>
   </div>
   <div class='ocr_carea' id='block_1_74' title="bbox 2133 1487 3699 1556">
    <p class='ocr_par' dir='ltr' id='par_1_74' title="bbox 2133 1487 3699 1556">
     <span class='ocr_line' id='line_1_74' title="bbox 2133 1487 3699 1556; baseline 0 -16"><span class='ocrx_word' id='word_1_525' title='bbox 2133 1487 2396 1556; x_wconf 86' lang='lat' dir='ltr'><strong>possibile</strong></span> <span class='ocrx_word' id='word_1_526' title='bbox 2425 1498 2562 1542; x_wconf 88' lang='lat' dir='ltr'><strong>erat.</strong></span> <span class='ocrx_word' id='word_1_527' title='bbox 2598 1487 2666 1541; x_wconf 91' lang='lat' dir='ltr'><strong>Ut</strong></span> <span class='ocrx_word' id='word_1_528' title='bbox 2696 1499 2876 1542; x_wconf 87' lang='lat' dir='ltr'><strong>autem</strong></span> <span class='ocrx_word' id='word_1_529' title='bbox 2904 1491 3086 1544; x_wconf 82' lang='lat' dir='ltr'><strong>hostes</strong></span> <span class='ocrx_word' id='word_1_530' title='bbox 3141 1490 3342 1544; x_wconf 85' lang='lat' dir='ltr'><strong>detecti</strong></span> <span class='ocrx_word' id='word_1_531' title='bbox 3377 1490 3507 1553; x_wconf 85' lang='lat' dir='ltr'><strong>sint,</strong></span> <span class='ocrx_word' id='word_1_532' title='bbox 3543 1489 3699 1543; x_wconf 89' lang='lat' dir='ltr'><strong>triste</strong></span> 
     </span>
    </p>
   </div>
   <div class='ocr_carea' id='block_1_75' title="bbox 2131 1577 3696 1649">
    <p class='ocr_par' dir='ltr' id='par_1_75' title="bbox 2131 1577 3696 1649">
     <span class='ocr_line' id='line_1_75' title="bbox 2131 1577 3696 1649; baseline -0.001 -18"><span class='ocrx_word' id='word_1_533' title='bbox 2131 1581 2312 1648; x_wconf 83' lang='lat' dir='ltr'><strong>potius</strong></span> <span class='ocrx_word' id='word_1_534' title='bbox 2341 1579 2543 1647; x_wconf 90' lang='lat' dir='ltr'><strong>aliquid</strong></span> <span class='ocrx_word' id='word_1_535' title='bbox 2573 1577 2770 1644; x_wconf 81' lang='lat' dir='ltr'><strong>ferant,</strong></span> <span class='ocrx_word' id='word_1_536' title='bbox 2806 1595 2968 1649; x_wconf 89' lang='lat' dir='ltr'><strong>quam</strong></span> <span class='ocrx_word' id='word_1_537' title='bbox 3011 1579 3263 1636; x_wconf 85' lang='lat' dir='ltr'><strong>fecerint.</strong></span> <span class='ocrx_word' id='word_1_538' title='bbox 3301 1581 3371 1634; x_wconf 87' lang='lat' dir='ltr'><strong>Ea</strong></span> <span class='ocrx_word' id='word_1_539' title='bbox 3397 1596 3486 1635; x_wconf 90' lang='lat' dir='ltr'><strong>res</strong></span> <span class='ocrx_word' id='word_1_540' title='bbox 3516 1580 3696 1648; x_wconf 77' lang='lat' dir='ltr'><strong>majus</strong></span> 
     </span>
    </p>
   </div>
   <div class='ocr_carea' id='block_1_76' title="bbox 2131 1671 3692 1740">
    <p class='ocr_par' dir='ltr' id='par_1_76' title="bbox 2131 1671 3692 1740">
     <span class='ocr_line' id='line_1_76' title="bbox 2131 1671 3692 1740; baseline -0.001 -17"><span class='ocrx_word' id='word_1_541' title='bbox 2131 1672 2258 1739; x_wconf 92' lang='lat' dir='ltr'><strong>quid</strong></span> <span class='ocrx_word' id='word_1_542' title='bbox 2286 1678 2414 1724; x_wconf 89' lang='lat' dir='ltr'><strong>tunc</strong></span> <span class='ocrx_word' id='word_1_543' title='bbox 2445 1671 2510 1724; x_wconf 90' lang='lat' dir='ltr'><strong>ad</strong></span> <span class='ocrx_word' id='word_1_544' title='bbox 2537 1680 2868 1723; x_wconf 88' lang='lat' dir='ltr'><strong>momentum</strong></span> <span class='ocrx_word' id='word_1_545' title='bbox 2903 1673 3066 1726; x_wconf 83' lang='lat' dir='ltr'><strong>rebus</strong></span> <span class='ocrx_word' id='word_1_546' title='bbox 3093 1672 3344 1736; x_wconf 76' lang='lat' dir='ltr'><strong>contulit,</strong></span> <span class='ocrx_word' id='word_1_547' title='bbox 3373 1688 3534 1740; x_wconf 85' lang='lat' dir='ltr'><strong>quam</strong></span> <span class='ocrx_word' id='word_1_548' title='bbox 3567 1689 3692 1725; x_wconf 84' lang='lat' dir='ltr'><strong>eum</strong></span> 
     </span>
    </p>
   </div>
   <div class='ocr_carea' id='block_1_77' title="bbox 2127 1761 3694 1832">
    <p class='ocr_par' dir='ltr' id='par_1_77' title="bbox 2127 1761 3694 1832">
     <span class='ocr_line' id='line_1_77' title="bbox 2127 1761 3694 1832; baseline -0.001 -16"><span class='ocrx_word' id='word_1_549' title='bbox 2127 1764 2211 1816; x_wconf 84' lang='lat' dir='ltr'><strong>vir</strong></span> <span class='ocrx_word' id='word_1_550' title='bbox 2233 1761 2518 1824; x_wconf 76' lang='lat' dir='ltr'><strong>mirabilis.</strong></span> <span class='ocrx_word' id='word_1_551' title='bbox 2551 1777 2579 1815; x_wconf 89' lang='lat' dir='ltr'><strong>a</strong></span> <span class='ocrx_word' id='word_1_552' title='bbox 2609 1763 2834 1817; x_wconf 80' lang='lat' dir='ltr'><strong>Romani</strong></span> <span class='ocrx_word' id='word_1_553' title='bbox 2857 1764 3061 1831; x_wconf 83' lang='lat' dir='ltr'><strong>pridem</strong></span> <span class='ocrx_word' id='word_1_554' title='bbox 3085 1764 3296 1832; x_wconf 89' lang='lat' dir='ltr'><strong>imperii</strong></span> <span class='ocrx_word' id='word_1_555' title='bbox 3317 1764 3694 1817; x_wconf 85' lang='lat' dir='ltr'><strong>ditioneavul-</strong></span> 
     </span>
    </p>
   </div>
   <div class='ocr_carea' id='block_1_78' title="bbox 2134 1853 3697 1922">
    <p class='ocr_par' dir='ltr' id='par_1_78' title="bbox 2134 1853 3697 1922">
     <span class='ocr_line' id='line_1_78' title="bbox 2134 1853 3697 1922; baseline -0.003 -11"><span class='ocrx_word' id='word_1_556' title='bbox 2134 1870 2248 1911; x_wconf 85' lang='lat' dir='ltr'><strong>sam</strong></span> <span class='ocrx_word' id='word_1_557' title='bbox 2281 1855 2580 1921; x_wconf 75' lang='lat' dir='ltr'><strong>civit-item,</strong></span> <span class='ocrx_word' id='word_1_558' title='bbox 2609 1855 2785 1910; x_wconf 89' lang='lat' dir='ltr'><strong>eidem</strong></span> <span class='ocrx_word' id='word_1_559' title='bbox 2821 1854 3038 1922; x_wconf 86' lang='lat' dir='ltr'><strong>adjecit.</strong></span> <span class='ocrx_word' id='word_1_560' title='bbox 3066 1853 3139 1908; x_wconf 80' lang='lat' dir='ltr'><strong>Ea</strong></span> <span class='ocrx_word' id='word_1_561' title='bbox 3183 1870 3288 1920; x_wconf 73' lang='lat' dir='ltr'><strong>res,</strong></span> <span class='ocrx_word' id='word_1_562' title='bbox 3325 1855 3462 1909; x_wconf 86' lang='lat' dir='ltr'><strong>nihil</strong></span> <span class='ocrx_word' id='word_1_563' title='bbox 3515 1856 3697 1906; x_wconf 87' lang='lat' dir='ltr'><strong>minus</strong></span> 
     </span>
    </p>
   </div>
   <div class='ocr_carea' id='block_1_79' title="bbox 2131 1945 3698 2016">
    <p class='ocr_par' dir='ltr' id='par_1_79' title="bbox 2131 1945 3698 2016">
     <span class='ocr_line' id='line_1_79' title="bbox 2131 1945 3698 2016; baseline -0.005 -13"><span class='ocrx_word' id='word_1_564' title='bbox 2131 1949 2421 2005; x_wconf 87' lang='lat' dir='ltr'><strong>sublimem</strong></span> <span class='ocrx_word' id='word_1_565' title='bbox 2451 1947 2879 2002; x_wconf 81' lang='lat' dir='ltr'><strong>admirandiviri</strong></span> <span class='ocrx_word' id='word_1_566' title='bbox 2919 1945 3267 2016; x_wconf 85' lang='lat' dir='ltr'><strong>sapientiam,</strong></span> <span class='ocrx_word' id='word_1_567' title='bbox 3301 1945 3527 2014; x_wconf 84' lang='lat' dir='ltr'><strong>ejusque</strong></span> <span class='ocrx_word' id='word_1_568' title='bbox 3576 1945 3698 1996; x_wconf 84' lang='lat' dir='ltr'><strong>uni-</strong></span> 
     </span>
    </p>
   </div>
   <div class='ocr_carea' id='block_1_80' title="bbox 2131 2037 3691 2109">
    <p class='ocr_par' dir='ltr' id='par_1_80' title="bbox 2131 2037 3691 2109">
     <span class='ocr_line' id='line_1_80' title="bbox 2131 2037 3691 2109; baseline -0.004 -15"><span class='ocrx_word' id='word_1_569' title='bbox 2131 2043 2393 2096; x_wconf 80' lang='lat' dir='ltr'><strong>versalem</strong></span> <span class='ocrx_word' id='word_1_570' title='bbox 2419 2041 2700 2096; x_wconf 85' lang='lat' dir='ltr'><strong>scientiam</strong></span> <span class='ocrx_word' id='word_1_571' title='bbox 2734 2041 2990 2101; x_wconf 86' lang='lat' dir='ltr'><strong>ostendit,</strong></span> <span class='ocrx_word' id='word_1_572' title='bbox 3019 2054 3183 2109; x_wconf 85' lang='lat' dir='ltr'><strong>quam</strong></span> <span class='ocrx_word' id='word_1_573' title='bbox 3220 2054 3344 2094; x_wconf 91' lang='lat' dir='ltr'><strong>cum</strong></span> <span class='ocrx_word' id='word_1_574' title='bbox 3366 2040 3527 2092; x_wconf 86' lang='lat' dir='ltr'><strong>urbes</strong></span> <span class='ocrx_word' id='word_1_575' title='bbox 3553 2037 3691 2090; x_wconf 84' lang='lat' dir='ltr'><strong>alias</strong></span> 
     </span>
    </p>
   </div>
   <div class='ocr_carea' id='block_1_81' title="bbox 2131 2128 3698 2199">
    <p class='ocr_par' dir='ltr' id='par_1_81' title="bbox 2131 2128 3698 2199">
     <span class='ocr_line' id='line_1_81' title="bbox 2131 2128 3698 2199; baseline -0.006 -12"><span class='ocrx_word' id='word_1_576' title='bbox 2131 2148 2244 2187; x_wconf 78' lang='lat' dir='ltr'><strong>sua:</strong></span> <span class='ocrx_word' id='word_1_577' title='bbox 2272 2132 2498 2187; x_wconf 85' lang='lat' dir='ltr'><strong>ditionis</strong></span> <span class='ocrx_word' id='word_1_578' title='bbox 2525 2131 2671 2185; x_wconf 81' lang='lat' dir='ltr'><strong>feeit.</strong></span> <span class='ocrx_word' id='word_1_579' title='bbox 2704 2131 2868 2184; x_wconf 87' lang='lat' dir='ltr'><strong>Plane</strong></span> <span class='ocrx_word' id='word_1_580' title='bbox 2904 2145 3050 2191; x_wconf 87' lang='lat' dir='ltr'><strong>vero,</strong></span> <span class='ocrx_word' id='word_1_581' title='bbox 3103 2128 3329 2199; x_wconf 73' lang='lat' dir='ltr'><strong>Tempus</strong></span> <span class='ocrx_word' id='word_1_582' title='bbox 3381 2139 3458 2182; x_wconf 78' lang='lat' dir='ltr'><strong>est</strong></span> <span class='ocrx_word' id='word_1_583' title='bbox 3515 2128 3698 2196; x_wconf 80' lang='lat' dir='ltr'><strong>acqui-</strong></span> 
     </span>
    </p>
   </div>
   <div class='ocr_carea' id='block_1_82' title="bbox 2116 2219 3694 2293">
    <p class='ocr_par' dir='ltr' id='par_1_82' title="bbox 2116 2219 3694 2293">
     <span class='ocr_line' id='line_1_82' title="bbox 2116 2219 3694 2293; baseline -0.004 -15"><span class='ocrx_word' id='word_1_584' title='bbox 2116 2226 2293 2286; x_wconf 82' lang='lat' dir='ltr'><strong>‘rendi,</strong></span> <span class='ocrx_word' id='word_1_585' title='bbox 2322 2237 2524 2293; x_wconf 79' lang='lat' dir='ltr'><strong>tempus</strong></span> <span class='ocrx_word' id='word_1_586' title='bbox 2550 2224 2823 2291; x_wconf 81' lang='lat' dir='ltr'><strong>perdendi,</strong></span> <span class='ocrx_word' id='word_1_587' title='bbox 2840 2237 2960 2291; x_wconf 63' lang='lat' dir='ltr'><strong>quae</strong></span> <span class='ocrx_word' id='word_1_588' title='bbox 2975 2221 3284 2276; x_wconf 88' lang='lat' dir='ltr'><strong>Salomonis</strong></span> <span class='ocrx_word' id='word_1_589' title='bbox 3302 2219 3566 2277; x_wconf 82' lang='lat' dir='ltr'><strong>sententia</strong></span> <span class='ocrx_word' id='word_1_590' title='bbox 3591 2229 3694 2277; x_wconf 72' lang='lat' dir='ltr'><strong>est.</strong></span> 
     </span>
    </p>
   </div>
   <div class='ocr_carea' id='block_1_83' title="bbox 2130 2311 3696 2387">
    <p class='ocr_par' dir='ltr' id='par_1_83' title="bbox 2130 2311 3696 2387">
     <span class='ocr_line' id='line_1_83' title="bbox 2130 2311 3696 2387; baseline -0.008 -15"><span class='ocrx_word' id='word_1_591' title='bbox 2130 2327 2191 2372; x_wconf 91' lang='lat' dir='ltr'><strong>ut</strong></span> <span class='ocrx_word' id='word_1_592' title='bbox 2213 2318 2336 2387; x_wconf 86' lang='lat' dir='ltr'><strong>quis</strong></span> <span class='ocrx_word' id='word_1_593' title='bbox 2364 2318 2691 2378; x_wconf 88' lang='lat' dir='ltr'><strong>meminerit,</strong></span> <span class='ocrx_word' id='word_1_594' title='bbox 2712 2330 2836 2369; x_wconf 92' lang='lat' dir='ltr'><strong>cum</strong></span> <span class='ocrx_word' id='word_1_595' title='bbox 2869 2314 2954 2368; x_wconf 92' lang='lat' dir='ltr'><strong>illc</strong></span> <span class='ocrx_word' id='word_1_596' title='bbox 2974 2313 3243 2368; x_wconf 85' lang='lat' dir='ltr'><strong>universis</strong></span> <span class='ocrx_word' id='word_1_597' title='bbox 3268 2322 3480 2381; x_wconf 85' lang='lat' dir='ltr'><strong>tempus</strong></span> <span class='ocrx_word' id='word_1_598' title='bbox 3504 2311 3696 2364; x_wconf 88' lang='lat' dir='ltr'><strong>distri-</strong></span> 
     </span>
    </p>
   </div>
   <div class='ocr_carea' id='block_1_84' title="bbox 2128 2403 3696 2482">
    <p class='ocr_par' dir='ltr' id='par_1_84' title="bbox 2128 2403 3696 2482">
     <span class='ocr_line' id='line_1_84' title="bbox 2128 2403 3696 2482; baseline -0.009 -16"><span class='ocrx_word' id='word_1_599' title='bbox 2128 2413 2243 2466; x_wconf 90' lang='lat' dir='ltr'><strong>buit</strong></span> <span class='ocrx_word' id='word_1_600' title='bbox 2272 2431 2283 2466; x_wconf 94' lang='lat'>:</span> <span class='ocrx_word' id='word_1_601' title='bbox 2305 2425 2638 2482; x_wconf 85' lang='lat' dir='ltr'><strong>quamquam</strong></span> <span class='ocrx_word' id='word_1_602' title='bbox 2658 2409 2889 2463; x_wconf 89' lang='lat' dir='ltr'><strong>duorum</strong></span> <span class='ocrx_word' id='word_1_603' title='bbox 2910 2409 3164 2472; x_wconf 84' lang='lat' dir='ltr'><strong>alterum,</strong></span> <span class='ocrx_word' id='word_1_604' title='bbox 3193 2405 3324 2459; x_wconf 87' lang='lat' dir='ltr'><strong>dare</strong></span> <span class='ocrx_word' id='word_1_605' title='bbox 3345 2403 3696 2460; x_wconf 86' lang='lat' dir='ltr'><strong>scilicetcum</strong></span> 
     </span>
    </p>
   </div>
   <div class='ocr_carea' id='block_1_85' title="bbox 2131 2494 3701 2570">
    <p class='ocr_par' dir='ltr' id='par_1_85' title="bbox 2131 2494 3701 2570">
     <span class='ocr_line' id='line_1_85' title="bbox 2131 2494 3701 2570; baseline -0.008 -15"><span class='ocrx_word' id='word_1_606' title='bbox 2131 2503 2201 2555; x_wconf 87' lang='lat' dir='ltr'><strong>sit</strong></span> <span class='ocrx_word' id='word_1_607' title='bbox 2249 2511 2638 2570; x_wconf 90' lang='lat' dir='ltr'><strong>opportunum,</strong></span> <span class='ocrx_word' id='word_1_608' title='bbox 2693 2513 2780 2556; x_wconf 82' lang='lat' dir='ltr'><strong>res</strong></span> <span class='ocrx_word' id='word_1_609' title='bbox 2831 2497 3082 2553; x_wconf 87' lang='lat' dir='ltr'><strong>sublimis</strong></span> <span class='ocrx_word' id='word_1_610' title='bbox 3125 2495 3290 2551; x_wconf 84' lang='lat' dir='ltr'><strong>animi</strong></span> <span class='ocrx_word' id='word_1_611' title='bbox 3346 2494 3414 2548; x_wconf 68' lang='lat' dir='ltr'><strong>Sit</strong></span> <span class='ocrx_word' id='word_1_612' title='bbox 3453 2508 3516 2548; x_wconf 90' lang='lat' dir='ltr'><strong>ac</strong></span> <span class='ocrx_word' id='word_1_613' title='bbox 3568 2506 3701 2560; x_wconf 85' lang='lat' dir='ltr'><strong>pau-</strong></span> 
     </span>
    </p>
   </div>
   <div class='ocr_carea' id='block_1_86' title="bbox 2132 2607 2338 2648">
    <p class='ocr_par' dir='ltr' id='par_1_86' title="bbox 2132 2607 2338 2648">
     <span class='ocr_line' id='line_1_86' title="bbox 2132 2607 2338 2648; baseline -0.024 0"><span class='ocrx_word' id='word_1_614' title='bbox 2132 2607 2338 2648; x_wconf 75' lang='grc' dir='ltr'><strong>θοι-ιιιιι.</strong></span> 
     </span>
    </p>
   </div>
   <div class='ocr_carea' id='block_1_87' title="bbox 2205 2763 3700 2837">
    <p class='ocr_par' dir='ltr' id='par_1_87' title="bbox 2205 2763 3700 2837">
     <span class='ocr_line' id='line_1_87' title="bbox 2205 2763 3700 2837; baseline -0.005 -11"><span class='ocrx_word' id='word_1_615' title='bbox 2205 2774 2341 2826; x_wconf 85' lang='lat' dir='ltr'><strong>Cum</strong></span> <span class='ocrx_word' id='word_1_616' title='bbox 2387 2769 2531 2825; x_wconf 90' lang='lat' dir='ltr'><strong>enim</strong></span> <span class='ocrx_word' id='word_1_617' title='bbox 2577 2769 2819 2837; x_wconf 84' lang='lat' dir='ltr'><strong>plerique</strong></span> <span class='ocrx_word' id='word_1_618' title='bbox 2871 2767 3097 2820; x_wconf 88' lang='lat' dir='ltr'><strong>omnino</strong></span> <span class='ocrx_word' id='word_1_619' title='bbox 3146 2763 3447 2834; x_wconf 89' lang='lat' dir='ltr'><strong>respiciant</strong></span> <span class='ocrx_word' id='word_1_620' title='bbox 3490 2764 3557 2818; x_wconf 88' lang='lat' dir='ltr'><strong>ad</strong></span> <span class='ocrx_word' id='word_1_621' title='bbox 3613 2778 3700 2818; x_wconf 76' lang='lat' dir='ltr'><strong>res</strong></span> 
     </span>
    </p>
   </div>
   <div class='ocr_carea' id='block_1_88' title="bbox 2135 2855 3696 2936">
    <p class='ocr_par' dir='ltr' id='par_1_88' title="bbox 2135 2855 3696 2936">
     <span class='ocr_line' id='line_1_88' title="bbox 2135 2855 3696 2936; baseline -0.006 -19"><span class='ocrx_word' id='word_1_622' title='bbox 2135 2872 2445 2936; x_wconf 73' lang='lat' dir='ltr'><strong>pI‘aBSCltleS,</strong></span> <span class='ocrx_word' id='word_1_623' title='bbox 2481 2861 2803 2930; x_wconf 86' lang='lat' dir='ltr'><strong>t‘uturasque</strong></span> <span class='ocrx_word' id='word_1_624' title='bbox 2842 2857 3118 2929; x_wconf 70' lang='lat' dir='ltr'><strong>negligant</strong></span> <span class='ocrx_word' id='word_1_625' title='bbox 3147 2866 3404 2926; x_wconf 88' lang='lat' dir='ltr'><strong>tanquam</strong></span> <span class='ocrx_word' id='word_1_626' title='bbox 3435 2855 3696 2918; x_wconf 74' lang='lat' dir='ltr'><strong>incertas,</strong></span> 
     </span>
    </p>
   </div>
   <div class='ocr_carea' id='block_1_89' title="bbox 2137 2946 3695 3026">
    <p class='ocr_par' dir='ltr' id='par_1_89' title="bbox 2137 2946 3695 3026">
     <span class='ocr_line' id='line_1_89' title="bbox 2137 2946 3695 3026; baseline -0.01 -12"><span class='ocrx_word' id='word_1_627' title='bbox 2137 2959 2322 3026; x_wconf 87' lang='lat' dir='ltr'><strong>utique</strong></span> <span class='ocrx_word' id='word_1_628' title='bbox 2353 2970 2648 3026; x_wconf 83' lang='lat' dir='ltr'><strong>paucorum</strong></span> <span class='ocrx_word' id='word_1_629' title='bbox 2681 2954 2770 3018; x_wconf 93' lang='lat' dir='ltr'><strong>sit,</strong></span> <span class='ocrx_word' id='word_1_630' title='bbox 2800 2963 2858 3007; x_wconf 92' lang='lat' dir='ltr'><strong>ut</strong></span> <span class='ocrx_word' id='word_1_631' title='bbox 2892 2966 3079 3022; x_wconf 84' lang='lat' dir='ltr'><strong>parum</strong></span> <span class='ocrx_word' id='word_1_632' title='bbox 3101 2950 3232 3020; x_wconf 92' lang='lat' dir='ltr'><strong>quid</strong></span> <span class='ocrx_word' id='word_1_633' title='bbox 3287 2949 3387 3004; x_wconf 89' lang='lat' dir='ltr'><strong>sibi</strong></span> <span class='ocrx_word' id='word_1_634' title='bbox 3446 2946 3695 3003; x_wconf 87' lang='lat' dir='ltr'><strong>subtrahi</strong></span> 
     </span>
    </p>
   </div>
   <div class='ocr_carea' id='block_1_90' title="bbox 2137 3043 3698 3120">
    <p class='ocr_par' dir='ltr' id='par_1_90' title="bbox 2137 3043 3698 3120">
     <span class='ocr_line' id='line_1_90' title="bbox 2137 3043 3698 3120; baseline -0.005 -18"><span class='ocrx_word' id='word_1_635' title='bbox 2137 3050 2429 3120; x_wconf 79' lang='lat' dir='ltr'><strong>patiantur,</strong></span> <span class='ocrx_word' id='word_1_636' title='bbox 2463 3062 2571 3117; x_wconf 86' lang='lat' dir='ltr'><strong>quo</strong></span> <span class='ocrx_word' id='word_1_637' title='bbox 2605 3045 2905 3099; x_wconf 83' lang='lat' dir='ltr'><strong>maximum</strong></span> <span class='ocrx_word' id='word_1_638' title='bbox 2930 3043 3060 3113; x_wconf 87' lang='lat' dir='ltr'><strong>quid</strong></span> <span class='ocrx_word' id='word_1_639' title='bbox 3092 3043 3320 3098; x_wconf 85' lang='lat' dir='ltr'><strong>necdum</strong></span> <span class='ocrx_word' id='word_1_640' title='bbox 3351 3057 3589 3111; x_wconf 79' lang='lat' dir='ltr'><strong>praesens</strong></span> <span class='ocrx_word' id='word_1_641' title='bbox 3609 3057 3698 3094; x_wconf 90' lang='lat' dir='ltr'><strong>ac-</strong></span> 
     </span>
    </p>
   </div>
   <div class='ocr_carea' id='block_1_91' title="bbox 2051 3135 3689 3222">
    <p class='ocr_par' dir='ltr' id='par_1_91' title="bbox 2051 3135 3689 3222">
     <span class='ocr_line' id='line_1_91' title="bbox 2051 3135 3689 3222; baseline -0.007 -24"><span class='ocrx_word' id='word_1_642' title='bbox 2051 3160 2098 3222; x_wconf 77' lang='lat' dir='ltr'>c</span> <span class='ocrx_word' id='word_1_643' title='bbox 2135 3143 2376 3198; x_wconf 86' lang='lat' dir='ltr'><strong>cesserit.</strong></span> <span class='ocrx_word' id='word_1_644' title='bbox 2410 3140 2561 3196; x_wconf 85' lang='lat' dir='ltr'><strong>Haud</strong></span> <span class='ocrx_word' id='word_1_645' title='bbox 2591 3141 2872 3196; x_wconf 87' lang='lat' dir='ltr'><strong>enimvero</strong></span> <span class='ocrx_word' id='word_1_646' title='bbox 2905 3138 2970 3194; x_wconf 89' lang='lat' dir='ltr'><strong>iis</strong></span> <span class='ocrx_word' id='word_1_647' title='bbox 2998 3135 3084 3192; x_wconf 82' lang='lat' dir='ltr'><strong>ille</strong></span> <span class='ocrx_word' id='word_1_648' title='bbox 3102 3137 3574 3198; x_wconf 83' lang='lat' dir='ltr'><strong>similishabebat,</strong></span> <span class='ocrx_word' id='word_1_649' title='bbox 3596 3136 3689 3202; x_wconf 86' lang='lat' dir='ltr'><strong>qui</strong></span> 
     </span>
    </p>
   </div>
   <div class='ocr_carea' id='block_1_92' title="bbox 2125 3227 3696 3301">
    <p class='ocr_par' dir='ltr' id='par_1_92' title="bbox 2125 3227 3696 3301">
     <span class='ocr_line' id='line_1_92' title="bbox 2125 3227 3696 3301; baseline -0.006 -10"><span class='ocrx_word' id='word_1_650' title='bbox 2125 3245 2335 3291; x_wconf 88' lang='lat' dir='ltr'><strong>tantmn</strong></span> <span class='ocrx_word' id='word_1_651' title='bbox 2371 3235 2553 3288; x_wconf 89' lang='lat' dir='ltr'><strong>vident</strong></span> <span class='ocrx_word' id='word_1_652' title='bbox 2583 3234 2635 3285; x_wconf 93' lang='lat' dir='ltr'><strong>in</strong></span> <span class='ocrx_word' id='word_1_653' title='bbox 2669 3233 2896 3301; x_wconf 83' lang='lat' dir='ltr'><strong>pedibus</strong></span> <span class='ocrx_word' id='word_1_654' title='bbox 2921 3229 3262 3300; x_wconf 88' lang='lat' dir='ltr'><strong>posita,quin</strong></span> <span class='ocrx_word' id='word_1_655' title='bbox 3293 3227 3459 3282; x_wconf 82' lang='lat' dir='ltr'><strong>futuri</strong></span> <span class='ocrx_word' id='word_1_656' title='bbox 3487 3237 3544 3280; x_wconf 92' lang='lat' dir='ltr'><strong>ut</strong></span> <span class='ocrx_word' id='word_1_657' title='bbox 3571 3227 3696 3294; x_wconf 86' lang='lat' dir='ltr'><strong>quis</strong></span> 
     </span>
    </p>
   </div>
   <div class='ocr_carea' id='block_1_93' title="bbox 2122 3319 3682 3396">
    <p class='ocr_par' dir='ltr' id='par_1_93' title="bbox 2122 3319 3682 3396">
     <span class='ocr_line' id='line_1_93' title="bbox 2122 3319 3682 3396; baseline -0.008 -13"><span class='ocrx_word' id='word_1_658' title='bbox 2122 3328 2260 3384; x_wconf 86' lang='lat' dir='ltr'><strong>alius</strong></span> <span class='ocrx_word' id='word_1_659' title='bbox 2289 3325 2610 3396; x_wconf 69' lang='lat' dir='ltr'><strong>praavidens,</strong></span> <span class='ocrx_word' id='word_1_660' title='bbox 2637 3325 2911 3379; x_wconf 83' lang='lat' dir='ltr'><strong>universis</strong></span> <span class='ocrx_word' id='word_1_661' title='bbox 2933 3323 3192 3393; x_wconf 76' lang='lat' dir='ltr'><strong>deinceps</strong></span> <span class='ocrx_word' id='word_1_662' title='bbox 3224 3336 3412 3376; x_wconf 84' lang='lat' dir='ltr'><strong>curam</strong></span> <span class='ocrx_word' id='word_1_663' title='bbox 3447 3319 3682 3375; x_wconf 85' lang='lat' dir='ltr'><strong>adhibe-</strong></span> 
     </span>
    </p>
   </div>
   <div class='ocr_carea' id='block_1_94' title="bbox 2124 3411 3693 3490">
    <p class='ocr_par' dir='ltr' id='par_1_94' title="bbox 2124 3411 3693 3490">
     <span class='ocr_line' id='line_1_94' title="bbox 2124 3411 3693 3490; baseline -0.01 -14"><span class='ocrx_word' id='word_1_664' title='bbox 2124 3423 2232 3477; x_wconf 45' lang='lat' dir='ltr'><strong>|‘at.</strong></span> <span class='ocrx_word' id='word_1_665' title='bbox 2265 3420 2467 3476; x_wconf 82' lang='lat' dir='ltr'><strong>Videns</strong></span> <span class='ocrx_word' id='word_1_666' title='bbox 2496 3421 2678 3490; x_wconf 88' lang='lat' dir='ltr'><strong>itaque</strong></span> <span class='ocrx_word' id='word_1_667' title='bbox 2710 3419 2940 3472; x_wconf 82' lang='lat' dir='ltr'><strong>fractam</strong></span> <span class='ocrx_word' id='word_1_668' title='bbox 2968 3417 3181 3472; x_wconf 90' lang='lat' dir='ltr'><strong>viribus</strong></span> <span class='ocrx_word' id='word_1_669' title='bbox 3214 3416 3402 3470; x_wconf 80' lang='lat' dir='ltr'><strong>urbem</strong></span> <span class='ocrx_word' id='word_1_670' title='bbox 3461 3428 3489 3465; x_wconf 89' lang='lat' dir='ltr'><strong>a</strong></span> <span class='ocrx_word' id='word_1_671' title='bbox 3535 3411 3693 3476; x_wconf 78' lang='lat' dir='ltr'><strong>longa</strong></span> 
     </span>
    </p>
   </div>
   <div class='ocr_carea' id='block_1_95' title="bbox 2119 3501 3690 3582">
    <p class='ocr_par' dir='ltr' id='par_1_95' title="bbox 2119 3501 3690 3582">
     <span class='ocr_line' id='line_1_95' title="bbox 2119 3501 3690 3582; baseline -0.01 -14"><span class='ocrx_word' id='word_1_672' title='bbox 2119 3513 2424 3578; x_wconf 86' lang='lat' dir='ltr'><strong>obsidione,</strong></span> <span class='ocrx_word' id='word_1_673' title='bbox 2446 3527 2507 3566; x_wconf 87' lang='lat' dir='ltr'><strong>ac</strong></span> <span class='ocrx_word' id='word_1_674' title='bbox 2537 3512 2680 3582; x_wconf 90' lang='lat' dir='ltr'><strong>quod</strong></span> <span class='ocrx_word' id='word_1_675' title='bbox 2710 3509 2952 3564; x_wconf 80' lang='lat' dir='ltr'><strong>futurum</strong></span> <span class='ocrx_word' id='word_1_676' title='bbox 2980 3509 3209 3562; x_wconf 86' lang='lat' dir='ltr'><strong>essetoh</strong></span> <span class='ocrx_word' id='word_1_677' title='bbox 3231 3507 3420 3558; x_wconf 84' lang='lat' dir='ltr'><strong>oculos</strong></span> <span class='ocrx_word' id='word_1_678' title='bbox 3444 3501 3651 3554; x_wconf 84' lang='lat' dir='ltr'><strong>habens</strong></span> <span class='ocrx_word' id='word_1_679' title='bbox 3678 3517 3690 3562; x_wconf 87' lang='lat'><strong>;</strong></span> 
     </span>
    </p>
   </div>
   <div class='ocr_carea' id='block_1_96' title="bbox 2122 3592 3687 3659">
    <p class='ocr_par' dir='ltr' id='par_1_96' title="bbox 2122 3592 3687 3659">
     <span class='ocr_line' id='line_1_96' title="bbox 2122 3592 3687 3659; baseline -0.01 -1"><span class='ocrx_word' id='word_1_680' title='bbox 2122 3604 2240 3659; x_wconf 82' lang='lat' dir='ltr'><strong>fore</strong></span> <span class='ocrx_word' id='word_1_681' title='bbox 2269 3607 2525 3659; x_wconf 87' lang='lat' dir='ltr'><strong>nimirum</strong></span> <span class='ocrx_word' id='word_1_682' title='bbox 2559 3615 2618 3656; x_wconf 90' lang='lat' dir='ltr'><strong>ut</strong></span> <span class='ocrx_word' id='word_1_683' title='bbox 2646 3602 2970 3658; x_wconf 79' lang='lat' dir='ltr'><strong>obsidentes</strong></span> <span class='ocrx_word' id='word_1_684' title='bbox 2993 3597 3218 3653; x_wconf 88' lang='lat' dir='ltr'><strong>Barbari</strong></span> <span class='ocrx_word' id='word_1_685' title='bbox 3249 3611 3311 3650; x_wconf 90' lang='lat' dir='ltr'><strong>ea</strong></span> <span class='ocrx_word' id='word_1_686' title='bbox 3340 3595 3486 3647; x_wconf 79' lang='lat' dir='ltr'><strong>brevi</strong></span> <span class='ocrx_word' id='word_1_687' title='bbox 3552 3592 3687 3659; x_wconf 77' lang='lat' dir='ltr'><strong>pati-</strong></span> 
     </span>
    </p>
   </div>
   <div class='ocr_carea' id='block_1_97' title="bbox 2121 3686 3690 3761">
    <p class='ocr_par' dir='ltr' id='par_1_97' title="bbox 2121 3686 3690 3761">
     <span class='ocr_line' id='line_1_97' title="bbox 2121 3686 3690 3761; baseline -0.011 -12"><span class='ocrx_word' id='word_1_688' title='bbox 2121 3704 2332 3760; x_wconf 83' lang='lat' dir='ltr'><strong>rentur,</strong></span> <span class='ocrx_word' id='word_1_689' title='bbox 2358 3705 2522 3761; x_wconf 88' lang='lat' dir='ltr'><strong>utque</strong></span> <span class='ocrx_word' id='word_1_690' title='bbox 2539 3693 2715 3747; x_wconf 88' lang='lat' dir='ltr'><strong>statim</strong></span> <span class='ocrx_word' id='word_1_691' title='bbox 2739 3706 2801 3746; x_wconf 89' lang='lat' dir='ltr'><strong>ea</strong></span> <span class='ocrx_word' id='word_1_692' title='bbox 2839 3686 3386 3760; x_wconf 77' lang='lat' dir='ltr'><strong>expugnata,mirum</strong></span> <span class='ocrx_word' id='word_1_693' title='bbox 3428 3691 3690 3752; x_wconf 86' lang='lat' dir='ltr'><strong>quantum</strong></span> 
     </span>
    </p>
   </div>
   <div class='ocr_carea' id='block_1_98' title="bbox 2125 3777 3692 3854">
    <p class='ocr_par' dir='ltr' id='par_1_98' title="bbox 2125 3777 3692 3854">
     <span class='ocr_line' id='line_1_98' title="bbox 2125 3777 3692 3854; baseline -0.01 -15"><span class='ocrx_word' id='word_1_694' title='bbox 2125 3793 2476 3854; x_wconf 70' lang='lat' dir='ltr'><strong>promovente</strong></span> <span class='ocrx_word' id='word_1_695' title='bbox 2539 3784 2720 3845; x_wconf 87' lang='lat' dir='ltr'><strong>malo,</strong></span> <span class='ocrx_word' id='word_1_696' title='bbox 2769 3783 2950 3850; x_wconf 88' lang='lat' dir='ltr'><strong>plures</strong></span> <span class='ocrx_word' id='word_1_697' title='bbox 3006 3781 3141 3834; x_wconf 88' lang='lat' dir='ltr'><strong>alias</strong></span> <span class='ocrx_word' id='word_1_698' title='bbox 3194 3777 3404 3848; x_wconf 87' lang='lat' dir='ltr'><strong>capturi</strong></span> <span class='ocrx_word' id='word_1_699' title='bbox 3454 3781 3636 3827; x_wconf 86' lang='lat' dir='ltr'><strong>essent</strong></span> <span class='ocrx_word' id='word_1_700' title='bbox 3678 3789 3692 3835; x_wconf 90' lang='lat'><strong>;</strong></span> 
     </span>
    </p>
   </div>
   <div class='ocr_carea' id='block_1_99' title="bbox 2127 3866 3690 3938">
    <p class='ocr_par' dir='ltr' id='par_1_99' title="bbox 2127 3866 3690 3938">
     <span class='ocr_line' id='line_1_99' title="bbox 2127 3866 3690 3938; baseline -0.009 -9"><span class='ocrx_word' id='word_1_701' title='bbox 2127 3875 2265 3929; x_wconf 91' lang='lat' dir='ltr'><strong>lucri</strong></span> <span class='ocrx_word' id='word_1_702' title='bbox 2297 3888 2402 3927; x_wconf 88' lang='lat' dir='ltr'><strong>non</strong></span> <span class='ocrx_word' id='word_1_703' title='bbox 2427 3873 2624 3926; x_wconf 90' lang='lat' dir='ltr'><strong>modici</strong></span> <span class='ocrx_word' id='word_1_704' title='bbox 2650 3873 3024 3925; x_wconf 82' lang='lat' dir='ltr'><strong>accessionem</strong></span> <span class='ocrx_word' id='word_1_705' title='bbox 3042 3871 3159 3938; x_wconf 84' lang='lat' dir='ltr'><strong>ejus</strong></span> <span class='ocrx_word' id='word_1_706' title='bbox 3192 3866 3690 3934; x_wconf 81' lang='lat' dir='ltr'><strong>habuitjacturam,</strong></span> 
     </span>
    </p>
   </div>
   <div class='ocr_carea' id='block_1_100' title="bbox 2127 3956 3692 4030">
    <p class='ocr_par' dir='ltr' id='par_1_100' title="bbox 2127 3956 3692 4030">
     <span class='ocr_line' id='line_1_100' title="bbox 2127 3956 3692 4030; baseline -0.007 -12"><span class='ocrx_word' id='word_1_707' title='bbox 2127 3975 2186 4019; x_wconf 93' lang='lat' dir='ltr'><strong>ut</strong></span> <span class='ocrx_word' id='word_1_708' title='bbox 2215 3979 2282 4018; x_wconf 89' lang='lat' dir='ltr'><strong>ne</strong></span> <span class='ocrx_word' id='word_1_709' title='bbox 2311 3963 2525 4029; x_wconf 86' lang='lat' dir='ltr'><strong>majori,</strong></span> <span class='ocrx_word' id='word_1_710' title='bbox 2559 3965 2746 4030; x_wconf 90' lang='lat' dir='ltr'><strong>plures</strong></span> <span class='ocrx_word' id='word_1_711' title='bbox 2776 3977 2880 4015; x_wconf 90' lang='lat' dir='ltr'><strong>una</strong></span> <span class='ocrx_word' id='word_1_712' title='bbox 2913 3963 3208 4015; x_wconf 88' lang='lat' dir='ltr'><strong>amitteret.</strong></span> <span class='ocrx_word' id='word_1_713' title='bbox 3239 3960 3312 4012; x_wconf 85' lang='lat' dir='ltr'><strong>Ea</strong></span> <span class='ocrx_word' id='word_1_714' title='bbox 3337 3973 3500 4028; x_wconf 83' lang='lat' dir='ltr'><strong>porro</strong></span> <span class='ocrx_word' id='word_1_715' title='bbox 3533 3956 3692 4010; x_wconf 85' lang='lat' dir='ltr'><strong>moli-</strong></span> 
     </span>
    </p>
   </div>
   <div class='ocr_carea' id='block_1_101' title="bbox 2129 4047 3694 4120">
    <p class='ocr_par' dir='ltr' id='par_1_101' title="bbox 2129 4047 3694 4120">
     <span class='ocr_line' id='line_1_101' title="bbox 2129 4047 3694 4120; baseline -0.008 -9"><span class='ocrx_word' id='word_1_716' title='bbox 2129 4057 2272 4111; x_wconf 88' lang='lat' dir='ltr'><strong>tione</strong></span> <span class='ocrx_word' id='word_1_717' title='bbox 2300 4054 2364 4108; x_wconf 82' lang='lat' dir='ltr'><strong>iis</strong></span> <span class='ocrx_word' id='word_1_718' title='bbox 2387 4051 2584 4108; x_wconf 86' lang='lat' dir='ltr'><strong>similis</strong></span> <span class='ocrx_word' id='word_1_719' title='bbox 2609 4051 2915 4115; x_wconf 87' lang='lat' dir='ltr'><strong>videbatur,</strong></span> <span class='ocrx_word' id='word_1_720' title='bbox 2945 4051 3038 4120; x_wconf 91' lang='lat' dir='ltr'><strong>qui</strong></span> <span class='ocrx_word' id='word_1_721' title='bbox 3069 4047 3521 4120; x_wconf 80' lang='lat' dir='ltr'><strong>magna&#39;correpti</strong></span> <span class='ocrx_word' id='word_1_722' title='bbox 3559 4057 3694 4101; x_wconf 83' lang='lat' dir='ltr'><strong>tem-</strong></span> 
     </span>
    </p>
   </div>
   <div class='ocr_carea' id='block_1_102' title="bbox 2127 4141 3691 4218">
    <p class='ocr_par' dir='ltr' id='par_1_102' title="bbox 2127 4141 3691 4218">
     <span class='ocr_line' id='line_1_102' title="bbox 2127 4141 3691 4218; baseline -0.002 -19"><span class='ocrx_word' id='word_1_723' title='bbox 2127 4153 2359 4218; x_wconf 86' lang='lat' dir='ltr'><strong>pestatc,</strong></span> <span class='ocrx_word' id='word_1_724' title='bbox 2393 4158 2604 4198; x_wconf 87' lang='lat' dir='ltr'><strong>merces</strong></span> <span class='ocrx_word' id='word_1_725' title='bbox 2639 4143 2840 4197; x_wconf 88' lang='lat' dir='ltr'><strong>multas</strong></span> <span class='ocrx_word' id='word_1_726' title='bbox 2878 4141 3691 4211; x_wconf 81' lang='lat' dir='ltr'><strong>manibusipsisalojactantes.</strong></span> 
     </span>
    </p>
   </div>
   <div class='ocr_carea' id='block_1_103' title="bbox 2123 4227 3694 4308">
    <p class='ocr_par' dir='ltr' id='par_1_103' title="bbox 2123 4227 3694 4308">
     <span class='ocr_line' id='line_1_103' title="bbox 2123 4227 3694 4308; baseline -0.008 -16"><span class='ocrx_word' id='word_1_727' title='bbox 2123 4239 2392 4308; x_wconf 74' lang='lat' dir='ltr'><strong>iacturam</strong></span> <span class='ocrx_word' id='word_1_728' title='bbox 2423 4233 2560 4289; x_wconf 88' lang='lat' dir='ltr'><strong>lucri</strong></span> <span class='ocrx_word' id='word_1_729' title='bbox 2584 4233 2794 4288; x_wconf 86' lang='lat' dir='ltr'><strong>ducunt</strong></span> <span class='ocrx_word' id='word_1_730' title='bbox 2825 4248 2838 4283; x_wconf 89' lang='lat'><strong>:</strong></span> <span class='ocrx_word' id='word_1_731' title='bbox 2869 4246 2976 4284; x_wconf 93' lang='lat' dir='ltr'><strong>non</strong></span> <span class='ocrx_word' id='word_1_732' title='bbox 2997 4231 3120 4299; x_wconf 82' lang='lat' dir='ltr'><strong>quia</strong></span> <span class='ocrx_word' id='word_1_733' title='bbox 3141 4245 3198 4283; x_wconf 89' lang='lat' dir='ltr'><strong>re</strong></span> <span class='ocrx_word' id='word_1_734' title='bbox 3222 4231 3582 4294; x_wconf 87' lang='lat' dir='ltr'><strong>delectentur,</strong></span> <span class='ocrx_word' id='word_1_735' title='bbox 3601 4227 3694 4280; x_wconf 85' lang='lat' dir='ltr'><strong>sed</strong></span> 
     </span>
    </p>
   </div>
   <div class='ocr_carea' id='block_1_104' title="bbox 2128 4322 3697 4384">
    <p class='ocr_par' dir='ltr' id='par_1_104' title="bbox 2128 4322 3697 4384">
     <span class='ocr_line' id='line_1_104' title="bbox 2128 4322 3697 4384; baseline -0.01 -1"><span class='ocrx_word' id='word_1_736' title='bbox 2128 4337 2186 4384; x_wconf 91' lang='lat' dir='ltr'><strong>ut</strong></span> <span class='ocrx_word' id='word_1_737' title='bbox 2214 4343 2279 4382; x_wconf 87' lang='lat' dir='ltr'><strong>ne</strong></span> <span class='ocrx_word' id='word_1_738' title='bbox 2302 4339 2512 4381; x_wconf 84' lang='lat' dir='ltr'><strong>merces</strong></span> <span class='ocrx_word' id='word_1_739' title='bbox 2544 4333 2683 4380; x_wconf 89' lang='lat' dir='ltr'><strong>totas</strong></span> <span class='ocrx_word' id='word_1_740' title='bbox 2715 4322 2948 4377; x_wconf 90' lang='lat' dir='ltr'><strong>retinere</strong></span> <span class='ocrx_word' id='word_1_741' title='bbox 2991 4322 3259 4383; x_wconf 88' lang='lat' dir='ltr'><strong>volentes,</strong></span> <span class='ocrx_word' id='word_1_742' title='bbox 3307 4334 3429 4371; x_wconf 90' lang='lat' dir='ltr'><strong>cum</strong></span> <span class='ocrx_word' id='word_1_743' title='bbox 3485 4326 3697 4382; x_wconf 75' lang='lat' dir='ltr'><strong>tempus</strong></span> 
     </span>
    </p>
   </div>
   <div class='ocr_carea' id='block_1_105' title="bbox 2131 4399 3693 4480">
    <p class='ocr_par' dir='ltr' id='par_1_105' title="bbox 2131 4399 3693 4480">
     <span class='ocr_line' id='line_1_105' title="bbox 2131 4399 3693 4480; baseline -0.009 -10"><span class='ocrx_word' id='word_1_744' title='bbox 2131 4417 2473 4480; x_wconf 85' lang='lat' dir='ltr'><strong>adversetur,</strong></span> <span class='ocrx_word' id='word_1_745' title='bbox 2504 4399 2821 4468; x_wconf 47' lang='lat' dir='ltr'><strong>male&#39;totas</strong></span> <span class='ocrx_word' id='word_1_746' title='bbox 2866 4411 3142 4466; x_wconf 87' lang='lat' dir='ltr'><strong>amittant.</strong></span> <span class='ocrx_word' id='word_1_747' title='bbox 3193 4407 3562 4474; x_wconf 87' lang='lat' dir='ltr'><strong>Quamobrem</strong></span> <span class='ocrx_word' id='word_1_748' title='bbox 3618 4407 3693 4457; x_wconf 86' lang='lat' dir='ltr'><strong>uti</strong></span> 
     </span>
    </p>
   </div>
   <div class='ocr_carea' id='block_1_106' title="bbox 2053 4481 3694 4576">
    <p class='ocr_par' dir='ltr' id='par_1_106' title="bbox 2053 4481 3694 4576">
     <span class='ocr_line' id='line_1_106' title="bbox 2053 4481 3694 4576; baseline -0.009 -12"><span class='ocrx_word' id='word_1_749' title='bbox 2053 4481 2105 4540; x_wconf 70' lang='grc' dir='ltr'><strong><em>Β</em></strong></span> <span class='ocrx_word' id='word_1_750' title='bbox 2133 4520 2289 4565; x_wconf 89' lang='lat' dir='ltr'><strong>antea</strong></span> <span class='ocrx_word' id='word_1_751' title='bbox 2323 4509 2482 4576; x_wconf 83' lang='lat' dir='ltr'><strong>longe</strong></span> <span class='ocrx_word' id='word_1_752' title='bbox 2504 4505 2914 4562; x_wconf 84' lang='lat' dir='ltr'><strong>celeberrimam</strong></span> <span class='ocrx_word' id='word_1_753' title='bbox 2939 4501 3126 4557; x_wconf 89' lang='lat' dir='ltr'><strong>urbem</strong></span> <span class='ocrx_word' id='word_1_754' title='bbox 3160 4499 3348 4554; x_wconf 90' lang='lat' dir='ltr'><strong>multis</strong></span> <span class='ocrx_word' id='word_1_755' title='bbox 3369 4497 3694 4566; x_wconf 87' lang='lat' dir='ltr'><strong>sumptibus.</strong></span> 
     </span>
    </p>
   </div>
   <div class='ocr_carea' id='block_1_107' title="bbox 2137 4589 3695 4664">
    <p class='ocr_par' dir='ltr' id='par_1_107' title="bbox 2137 4589 3695 4664">
     <span class='ocr_line' id='line_1_107' title="bbox 2137 4589 3695 4664; baseline -0.007 -16"><span class='ocrx_word' id='word_1_756' title='bbox 2137 4594 2564 4664; x_wconf 86' lang='lat' dir='ltr'><strong>impensiorique</strong></span> <span class='ocrx_word' id='word_1_757' title='bbox 2597 4593 2804 4656; x_wconf 86' lang='lat' dir='ltr'><strong>labore,</strong></span> <span class='ocrx_word' id='word_1_758' title='bbox 2831 4607 2894 4647; x_wconf 86' lang='lat' dir='ltr'><strong>ac</strong></span> <span class='ocrx_word' id='word_1_759' title='bbox 2926 4591 3179 4661; x_wconf 89' lang='lat' dir='ltr'><strong>plurimis</strong></span> <span class='ocrx_word' id='word_1_760' title='bbox 3215 4589 3506 4644; x_wconf 80' lang='lat' dir='ltr'><strong>defunctus</strong></span> <span class='ocrx_word' id='word_1_761' title='bbox 3547 4589 3695 4656; x_wconf 64' lang='lat' dir='ltr'><strong>peri»</strong></span> 
     </span>
    </p>
   </div>
   <div class='ocr_carea' id='block_1_108' title="bbox 2131 4684 3694 4752">
    <p class='ocr_par' dir='ltr' id='par_1_108' title="bbox 2131 4684 3694 4752">
     <span class='ocr_line' id='line_1_108' title="bbox 2131 4684 3694 4752; baseline -0.008 -10"><span class='ocrx_word' id='word_1_762' title='bbox 2131 4689 2270 4742; x_wconf 90' lang='lat' dir='ltr'><strong>culis</strong></span> <span class='ocrx_word' id='word_1_763' title='bbox 2319 4688 2374 4739; x_wconf 91' lang='lat' dir='ltr'><strong>iu</strong></span> <span class='ocrx_word' id='word_1_764' title='bbox 2399 4685 2655 4741; x_wconf 90' lang='lat' dir='ltr'><strong>ditionem</strong></span> <span class='ocrx_word' id='word_1_765' title='bbox 2685 4684 3120 4752; x_wconf 86' lang='lat' dir='ltr'><strong>recipiens,cum</strong></span> <span class='ocrx_word' id='word_1_766' title='bbox 3138 4689 3283 4735; x_wconf 90' lang='lat' dir='ltr'><strong>esset</strong></span> <span class='ocrx_word' id='word_1_767' title='bbox 3309 4693 3694 4747; x_wconf 79' lang='lat' dir='ltr'><strong>magnns,sese</strong></span> 
     </span>
    </p>
   </div>
   <div class='ocr_carea' id='block_1_109' title="bbox 2131 4772 3692 4846">
    <p class='ocr_par' dir='ltr' id='par_1_109' title="bbox 2131 4772 3692 4846">
     <span class='ocr_line' id='line_1_109' title="bbox 2131 4772 3692 4846; baseline -0.008 -13"><span class='ocrx_word' id='word_1_768' title='bbox 2131 4794 2386 4846; x_wconf 80' lang='lat' dir='ltr'><strong>magnum</strong></span> <span class='ocrx_word' id='word_1_769' title='bbox 2418 4775 2659 4832; x_wconf 81' lang='lat' dir='ltr'><strong>ostendit</strong></span> <span class='ocrx_word' id='word_1_770' title='bbox 2695 4794 2707 4829; x_wconf 90' lang='lat'><strong>:</strong></span> <span class='ocrx_word' id='word_1_771' title='bbox 2735 4775 2814 4829; x_wconf 91' lang='lat' dir='ltr'><strong>sic</strong></span> <span class='ocrx_word' id='word_1_772' title='bbox 2831 4789 3050 4844; x_wconf 91' lang='lat' dir='ltr'><strong>quoque</strong></span> <span class='ocrx_word' id='word_1_773' title='bbox 3077 4788 3171 4842; x_wconf 83' lang='lat' dir='ltr'><strong>per</strong></span> <span class='ocrx_word' id='word_1_774' title='bbox 3205 4772 3254 4825; x_wconf 90' lang='lat' dir='ltr'><strong>id</strong></span> <span class='ocrx_word' id='word_1_775' title='bbox 3288 4779 3526 4840; x_wconf 90' lang='lat' dir='ltr'><strong>tempus.</strong></span> <span class='ocrx_word' id='word_1_776' title='bbox 3569 4785 3692 4824; x_wconf 91' lang='lat' dir='ltr'><strong>cum</strong></span> 
     </span>
    </p>
   </div>
   <div class='ocr_carea' id='block_1_110' title="bbox 2131 4866 3693 4937">
    <p class='ocr_par' dir='ltr' id='par_1_110' title="bbox 2131 4866 3693 4937">
     <span class='ocr_line' id='line_1_110' title="bbox 2131 4866 3693 4937; baseline -0.006 -15"><span class='ocrx_word' id='word_1_777' title='bbox 2131 4869 2391 4931; x_wconf 79' lang='lat' dir='ltr'><strong>dedisset,</strong></span> <span class='ocrx_word' id='word_1_778' title='bbox 2417 4867 2636 4937; x_wconf 90' lang='lat' dir='ltr'><strong>quando</strong></span> <span class='ocrx_word' id='word_1_779' title='bbox 2666 4882 2729 4921; x_wconf 90' lang='lat' dir='ltr'><strong>ac</strong></span> <span class='ocrx_word' id='word_1_780' title='bbox 2751 4866 2952 4935; x_wconf 91' lang='lat' dir='ltr'><strong>quibus</strong></span> <span class='ocrx_word' id='word_1_781' title='bbox 2976 4880 3072 4934; x_wconf 87' lang='lat' dir='ltr'><strong>par</strong></span> <span class='ocrx_word' id='word_1_782' title='bbox 3098 4873 3265 4930; x_wconf 85' lang='lat' dir='ltr'><strong>esset,</strong></span> <span class='ocrx_word' id='word_1_783' title='bbox 3295 4874 3458 4932; x_wconf 89' lang='lat' dir='ltr'><strong>atque</strong></span> <span class='ocrx_word' id='word_1_784' title='bbox 3487 4871 3548 4916; x_wconf 92' lang='lat' dir='ltr'><strong>ut</strong></span> <span class='ocrx_word' id='word_1_785' title='bbox 3578 4878 3693 4914; x_wconf 67' lang='lat' dir='ltr'><strong>mv-</strong></span> 
     </span>
    </p>
   </div>
   <div class='ocr_carea' id='block_1_111' title="bbox 2127 4955 3693 5028">
    <p class='ocr_par' dir='ltr' id='par_1_111' title="bbox 2127 4955 3693 5028">
     <span class='ocr_line' id='line_1_111' title="bbox 2127 4955 3693 5028; baseline -0.005 -14"><span class='ocrx_word' id='word_1_786' title='bbox 2127 4961 2233 5016; x_wconf 88' lang='lat' dir='ltr'><strong>lius</strong></span> <span class='ocrx_word' id='word_1_787' title='bbox 2264 4960 2465 5027; x_wconf 89' lang='lat' dir='ltr'><strong>alioqui</strong></span> <span class='ocrx_word' id='word_1_788' title='bbox 2491 4974 2596 5012; x_wconf 90' lang='lat' dir='ltr'><strong>non</strong></span> <span class='ocrx_word' id='word_1_789' title='bbox 2616 4967 2793 5028; x_wconf 91' lang='lat' dir='ltr'><strong>posset</strong></span> <span class='ocrx_word' id='word_1_790' title='bbox 2822 4957 2995 5010; x_wconf 90' lang='lat' dir='ltr'><strong>trahi:</strong></span> <span class='ocrx_word' id='word_1_791' title='bbox 3021 4955 3412 5010; x_wconf 88' lang='lat' dir='ltr'><strong>tum&#39;nimirum</strong></span> <span class='ocrx_word' id='word_1_792' title='bbox 3445 4969 3693 5009; x_wconf 89' lang='lat' dir='ltr'><strong>cumnon</strong></span> 
     </span>
    </p>
   </div>
   <div class='ocr_carea' id='block_1_112' title="bbox 2134 5046 3695 5122">
    <p class='ocr_par' dir='ltr' id='par_1_112' title="bbox 2134 5046 3695 5122">
     <span class='ocr_line' id='line_1_112' title="bbox 2134 5046 3695 5122; baseline -0.003 -18"><span class='ocrx_word' id='word_1_793' title='bbox 2134 5060 2278 5105; x_wconf 89' lang='lat' dir='ltr'><strong>esset</strong></span> <span class='ocrx_word' id='word_1_794' title='bbox 2303 5049 2609 5104; x_wconf 82' lang='lat' dir='ltr'><strong>servando:</strong></span> <span class='ocrx_word' id='word_1_795' title='bbox 2635 5057 2800 5118; x_wconf 88' lang='lat' dir='ltr'><strong>atque</strong></span> <span class='ocrx_word' id='word_1_796' title='bbox 2822 5050 2956 5101; x_wconf 90' lang='lat' dir='ltr'><strong>adeo</strong></span> <span class='ocrx_word' id='word_1_797' title='bbox 2985 5046 3267 5122; x_wconf 60' lang='lat' dir='ltr'><strong>fratribus,</strong></span> <span class='ocrx_word' id='word_1_798' title='bbox 3290 5048 3382 5116; x_wconf 89' lang='lat' dir='ltr'><strong>qui</strong></span> <span class='ocrx_word' id='word_1_799' title='bbox 3405 5055 3459 5101; x_wconf 91' lang='lat' dir='ltr'><strong>et</strong></span> <span class='ocrx_word' id='word_1_800' title='bbox 3478 5047 3695 5100; x_wconf 90' lang='lat' dir='ltr'><strong>abunde</strong></span> 
     </span>
    </p>
   </div>
   <div class='ocr_carea' id='block_1_113' title="bbox 2129 5138 3692 5209">
    <p class='ocr_par' dir='ltr' id='par_1_113' title="bbox 2129 5138 3692 5209">
     <span class='ocr_line' id='line_1_113' title="bbox 2129 5138 3692 5209; baseline -0.004 -15"><span class='ocrx_word' id='word_1_801' title='bbox 2129 5141 2432 5209; x_wconf 66' lang='lat' dir='ltr'><strong>magniﬁcis</strong></span> <span class='ocrx_word' id='word_1_802' title='bbox 2458 5139 2968 5208; x_wconf 88' lang='lat' dir='ltr'><strong>pollicitationibus,</strong></span> <span class='ocrx_word' id='word_1_803' title='bbox 3001 5139 3176 5192; x_wconf 88' lang='lat' dir='ltr'><strong>modis</strong></span> <span class='ocrx_word' id='word_1_804' title='bbox 3208 5154 3267 5193; x_wconf 89' lang='lat' dir='ltr'><strong>se</strong></span> <span class='ocrx_word' id='word_1_805' title='bbox 3292 5138 3552 5193; x_wconf 88' lang='lat' dir='ltr'><strong>omnibus</strong></span> <span class='ocrx_word' id='word_1_806' title='bbox 3593 5155 3692 5190; x_wconf 81' lang='lat' dir='ltr'><strong>nu-</strong></span> 
     </span>
    </p>
   </div>
   <div class='ocr_carea' id='block_1_114' title="bbox 2133 5231 3246 5303">
    <p class='ocr_par' dir='ltr' id='par_1_114' title="bbox 2133 5231 3246 5303">
     <span class='ocr_line' id='line_1_114' title="bbox 2133 5231 3246 5303; baseline 0 -15"><span class='ocrx_word' id='word_1_807' title='bbox 2133 5234 2214 5288; x_wconf 91' lang='lat' dir='ltr'><strong>bis</strong></span> <span class='ocrx_word' id='word_1_808' title='bbox 2243 5233 2498 5303; x_wconf 87' lang='lat' dir='ltr'><strong>deinceps</strong></span> <span class='ocrx_word' id='word_1_809' title='bbox 2526 5231 2886 5287; x_wconf 82' lang='lat' dir='ltr'><strong>auxiliaturos</strong></span> <span class='ocrx_word' id='word_1_810' title='bbox 2919 5235 3246 5303; x_wconf 82' lang='lat' dir='ltr'><strong>reciperent.</strong></span> 
     </span>
    </p>
   </div>
   <div class='ocr_carea' id='block_1_115' title="bbox 2198 5395 3692 5480">
    <p class='ocr_par' dir='ltr' id='par_1_115' title="bbox 2198 5395 3692 5480">
     <span class='ocr_line' id='line_1_115' title="bbox 2198 5395 3692 5480; baseline -0.005 -16"><span class='ocrx_word' id='word_1_811' title='bbox 2198 5410 2370 5476; x_wconf 83' lang='lat' dir='ltr'><strong>Quam</strong></span> <span class='ocrx_word' id='word_1_812' title='bbox 2398 5424 2527 5480; x_wconf 76' lang='lat' dir='ltr'><strong>ergo</strong></span> <span class='ocrx_word' id='word_1_813' title='bbox 2561 5395 2687 5480; x_wconf 84' lang='lat' dir='ltr'><strong>jure</strong></span> <span class='ocrx_word' id='word_1_814' title='bbox 2729 5410 3110 5477; x_wconf 85' lang='lat' dir='ltr'><strong>admirandus,</strong></span> <span class='ocrx_word' id='word_1_815' title='bbox 3173 5419 3231 5464; x_wconf 89' lang='lat' dir='ltr'><strong>ut</strong></span> <span class='ocrx_word' id='word_1_816' title='bbox 3276 5411 3421 5479; x_wconf 88' lang='lat' dir='ltr'><strong>quod</strong></span> <span class='ocrx_word' id='word_1_817' title='bbox 3468 5408 3692 5461; x_wconf 80' lang='lat' dir='ltr'><strong>omnino</strong></span> 
     </span>
    </p>
   </div>
   <div class='ocr_carea' id='block_1_116' title="bbox 2129 5494 3700 5568">
    <p class='ocr_par' dir='ltr' id='par_1_116' title="bbox 2129 5494 3700 5568">
     <span class='ocr_line' id='line_1_116' title="bbox 2129 5494 3700 5568; baseline -0.004 -13"><span class='ocrx_word' id='word_1_818' title='bbox 2129 5515 2411 5555; x_wconf 88' lang='lat' dir='ltr'><strong>cessurum</strong></span> <span class='ocrx_word' id='word_1_819' title='bbox 2435 5507 2552 5553; x_wconf 86' lang='lat' dir='ltr'><strong>erat</strong></span> <span class='ocrx_word' id='word_1_820' title='bbox 2575 5502 2627 5554; x_wconf 83' lang='lat' dir='ltr'><strong>in</strong></span> <span class='ocrx_word' id='word_1_821' title='bbox 2660 5499 2893 5554; x_wconf 90' lang='lat' dir='ltr'><strong>hostium</strong></span> <span class='ocrx_word' id='word_1_822' title='bbox 2919 5509 3263 5568; x_wconf 83' lang='lat' dir='ltr'><strong>potestatem,</strong></span> <span class='ocrx_word' id='word_1_823' title='bbox 3299 5500 3461 5566; x_wconf 89' lang='lat' dir='ltr'><strong>idque</strong></span> <span class='ocrx_word' id='word_1_824' title='bbox 3505 5494 3700 5558; x_wconf 56' lang='lat' dir='ltr'><strong>infide:</strong></span> 
     </span>
    </p>
   </div>
   <div class='ocr_carea' id='block_1_117' title="bbox 2127 5571 3690 5657">
    <p class='ocr_par' dir='ltr' id='par_1_117' title="bbox 2127 5571 3690 5657">
     <span class='ocr_line' id='line_1_117' title="bbox 2127 5571 3690 5657; baseline -0.004 -13"><span class='ocrx_word' id='word_1_825' title='bbox 2127 5592 2283 5657; x_wconf 87' lang='lat' dir='ltr'><strong>lium,</strong></span> <span class='ocrx_word' id='word_1_826' title='bbox 2314 5593 2417 5646; x_wconf 91' lang='lat' dir='ltr'><strong>hoc</strong></span> <span class='ocrx_word' id='word_1_827' title='bbox 2448 5591 2536 5644; x_wconf 85' lang='lat' dir='ltr'><strong>ille</strong></span> <span class='ocrx_word' id='word_1_828' title='bbox 2557 5591 2752 5645; x_wconf 88' lang='lat' dir='ltr'><strong>amicis</strong></span> <span class='ocrx_word' id='word_1_829' title='bbox 2803 5606 2863 5646; x_wconf 85' lang='lat' dir='ltr'><strong>ac</strong></span> <span class='ocrx_word' id='word_1_830' title='bbox 2890 5589 3216 5644; x_wconf 80' lang='lat' dir='ltr'><strong>Christianis</strong></span> <span class='ocrx_word' id='word_1_831' title='bbox 3246 5571 3562 5648; x_wconf 77' lang='lat' dir='ltr'><strong>crediderit,</strong></span> <span class='ocrx_word' id='word_1_832' title='bbox 3606 5596 3690 5637; x_wconf 80' lang='lat' dir='ltr'><strong>at-</strong></span> 
     </span>
    </p>
   </div>
   <div class='ocr_carea' id='block_1_118' title="bbox 2129 5673 3686 5751">
    <p class='ocr_par' dir='ltr' id='par_1_118' title="bbox 2129 5673 3686 5751">
     <span class='ocr_line' id='line_1_118' title="bbox 2129 5673 3686 5751; baseline -0.006 -15"><span class='ocrx_word' id='word_1_833' title='bbox 2129 5698 2234 5751; x_wconf 90' lang='lat' dir='ltr'><strong>que</strong></span> <span class='ocrx_word' id='word_1_834' title='bbox 2266 5696 2326 5735; x_wconf 86' lang='lat' dir='ltr'><strong>ea</strong></span> <span class='ocrx_word' id='word_1_835' title='bbox 2346 5697 2403 5735; x_wconf 86' lang='lat' dir='ltr'><strong>re</strong></span> <span class='ocrx_word' id='word_1_836' title='bbox 2424 5682 2548 5737; x_wconf 88' lang='lat' dir='ltr'><strong>belli</strong></span> <span class='ocrx_word' id='word_1_837' title='bbox 2575 5681 2628 5734; x_wconf 93' lang='lat' dir='ltr'><strong>in</strong></span> <span class='ocrx_word' id='word_1_838' title='bbox 2643 5697 2734 5736; x_wconf 90' lang='lat' dir='ltr'><strong>eos</strong></span> <span class='ocrx_word' id='word_1_839' title='bbox 2753 5682 2930 5736; x_wconf 79' lang='lat' dir='ltr'><strong>socios</strong></span> <span class='ocrx_word' id='word_1_840' title='bbox 2949 5677 3386 5748; x_wconf 79' lang='lat' dir='ltr'><strong>comparaverit?</strong></span> <span class='ocrx_word' id='word_1_841' title='bbox 3409 5673 3686 5727; x_wconf 76' lang='lat' dir='ltr'><strong>Jamenim</strong></span> 
     </span>
    </p>
   </div>
   <div class='ocr_carea' id='block_1_119' title="bbox 2127 5760 3680 5827">
    <p class='ocr_par' dir='ltr' id='par_1_119' title="bbox 2127 5760 3680 5827">
     <span class='ocr_line' id='line_1_119' title="bbox 2127 5760 3680 5827; baseline -0.008 -1"><span class='ocrx_word' id='word_1_842' title='bbox 2127 5775 2256 5827; x_wconf 80' lang='lat' dir='ltr'><strong>olim</strong></span> <span class='ocrx_word' id='word_1_843' title='bbox 2289 5773 2447 5826; x_wconf 84' lang='lat' dir='ltr'><strong>nobis</strong></span> <span class='ocrx_word' id='word_1_844' title='bbox 2472 5787 2592 5825; x_wconf 91' lang='lat' dir='ltr'><strong>cum</strong></span> <span class='ocrx_word' id='word_1_845' title='bbox 2618 5771 2696 5826; x_wconf 81' lang='lat' dir='ltr'><strong>eis</strong></span> <span class='ocrx_word' id='word_1_846' title='bbox 2720 5768 3070 5826; x_wconf 65' lang='lat' dir='ltr'><strong>necessitudo</strong></span> <span class='ocrx_word' id='word_1_847' title='bbox 3099 5777 3232 5819; x_wconf 84' lang='lat' dir='ltr'><strong>erat.</strong></span> <span class='ocrx_word' id='word_1_848' title='bbox 3265 5760 3420 5819; x_wconf 82' lang='lat' dir='ltr'><strong>Unde</strong></span> <span class='ocrx_word' id='word_1_849' title='bbox 3448 5781 3569 5817; x_wconf 86' lang='lat' dir='ltr'><strong>cum</strong></span> <span class='ocrx_word' id='word_1_850' title='bbox 3591 5764 3680 5814; x_wconf 75' lang='lat' dir='ltr'><strong>ali-</strong></span> 
     </span>
    </p>
   </div>
  </div>
