4166 6270
496 395 603 458 24⁸1

1678 396 2075 458 MANUELIS
2115 399 2560 464 PAL/EOLOGI

3623 386 3739 456 253

498 507 717 573 quando
741 508 1106 562 necessarium
1124 507 1448 564 haberemus
1475 509 1539 562 ah
1562 509 1752 564 amicis
1769 509 2052 574 auxilium,

2164 530 2309 578 τους.
2359 517 2420 568 ὲν
2467 513 2727 586 συνηθείᾳ
2789 533 2906 579 πως
2955 515 3194 586 εἴχομεν.
3221 508 3385 565 Ὀθεν
3446 503 3543 559 καί
3603 517 3736 554 ποτε

500 599 665 652 saluti
695 585 1022 663 con~ttlturi,
1051 601 1415 668 ‘praebuerunt
1457 601 1531 656 illi
1583 602 1726 656 haud
1786 602 2063 655 modicum

498 691 776 745 submisso”
808 691 1088 746 classiario
1120 692 1308 758 milite,
1342 709 1463 746 cum
1497 695 1610 748 sola
1665 693 2064 764 magniﬁcentia

497 797 559 834 ac
582 783 806 846 jnvnttdi
836 783 1017 836 studio
1044 794 1354 852 agerentur.
1382 784 1698 839 Nullaeuitn
1741 787 1882 839 ratio
1903 778 2066 838 debiti

494 874 712 926 suberat
744 883 800 925 ιιι
826 889 980 942 opem
1021 873 1246 938 fet'rent,
1279 892 1454 942 neque
1484 875 1686 930 ferendi
1711 878 1830 947 ejus
1877 892 2066 931 sacra-

497 979 734 1016 mentum
761 966 927 1018 ttlltttu
949 967 1267 1029 emiserant,
1295 981 1352 1022 ιιι
1376 968 1429 1020 in
1455 979 1738 1024 contractu
1763 986 1859 1037 pro
1876 969 2070 1024 Corin-

447 1123 457 1130 _
495 1055 589 1108 tlto
611 1057 906 1110 celebrato.
930 1057 1129 1127 Liquet
1161 1067 1340 1112 autem
1369 1060 1551 1113 uthaec
1574 1061 1712 1113 inter
1740 1061 1966 1114 mttltum
1993 1076 2070 1113 re-

493 1147 654 1199 ferat.
680 1147 892 1216 Quippe
914 1150 1143 1204 mttltum
1181 1161 1402 1220 praestat
1454 1153 1519 1205 ab
1561 1152 1641 1206 eis
1681 1157 1923 1222 accipere
1971 1152 2066 1224 qui

495 1249 752 1302 prmsrant
781 1254 845 1300 ex
886 1240 1088 1305 debito,
1126 1255 1288 1310 quam
1324 1240 1393 1294 ab
1419 1241 1502 1304 iis,
1542 1245 1715 1310 qttizex
1733 1247 1923 1312 gratia.
1953 1245 2066 1300 Non

493 1337 600 1380 tam
636 1344 766 1398 ergo
800 1330 931 1386 viris
962 1331 1236 1386 civitatem
1269 1331 1437 1396 dedit,
1468 1348 1630 1401 quam
1665 1351 1759 1405 per
1790 1352 1908 1391 eam
1945 1338 2068 1392 illos

490 1421 724 1488 accepit.

561 1510 854 1566 Enimvero
909 1516 1306 1571 ostendendum
1343 1531 1473 1588 puto
1506 1522 1773 1590 apertius,
1808 1530 1867 1575 ut
1923 1522 2068 1577 foret

492 1601 694 1655 malum
714 1619 826 1657 rem
848 1618 1006 1660 secus
1025 1606 1376 1664 babuisse.Ut
1393 1613 1537 1664 enim
1562 1613 1730 1680 probe
1756 1624 2064 1679 temporum

495 1706 793 1760 rerumque
817 1696 1196 1758 memineritis,
1243 1709 1362 1752 erat
1415 1701 1640 1754 oumino
1685 1703 1870 1755 statim
1934 1703 2067 1757 urbs

2168 607 2366 676 δεῆσαν
2423 609 2769 680 παντοδαπὴν
2825 607 3080 678 βοήθειαν
3137 604 3283 674 ἡμᾶς
3339 601 3526 671 ζητεῖν
3595 591 3738 657 ὑπὲρ

2171 699 2443 767 σωτηρίας
2473 703 2626 769 παρὰ
2653 702 2762 752 τῶν
2788 701 2980 767 φίλων,
3009 699 3070 752 οὐ
3101 695 3342 765 σμικρὰν
3374 694 3508 763 ἡμῖν
3533 689 3730 743 ἐκεῖνοι

2169 790 2256 843 διὰ
2288 790 2558 859 Θαλάττης
2589 793 2928 862 παρέσχοντο
2965 788 3278 857 φιλοτιμίας
3308 785 3472 838 ἓνεκα
3505 780 3602 833 καὶ
3632 778 3730 830 τοῦ

2170 883 2518 950 γιγνομένου.
2545 885 2617 936 Οὐ
2663 884 2771 952 γὰρ
2801 882 2941 936 κατὰ
2969 882 3128 950 χρέος
3162 879 3376 947 βοηθεῖν
3415 876 3546 942 ἡμῖν
3579 870 3732 938 ὀφεί-

2169 971 2353 1035 λοντες
2382 968 2543 1042 ἦσαν,
2570 967 2699 1025 οὒδέ
2723 971 3108 1041 ὠμωμόκεσαν
3143 967 3285 1034 ὺπέρ
3309 962 3531 1022 τούτου,
3560 959 3634 1020 ὥς
3672 956 3733 1006 ἐν

2168 1065 2289 1125 ταῖς
2320 1065 2628 1134 συμϐάσεσι
2671 1066 2792 1127 ταῖς
2822 1063 2960 1130 ὑπὲρ
3001 1058 3292 1130 Κορίνθου·
3323 1055 3420 1108 καὶ
3466 1051 3638 1104 τοῖνδε
3671 1047 3731 1100 τὸ

2169 1156 2426 1224 διάφορον
2473 1155 2616 1218 ὅσον,
2645 1155 2820 1224 δῆλον.
2857 1153 2930 1206 Τὸ
2974 1152 3083 1221 γὰρ
3133 1151 3196 1202 ἐκ
3243 1147 3351 1200 τῶν
3401 1143 3541 1196 κατὰ
3572 1140 3730 1209 χρέος

2169 1247 2422 1300 διδόντων
2471 1250 2592 1300 τινὰ
2646 1246 2947 1314 λαμϐάνειν
3002 1243 3098 1296 τοῦ
3153 1239 3295 1294 κατὰ
3349 1234 3512 1306 χάριν
3551 1230 3732 1298 πολλῷ

2172 1340 2416 1409 προέχει.
2439 1340 2512 1392 Οὐ
2545 1339 2742 1410 μᾶλλον
2770 1338 2952 1390 τοίνυν
2980 1337 3150 1404 αὐτὴν
3173 1333 3372 1396 δέδωκε
3393 1330 3508 1391 τοῖς
3539 1325 3734 1394 ἀνδρά-

2173 1450 2256 1484 σιν
2290 1433 2536 1494 ἐκείνοις,
2571 1430 2693 1500 ita:
2725 1430 2894 1500 αὐτῆς
2922 1429 3119 1490 αὐτοὺς
3147 1424 3360 1478 ἐλαϐεν.

2239 1524 2312 1576 Οὐ
2350 1525 2457 1592 μὴν
2489 1523 2602 1576 ἀλλ’
2629 1519 2782 1592 οῖμαι
2817 1522 3117 1590 προσήκειν
3154 1517 3326 1581 δεῖξαι
3372 1515 3741 1581 σαφέστερονι

2168 1617 2292 1668 ὅσον
2318 1614 2382 1667 ἂν
2410 1609 2478 1683 ἦν
2502 1614 2562 1666 τδ
2594 1614 2786 1674 κακὸν,
2812 1612 2885 1681 μὴ
2913 1611 3086 1681 ταύτῃ
3111 1608 3400 1684 γεγονότος
3427 1603 3520 1656 τοῦ
3552 1603 3732 1668 πράγ-

2173 1721 2366 1774 ματος.
2400 1705 2462 1757 Ei
2486 1704 2593 1773 γὰρ
2627 1703 2868 1774 ἀκριϐῶς
2901 1701 3009 1754 τῶν
3042 1698 3252 1768 καιρῶν
3285 1697 3381 1750 καὶ
3407 1694 3515 1748 τῶν
3549 1709 3728 1762 πραγ-

496 1781 862 1836 Barbarorum
888 1785 1140 1840 manibus
1171 1788 1496 1857 diripienda.
1527 1790 1681 1856 Quod
1743 1793 1788 1846 si
1846 1809 2052 1849 menses

2173 1797 2360 1864 μάτων
2408 1795 2757 1864 μεμνήμεθα,
2803 1794 2998 1881 αύτίκα
3035 1793 3252 1848 πάντως
3283 1788 3506 1857 ἔμελλεν
3553 1786 3646 1855 ἥδε

492 1873 702 1941 aliquot
733 1875 881 1930 (dolo
913 1877 1121 1947 utique)
1154 1879 1288 1933 nihil
1319 1891 1411 1934 aut
1439 1882 1545 1952 igni
1571 1891 1665 1936 aut
1698 1882 1844 1937 ferro
1878 1883 2063 1939 defor-

492 1971 691 2014 matam
728 1963 916 2019 hostes
940 1969 1207 2021 servaturi
1257 1980 1464 2035 essent,
1517 1971 1704 2026 fuisset
1758 1989 1820 2026 ea
1876 1975 2059 2028 statim

489 2067 758 2119 apparens
789 2054 1084 2110 clementia
1119 2059 1384 2126 proximis
1412 2061 1638 2114 urbibus
1687 2077 1926 2131 presens
1969 2079 2063 2120 oc-

492 2143 666 2207 casio,
687 2154 744 2197 ut
769 2147 966 2215 etipsae
983 2148 1314 2204 deditionem
1341 2151 1604 2207 facerent.
1624 2153 1724 2207 Par
1753 2156 1898 2209 enim
1918 2165 2057 2221 erat,

488 2243 550 2287 ut
578 2236 650 2288 ita
683 2236 1049 2293 Barbarorum
1083 2252 1202 2294 astu
1235 2243 1494 2312 deceptre,
1529 2246 1596 2300 iis
1647 2227 1854 2301 servire
1893 2263 2059 2318 quam

488 2334 661 2394 captae
691 2331 892 2383 vastari
919 2332 1164 2387 mallent.
1197 2333 1353 2399 Quod
1385 2337 1528 2389 enim
1558 2349 1718 2406 capta
1753 2336 2059 2395 Corinthus

490 2434 677 2473 carum
703 2424 1046 2491 metropolis.
1077 2425 1210 2478 nihil
1240 2428 1461 2495 gravius
1512 2444 1669 2497 passa
1723 2442 1886 2496 esset,
1931 2448 2055 2487 cum

491 2511 706 2566 illarum
740 2515 936 2569 merito
969 2516 1292 2573 detrahebat
1318 2520 1564 2588 spiritus.
1585 2531 1695 2576 tum
1731 2539 1882 2593 spem
1911 2526 2053 2580 mul-

485 2611 596 2656 tam
614 2605 940 2672 addebal,ttt
965 2623 1140 2678 neque
1167 2610 1543 2683 illaepassurre
1572 2625 1774 2669 essent.
1806 2615 1940 2670 Nam
1964 2632 2058 2672 ne-

483 2709 589 2760 que
623 2696 830 2752 ratione
849 2698 996 2765 duci,
1023 2702 1290 2773 cujusque
1317 2705 1542 2773 passim,
1569 2722 1669 2761 nec
1696 2722 1823 2762 vero
1871 2724 2055 2764 exem-

471 2785 572 2853 ‘plo
599 2789 872 2858 componi,
895 2792 1284 2860 sapientiorum
1317 2797 1611 2854 inveneris.
1657 2800 1810 2866 Quod
1869 2802 1912 2856 si
1966 2817 2052 2857 res

485 2881 875 2947 successisset,
892 2885 1046 2951 plane
1059 2894 1237 2941 autem
1256 2897 1372 2943 erat
1388 2904 1733 2956 successura,
1755 2893 1808 2947 in
1829 2892 2055 2949 immen-

483 2980 604 3018 sum
626 2968 784 3036 plane
799 2970 998 3024 malum
1025 2975 1482 3041 processisset.lis
1507 2979 1690 3048 itaque
1708 2983 1966 3037 omnibus
1982 2985 2052 3041 de

483 3059 686 3119 causis.
706 3074 822 3114 eam
846 3062 1035 3118 urbem
1071 3067 1292 3123 ditionis
1335 3069 1582 3124 Fratrum
1606 3071 1720 3126 ﬁeri
1758 3077 2049 3142 concessit,

2165 1887 2319 1948 πόλις
2358 1885 2578 1938 ἔσεσθαι
2620 1874 2981 1954 βαρϐαρικαῖς
3019 1884 3178 1954 χερσὶ
3228 1881 3630 1950 παρανάλωμα.
3665 1878 3724 1928 Εἰ

2163 1977 2219 2030 δέ
2252 1977 2315 2045 δὴ
2363 1977 2459 2030 καλ⁸
2511 1975 2647 2046 πρὸς
2693 1976 2903 2043 καιρὸν,
2953 1976 3172 2038 πάντως
3223 1975 3278 2026 δέ
3335 1972 3476 2025 κατὰ
3511 1971 3726 2033 ἀπάτην

2163 2073 2417 2140 κατεῖχον
2452 2070 2622 2137 αὐτὴν
2646 2068 2902 2130 λαϐόντες
2935 2069 2984 2120 ot
3015 2069 3320 2136 δυσμενεῖς,
3350 2067 3484 2135 μήτε
3525 2064 3727 2129 σιδήρῳ

2161 2161 2601 2240 διαφθείραντες,
2637 2159 2785 2214 τοῦτ’
2825 2159 2890 2212 ἂν
2935 2159 3136 2212 αὐτίκα
3168 2156 3444 2228 πρόφασις
3483 2155 3728 2221 ἐγεγόνει

2159 2255 2280 2316 ταῖς
2332 2253 2555 2322 ὁμόροις
2611 2252 2748 2320 αὐτῇ
2805 2250 3026 2302 πόλεσιν
3083 2249 3189 2301 ὑπὸ
3236 2249 3360 2309 τοὺς
3414 2245 3728 2316 βαρεάρους

2163 2343 2442 2413 γενέσθαι.
2501 2343 2663 2405 Εἰκὸς
2709 2342 2818 2410 γὰρ
2864 2337 2931 2412 ἦν
2975 2339 3141 2402 αὐτὰς
3191 2336 3625 2404 ἐξαπατηθείσας
3658 2338 3724 2403 τῇ

2158 2436 2269 2490 τῶν
2303 2434 2598 2506 βαρὸάρων
2629 2434 2863 2504 δοκούσῃ
2899 2428 3278 2501 φιλανθρωπίᾳ
3312 2431 3404 2481 καὶ
3439 2427 3724 2480 δουλεῦσαι

2157 2529 2369 2590 τούτοις
2397 2524 2794 2595 βουλεύσασθαι
2831 2525 2936 2591 πρὸ
2979 2523 3073 2576 τοῦ
3107 2520 3446 2591 πορθηθῆναι
3477 2519 3718 2586 πολέμῳ.

2159 2619 2235 2673 Τὸ
2267 2620 2378 2689 γὰρ
2423 2617 2658 2672 ἀλοῦσαν
2685 2619 2782 2687 τὴν
2818 2614 3102 2685 Κόρινθον,
3162 2610 3496 2682 μητρόπολιν
3542 2608 3722 2663 αὐτῶν

2156 2705 2345 2773 οὖσαν,
2395 2709 2561 2780 μηδέν
2607 2726 2660 2760 τι
2716 2707 3041 2761 πεπονθέναι
3086 2705 3274 2767 δεινὸν,
3323 2701 3385 2754 τό
3427 2719 3486 2765 τε
3517 2701 3722 2753 τούτων

2156 2801 2412 2871 φρόνημα
2444 2798 2743 2852 κατέϐαλεν
2796 2798 2862 2851 ἂν
2910 2797 3157 2858 εἰκότως,
3190 2795 3283 2848 καὶ
3316 2792 3513 2861 κομιδῆ
3549 2790 3720 2860 παρέ·

2157 2909 2285 2964 σχεν
2327 2890 2589 2955 ἐλπίζειν,
2627 2889 2702 2951 ὡς
2750 2887 2838 2956 ἄρ’
2883 2887 2990 2940 οὐδ’
3028 2879 3185 2940 αὗται
3223 2885 3530 2936 πείσονται.
3571 2879 3721 2932 Ἐπεί

2151 3000 2235 3036 τοι
2261 2982 2320 3035 τὸ
2348 2981 2446 3049 μέν
2475 2979 2706 3048 ἄγεσθαι
2737 2978 2883 3046 λόγῳ
2903 2977 2964 3030 οὗ
2991 2976 3098 3028 τῶν
3123 2975 3399 3045 τυχόντων
3422 2973 3488 3027 ἂν
3513 2972 3720 3040 εὖροιςο

2153 3076 2214 3129 τδ
2239 3074 2296 3128 δέ
2322 3072 2684 3144 ρυθμίζεσθαι
2714 3070 3122 3140 παραδείγματι
3147 3067 3255 3121 τῶν
3281 3067 3338 3118 οὐ
3366 3067 3717 3132 σοφωτέρων.

483 3163 593 3218 quo
611 3151 885 3230 minorum
907 3158 1226 3228 cumprimis
1247 3159 1477 3216 aliorum
1502 3164 1780 3219 civitatum
1803 3182 1866 3221 ac
1888 3168 2050 3237 oppi-

2156 3165 2267 3218 Ka't
2315 3163 2368 3217 εί
2411 3179 2475 3232 γε
2523 3161 2684 3215 τοῦτο
2721 3157 3091 3230 προύϐεδήκει
3135 3157 3180 3210 δ’
3227 3156 3293 3208 ἂν
3339 3155 3578 3216 πάντως,
3631 3153 3718 3204 ἐπ’

483 3239 700 3303 dorum,
725 3245 953 3316 ejusque
971 3248 1107 3303 adeo
1141 3250 1309 3320 ipsius
1331 3268 1450 3321 quae
1471 3269 1566 3323 pro
1587 3256 1707 3311 aliis
1731 3259 2053 3316 tradebatur

483 3332 646 3386 saluti
673 3345 818 3390 esset
858 3339 1188 3394 consultum.
1217 3341 1376 3397 Velut
1405 3346 1587 3415 itaque
1609 3346 1719 3414 jam
1754 3359 1964 3418 captam
1985 3353 2053 3407 ab

485 3425 754 3494 hostibus,
806 3429 874 3482 ab
921 3445 1110 3486 eorum
1145 3437 1614 3501 ahstraritmanu,
1639 3454 1757 3492 eam
1780 3441 2053 3497 credendo

481 3515 790 3575 Fratribus.
814 3521 949 3576 Cum
974 3539 1102 3592 ergo
1126 3525 1301 3595 ipsum
1333 3529 1432 3583 hoc
1452 3530 1520 3583 sit
1544 3532 1887 3599 praeclarum,
1905 3536 2053 3589 utsi-

483 3609 592 3661 utnl
617 3611 750 3666 alias
797 3615 1106 3683 complures
1154 3601 1322 3672 urbes
1374 3635 1403 3673 a
1447 3622 2043 3692 pet'iculoliberaverit;

383 3714 385 3717 ·
479 3703 748 3766 quoruodo
791 3718 897 3758 non
943 3707 1147 3760 clarum
1200 3711 1432 3764 maxime
1487 3711 1686 3765 fuerit?

2155 3255 2382 3323 ἄπειρον
2417 3251 2482 3304 ἂν
2518 3249 2718 3320 ἐχώρει
2747 3251 2807 3302 τὸ
2829 3249 3020 3302 δεινόν.
3057 3248 3163 3298 Καὶ
3189 3246 3253 3316 δὴ
3275 3245 3384 3296 τῶν
3406 3243 3716 3314 εἰρημένων

2154 3345 2317 3397 ἕνεκα
2370 3343 2590 3396 πάντων
2648 3340 2997 3411 συνεχώρησε
3050 3338 3236 3392 λαϐεῖν
3287 3337 3412 3399 τοὺς
3453 3336 3717 3404 Φρερίους

2155 3437 2308 3498 τήνδε
2339 3436 2436 3506 τὴν
2465 3434 2621 3488 πόλιν
2644 3435 2735 3488 ἐπὶ
2765 3432 3010 3502 σωτηρίᾳ
3036 3431 3272 3500 μάλιστα
3297 3429 3396 3496 μὲν
3427 3429 3522 3481 καὶ⁹
3542 3428 3716 3481 ἄλλων

2156 3529 2446 3600 πολιχνίων
2478 3545 2537 3579 τε
2585 3528 2678 3581 καὶ
2716 3526 2944 3588 πόλεων,
2980 3526 3076 3594 οὐχ
3116 3518 3279 3595 ἦττον
3317 3522 3373 3574 δέ
3396 3522 3716 3588 ,καὶ-αὐτῆς

2155 3623 2367 3691 ἐκείνης
2415 3621 2513 3690 τῆς
2548 3622 2642 3675 καὶ
2689 3620 2828 3688 ὑπὲρ
2870 3620 3046 3673 ἄλλων
3083 3619 3234 3688 ὅμως
3270 3616 3540 3687 δοθείσης.
3559 3614 3713 3667 Ὠσθ⁹

2154 3713 2228 3775 ὡς
2262 3713 2391 3772 ἔπος
2422 3712 2618 3777 εἰπεῖν,
2653 3711 2727 3774 ὡς
2757 3709 2861 3762 ύπδ
2890 3711 2998 3762 τῶν
3029 3708 3302 3778 πολεμίων
3337 3706 3716 3776 προειλημμὲο

477 3815 576 3868 νην
621 3798 722 3868 τῆς
767 3802 947 3856 αὑτῶν
989 3805 1173 3873 χειρὸς
1210 3807 1378 3875 αὐτὴν
1420 3810 1782 3875 ἐξανέσπασε,
1817 3810 1892 3881 τῷ
1931 3814 2041 3875 τοῖς
2067 3810 2314 3880 Φρερίοις
2337 3809 2507 3879 αὐτὴν
2530 3809 2858 3878 ἐγχειρίσαι.
2893 3807 3002 3860 Καὶ
3031 3806 3081 3858 εί
3132 3804 3288 3858 τοῦτό
3325 3821 3389 3872 γε
3421 3794 3585 3857 καλὸν
3621 3804 3713 3857 καὶ

443 3897 448 3901 “
479 3893 604 3946 καθ’
633 3893 766 3946 αὑτὸ
789 3895 1185 3966 θεωρούμενον,
1218 3901 1376 3952 ὁπότε
1407 3903 1470 3970 δὴ
1509 3905 1602 3957 καὶ
1633 3905 1816 3969 πόλεις
1848 3906 2042 3976 ἐτέρας
2075 3903 2285 3957 πολλῶν
2311 3901 2543 3955 κιδύνων
2573 3899 2862 3972 ἐρρύσατο,
2890 3901 3006 3961 πῶς
3033 3899 3092 3950 οὐ
3126 3897 3362 3967 μάλιστα
3394 3893 3531 3964 εἶενς

547 3984 811 4040 C:ctcrum
835 4000 1053 4057 accepta
1072 3990 1334 4047 Corintho
1356 3994 1562 4050 munita
1581 3996 1740 4051 ’urbe
1783 3999 2040 4066 pulchra-

477 4092 584 4144 que
604 4092 666 4129 ac
691 4094 904 4146 magna,
935 4082 1308 4152 lsthmumque
1339 4086 1674 4151 continente,
1719 4089 1944 4157 pulchre
1985 4088 2038 4142 itt

477 4183 542 4221 co
571 4169 852 4236 aediﬁcata,
875 4173 1257 4230 incessitviros
1278 4179 1476 4243 cupido
1500 4187 1558 4232 ut
1588 4189 1755 4232 totam
1782 4180 2038 4248 deinceps

476 4255 912 4326 l‘eloltonnesum
946 4261 1235 4318 haberent.
1269 4264 1415 4318 Bona
1447 4266 1605 4334 plane
1647 4267 1929 4335 cogitatio,
1981 4275 2038 4320 ιιι

473 4364 660 4403 corum
695 4351 819 4420 quis
842 4354 1003 4408 verba
1021 4364 1244 4420 spectet.
1269 4364 1430 4424 atque
1446 4365 1503 4409 ut
1527 4357 1888 4420 aﬂirmabant,
1913 4373 2035 4410 cum

473 4455 633 4493 suurn
665 4441 742 4496 illi
768 4444 1058 4498 consilium
1090 4455 1217 4500 tuta:
1248 4447 1370 4498 lidei
1404 4448 1717 4502 hominibus
1739 4449 2030 4517 aperirent.

474 4530 846 4588 Sacramentis
875 4535 1019 4588 enim
1043 4535 1245 4606 juratis
1268 4551 1389 4606 quas
1418 4537 1634 4590 abunde
1663 4549 1866 4601 essent,
1911 4554 2034 4592 cum

405 4627 413 4636 ‘
471 4621 831 4678 substantiam
865 4638 1106 4691 omnem,
1134 4635 1246 4680 tum
1272 4641 1498 4696 corpora
1524 4642 1589 4681 ac
1631 4628 1795 4682 vitam
1832 4628 2034 4684 insum-

469 4721 660 4780 pturos
679 4714 952 4781 dicebant,
972 4726 1031 4771 ut
1049 4726 1190 4772 esset
1209 4733 1452 4784 necesse,
1476 4732 1540 4771 ac
1565 4732 1758 4787 magna
1784 4720 2032 4786 quadam

471 4801 849 4871 tlesignaturos
863 4822 961 4876 pro
980 4805 1181 4862 Christi
1198 4807 1388 4876 gloria,
1403 4817 1462 4861 ut
1488 4809 1893 4877 propttgnamltc
1911 4810 2034 4874 iPe-

471 4893 752 4968 loplonuesi
775 4900 1110 4966 provinciam
1135 4901 1184 4953 in
1206 4916 1265 4955 se
1290 4901 1492 4968 liquido
1513 4901 1840 4968 reciperent.
1865 4899 2033 4955 Porro

471 4983 634 5035 etiam
664 4989 956 5052 uonjurati
982 4990 1137 5044 fidem
1167 4990 1460 5056 habebant,
1499 4999 1557 5043 ut
1580 4991 1714 5042 nihil
1736 4999 1919 5044 essent
1952 4990 2038 5043 di-

470 5073 611 5124 cturi
645 5089 672 5126 a
709 5090 805 5129 sua
839 5077 1080 5144 ipsorum
1114 5083 1309 5136 virtute
1355 5082 1661 5147 dissonum,
1688 5082 1770 5135 vel
1815 5097 1843 5135 a
1889 5080 2033 5135 fama

473 5163 672 5231 ubique
699 5165 942 5220 locorum
972 5169 1046 5224 de
1066 5172 1147 5226 eis
1173 5183 1519 5241 pervagante,
1557 5180 1651 5225 aut
1687 5171 1920 5241 denique
1964 5173 2033 5226 ab

469 5253 656 5308 habitu
682 5270 744 5310 ac
767 5256 980 5323 ordine,
1001 5259 1054 5312 in
1073 5275 1181 5328 quo
1201 5270 1254 5316 et
1281 5264 1467 5316 vitiuut
1487 5271 1539 5317 et
1565 5262 1803 5332 sapiunt,
1822 5277 2032 5317 accou-

470 5355 756 5400 versantur
775 5364 790 5415 ;
809 5347 1134 5416 gloriantur,
1160 5367 1223 5405 ac
1242 5352 1440 5407 habent
1463 5355 1743 5420 honorem,
1776 5356 2032 5424 Omnique

468 5450 617 5494 retro
635 5441 835 5495 sacculo
857 5441 1142 5497 habituros
1159 5455 1397 5512 sperant.
1418 5445 1494 5500 Ne
1520 5447 1644 5517 quis
1667 5461 1798 5517 ergo
1821 5448 1869 5499 iu
1887 5447 2034 5501 Itho-

466 5533 596 5586 tlum
624 5533 914 5602 aspiciens,
945 5549 1008 5588 ac
1038 5549 1239 5604 paucas
1271 5535 1322 5588 in
1350 5552 1412 5590 ea
1463 5537 1734 5602 triremes,
1780 5537 2028 5606 exiguam

467 5628 760 5692 quamdam
793 5643 854 5681 ac
882 5627 1206 5681 intbcciilem
1241 5627 1533 5680 arbitretur
1561 5629 1809 5683 Fratrum
1835 5644 2028 5699 poten-

469 5719 619 5770 tiam.
652 5718 795 5772 Multi
823 5720 968 5774 enim
1005 5735 1126 5773 cum
1159 5718 1288 5771 libet
1332 5719 1398 5770 ah
1426 5717 1575 5771 orbis
1601 5719 1866 5785 partibus,
1892 5733 2028 5787 quas

468 5809 695 5878 sparsim
726 5810 928 5873 colunt,
964 5819 1359 5880 congregantur
1387 5827 1400 5863 :
1438 5807 1536 5860 tiri
1567 5807 1774 5876 utique,
1828 5811 2026 5880 quibus

2224 3994 2489 4064 Ἔχοντας
2534 3991 2596 4061 δὴ
2640 3991 2741 4061 τὴν
2789 3989 3074 4060 Κόρινθον,
3127 3989 3279 4043 πόλιν
3337 3988 3566 4057 ἰσχυρὰν
3615 3985 3714 4039 καὶ

2149 4085 2322 4156 καλὴν
2371 4085 2466 4139 καὶ
2521 4085 2786 4156 μεγάλην,
2836 4083 3177 4152 κατέχουσαν
3226 4099 3284 4133 τε
3337 4081 3428 4133 τὸν
3473 4079 3706 4147 Ἰσθμδν,

2106 4172 2115 4180 ’
2147 4175 2284 4243 πρὸς
2311 4169 2354 4242 ᾧ
2387 4175 2566 4235 καλῶς
2596 4173 2936 4244 ᾠκοδόμητο,
2966 4174 3102 4242 ἔρως
3138 4175 3276 4240 σφᾶς
3319 4188 3382 4239 γε
3424 4171 3709 4239 εἰσελήλυ-

2145 4267 2235 4320 θεν
2263 4269 2481 4320 ἆπασαν
2513 4266 2639 4335 ἐξῆς
2664 4267 2959 4334 κατασχεῖν
2986 4265 3082 4334 τὴν
3112 4265 3218 4333 γῆν
3244 4265 3340 4332 τῆς
3376 4263 3712 4333 Πελοποννή-

2145 4374 2258 4410 σου.
2292 4357 2348 4408 'C
2385 4357 2442 4410 δὲ
2484 4355 2746 4424 λογισμὸς
2787 4354 2861 4418 ὡς
2893 4354 3118 4422 ἀγαθός’
3150 4355 3294 4420 λέγω
3322 4354 3378 4407 δὲ
3413 4354 3555 4406 κατὰ
3586 4355 3710 4416 τοὺς

2142 4445 2330 4515 λόγους
2359 4448 2607 4513 ἐκείνων,
2648 4449 2745 4498 καὶ
2783 4447 2857 4510 ὡς
2893 4447 3256 4516 ίσχυρίζοντο,
3291 4446 3454 4515 ἡνίκα
3486 4446 3584 4514 τὴν
3612 4445 3708 4497 αὐ-

2143 4539 2252 4591 τῶν
2287 4539 2483 4608 βουλὴν
2514 4538 2902 4592 άπεκάλυπτον
2929 4533 3009 4601 οἷς
3037 4539 3326 4609 ἐθάρρουν.
3349 4537 3569 4608 Ὀρκων
3604 4539 3708 4604 γὰρ

2145 4631 2575 4700 προηγουμένων
2620 4629 2788 4695 ἀξίων
2825 4632 3010 4682 πεῖσαι
3044 4629 3346 4694 πιστεύειν,
3393 4628 3580 4695 ἔλεγον
3614 4629 3708 4680 καὶ

2143 4721 2243 4791 τὴν
2263 4720 2452 4774 οὐσίαν
2477 4721 2714 4783 ἃπασαν,
2737 4721 2831 4774 καὶ
2850 4722 3083 4792 σώματα
3104 4720 3425 4786 ἀναλώσειν,
3447 4719 3512 4774 ἃν
3535 4717 3707 4779 οὕτως

2143 4809 2256 4882 δὲῃ,
2293 4809 2387 4862 καὶ
2423 4810 2608 4873 ἁπλῶς
2640 4811 2849 4880 μεγάλα
2886 4812 3119 4882 πράξειν
3151 4813 3289 4881 ὑπὲρ
3326 4811 3424 4881 τῆς
3447 4810 3541 4863 τοῦ
3569 4811 3704 4879 Χρι-

2144 4901 2269 4953 στοῦ
2308 4901 2486 4971 δόξης,
2525 4903 2574 4954 εί
2603 4902 2694 4955 τὸν
2721 4903 2862 4973 ὑπὲρ
2889 4906 2988 4975 τῆς
3026 4903 3436 4974 Πελοποννήσου
3469 4901 3706 4969 πόλεμον

2143 4992 2401 5063 καθαρῶς
2429 4993 2798 5060 ἀναδέξαιντο.
2836 4995 3222 5048 Ἐπιστεύοντο
3263 4995 3309 5048 δ’
3358 4993 3424 5047 ἂν
3475 4993 3705 5054 εἰκότως

2143 5084 2238 5136 καὶ
2266 5084 2366 5137 οὐκ
2391 5084 2652 5153 ὀμνύντες
2685 5085 2853 5154 μηδὲν
2884 5087 3092 5157 ἀπᾷδον
3119 5089 3393 5156 λέγοντες,
3429 5086 3564 5156 μήτε
3600 5085 3703 5152 τῆς

2140 5173 2320 5226 αὐτῶν
2354 5174 2660 5244 δυνάμεως,
2693 5176 2830 5245 μήτε
2869 5177 2967 5245 τῆς
3001 5177 3339 5246 ἑκασταχόσε
3371 5175 3703 5243 διακεχυμέ-

2141 5280 2238 5333 νης
2264 5267 2393 5336 περὶ
2428 5265 2608 5319 αὐτῶν
2642 5268 2852 5336 φήμης,
2889 5269 3025 5337 μήτε
3059 5267 3166 5337 μὴν
3198 5266 3290 5321 106
3321 5269 3616 5338 σχήματος,
3644 5267 3703 5317 ἐν

2137 5348 2182 5425 ᾧ
2224 5359 2320 5411 καὶ
2364 5358 2522 5424 ζῶσι,
2573 5360 2668 5413 καὶ
2721 5358 2977 5429 φρονοῦσι
3023 5357 3120 5416 καὶ
3173 5358 3570 5421 πολιτεύονται,
3607 5355 3702 5408 καὶ

2140 5447 2571 5516 φιλοτιμοῦνται,
2616 5449 2712 5502 καὶ
2743 5448 3036 5518 τιμῶνται,
3081 5447 3176 5502 καὶ
3213 5449 3554 5517 τετίμηνται,
3599 5446 3699 5500 καὶ

2137 5540 2462 5608 τιμήσεσθαι
2497 5540 2776 5604 ἐλπίζουσι
2819 5541 2910 5592 τὸν
2937 5541 3064 5608 ἑξῆς
3108 5541 3321 5610 χρόνον.
3359 5540 3564 5606 Μηδεὶς
3602 5537 3696 5591 οὖν

2137 5633 2217 5692 εἰς
2263 5631 2362 5699 τὴν
2401 5630 2581 5683 Ῥόδον
2632 5630 2773 5699 ὀρῶν
2806 5631 2900 5684 καὶ
2952 5632 3075 5692 ταῖς
3129 5629 3525 5698 εὐαριθμήτοις
3579 5628 3698 5678 ἐκεῖ

2136 5723 2408 5792 τριήρεις,
2442 5723 2643 5793 μικράν
2668 5739 2788 5775 τινα
2820 5724 2914 5776 καὶ
2946 5721 3154 5792 ἀδρανῆ
3181 5721 3281 5788 τὴν
3311 5721 3416 5773 τῶν
3446 5719 3694 5789 Φρερίων

2141 5810 2292 5880 ἰσχὺν
2334 5797 2615 5882 νομιζέτω.
2665 5811 2854 5863 Πολλοὶ
2902 5811 3007 5880 γὰρ
3057 5803 3200 5865 οὗτοι
3248 5807 3692 5879 συναθροίζονται
