4166 6270
417 431 527 494 249

1199 413 1602 495 THEODORI
1646 434 2001 495 esseom
2041 439 2429 502 LAUDA'I‘IO
2460 443 2864 504 FUNEBRIS.

3537 440 3643 506 27.0

405 545 760 616 βουληθέντες
807 544 873 596 ἐκ
922 544 1032 598 τῶν
1071 545 1170 614 τῆς
1213 528 1536 617 οἰκουμένης
1591 547 1796 616 μερῶν,
1827 548 1862 601 ἃ
1907 549 1970 618 δὴ

2076 553 2210 606 nihil
2235 569 2415 624 operae
2441 557 2610 625 magis
2639 557 2872 625 pretium
2906 554 3174 613 videatur.
3220 571 3384 626 quam
3436 557 3481 613 si
3535 574 3641 627 qua

405 636 684 706 σποράδην
730 633 996 688 οἰκοῦσιν⁸
1030 635 1242 704 ἄνδρες,
1270 633 1350 700 οἷς
1381 638 1531 691 οὐδέν
1567 655 1619 689 τι
1654 639 1974 708 προύργιαί-

399 747 582 801 τερον,
616 732 648 798 ἢ
681 731 803 804 ὅσα,
832 729 987 796 φέρει
1040 733 1175 794 πρὸς
1223 729 1508 799 εὐψυχίαν,
1561 731 1652 782 καὶ
1684 731 1843 792 ὅπλα,
1879 734 1974 784 καὶ

365 809 785 888 γενναιότητα.
816 818 888 870 Τὸ
927 820 1035 887 γὰρ
1089 819 1153 888 δὴ
1187 819 1441 873 τεθνάναι
1501 823 1596 873 σὺν
1655 821 1783 893 δόξῃ
1839 822 1972 874 πολὺ

403 915 616 982 βέλτιον
666 913 859 977 άγουσι
915 910 1009 964 τοῦ
1059 913 1366 982 τραπέντες
1426 914 1804 983 παρασχέσθαι
1857 917 1972 978 τοῖς

402 1002 619 1070 ἐχθροῖς
647 1003 765 1063 ταῖς
811 1002 900 1053 ἐπὶ
937 1002 1047 1053 τῶν
1077 1001 1264 1054 νώτων
1309 1003 1489 1055 αὐτῶν
1544 1005 1779 1072 πληγαῖς
1832 1011 1970 1074 ἐφη-

405 1085 626 1158 σθῆναιέ
656 1092 881 1160 Ἔχουσι
923 1092 978 1144 δέ
1016 1093 1107 1144 καὶ
1143 1093 1352 1156 πόλεις,
1391 1093 1514 1148 οὔτε
1550 1098 1812 1165 σμικρὰς,
1847 1096 1971 1149 οὔτε

405 1184 601 1252 ῥᾳδίως
657 1183 1091 1252 ἀριθμουμένας·
1152 1187 1244 1238 καὶ
1298 1187 1542 1256 χρήμαθ’
1595 1189 1678 1240 ὃτι
1733 1189 1969 1240 πλεῖστα

399 1276 735 1337 ἀναλίσκειν,
773 1275 870 1329 τὰς
912 1277 1020 1328 ἀπὸ
1066 1279 1271 1330 τούτων
1309 1281 1418 1332 τῶν
1453 1280 1662 1333 πόλεων
1689 1282 1969 1347 εἰσφορὰς,

396 1365 432 1420 ἃ
463 1367 527 1434 δὴ
552 1367 764 1428 τούτοις
795 1368 1034 1420 δέδονται
1061 1370 1190 1437 παρ’
1214 1372 1426 1440 ἀνδρῶν
1454 1371 1722 1440 θεοφιλῶν
1751 1375 1850 1442 μιᾷ
1877 1375 1974 1426 καὶ

399 1462 538 1534 μόνῃ
562 1464 842 1532 προφάσει
879 1461 1138 1531 θεοφιλεῖ·
1177 1464 1321 1530 λέγω
1351 1465 1410 1517 δὲ
1444 1467 1544 1531 τὴν
1580 1465 1717 1531 πρὸς
1753 1466 1972 1527 ἀσεσεϊς

398 1557 603 1623 μάχην,
636 1555 806 1608 Ταυτὶ
849 1554 914 1624 δὴ
937 1555 1330 1625 ισυνερχόμενα
1363 1556 1706 1627 ἐπιθυμῆσαι
1747 1558 1971 1622 Ῥοδίοις

395 1646 736 1714 προύξένησε
770 1649 869 1714 τῆς
909 1646 1341 1713 Πελοποννήσου.

469 1739 544 1788 Οὐ
604 1738 710 1806 μὴν
741 1737 878 1790 ἀλλὰ
933 1739 1156 1790 κάκεῖνο
1213 1739 1439 1808 κέντρον
1495 1741 1712 1806 ἐγένετο
1759 1743 1826 1812 τῇ
1859 1742 1966 1794 τῶν

353 1821 366 1833 ’
395 1828 642 1897 Φρερίων
692 1829 980 1901 ἐπιθυμίᾳ.
1025 1833 1086 1887 Οἱ
1131 1835 1238 1901 γὰρ
1277 1833 1386 1885 τῶν
1435 1834 1738 1903 Ἐσπερτων
1781 1837 1963 1906 μερῶν

397 1920 663 1985 Γαλάται,
687 1923 780 1976 καὶ
815 1923 1075 1989 Ἱσπανοὶ,
1096 1927 1186 1977 καὶ
1217 1925 1531 1994 Βρεττανοὶ,
1559 1929 1651 1980 καὶ
1674 1929 1961 1982 συνελόντα

397 2013 595 2076 εἰπεῖν,
629 2014 674 2063 οί
696 2013 803 2064 τῶν
827 2014 1072 2068 Λατίνων
1102 2015 1361 2084 ἄρχοντες
1396 2018 1619 2081 πάντες,
1649 2022 1743 2072 καὶ
1774 2020 1840 2072 τὰ
1869 2021 1960 2073 ὑπ’

391 2105 634 2165 ἐκείνους
665 2105 816 2174 ἔθνη,
847 2105 1125 2158 κινοῦνται
1166 2107 1265 2174 μὲν
1302 2107 1362 2159 ού
1393 2109 1534 2162 πάνυ
1563 2110 1765 2179 ῥᾳδίως
1789 2112 1864 2174 ὡς
1891 2112 1959 2169 τὰ

389 2194 580 2247 πολλά·
605 2197 879 2249 κινοῦνται
906 2198 950 2249 δ’
977 2197 1075 2251 οῦν
1115 2199 1206 2251 καὶ
1238 2200 1479 2270 εὐχερῶς
1511 2201 1664 2254 ἐστιν
1694 2205 1806 2270 ὅτε,
1832 2221 1957 2272 σμι-

386 2288 530 2356 κρᾶς
557 2304 702 2350 τινος
744 2290 1072 2358 προφάσεως
1112 2289 1423 2360 λαϐόμενοι·
1462 2295 1554 2345 καὶ
1594 2296 1956 2363 ὁρμηθέντες,

388 2378 750 2432 δυσκάθεκτοι
802 2381 990 2432 λοιπὸν
1043 2380 1303 2447 γίνονται.
1357 2382 1622 2436 Δύνανται
1671 2383 1729 2436 δέ
1785 2385 1956 2438 πολλὰ

391 2470 768 2539 βουληθέντες·
803 2472 895 2524 καὶ
921 2473 1071 2524 τοῦθ’
1101 2475 1129 2525 ὁ
1168 2475 1358 2541 χρόνος
1390 2477 1416 2525 ό
1450 2474 1740 2541 παρελθὼν
1771 2478 1957 2543 σαφῶς

390 2561 650 2622 πολλάκις
699 2564 1069 2632 παρέστησεν.
1109 2563 1302 2634 Ἐπῄει
1335 2564 1517 2617 τοίνυν
1559 2567 1672 2626 τοῖς
1711 2567 1961 2636 Φρερίοις

343 2676 345 2679 ·
390 2655 634 2718 ἐλπίζειν
681 2656 748 2722 τῇ
803 2655 935 2723 παρ’
966 2654 1174 2706 ἑαυτῶν
1220 2656 1362 2723 ὁρμῇ
1402 2655 1526 2716 τοὺς
1557 2655 1790 2717 πολλοὺς
1831 2655 1958 2722 ἐφέ-

389 2745 612 2809 πεσθαι,
639 2745 732 2798 καὶ
765 2745 901 2813 μηδέ
927 2745 1054 2806 τοὺς
1075 2744 1174 2815 τὴν
1204 2745 1450 2813 μεγάλην
1474 2745 1706 2816 δύναμιν
1733 2748 1956 2818 ἔχοντας

387 2838 445 2888 ἐν
477 2836 680 2907 {pung
720 2835 908 2888 λοιπὸν
944 2836 1310 2898 καθεδεῖσθαι,
1351 2837 1495 2908 θήρᾳ
1527 2841 1619 2892 καὶ
1660 2842 1956 2910 τραπέζαις

386 2928 587 2990 αὐτοὺς
620 2927 897 2990 ἐκδόντας,
929 2927 1022 2980 καί
1069 2945 1180 2980 τισι
1215 2928 1338 2996 μεθ’
1368 2929 1546 2983 ὃπλων
1588 2930 1866 2998 ἁμίλλαις,
1894 2934 1954 2987 τὸ

391 3017 580 3086 μεῖζόν
623 3033 680 3070 τε
730 3020 810 3079 είς
841 3018 1155 3087 φιλοτιμίαν
1205 3019 1438 3083 ἐκείνοις
1484 3019 1667 3091 ἔργον,
1695 3011 1804 3076 κάκ
1843 3025 1954 3079 τῶν

387 3111 669 3179 προγόνων
698 3108 906 3164 ἄνωθεν
939 3110 1366 3180 κατερχόμενον.

2078 647 2143 700 ad
2168 649 2611 716 generositatem,
2635 664 2892 716 armaque
2905 663 2967 701 ac
2989 649 3367 701 strenuitatem
3424 649 3628 704 lerunt.

2076 736 2258 807 Longe
2289 741 2432 793 enim
2461 742 2635 810 pluris
2666 742 2869 795 faciunt
2899 741 3136 809 gloriose
3182 741 3353 805 mori,
3382 757 3542 808 quam
3586 753 3641 794 ιιι

2074 832 2128 884 in
2156 831 2334 901 fugam
2364 835 2525 899 versi,
2550 835 2721 902 plagis
2747 834 2954 887 aversis
2982 835 3170 886 hostes
3201 848 3328 884 suos
3345 834 3636 885 delectent.

2073 917 2282 975 Habent
2313 934 2493 977 autem
2524 925 2685 978 etiam
2711 925 2880 976 'urbes
2911 939 3008 977 nec
3036 922 3284 989 exiguas,
3309 937 3405 973 nec
3439 938 3639 982 paucas

2071 1027 2318 1080 numero,
2352 1025 2515 1084 atque
2544 1027 2598 1068 ut
2625 1017 2884 1083 pecunias
2915 1016 3181 1083 plurimas
3201 1013 3415 1080 possint
3437 1014 3641 1078 inopert-

2070 1107 2197 1158 dere
2223 1125 2236 1160 :
2259 1113 2452 1163 «trario
2477 1110 2706 1163 collecto
2725 1126 2788 1162 ex
2810 1125 2994 1160 earum
3015 1108 3228 1175 urbium
3258 1105 3499 1162 trihutis,
3523 1107 3610 1172 pio

2071 1213 2191 1249 rum
2221 1199 2501 1252 hominum
2525 1200 2773 1267 religiosa
2799 1197 3196 1251 muniﬁcentia.
3231 1199 3394 1248 unius
3437 1212 3498 1247 ae
3546 1212 3606 1245 so

2071 1289 2177 1342 lius
2213 1289 2488 1355 religionis
2512 1305 2660 1356 ergo,
2685 1289 2883 1342 eisdem
2905 1289 3180 1340 concessis
3204 1287 3329 1339 helli
3383 1287 3637 1337 nimirum

2069 1382 2312 1436 subsidio
2334 1382 2594 1434 adversus
2611 1381 2856 1432 inlideles
2879 1396 2940 1432 ac
2963 1380 3186 1446 impios.
3209 1379 3332 1430 IIa-c
3365 1394 3493 1430 sane
3516 1396 3636 1430 eum

2070 1479 2490 1537 concurrerent,
2513 1471 2817 1525 ambiendte
2841 1469 3208 1541 Peloponnesi
3229 1485 3390 1523 causa
3411 1468 3640 1523 Rhodiis

2069 1564 2316 1617 fuerunt.

2137 1742 2240 1796 Sed
2267 1753 2319 1796 et
2350 1742 2405 1794 ld
2432 1751 2688 1811 praeterea
2725 1741 2801 1794 illi
2856 1740 3106 1796 Fratrum
3139 1742 3418 1809 cupiditati
3459 1744 3638 1798 calces

2064 1835 2295 1888 addebat
2335 1848 2348 1883 :
2397 1849 2592 1903 nempe
2644 1831 2865 1888 Occidui
2910 1833 3135 1898 Galatae.
3182 1831 3514 1902 Hispanique
3575 1851 3640 1889 ac

2069 1925 2333 1988 Britanni,
2362 1935 2546 1994 atque,
2603 1933 2664 1979 ut
2705 1927 2872 1979 verbo
2908 1925 3108 1990 dicam,
3166 1927 3483 1980 Latinorum
3511 1928 3638 1980 uni-

2070 2019 2210 2071 versi
2272 2018 2569 2086 principes,
2623 2017 2813 2085 eisque
2873 2017 3133 2084 subjectae
3186 2019 3458 2079 nationes,
3490 2019 3636 2072 haud

2067 2112 2286 2180 quidem
2324 2110 2481 2164 facile
2533 2110 2850 2177 plerumque
2896 2109 3220 2170 excitantur,
3261 2110 3352 2163 sed
3382 2119 3430 2162 et
3468 2126 3642 2178 quam

2067 2203 2242 2270 doque
2265 2202 2488 2254 minima
2520 2201 2764 2267 quaedam
2788 2200 3004 2252 occasio
3031 2198 3188 2252 facile
3215 2199 3594 2268 provocaverit
3619 2219 3635 2252 :

2064 2297 2228 2348 semel
2266 2310 2392 2347 vero
2446 2293 2685 2357 excitati,
2716 2294 2920 2360 impetu
2969 2291 3223 2356 deinceps
3280 2290 3544 2357 feruntur,
3581 2304 3640 2346 ut

2063 2395 2335 2457 nequeant
2381 2386 2576 2440 teneri.
2610 2385 2775 2438 Porro
2803 2394 2859 2438 ut
2894 2384 3079 2445 velint,
3117 2385 3284 2438 multa
3347 2396 3577 2452 possunt
3619 2403 3634 2450 ;

2063 2479 2228 2547 idque
2260 2481 2456 2546 saepius
2478 2488 2657 2530 actum
2689 2485 2900 2545 tempus
2945 2477 3149 2545 liquido
3181 2478 3440 2532 ostendit.
3469 2477 3638 2530 Subi-

2070 2569 2178 2621 lxat-
2209 2564 2389 2636 itaqu'e
2421 2565 2727 2630 Fratribus,
2761 2568 2874 2620 fore
2903 2578 2960 2620 ut
2995 2570 3182 2635 plures
3211 2585 3400 2620 eorum
3436 2570 3638 2622 incita-

2073 2661 2272 2712 tionem
2321 2665 2708 2726 sequerentur,
2744 2674 2843 2711 ncc
2875 2656 2964 2725 qtii
2992 2674 3185 2724 magna
3226 2658 3492 2725 pollerent
3523 2659 3635 2710 vir-

2071 2758 2211 2813 tute,
2247 2764 2306 2803 se
2340 2751 2598 2816 deinceps
2629 2749 2900 2802 venationi
2937 2764 3000 2802 ac
3027 2748 3257 2809 mensis,
3303 2747 3638 2816 ludicrisque

2074 2857 2352 2896 armorum
2387 2841 2778 2894 certaminibus
2834 2840 3110 2901 dedentes.
3142 2840 3256 2893 alio
3301 2840 3634 2904 desiderent,

2068 2934 2265 3002 quibus
2317 2930 2494 2998 majus
2526 2934 2589 2983 ad
2615 2929 2838 3001 gloriam
2894 2929 3130 2992 facinus,
3161 2931 3228 2983 ab
3250 2930 3384 2999 ipsis
3417 2929 3638 2999 majori-

2065 3026 2171 3081 hus
2208 3041 2270 3080 ac
2299 3025 2427 3080 olim
2459 3023 2726 3088 solemne,
2751 3023 3082 3094 postliminio
3105 3023 3328 3078 rediret.

464 3197 730 3262 ἰιλπιζον
787 3199 972 3254 τοίνυν
1033 3201 1255 3265 ἐκεῖνοι,
1313 3201 1404 3255 καὶ
1461 3201 1660 3273 κομιδῆ
1721 3203 1954 3274 βεϐαίως

2130 3199 2431 3270 Sperabam
2459 3217 2608 3272 ergo.
2637 3217 2698 3256 ac
2735 3201 2899 3255 multa
2937 3201 3130 3256 ﬁducia
3160 3215 3483 3271 persuasum
3533 3199 3636 3254 ha-

388 3290 656 3363 ἐθάρρουν
687 3292 931 3362 μεγάλην
970 3292 1295 3361 ἐφελκύσειν
1335 3293 1547 3347 ἐκεῖθεν
1577 3295 1828 3365 δύναμιν,
1857 3299 1950 3350 καὶ

389 3381 724 3452 φανήσεσθαι
775 3385 1050 3452 σπινθῆρα
1099 3385 1160 3437 τδ
1208 3387 1331 3439 κατ’
1357 3387 1556 3452 αὐτοὺς
1601 3390 1658 3442 ἐν
1708 3389 1830 3462 ὕλῃ,
1872 3395 1950 3455 είς

387 3473 558 3542 φλόγα
615 3474 882 3544 μεγίστην
938 3476 1246 3544 ἀναφθῆναι
1299 3477 1624 3549 δυναμένην,
1671 3483 1765 3534 καὶ
1810 3483 1951 3536 κατᾶ

385 3564 605 3617 πάντων
628 3566 843 3617 ἀσεϐῶν
866 3566 1242 3636 ἀποϐήσεσθαι
1271 3568 1431 3622 τοῦτο
1454 3570 1515 3622 τὸ
1544 3571 1726 3642 ἔργον,
1757 3576 1822 3642 τῇ
1852 3574 1951 3641 τῆς

385 3657 656 3725 Κορίνθου
687 3657 962 3727 προφάσει
1001 3660 1387 3730 γεγενημένον.
1418 3661 1652 3724 Τούτους
1694 3659 1786 3723 οὒ)
1828 3664 1949 3717 ὠδί-

385 3764 573 3806 νοντες
606 3749 732 3809 τοὺς
759 3749 1078 3816 λογισμοὺς,
1114 3751 1215 3802 οὐκ
1248 3751 1498 3806 ἐδύναντο
1534 3757 1787 3822 κατέχειν
1822 3756 1950 3807 ἐαυο

385 3836 544 3898 τούς·
581 3837 698 3888 ἀλλ’
750 3837 980 3905 ἐπείπερ
1027 3838 1126 3896 οὐκ
1177 3839 1326 3907 ἐξῆν,
1378 3841 1497 3892 οὐδέ
1544 3859 1604 3908 γε
1652 3843 1836 3912 ῥᾴδιον
1885 3837 1952 3910 ἦν

387 3928 572 3988 αὐτοῖς
594 3928 658 3996 τῇ
686 3926 914 3994 δυνάμει
945 3930 1336 3997 χρησαμένοις,
1363 3932 1460 4000 τὴν
1494 3932 1590 3998 τῆς
1618 3931 1955 3998 Πελοποννή-

388 4037 483 4073 σου
529 4020 851 4073 δεσποτείαν
895 4021 1139 4072 ἀκόντων
1170 4021 1328 4089 ἡμῶν
1366 4023 1572 4082 λαϐεῖν,
1610 4023 1954 4092 βουλεύονται

384 4103 474 4165 δῐά
516 4113 816 4183 χρημάτων
868 4111 1043 4181 αὐτὴν
1075 4111 1380 4181 κτήσασθαι
1429 4112 1622 4183 γνώμῃ
1658 4131 1714 4166 τε
1759 4116 1823 4183 τῇ
1862 4113 1952 4164 τοῦ

383 4192 668 4275 ἄρχοντος,
702 4205 797 4258 καὶ
827 4208 894 4276 τῇ
927 4205 1188 4272 ὑπηκόων
1218 4204 1484 4275 συνθήκῃ.
1519 4205 1582 4257 ΛΞ
1621 4206 1730 4276 γὰρ
1758 4206 1957 4274 ἡμέτε-

389 4314 480 4365 ραι
531 4295 871 4363 δυσπραγίαι
938 4294 999 4346 τὸ
1057 4294 1356 4363 τηνικαῦτα
1425 4295 1696 4364 ἐγχειρεῖν
1757 4295 1955 4356 αὐτοὺς

387 4387 622 4450 ἔπειθον,
657 4381 732 4440 ὧν
777 4387 886 4439 οὐδ’
929 4386 996 4438 ἂν
1049 4386 1382 4456 ἐμέμνηντο,
1429 4387 1640 4456 βέλτιον
1676 4388 1807 4456 ἡμῖν
1846 4385 1954 4437 τῶν

390 4471 1034 4547 πραγμάτωνέχόντων.
1089 4478 1352 4546 Ἡγοῦντο
1402 4477 1502 4546 μέν
1543 4474 1636 4531 οῦν
1685 4477 1954 4546 τολμηρόν

2060 3293 2281 3356 hebant,
2321 3309 2571 3362 magnam
2623 3309 2682 3348 se
2733 3293 2857 3348 inde
2911 3295 3190 3349 excitttros
3256 3294 3531 3352 virtutem,
3569 3307 3634 3347 ac

2055 3383 2194 3450 fore,
2234 3393 2292 3438 ut
2331 3387 2474 3454 quol
2517 3385 2778 3454 gerebant
2833 3388 3112 3455 negotium
3155 3384 3403 3437 scintilla:
3454 3382 3632 3436 simile

2052 3476 2332 3531 videretur
2380 3487 2516 3530 natae
2550 3476 2770 3530 accendi
2811 3477 2863 3529 in
2895 3475 3168 3528 flammam
3224 3474 3542 3532 maximam,
3567 3486 3633 3525 ac

2053 3571 2254 3638 sylvatn
2299 3569 2604 3630 absumere,
2642 3579 2805 3635 utque
2837 3582 2864 3620 a
2897 3566 3160 3619 Corintho
3192 3575 3366 3628 empta
3398 3562 3634 3625 molitio,

2053 3641 2105 3714 in
2139 3662 2382 3715 infideles
2409 3674 2597 3713 omnes
2628 3659 2913 3712 recideret.
2952 3657 3060 3709 Hos
3095 3667 3226 3720 ergo
3259 3653 3633 3722 parturientes

2053 3751 2438 3818 cogitationum
2469 3758 2650 3803 motus
2686 3762 2742 3801 se
2767 3749 2862 3806 insi
2885 3748 3161 3800 continere
3179 3740 3634 3811 tte.priliartt.Qttia

2055 3849 2236 3892 tamen
2281 3839 2422 3891 haud
2484 3839 2699 3900 licebat,
2731 3853 2832 3890 nec
2868 3853 2994 3890 vero
3041 3845 3277 3889 eratres
3335 3834 3533 3896 facilis,
3572 3842 3634 3885 ιιι

2057 3930 2294 3998 potentia
2331 3935 2566 3987 utentes,
2597 3926 2781 3978 invitis
2836 3925 2990 3977 nobis
3052 3922 3408 3988 Peloponnesi
3459 3922 3637 3974 domi-

2059 4018 2208 4070 nium
2249 4017 2591 4070 vindicarent
2622 4055 2637 4080 ,
2669 4015 2955 4069 consilium
2996 4018 3204 4073 ineunt,
3241 4024 3292 4065 ul
3324 4025 3610 4069 numerata

2059 4110 2308 4177 pecunia,
2335 4123 2459 4161 cum
2486 4108 2604 4176 ejus
2632 4107 2892 4176 principis
2927 4106 3201 4158 voluntate
3236 4113 3348 4157 tttut
3383 4107 3636 4160 subdito-

2058 4212 2175 4250 rum
2204 4213 2452 4260 assensu,
2486 4212 2598 4250 suae
2626 4197 2818 4250 ditioni
2850 4197 3176 4264 adiungant.
3197 4195 3399 4250 Rerum
3427 4197 3631 4263 quippe.

2059 4300 2238 4343 nostra
2251 4305 2366 4342 rum
2388 4289 2712 4343 miserabilis
2737 4295 2926 4349 status,
2949 4287 2998 4340 id
3019 4301 3107 4340 eos
3128 4297 3258 4341 tunc
3279 4289 3477 4341 audere
3503 4286 3633 4337 fecit

2057 4383 2200 4451 quod
2247 4398 2310 4436 eo
2337 4381 2544 4434 meliori
2581 4396 2646 4434 ne
2680 4379 2732 4432 in
2791 4391 3022 4433 montem
3056 4379 3274 4447 quidem
3337 4388 3645 4430 venturum-

2058 4482 2220 4528 cssrt.
2269 4473 2637 4524 'l‘etnerarittm
2697 4470 2916 4537 quidem
2954 4471 3260 4530 videbatur,
3294 4479 3353 4522 ttt
3400 4467 3500 4534 ipsi
3537 4481 3630 4533 per

387 4572 622 4635 ἐξειπεῖν
659 4570 971 4639 ἀμέσωςτδ
1016 4570 1288 4640 βούλημα·
1340 4571 1479 4639 πλὴν
1523 4571 1583 4621 τὸ
1631 4569 1699 4621 δι’
1747 4568 1948 4638 ἐτέρων

2061 4581 2133 4630 se,
2165 4563 2312 4616 nullo
2364 4561 2562 4626 medio,
2590 4561 2874 4613 consilium
2917 4559 3216 4613 edicerent.
3261 4558 3399 4622 Quia
3454 4568 3633 4610 tamen

387 4664 616 4732 φράζειν
643 4662 890 4714 κίνδυνον
921 4660 1044 4731 ἐχον
1075 4663 1298 4725 εἰδότες,
1334 4655 1468 4731 ἧκον
1503 4660 1659 4712 αὐτοὶ
1687 4658 1838 4729 παρᾶ
1864 4657 1955 4711 τὸν

383 4755 652 4820 δεσπότην
696 4753 798 4804 οὐκ
844 4751 972 4804 ἄνευ
1005 4751 1182 4812 δέους·
1227 4752 1319 4804 καὶ
1364 4749 1442 4819 τῷ
1489 4749 1581 4803 τοῦ
1631 4750 1955 4820 πράγματος

385 4843 565 4912 ἀδήλῳ
604 4841 944 4910 βαλλόμενοι,
985 4843 1146 4908 μόγις
1195 4839 1532 4918 ἐδυνήθησαν
1579 4839 1952 4904 ἐξαγγέλλειν,

387 4929 461 4986 ὧν
491 4930 634 5001 ἕνεχ’
666 4927 822 5004 ἧκον.
857 4929 1092 4994 Ἀξιοῦσι
1119 4930 1184 4999 δὴ
1215 4930 1432 4998 πρῶτον
1471 4929 1589 4999 μὲν,
1614 4931 1661 4981 εί
1704 4930 1780 4998 μὴ
1812 4931 1956 4982 κατὰ

389 5027 617 5093 γνώμην
665 5023 875 5089 λέγοιεν
927 5021 1094 5091 αὐτῷ,
1148 5021 1330 5074 δοῦναι
1366 5021 1694 5091 συγγνώμην
1746 5021 1952 5087 αὐτοῖς,

389 5115 580 5184 ἀγαθῷ
616 5113 866 5182 λογισμῷ
905 5111 1274 5181 κινουμένοις·
1312 5111 1505 5162 ἔπειτα
1550 5111 1645 5162 καὶ
1677 5109 1949 5179 δεύτερον,

384 5208 700 5276 ἀπόρρητον
741 5205 876 5271 παρ’
923 5202 1100 5270 ἐαυτῷ
1145 5202 1395 5271 κατέχειν
1447 5201 1507 5253 τὸ
1555 5199 1948 5270 ῥηθησόμενον,

384 5300 483 5352 καὶ
534 5298 736 5366 τρίτον,
792 5293 986 5346 θᾶττον
1037 5293 1460 5362 ἀποκρίνασθαι,
1523 5294 1633 5344 εἴτε
1693 5291 1951 5360 πράττειν

387 5387 700 5461 βουληθείη,
753 5385 862 5438 εἴτε
900 5387 995 5455 μή.
1028 5385 1216 5439 Ταῦτα
1246 5385 1300 5437 δὲ
1343 5384 1553 5437 ἐκείνου
1583 5383 1786 5446 δόντος,
1815 5385 1866 5436 oi
1895 5384 1950 5436 δέ

388 5482 593 5543 εὐθέως
624 5479 885 5548 ἐχώρουν·
913 5478 975 5531 οὐ
1006 5481 1188 5544 μέντοι
1227 5477 1347 5533 κατ’
1376 5475 1593 5528 εὐθεῖαν
1617 5477 1709 5528 καὶ
1743 5475 1946 5538 ἁπλῶς,

387 5571 503 5626 ἀλλ’
535 5571 723 5639 ῶσπερ
770 5568 1074 5630 ἐλικοειδῶς
1107 5567 1486 5637 πορευόμενοι,
1518 5567 1816 5636 ἐπειρῶντο
1849 5566 1946 5628 τὴν

391 5659 556 5713 αὐτοῦ
579 5660 821 5713 διάνοιαν
844 5658 1121 5720 κλέπτειν,
1158 5657 1207 5707 εἰ
1242 5655 1349 5722 ἄρα
1382 5643 1678 5724 κεκμηκώς
1710 5655 1822 5707 ἐστι
1853 5655 1947 5706 καὶ

390 5752 802 5821 ἀπαγορεύσας,
861 5750 952 5810 καὶ
1013 5748 1242 5819 βούλοιτ’
1296 5749 1362 5799 ἂν
1411 5747 1788 5816 ἀπαλλαγῆναι
1838 5745 1947 5796 τῶν

393 5843 673 5902 δυσ-ιερῶν
697 5847 790 5898 καὶ
818 5841 1193 5897 ἐπικινδύνων.
1223 5842 1332 5894 Καὶ
1362 5839 1518 5893 τοῦτο
1549 5836 1946 5901 προγινώσκειν

2059 4656 2203 4709 haud
2240 4655 2482 4724 periculo
2521 4667 2715 4706 vacare
2749 4659 3022 4720 putarent,
3057 4661 3114 4704 ut
3150 4666 3243 4719 per
3279 4652 3415 4704 alios
3459 4649 3631 4716 expli-

2057 4758 2262 4812 carent,
2315 4747 2527 4814 ipsimet
2574 4745 2854 4812 despotam
2897 4744 3118 4805 adeunt,
3151 4756 3463 4811 quanquam
3519 4756 3626 4793 non

2056 4839 2280 4891 omnino
2329 4848 2470 4888 metu
2496 4834 2661 4889 soluti
2697 4852 2710 4898 ;
2745 4834 2922 4901 deque
2953 4835 3027 4886 rei
3055 4835 3264 4885 incerto
3293 4845 3493 4886 eventu
3534 4846 3634 4883 att-

2059 4930 2245 4993 xii,vix
2278 4930 2493 4981 tandem
2525 4925 2716 4980 efferre
2773 4935 3021 4995 possunt.
3066 4939 3296 4993 quorum
3347 4939 3513 4978 causa
3539 4941 3631 4978 ve-

2057 5020 2463 5075 nissent.Porro
2485 5021 2719 5088 primum
2746 5027 2936 5087 rogant
2956 5018 3188 5080 veniam,
3214 5027 3275 5070 ut
3297 5017 3426 5086 quid
3449 5017 3632 5069 minus

2055 5129 2118 5168 ex
2154 5113 2336 5168 animo
2367 5111 2627 5177 dixerint,
2662 5120 2919 5178 tanquam
2967 5109 3058 5176 qui
3095 5109 3265 5178 probo
3300 5108 3466 5162 animi
3511 5122 3626 5174 pro-

2056 5206 2237 5272 posito
2294 5211 2524 5272 agantur
2557 5219 2570 5256 :
2610 5210 2724 5255 tum
2785 5203 2947 5255 etiam
3007 5201 3272 5264 secundo,
3309 5209 3366 5254 ut
3395 5197 3535 5265 apud
3575 5211 3632 5249 se

2054 5309 2310 5349 arcanum
2333 5303 2531 5360 teneat,
2555 5293 2699 5362 quod
2724 5293 3008 5346 dicendum
3049 5291 3118 5344 sit
3150 5307 3167 5355 ;
3210 5292 3371 5344 tertio
3399 5289 3631 5352 denique

2055 5398 2113 5440 ut
2138 5387 2249 5441 cito
2288 5387 2636 5455 respondeat,
2672 5401 2799 5438 num
2835 5399 2947 5437 rem
2986 5383 3114 5436 velit
3167 5381 3302 5445 ﬁeri,
3334 5392 3525 5432 net-nc.
3557 5373 3633 5427 Ut

2053 5487 2232 5531 autem
2271 5477 2355 5530 his
2387 5476 2476 5529 ille
2533 5475 2841 5535 annuisset,
2903 5473 3210 5543 procedunt
3257 5469 3438 5524 statim
3476 5482 3488 5527 ;
3525 5479 3632 5517 ncn

2053 5575 2232 5621 tamen
2270 5577 2414 5620 recta
2460 5579 2523 5618 ac
2571 5565 2912 5633 simpliciter,
2952 5564 3043 5617 sed
3093 5561 3241 5614 velut
3287 5571 3382 5625 per
3419 5567 3623 5605 cuneus

2051 5675 2115 5712 ac
2148 5658 2446 5721 anfractus,
2479 5656 2596 5724 ejus
2627 5657 2766 5710 clam
2809 5655 3050 5708 anitnum
3086 5650 3268 5704 venari
3307 5642 3620 5700 tentabant;

2051 5766 2175 5802 num
2233 5751 2447 5802 tandem
2499 5745 2742 5801 delectus
2793 5754 2957 5807 esset,
2988 5757 3053 5796 ac
3099 5753 3249 5806 spem
3302 5731 3617 5802 abiecisset,

2050 5841 2316 5897 velletque
2372 5836 2587 5892 liberari
2635 5851 2661 5891 ιι
2696 5835 2873 5893 malis.
2905 5847 2971 5886 ac
3009 5845 3094 5883 res
3126 5829 3178 5882 itt
3220 5836 3334 5880 tttto
3391 5837 3612 5880 nouere.
