4166 6270
548 405 650 471 251

1729 410 2130 472 MANUELIS
2173 413 2619 504 PdL.£OLOG[

3665 417 3774 480 252

543 525 810 581 Volebam
853 536 1033 581 autent
1069 541 1129 580 ea
1163 526 1438 595 praescire,
1469 536 1528 580 ut
1567 538 1788 597 possent
1823 531 1925 584 larti
1961 532 2100 585 inire

2233 532 2501 597 ϐούλοντο,
2529 533 2602 595 ῶς
2629 532 2693 586 ἂν
2713 532 2882 601 ἔχοιεν
2907 530 3347 601 θρύπτεσθαιέπὶ
3370 531 3466 593 τὰς
3481 550 3543 583 συ
3554 535 3782 603 μϐἀσεις

552 628 726 686 parta,
759 617 884 670 dum
930 617 998 672 ita
1031 617 1229 670 habere
1265 631 1677 686 cognoscerent,
1721 623 1795 675 uti
1839 638 1900 676 ex
1951 624 2111 676 rebus

542 720 606 758 ac
658 717 958 774 temporum
1001 707 1248 760 molestia
1290 707 1604 764 habiturum
1642 710 1912 778 conjicere
1958 724 2113 782 puta-

547 795 696 848 baut.

614 883 750 949 Quia
790 900 922 938 vero
961 885 1128 941 latere
1195 903 1297 942 non
1341 899 1549 956 poterat
1586 891 1760 944 virum
1805 893 1971 947 mu'ta
2027 909 2116 946 or-

545 985 729 1028 uatum
765 977 1073 1044 prudentia,
1101 994 1198 1032 nec
1258 981 1472 1036 modica
1534 998 1716 1037 rerum
1779 989 2113 1054 experientia

544 1067 851 1134 prteditum.
881 1085 992 1136 quo
1019 1069 1131 1123 haec
1164 1070 1389 1137 ferrent,
1421 1074 1675 1144 detegunt
1697 1077 1969 1148 deinceps,
2003 1096 2116 1134 rem

546 1165 714 1210 telam
780 1159 1132 1226 explicantes,
1170 1163 1299 1231 quid
1336 1165 1504 1218 animi
1535 1183 1596 1219 ac
1629 1168 1924 1224 voluntatis
1957 1173 2118 1226 habe-

547 1257 666 1302 rent
698 1265 713 1303 :
770 1262 827 1302 ut
882 1251 1050 1305 totius
1085 1254 1438 1322 Peloponnesi
1477 1258 1834 1326 principatum
1875 1264 2120 1330 accipere

550 1339 733 1405 velint,
768 1343 1037 1408 siquidem
1091 1346 1256 1400 libeat
1295 1349 1528 1411 tradere,
1559 1352 1796 1420 velitque
1826 1353 1981 1408 facde
1999 1373 2123 1424 pro-

549 1431 723 1486 vincia
755 1435 1031 1500 excedere,
1050 1438 1135 1490 cui
1165 1437 1438 1508 deinceps,
1464 1447 1541 1494 tot
1565 1442 1844 1496 confertim
1872 1433 2122 1508 malis,ad

548 1539 633 1587 ea,
670 1539 788 1592 qua:
836 1526 1095 1582 continua
1135 1532 1567 1597 praecessissent,
1597 1535 1816 1588 cumulo
1867 1537 2122 1606 ingruen—

550 1615 717 1679 tibus,
757 1618 1044 1684 praesidere
1077 1635 1180 1673 non
1219 1633 1414 1689 posset.
1449 1622 1671 1679 Multam
1698 1641 1825 1695 ergo
1881 1631 2123 1696 pecunite

549 1708 658 1761 vim
689 1709 934 1777 polliciti,
959 1725 1022 1764 ac
1051 1713 1196 1765 omni
1225 1715 1385 1766 modo
1413 1715 1530 1784 ejus
1561 1718 1778 1772 familia:
1806 1721 2114 1772 c0'nmo:lis

551 1800 867 1864 adnisuros,
907 1801 1154 1855 neeullis
1187 1804 1411 1859 omissis
1449 1807 1651 1874 quibus
1707 1809 1760 1862 in
1798 1811 2120 1862 sententiam

2216 626 2482 688 ἐλθόντες,
2516 629 2564 679 εί
2618 627 2794 692 γνοῖεν
2833 624 2962 676 ὄντα
3009 623 3272 688 τοιοῦτον,
3311 619 3422 676 οἷον
3468 624 3532 677 ἐκ
3579 644 3636 678 τε
3672 628 3782 680 τῶν

2216 717 2559 785 πραγμάτων
2608 718 2701 769 καὶ
2743 717 2839 785 τῆς
2883 715 2992 767 τῶν
3033 713 3241 785 καιρῶν
3280 715 3578 778 ἐπιθέσεως
3630 721 3781 770 ἐτεκ-

2221 809 2502 878 μαέροντο.

2299 901 2450 953 Ἐπεὶ
2477 899 2521 952 δ’
2543 900 2644 952 οὒκ
2672 894 2739 970 ἦν
2763 899 2990 952 δυνατὸν
3018 899 3219 962 λαθεῖν,
3284 901 3463 962 πόθεν,
3496 902 3587 954 τον
3615 902 3782 972 πολλῇ

2222 993 2322 1062 μὲν
2389 991 2603 1044 συνέσει
2669 991 3106 1058 κεκοσμημένον,
3173 991 3340 1059 πολλῇ
3399 991 3454 1044 δὲ
3522 994 3786 1063 ἐμπειρίᾳ,

2220 1084 2494 1150 κομῶντα,
2561 1082 3005 1135 ἀποκιλύπτουσι
3071 1081 3274 1144 λοιπδν,
3321 1083 3779 1144 διαπεταννύντες

2221 1177 2329 1227 πᾶν
2359 1174 2673 1243 πρόϐλημα,
2701 1174 2800 1244 τὴν
2831 1173 3010 1224 αὐτῶν
3039 1171 3296 1242 βούλησίν
3324 1190 3382 1225 τε
3418 1175 3513 1225 καὶ
3536 1173 3783 1241 γνώμην·

2223 1268 2296 1329 ὡς
2333 1261 2442 1317 εῖεν
2490 1263 2745 1329 δέξασθαι
2782 1264 3031 1325 θέλοντες
3087 1266 3266 1316 πᾶσαν
3316 1263 3414 1333 τὴν
3464 1266 3638 1334 ἀρχὴν
3679 1265 3780 1329 τῆς

2223 1358 2657 1427 Πελιποννήσου,
2687 1357 2732 1407 εἰ
2766 1355 3013 1423 βούλοιτό
3040 1371 3102 1420 γε
3129 1355 3303 1406 τοῖσδε
3331 1355 3593 1423 παρέχειν
3620 1355 3788 1423 αὐτὴν

2223 1454 2449 1513 ἐκεῖνος,
2482 1449 2578 1502 καὶ
2609 1444 2782 1518 οὗπερ
2813 1448 2913 1500 οὐκ
2947 1447 3122 1516 ἰσχύει
3154 1446 3461 1509 δεσπόζειν,
3498 1447 3687 1500 τούτου
3725 1464 3786 1513 γε

2223 1543 2424 1613 ῥᾳδίως
2459 1541 2762 1606 ὑπεξιέναι,
2804 1539 3013 1592 πολλῶν
3057 1539 3167 1592 τῶν
3212 1539 3562 1593 ἀπευκταίων
3594 1538 3788 1607 ἁθρόον

2225 1633 2664 1686 ἐπεισπεσόντων
2691 1634 2802 1694 τοῖς
2826 1630 3193 1701 προλαϐοῦσιν
3218 1631 3541 1700 ἐπαλλήλοις
3575 1631 3786 1691 δεινοῖς.

2227 1725 2425 1792 Συχνὸν
2453 1720 2545 1776 οὖν
2573 1721 2994 1791 ὑπισχνούμενοι
3019 1720 3351 1788 καταθήσειν
3384 1719 3664 1788 ἀργύριον,
3693 1721 3788 1772 καὶ

2226 1815 2604 1884 λυσιτελήσειν
2639 1815 2856 1866 ἅπαντα
2905 1812 3105 1882 τρόπον
3159 1813 3321 1864 παντὶ
3370 1810 3447 1879 τῷ
3485 1811 3652 1877 γένει,
3694 1803 3821 1862 καῖ’

551 1901 776 1958 possent
835 1893 1071 1955 trahere,
1133 1899 1349 1949 tandem
1398 1909 1611 1965 rogant,
1648 1909 1706 1952 ttt
1750 1901 1929 1954 edicat
1991 1901 2118 1980 quid

2229 1889 2394 1972 μηδὲν
2425 1902 2827 1972 παραλιπόντες
2862 1896 2942 1964 οἷς
2972 1901 3181 1952 πείθειν
3209 1895 3374 1969 εἶχον,
3408 1901 3786 1965 τελευτῶντες,

555 1982 799 2036 videatur
827 1999 855 2037 e
889 1999 945 2038 re
994 1989 1270 2040 communi
1309 2006 1322 2053 ;
1367 1990 1416 2041 in
1451 2006 1569 2058 qua:
1610 1991 1768 2045 verba
1805 1990 2006 2044 faciunt
2037 1993 2117 2046 di-

553 2075 706 2128 cendi
765 2077 948 2130 tinem.
983 2077 1359 2146 Respondente
1394 2083 1508 2148 illo,
1539 2084 1590 2136 in
1629 2084 1926 2138 crastinum
1965 2087 2120 2139 abeo

555 2167 837 2221 audituros
879 2185 893 2222 :
926 2183 1022 2222 nec
1052 2171 1194 2224 enim
1234 2172 1455 2227 decebat
1484 2182 1540 2227 ut
1572 2174 1651 2228 sic
1681 2175 1987 2230 inconsulte
2033 2193 2124 2230 re-

556 2260 849 2324 sponderet
880 2277 895 2314 :
932 2261 1182 2315 abierunt
1230 2263 1304 2316 illi
1327 2265 1450 2327 laeti,
1487 2269 1630 2334 quod
1664 2282 1771 2320 non
1815 2268 1990 2335 primo
2021 2278 2125 2322 sta-

557 2348 654 2400 tim
687 2363 1008 2418 congressu,
1033 2353 1109 2405 rei
1146 2368 1293 2420 spem
1323 2370 1537 2428 omnem
1565 2358 1925 2426 abjiciendam
1951 2361 2124 2414 dixis.

560 2447 663 2497 set,
726 2454 790 2493 ac
851 2455 917 2493 ne
981 2442 1298 2498 inconcessa
1352 2457 1768 2514 praesumerent.
1805 2449 2123 2518 Quanquam

557 2535 644 2580 est
683 2530 824 2596 quod
860 2531 947 2585 ltic
991 2533 1254 2586 miremur
1286 2552 1300 2588 :
1332 2551 1429 2604 par
1475 2539 1619 2592 enim
1669 2549 1824 2604 erat,
1851 2551 1909 2594 ut
1955 2543 2126 2612 magis

560 2619 789 2688 injectas
816 2637 996 2678 moras
1023 2625 1250 2681 moleste
1282 2627 1507 2691 ferrent,
1546 2631 1794 2700 quodque
1819 2648 1924 2688 non
1944 2636 2125 2690 statim

472 2783 476 2786 .
561 2713 712 2766 firma
747 2730 871 2782 spes
902 2714 1042 2771 facta
1073 2730 1216 2773 esset
1243 2720 1322 2773 rei
1357 2721 1726 2780 conficiendae.

632 2903 770 2968 Quia
808 2913 939 2959 tunc
980 2909 1124 2961 enim
1178 2909 1510 2968 didieillimis
1556 2921 1616 2968 ut
1674 2931 1911 2982 unquam
1968 2921 2130 2976 rebus

564 2997 838 3057 utebatur,
871 3004 987 3050 erat
1021 2999 1244 3053 omnino
1296 3009 1354 3054 ut
1409 3014 1558 3056 certo
1591 3005 1920 3059 confiderent
1956 3007 2132 3063 liben-

567 3087 776 3140 tissime
799 3095 1180 3155 suscepturum
1210 3105 1399 3144 eorum
1429 3107 1708 3149 sermones
1741 3112 1755 3160 ;
1790 3099 1915 3164 quia
1944 3107 2124 3153 tamen

565 3179 654 3246 qui
687 3182 1024 3234 occAsionem
1079 3183 1221 3236 nacti
1255 3199 1286 3238 a
1317 3194 1556 3253 tempore
1579 3203 1640 3242 ac
1676 3193 1858 3254 rebus,
1888 3205 1984 3259 pro
2013 3192 2130 3246 tali-
2171 3180 2186 3195 ί

2223 1994 2469 2063 εὔχονται
2502 1994 2558 2044 τὸ
2591 1995 2746 2062 κοινῇ
2789 1996 3032 2045 συιοῖαον
3058 1991 3222 2044 αύτδν
3255 1993 3452 2056 εἰπεῖν,
3489 1993 3582 2044 καὶ
3619 2009 3788 2046 κατα-

2221 2088 2443 2141 λύουσιν
2489 2085 2735 2139 ἐνταυθοῖ
2777 2087 2868 2138 τὸν
2899 2085 3082 2153 λόγον.
3114 2084 3381 2139 Κάκείνου
3425 2085 3562 2154 πρὸς
3595 2085 3790 2147 αὐτοὺς

2224 2178 2532 2248 εἰρηκότος,
2563 2177 2619 2238 ἐς
2653 2175 2842 2244 αὔριον
2884 2174 3218 2228 ἀκούσεσθαι
3258 2175 3388 2243 παρ’
3424 2174 3616 2237 αὑτοῦ,
3659 2175 3790 2243 μηδὲ

2225 2273 2334 2335 γὰρ
2381 2267 2447 2320 ἂν
2498 2266 2733 2333 πρέπειν
2765 2265 2916 2333 αὑτῷ
2945 2265 3180 2336 οὑτωσὶν
3223 2265 3515 2327 ἀσκέπτως
3555 2265 3791 2332 ἀποκρί-

2225 2356 2436 2416 νασθαι.
2470 2358 2517 2408 oi
2560 2355 2604 2407 δ’
2639 2353 2891 2415 ἀπιόντες
2931 2354 3168 2425 ἔχαιρον,
3203 2354 3280 2422 τῷ
3309 2355 3381 2424 μὴ
3421 2355 3518 2424 τὴν
3552 2353 3778 2424 πρώτην

2225 2447 2412 2508 αὐτοῖς
2441 2448 2648 2498 ἐκεῖνον
2680 2447 2856 2498 εἰπεῖν
2884 2445 3227 2498 παντάπασιν
3257 2444 3660 2510 ἀπογινώσκειν
3692 2441 3786 2495 τοῦ

2227 2535 2574 2605 πράγματος,
2610 2536 2707 2587 καὶ
2753 2534 3018 2604 μηδαμῶς
3067 2535 3181 2596 τοῖς
3227 2532 3541 2599 ἀνεφίκτοις
3584 2533 3790 2600 ἐπιχει-

2230 2627 2365 2696 ρεῖν.
2399 2625 2510 2678 Καί
2540 2643 2621 2677 τοι
2653 2624 2799 2690 ἄξιον
2847 2622 3085 2677 ἐνταῦθα
3131 2622 3429 2692 θαυμάσαι.
3471 2623 3790 2680 Τούναντίον

2227 2719 2336 2787 γὰρ
2361 2716 2552 2786 ἐχρῆν,
2581 2717 2646 2786 τῇ
2674 2715 3264 2786 ἀναϐολῇιδυσχερᾶναι
3299 2715 3423 2778 τοὺς
3447 2713 3670 2784 ἄνδρας,
3697 2717 3792 2766 καὶ

2227 2809 2306 2876 τῷ
2342 2806 2417 2876 μὴ
2450 2807 2674 2875 βεϐαίας
2700 2805 2917 2867 ἐλπίδας
2949 2804 3108 2865 εὐθὺς
3140 2803 3348 2858 λαϐεῖν.

2312 2897 2532 2967 Ἐπειδὴ
2566 2898 2675 2968 γὰρ
2710 2898 2916 2958 ἐκεῖνος
2951 2894 3028 2964 τῷ
3053 2895 3358 2962 τηνικαῦτα
3391 2894 3795 2963 χαλεπωτάτοις

2230 2989 2391 3061 εῐπερ
2425 2989 2554 3044 ποτὲ
2594 2992 2703 3050 τοῖς
2741 2989 3064 3058 πράγμασιν
3109 2988 3393 3058 ἐκέχρητο,
3431 2987 3538 3040 ἔδει
3580 2987 3795 3049 πάντως

2231 3081 2430 3142 αὐτοὺς
2457 3081 2700 3150 Θαρῤεῖν,
2727 3081 2802 3141 ὡς
2832 3078 3216 3148 ἀσμενέστατα
3239 3077 3485 3142 δέξεσθαι
3508 3078 3635 3139 τοὺς
3664 3079 3795 3148 παρ’

2232 3173 2411 3228 αὐτῶν
2437 3174 2648 3239 λόγους.
2685 3172 2745 3225 Οί
2775 3171 2854 3236 δὲ,
2883 3171 2956 3233 ὼς
2986 3171 3149 3234 ἔοικε,
3188 3169 3250 3222 τὸ
3285 3169 3383 3240 μὲν
3413 3169 3505 3222 ἐπὶ
3531 3169 3796 3231 τοιούτοις

569 3272 668 3324 bus
699 3270 818 3324 ausi
847 3283 1033 3327 essent
1082 3275 1230 3329 adire
1261 3285 1426 3343 atque
1457 3279 1632 3344 aﬂ‘ari,
1664 3281 1919 3335 inﬂexum
1962 3298 2125 3351 repu-

2231 3262 2556 3334 προσελθεῖν
2590 3261 2686 3314 καὶ¹
2719 3259 3074 3330 διαλεχθῆναι
3101 3258 3375 3329 τολμῆσαι
3405 3257 3514 3311 ἀπὸ
3552 3258 3647 3310 τοῦ
3679 3274 3796 3310 και-

573 3372 751 3416 tantcs
779 3379 840 3416 ac
877 3364 1364 3421 tolerantissimum
1398 3369 1498 3423 viri
1536 3372 1797 3432 animum,
1833 3371 2133 3429 contentio-

569 3470 797 3521 sumquc
825 3470 888 3508 ac
926 3471 1204 3525 asperum,
1258 3459 1416 3529 plane
1465 3463 1728 3527 putabant
1773 3461 1908 3528 fore,
1959 3475 2016 3518 ut
2051 3474 2134 3520 te-

569 3547 871 3617 meritatem
909 3563 973 3602 ac
1011 3550 1226 3603 inanem
1265 3551 1490 3619 gloriam
1524 3553 1722 3608 decoro
1753 3571 1815 3608 ac
1845 3556 1960 3610 utili
1995 3573 2133 3625 prae-

573 3637 818 3689 ltabenda
849 3645 1081 3704 putaret.
1122 3637 1326 3691 Idcirco
1365 3638 1614 3695 labentes
1652 3652 1979 3708 acceperunt
2003 3657 2136 3695 con-

573 3726 820 3779 stitutum
862 3726 1182 3793 terminum,
1241 3729 1496 3797 quodque
1563 3745 1668 3783 non
1713 3731 1894 3784 statim
1957 3731 2022 3784 ab
2071 3746 2137 3785 eo

574 3819 1133 3888 audissettt,qmrrere
1163 3820 1272 3880 lupi
1297 3820 1429 3873 alas.
1468 3821 1560 3874 Sic
1585 3836 1715 3891 ergo
1741 3823 1981 3878 confusis
2023 3823 2140 3876 ani-

575 3912 704 3977 mis,
737 3911 886 3966 dubii
918 3911 986 3965 de
1039 3909 1223 3966 futuro
1252 3912 1328 3966 rei
1377 3912 1500 3975 (ine,
1540 3913 1812 3967 abierunt.
1855 3915 1945 3969 Ille
1975 3931 2138 3984 porro

575 4020 767 4057 eorum
825 4005 1158 4058 voluntatem
1238 4005 1554 4075 alacresque
1602 4007 1655 4060 itt
1716 4023 1826 4062 rem
1901 4009 2138 4074 animos,

579 4098 771 4166 ingens
804 4097 1041 4150 oblatum
1093 4107 1262 4161 ratus,
1313 4099 1518 4166 gratias
1570 4099 1786 4154 Christo
1831 4101 2135 4155 auxilianti.

499 4207 505 4212 ·
580 4188 725 4243 Sane
760 4188 975 4256 quidem
1015 4187 1065 4242 in
1106 4203 1202 4243 eos
1231 4189 1418 4244 audire
1443 4199 1791 4258 erumpentes
1834 4206 2139 4254 sermones,

580 4281 852 4350 impendio
875 4281 1236 4346 desiderabat,
1268 4296 1329 4335 ea
1354 4297 1411 4336 se
1449 4282 1755 4345 occasione,
1787 4297 1882 4335 vos
1917 4296 2141 4348 sperans

549 4377 931 4432 .liberaturttm
970 4389 1000 4428 a
1033 4374 1390 4442 presentibus
1449 4374 1628 4436 malis,
1674 4387 1737 4426 ac
1789 4373 1876 4436 iis,
1923 4389 2044 4441 qua:
2085 4374 2140 4428 in

576 4470 862 4538 procinctu
899 4468 1144 4520 timorem
1191 4465 1502 4520 faciebant:
1537 4463 1677 4532 quod
1722 4464 1880 4533 plane
1911 4466 1979 4517 ita
2016 4479 2142 4518 eve-

581 4561 682 4623 nit,
739 4558 924 4613 divlna
1009 4556 1224 4612 coalitus
1276 4557 1448 4626 gratia
1512 4567 1768 4610 conatum
1828 4554 2138 4621 adjuvante.

581 4652 734 4718 Quod
767 4662 948 4704 tamen
992 4663 1086 4704 eos
1117 4648 1190 4701 rei
1221 4647 1446 4716 cupidos
1488 4646 1675 4704 sciret.
1744 4645 1960 4698 nolebat
2003 4659 2141 4712 pra:-

581 4745 821 4811 tendere,
858 4751 918 4798 ut
961 4757 1028 4796 ne
1059 4741 1162 4796 hoc
1197 4741 1416 4810 gloriari
1465 4739 1639 4799 dat-et,
1695 4745 1949 4805 tanquam
1995 4737 2145 4789 ride-

581 4848 733 4892 retur
792 4838 906 4904 ipse
947 4833 1226 4896 invitasse,
1275 4831 1350 4884 uti
1411 4831 1552 4884 solet
1587 4829 1639 4882 in
1672 4829 1739 4881 iis
1771 4842 1910 4896 quos
1941 4828 2146 4881 scimus

581 4926 916 4980 defunctorie
969 4927 1120 4981 velle.
1169 4923 1323 4990 Quod
1370 4923 1554 4991 itaque
1600 4921 1652 4974 in
1681 4921 1820 4974 votis
1870 4929 2005 4981 erat,
2049 4934 2147 4972 nec

586 5017 820 5071 habebat
849 5027 906 5072 ut
933 5017 1194 5079 etliceret,
1234 5024 1293 5069 ut
1329 5016 1602 5068 nimirum
1661 5013 1869 5081 priores
1925 5011 2000 5063 illi
2033 5029 2060 5062 a
2089 5023 2147 5063 se

587 5110 909 5176 inciperent,
943 5108 1045 5162 hoc
1076 5118 1268 5175 sponte
1307 5107 1508 5162 factum
1542 5106 1754 5171 videns,
1788 5117 1906 5158 eam
1949 5102 2025 5155 rei
2056 5117 2147 5153 cx-

585 5201 938 5270 poditionem,
983 5198 1059 5251 uti
1115 5213 1211 5264 par
1271 5207 1408 5260 erat,
1458 5197 1812 5266 providentiae
1870 5191 2144 5259 ascripsit.

585 5291 698 5346 Nisi
743 5304 875 5345 sane
905 5303 993 5344 res
1043 5289 1181 5343 bene
1211 5304 1275 5344 ac
1308 5305 1374 5343 ex
1425 5289 1609 5344 animo
1667 5288 1835 5342 beatae
1877 5281 2151 5338 memoriae

585 5386 703 5440 viro
735 5380 1114 5446 successisset,
1150 5383 1344 5436 merito
1372 5382 1579 5436 veritus
1608 5395 1785 5435 essent
1827 5377 1907 5432 sic
1937 5375 2152 5443 simpli-

585 5479 746 5540 citer,
783 5475 861 5529 uti
909 5475 1161 5543 superius
1211 5489 1342 5528 usus
1385 5489 1524 5534 sum,
1556 5473 1714 5526 verba
1745 5483 2006 5537 usurpare
2038 5483 2053 5520 :
2091 5481 2152 5519 ac

588 5584 764 5637 neque
808 5571 926 5635 ejus
957 5566 1154 5620 bonum
1187 5565 1512 5619 desiderium
1539 5562 1788 5618 dicturus
1828 5570 2024 5614 erant:
2059 5559 2154 5611 bo-

588 5676 744 5724 num,
801 5659 1046 5729 inquam,
1079 5667 1139 5712 ut
1187 5665 1397 5725 spectes
1429 5667 1664 5723 tempus,
1704 5669 1824 5708 cum
1878 5666 1987 5719 quo
2028 5658 2156 5704 sunt

588 5749 770 5803 omnia
817 5749 1005 5803 bona:
1052 5762 1150 5802 nec
1211 5760 1338 5798 vero
1386 5755 1444 5798 ut
1475 5745 1662 5813 ingens
1723 5741 1853 5794 illud
1914 5739 2152 5793 obitzlutu

587 5840 1006 5896 existimandum
1043 5847 1188 5895 cssrt
1225 5856 1239 5904 ;
1272 5837 1412 5908 quod
1457 5835 1662 5890 scilicet
1717 5833 1931 5887 Frattc-s
1989 5830 2089 5898 ipsi
2124 5847 2152 5884 a

2238 3353 2331 3424 ροῦ
2365 3355 2459 3406 καὶ
2499 3352 2607 3404 τῶν
2657 3351 3003 3421 πραγμάτων
3050 3349 3327 3414 λαϐόντες,
3361 3349 3420 3402 τὸ
3471 3349 3527 3402 δὲ
3579 3348 3794 3410 ἁκλινές

2235 3445 2332 3498 καὶ
2393 3443 2874 3514 καρτερικώτατον
2942 3441 3152 3494 ἐκείνου
3215 3441 3516 3509 φιλόνεικον
3586 3458 3643 3493 τε
3702 3441 3798 3492 καὶ³

2238 3536 2474 3606 σκληρὸν
2506 3536 2849 3604 νομίσαντες,
2870 3532 3040 3605 ᾤοντο
3068 3533 3339 3602 δήπουθεν
3359 3534 3518 3586 αὑτὸν
3543 3533 3602 3585 τὸ
3631 3533 3800 3586 αὔθα-

2235 3627 2321 3690 δές
2369 3644 2425 3678 τε
2463 3627 2556 3680 καὶ⁵
2593 3623 2867 3690 κενόδοξον
2905 3626 2998 3678 τοῦ
3039 3623 3204 3677 καλοῦ
3256 3641 3313 3676 τε
3359 3625 3454 3677 καὶ
3491 3624 3796 3693 συμφέρον-

2237 3737 2328 3783 τος
2379 3699 2845 3789 πὲοτιμήσεοθαι.
2899 3718 3008 3770 Καὶ
3052 3717 3139 3771 διὰ
3174 3716 3333 3771 τοῦτο
3378 3718 3477 3784 τὴν
3528 3716 3796 3785 ἀναϐολὴν

2238 3812 2622 3882 ἠσμενίσαντο,
2673 3810 2769 3862 καὶ
2817 3810 2876 3862 τὸ
2929 3809 3006 3880 μὴ
3062 3811 3285 3870 τούτους
3321 3809 3620 3876 ἀκηκοέναι
3666 3806 3795 3877 παρ’

2239 3902 2427 3965 αὐτοῦ,
2461 3902 2624 3954 λύκου
2660 3899 2833 3969 πτερὰ
2868 3900 3071 3968 ζητεῖν.
3107 3900 3168 3953 Oi
3202 3901 3299 3968 μὲν
3331 3895 3422 3952 οὖν
3458 3897 3626 3958 οὕτως
3653 3898 3798 3967 ἔχον-

2239 4011 2330 4057 τες
2359 3992 2804 4063 συγκεχυμένους
2827 3991 2952 4054 τοὺς
2981 3990 3299 4059 λογισμοὺς,
3333 3989 3459 4058 περὶ
3491 3989 3584 4042 τοῦ
3610 3988 3795 4050 τέλους

2240 4085 2700 4154 ἀμφιϐάλλοντες,
2729 4081 3066 4151 ἀπήλλαξαν·
3101 4083 3126 4133 ό
3157 4080 3211 4132 δὲ
3238 4078 3335 4149 τὴν
3368 4079 3570 4132 τούεων
3605 4078 3798 4147 βούλή-

2244 4194 2350 4243 σιν,
2386 4179 2480 4230 καὶ
2509 4178 2570 4229 τὸ
2603 4175 2730 4243 περὶ
2765 4176 2998 4244 πρᾶγμα
3033 4171 3346 4242 προθύμους
3383 4169 3540 4230 εῖναι,
3571 4170 3798 4238 ἕρμαιον

2242 4268 2614 4338 ἡγησάμενος,
2660 4265 3000 4333 ἀνωμολόγει
3051 4265 3280 4334 χάριτας
3323 4263 3400 4332 τῷ
3447 4261 3798 4331 συνεργοῦντι

2243 4360 2476 4428 Σωτῆρι.
2521 4357 2818 4426 Ἐπεθύμει
2849 4357 2951 4422 μὲν
2981 4357 3087 4426 γὰρ
3118 4357 3324 4417 ἐκεῖνος
3351 4356 3426 4415 είς
3457 4355 3646 4407 τούσδε
3676 4353 3801 4415 τοὺς

2242 4448 2434 4515 λόγους
2463 4448 2659 4512 ἐλθεῖν,
2688 4447 2923 4509 ἐλπίζων
2955 4447 3061 4498 ἀπὸ
3083 4444 3289 4497 τούτων
3319 4445 3464 4513 ὑμᾶς
3493 4443 3800 4506 ἀπαλλάξαι

2243 4537 2564 4606 δυνήσεσθαι
2617 4535 2726 4589 τῶν
2779 4552 2840 4588 τε
2874 4537 3178 4606 παρόντων,
3207 4535 3314 4587 τῶν
3356 4535 3401 4586 0'
3437 4535 3801 4604 ὑφορωμένων

2245 4629 2455 4682 δεινῶν·
2498 4628 2686 4697 ῶσπερ
2736 4626 2828 4680 οὖν
2880 4628 2976 4680 καὶ
3021 4625 3267 4694 γέγονεν,
3312 4625 3605 4695 οὐρανόθεν
3654 4623 3802 4683 θείας

2245 4721 2465 4791 χάριτος
2515 4721 3006 4790 συνεφαπτομένης
3033 4717 3128 4770 τοῦ
3178 4719 3599 4786 ἐγχειρήματος,
3635 4714 3804 4766 Γινώ-

2248 4831 2390 4867 σκων
2420 4813 2463 4867 δ’
2488 4815 2634 4882 ὅμως
2677 4813 2918 4873 ἐκείνους
2959 4811 3283 4880 ἐφιεμένους
3316 4809 3407 4861 τοῦ
3461 4808 3804 4876 πράγματος,

2245 4906 2345 4957 οὐκ
2384 4903 2631 4956 ἐϐούλετο
2664 4904 2968 4971 προτεῖναι,
3004 4904 3096 4954 καὶ
3133 4901 3309 4970 ταύτῃ
3363 4900 3548 4950 δοῦναι
3583 4897 3807 4956 τούτους

2248 4995 2618 5056 πλεονεκτεῖν,
2652 4991 2728 5061 τῷ
2763 4992 2942 5044 δοκεῖν
2989 4988 3428 5058 παρακαλεῖσθαι
3479 4987 3571 5038 ὑπ’
3619 4985 3806 5041 αὐτοῦ.

2247 5086 2274 5136 ὃ
2296 5086 2465 5136 ποιεῖν
2486 5081 2760 5150 εἰώθαμεν
2788 5081 3004 5133 ἐπὶτῶν
3037 5081 3111 5150 μὴ
3138 5081 3277 5132 πάνυ
3302 5075 3808 5147 προθύμως.”οπερ

2249 5176 2428 5229 τοίνυν
2467 5173 2718 5226 ἐϐούλετο
2761 5171 2883 5241 μὲν,
2923 5171 3023 5225 οὐκ
3073 5169 3187 5240 εἶχε
3222 5171 3267 5222 δ’
3303 5171 3450 5231 ὅπως
3491 5168 3806 5238 ἐργάσεται,

2250 5269 2392 5334 λέγω
2433 5267 2495 5336 δὴ
2525 5267 2583 5317 τὸ
2615 5264 2831 5325 κείνους
2875 5263 3125 5332 πρώτους
3161 5261 3515 5331 ἐνάρξασθαι,
3550 5257 3691 5312 τοῦτ’
3717 5256 3812 5310 αύ-

2250 5362 2487 5430 τόματον
2519 5358 2642 5412 ἰδὼν
2670 5358 3071 5427 παραγεγονὺς,
3097 5357 3196 5426 τὴν
3227 5354 3500 5417 εὶκολίαν,
3527 5349 3586 5408 εὗ
3621 5349 3809 5411 ποιῶν,

2251 5457 2315 5521 τῇ
2347 5452 2436 5504 τοῦ
2468 5451 2604 5503 Θεοῦ
2636 5450 2865 5520 προνοίᾳ
2895 5447 3194 5515 λελόγιστο.
3229 5445 3369 5513 Ἐγὼ
3393 5447 3435 5498 δ’
3464 5447 3511 5497 εἱ
3541 5439 3813 5511 μὴκαλῶς

2253 5547 2312 5599 τὸ
2343 5546 2575 5614 πρᾶγμα
2604 5543 2787 5610 ἐξέϐη,
2823 5542 2913 5593 καὶ
2948 5540 3090 5593 κατά
3123 5539 3268 5603 νοῦν,
3301 5538 3497 5605 ἐκείνῳ
3529 5535 3604 5604 τῷ
3642 5548 3818 5602 μακα-

2259 5638 2403 5709 ρίτῃ,
2446 5635 2668 5688 ἐδεδίειν
2702 5634 2766 5687 ἂν
2803 5633 3027 5695 εἰκότως
3084 5631 3271 5692 ἁπλῶς
3305 5631 3414 5690 τοῖς
3460 5627 3634 5692 λόγοις
3681 5623 3816 5694 χρή-

2258 5730 2478 5791 σασθαι,
2515 5725 2588 5788 ὡς
2618 5724 2680 5795 δὴ
2712 5725 3036 5791 προσλαϐὼν
3068 5721 3409 5790 ἐχρησάμην·
3440 5719 3531 5770 καὶ
3561 5715 3685 5768 οὕτε
3721 5715 3818 5778 τὴν

2259 5821 2555 5890 ἐπιθνμίαν
2603 5815 2815 5870 ἐκείνου
2862 5815 2958 5886 τὴν
2999 5812 3206 5884 ἀγαθὴν
3241 5807 3393 5864 εἷπιιν
3444 5809 3529 5862 ἄν·
3584 5807 3726 5870 λέγω
3764 5801 3818 5853 δὲ
