4166 6270
392 354 496 416 27,7

1174 348 1571 410 THEODORI
1609 345 1970 407 DESPUT/E
2002 344 2393 404 LAUDATIO
2439 342 2848 402 FUNEltRlS.

3518 335 3627 397 258

401 465 682 535 ὑμετέρων
708 462 1009 530 ἐξέπεμπε,
1052 463 1237 524 κακῶς
1284 462 1378 513 καὶ
1434 461 1611 529 λέγων
1642 460 1738 511 καὶ
1766 457 1959 521 ποιῶν,
1997 487 2002 508 4

2075 464 2120 507 ut
2166 453 2290 520 quis
2324 462 2562 507 vestrum
2589 453 2906 521 legationem
2936 451 3001 505 de
3026 465 3156 519 pace
3185 450 3249 503 ad
3278 464 3403 502 eum
3423 447 3626 500 obiret.

396 555 537 623 ἀνὴρ
570 550 834 621 ὑϐριστὴς
858 550 956 604 ὢν.
986 552 1059 602 Τὸ
1103 551 1202 619 μὲν
1229 547 1321 603 οὖν
1366 550 1529 619 ἔργον
1557 550 1653 601 σὺν
1706 548 1825 617 Θεῷ
1865 548 1963 599 πέ-

396 663 497 717 ρας
517 645 733 714 εἰλήφει
768 642 953 694 καλόν·
983 642 1078 696 καὶ
1102 640 1244 710 ἅπερ
1278 641 1573 712 εὐχόμεθα,
1617 642 1858 708 γέγονεν.
1900 639 1960 691 '0

394 736 451 789 δὲ
488 734 664 795 καλῶς
688 732 1067 803 ἐργασάμενος
1094 731 1274 801 σωτὴρ
1319 733 1384 785 ἂν
1409 731 1496 800 εἴη
1525 730 1617 783 καὶ
1639 727 1962 798 ὀνομάζοιτο

399 828 513 889 τοῖς
544 826 636 879 ὑπ’
663 824 831 878 αὐτοῦ
861 824 1248 894 σεσωσμένοιςο
1278 825 1369 877 καὶ
1386 823 1592 892 τιμῷτο
1621 822 1751 889 παρ’
1785 820 1964 873 αὐτῶν

406 920 542 986 μετὰ
570 917 632 970 τδ
680 917 853 976 Θεῖον,
898 916 1145 979 εἰκότως,
1188 916 1284 968 καὶ
1332 916 1430 976 τὰς
1474 916 1710 981 μείζους,
1762 912 1965 972 αἵτινές

404 1008 523 1060 ποτ’
549 1008 614 1061 ἂν
666 1003 774 1062 εἷεν
802 1008 834 1077 ἢ
866 1007 1166 1077 νομίζοιντο
1204 1006 1334 1076 παρ’
1376 1006 1705 1079 ἀνθρώποις,
1752 1003 1967 1067 δέξαιῖο

403 1119 429 1152 τ
442 1119 456 1151 ι
463 1117 583 1170 μας.

473 1280 628 1349 Ἔχει
677 1297 759 1341 τις
812 1280 944 1347 ἡμῖν
1014 1277 1308 1348 προφέρειν
1364 1277 1464 1347 τὴν
1516 1275 1722 1346 σκηνὴν
1760 1275 1855 1327 καὶ
1902 1274 1962 1326 τὸ

402 1371 763 1438 προσωπεῖον.
799 1372 869 1422 0)
902 1371 1009 1437 μήν
1043 1385 1103 1435 γε
1138 1370 1244 1439 ὅτῳ
1281 1370 1500 1438 μέτεστι
1534 1368 1646 1420 νοῦ·
1682 1366 1794 1419 οὐδ’
1821 1367 1875 1428 ὃς
1899 1364 1963 1417 ἂν

398 1457 504 1513 οἶδε
538 1462 744 1530 κρίνειν
770 1460 965 1529 ὀρθῶς,
1000 1460 1209 1529 βλέπων
1243 1462 1339 1527 οὐχ
1376 1460 1560 1521 ἁπλῶς
1589 1460 1667 1521 εἰς
1699 1459 1794 1521 τὰς
1824 1458 1964 1526 πρά-

401 1551 534 1615 ξεις,
574 1552 691 1605 ἀλλ’
746 1554 824 1614 είς
874 1554 971 1621 τὴν
1015 1552 1109 1603 τοῦ
1166 1552 1499 1620 πράττοντος
1558 1550 1819 1619 γνὼμην’
1872 1550 1967 1603 καὶ

398 1644 536 1706 ὅλως
567 1660 650 1709 γε,
682 1644 749 1695 δι’
773 1638 847 1697 ῶν
882 1642 947 1695 ἂν
976 1644 1063 1711 εῐη
1118 1643 1281 1695 καλὸν
1313 1646 1546 1710 φανῆναι
1604 1642 1663 1692 τὸ
1690 1640 1839 1701 τέλος
1872 1640 1967 1692 καὶ

404 1733 480 1800 μὴ
508 1732 774 1793 τοιοῦτον,
808 1734 855 1782 εἰ
897 1725 981 1783 δεῖ
1022 1729 1300 1801 συντόμως
1344 1732 1538 1781 εἰπεῖν.
1590 1729 1661 1779 Οὐ
1712 1729 1818 1796 γὰρ
1848 1728 1874 1779 ὅ
1900 1745 1961 1795 γε

404 1821 596 1889 λέληθέ
622 1820 1205 1890 τινας-πραττόμενον,
1227 1818 1370 1871 τοῦτ’
1401 1818 1561 1880 εὐθὺς
1591 1816 1649 1870 ἔν
1677 1834 1784 1869 τινι
1824 1817 1961 1885 μέμ-

404 1912 518 1979 ψειο
550 1913 663 1965 ἀλλ’
696 1912 809 1965 ἐστι
836 1914 927 1965 καὶ
962 1911 1228 1981 κρυϐῆναι
1257 1911 1440 1972 καλὸν,
1486 1912 1593 1962 κάκ
1622 1910 1729 1963 τῶν
1770 1910 1961 1979 κομιδῆ

404 2004 767 2072 φιλουμένων,
791 2004 908 2057 δέον
931 2004 989 2056 ὃν
1025 2003 1169 2057 οὕτω
1212 2003 1486 2072 γενέσθαι.
1543 2002 1632 2065 Ὠς
1669 2005 1775 2073 γὰρ
1811 2003 1963 2055 οὐδὲν

401 2092 554 2165 οἶμαι
585 2097 771 2159 καλὸν,
802 2098 895 2148 καὶ
927 2096 1035 2150 τῶν
1066 2095 1137 2158 ὡς
1187 2098 1423 2165 μάλιστα
1462 2095 1641 2148 καλῶν
1687 2113 1966 2167 μεμαρτυ-

402 2186 677 2255 ρημένων,
706 2186 799 2239 ἐὰν
832 2187 905 2256 μὴ
938 2187 1140 2251 καλῶς,
1174 2189 1201 2239 ὅ
1229 2204 1385 2254 φασι,
1415 2188 1658 2255 γένηται·
1699 2185 1840 2240 οὕτω
1870 2187 1965 2239 καὶ

402 2280 582 2335 πάντα
608 2277 766 2343 καλὰ,
791 2273 863 2331 ὧν
888 2278 951 2330 ἄν
967 2295 1052 2340 τις
1071 2279 1205 2348 μετὰ
1228 2279 1396 2347 καλῆς
1419 2280 1654 2340 διανοίας
1671 2278 1964 2347 ἐφάψαιτο,

404 2379 455 2428 ετ
480 2395 563 2439 τις
589 2380 649 2440 ἐς
676 2373 775 2448 τὴν
797 2372 953 2430 τοῦτο
986 2372 1215 2443 γνώμην
1245 2374 1417 2442 δρῴῖ.
1462 2375 1567 2426 Καὶ
1604 2374 1778 2425 ταῦτα
1822 2373 1966 2439 λέγω

403 2469 665 2538 περὶτῶν
713 2470 880 2535 φίλων
904 2484 916 2496 ·
951 2468 1079 2537 περὶ
1102 2464 1210 2535 γαρ
1244 2465 1354 2517 τῶν
1392 2465 1605 2534 ἐχθρῶν
1653 2465 1705 2517 τί
1738 2465 1843 2534 χρὴ
1871 2467 1968 2518 καὶ

406 2559 609 2625 λέγειν,
645 2557 739 2621 οὓς
768 2559 833 2626 ἢν
884 2559 1171 2625 ἀπατήσας
1201 2557 1553 2625 τροπώσηταί
1583 2573 1667 2617 τις
1700 2558 1848 2625 νόμῳ
1877 2572 1973 2607 πο-

405 2652 599 2721 λέμου,
664 2650 868 2721 μᾶλλον
922 2651 1248 2714 ἐπαινεῖται,
1302 2649 1332 2718 ἢ
1394 2648 1640 2717 φανερῶς
1693 2652 1972 2716 κρατήσας

406 2742 623 2809 utimini;
681 2742 904 2803 ἐκείνως
940 2741 1039 2810 μὲν
1093 2743 1203 2810 γὰρ
1252 2738 1450 2809 ζημίας
1485 2741 1610 2794 ἄνευ
1658 2743 1691 2809 ἡ
1744 2725 1866 2807 νίκη
1896 2738 1974 2808 τῷ

408 2830 723 2903 στρατηγῷσ
753 2832 893 2884 οὕτω
919 2830 976 2883 δὲ
1014 2830 1242 2891 πολλοὺς
1268 2831 1479 2899 ἀνάγκη
1508 2830 1615 2881 τῶν
1661 2829 1807 2881 ἰδίων
1837 2830 1973 2880 ἀπο-

408 2925 615 2978 ϐαλεῖν.
650 2924 758 2976 Καί
790 2941 877 2993 μοι
908 2924 1043 2993 πρὸς
1072 2922 1245 2976 ταῦτα
1288 2925 1676 2992 συμμαρτυρεῖ
1704 2924 1795 2974 καὶ
1829 2923 1971 2974 ίστο-

410 3016 500 3084 ρία
524 3016 615 3068 καὶ
656 2999 895 3083 ποίησις,
933 3016 1027 3067 καὶ
1059 3017 1218 3083 γέμει
1248 3014 1357 3066 τῶν
1405 3015 1659 3067 τοιούτων
1690 3015 1723 3084 ἦ
1762 3032 1819 3067 τε
1855 3016 1974 3085 ἱερὰ

2068 546 2232 600 Scitis
2264 560 2403 614 quos
2427 556 2691 601 vestrum.
2725 543 2865 596 male
2891 543 3070 595 verbis
3101 558 3163 594 ac
3199 542 3357 594 rebus
3390 540 3627 600 habitos.

2066 638 2149 691 vir
2201 637 2633 690 contumeliosus
2693 635 2958 688 emiserit.
2998 633 3106 687 Res
3157 646 3307 701 ergo,
3337 632 3444 684 Deo
3491 632 3631 683 bene

2067 729 2309 796 auspice,
2348 729 2549 782 bonum
2622 728 2828 796 accepit
2881 728 3063 786 finem,
3113 724 3421 786 evcnitque,
3487 722 3628 787 quod

2068 817 2445 887 precabantur.
2486 818 2590 884 Qui
2626 835 2788 888 porro
2814 819 2892 873 sic
2923 819 3058 871 bene
3092 830 3202 868 rem
3218 813 3406 883 gessit,
3436 826 3624 867 eorum

2071 913 2263 967 merito
2287 914 2471 968 audiat
2515 915 2772 976 salvator,
2822 912 3021 981 quibus
3056 925 3175 965 eam
3208 909 3437 962 salutem
3470 906 3630 969 fet-it;

2069 1016 2229 1073 atque
2272 1019 2389 1072 post
2426 1007 2591 1058 Deum
2628 1006 2695 1058 ab
2738 1004 2817 1058 eis
2877 1006 3195 1065 honoretur,
3257 1002 3625 1067 majoresque.

2075 1108 2130 1147 ιιι
2163 1096 2255 1147 ulli
2306 1098 2441 1148 tales
2496 1098 2776 1148 hominum
2820 1095 2999 1147 studio
3030 1093 3230 1146 fuerint
3260 1105 3498 1159 unquam
3540 1096 3634 1140 aut

2072 1195 2350 1255 putentur,
2397 1189 2632 1240 honores
2654 1187 2902 1253 accipiat.

2066 1318 2083 1333 κ
2144 1276 2224 1327 Sit
2257 1291 2381 1329 vero
2420 1280 2512 1344 qui
2555 1287 2815 1344 opponat.
2861 1276 3095 1343 quadam
3161 1289 3270 1326 rem
3318 1272 3635 1340 deceptione

2071 1376 2275 1435 gestam
2304 1384 2376 1431 ac
2407 1383 2498 1435 per
2526 1382 2768 1419 sr-enam.
2791 1367 2942 1418 Haud
2968 1364 3241 1418 enimvero
3268 1366 3462 1432 utquis
3490 1378 3635 1414 sanm

2073 1458 2138 1508 sit
2173 1458 2369 1509 mentis
2411 1472 2474 1509 ac
2535 1467 2680 1510 recte
2715 1459 3040 1509 sententiam
3095 1454 3240 1509 ferre
3300 1456 3439 1509 sciat
3489 1472 3503 1518 ;
3541 1454 3632 1522 qui

2076 1547 2357 1608 nimirum.
2394 1548 2589 1600 nedum
2642 1548 2963 1615 simpliciter
2989 1550 3040 1601 in
3083 1563 3166 1601 res
3208 1562 3329 1616 qua:
3362 1554 3621 1615 aguntur,

2074 1640 2166 1691 sed
2200 1649 2254 1692 et
2284 1640 2496 1691 abunde
2528 1641 2580 1691 in
2616 1640 2854 1692 animum
2898 1640 3245 1709 agentis,'ac
3298 1639 3525 1692 omnino
3577 1646 3634 1691 ttt

2071 1732 2235 1783 verbo
2266 1731 2467 1794 dicam,
2522 1730 2576 1783 iu
2639 1746 2726 1795 ea,
2777 1733 2977 1801 quibus
3034 1732 3156 1786 finis
3203 1732 3398 1785 habt-at
3462 1731 3630 1784 rideri

2066 1823 2260 1887 bonus,
2298 1834 2393 1876 aut
2425 1838 2531 1877 non
2561 1824 2763 1888 bonus,
2819 1824 3196 1894 aspiciendum
3231 1826 3451 1878 sentiat.
3523 1822 3633 1876 Nec

2065 1915 2209 1981 enim
2251 1915 2406 1984 cujus
2435 1916 2656 1982 gerendi
2692 1917 2834 1969 ratio
2868 1922 3131 1986 quosdam
3158 1918 3308 1979 latet,
3336 1918 3388 1969 in
3419 1915 3629 1969 crimen

2067 2006 2247 2060 statim
2302 2009 2601 2062 vocandum
2624 2010 2695 2063 sit
2726 2026 2739 2062 :
2782 2010 2913 2073 quin
2948 2011 3015 2063 iis
3039 2024 3275 2078 quoque,
3314 2024 3451 2078 quos
3480 2007 3635 2061 valde

2066 2098 2269 2152 amicos
2304 2100 2589 2164 habemus,
2615 2115 3009 2169 nonnunquam
3040 2100 3326 2153 consilium
3358 2099 3633 2151 occultate

2067 2196 2310 2256 praestet.
2345 2186 2415 2241 Ut
2458 2189 2603 2243 enim
2643 2190 2776 2243 nihil
2802 2190 3026 2255 bonum,
3088 2191 3169 2242 vel
3207 2189 3251 2243 si
3307 2190 3458 2243 dicas
3514 2202 3635 2257 quae

2068 2279 2303 2332 maxime
2333 2289 2596 2347 putantur
2631 2283 2790 2346 bona,
2820 2281 2920 2334 nisi
2976 2291 3033 2335 ut
3078 2281 3254 2343 aiunt,
3291 2280 3426 2333 bene
3478 2282 3571 2332 fiat
3620 2295 3633 2330 :

2070 2374 2148 2427 sic
2193 2384 2246 2427 et
2298 2375 2481 2428 omnia
2540 2376 2679 2429 bona
2735 2377 3069 2437 existimem,
3111 2384 3265 2428 utea
3308 2375 3432 2443 quis
3492 2373 3637 2425 bono

2071 2464 2257 2517 animo
2275 2467 2624 2532 aggrediatur
2667 2483 2682 2530 ;
2715 2469 2882 2534 quod,
2918 2454 3167 2535 inquam,
3191 2467 3257 2519 ad
3315 2467 3434 2533 ejus
3467 2464 3636 2518 animi

2073 2555 2411 2623 propositum
2467 2557 2682 2609 attinet.
2747 2556 2872 2609 Haec
2934 2557 3082 2620 dico,
3136 2557 3281 2624 quod
3333 2565 3542 2623 spectat
3569 2557 3636 2608 ad

2075 2650 2331 2703 amicos:
2378 2649 2506 2715 quid
2570 2649 2714 2700 enim
2763 2648 2831 2702 de
2863 2648 3114 2701 hostibus
3152 2649 3297 2700 dicto
3358 2648 3431 2701 sit
3484 2662 3637 2714 Opus,

2074 2755 2213 2809 quos
2245 2741 2442 2810 utquis
2462 2740 2679 2793 licentia
2698 2740 2889 2793 bellica
2916 2739 3269 2808 decipieusin
3303 2739 3485 2806 fugam
3519 2748 3642 2808 agat

2075 2833 2393 2901 fuudatque,
2431 2833 2690 2901 majorem
2723 2842 3091 2901 consequatur
3143 2832 3394 2900 gloriam,
3475 2848 3637 2902 quam

2076 2932 2134 2977 ut
2167 2934 2357 2992 aperto
2404 2934 2577 2977 marte
2628 2926 2948 2989 decernens,
3002 2923 3242 2977 obtineat
3293 2926 3436 2993 quod
3496 2928 3642 2993 prior

2080 3014 2295 3081 quidem
2334 3014 2579 3075 victoria.
2627 3013 2770 3066 nulla
2802 3013 3013 3082 jactura
3036 3014 3353 3082 imperatori
3388 3024 3638 3077 constet;

411 3106 604 3176 Γραφὴ
626 3109 719 3159 καὶ
747 3108 812 3158 τὰ
834 3107 942 3159 τῶν
976 3108 1222 3177 ῥητόρων
1251 3107 1342 3158 καὶ
1360 3106 1664 3173 φιλοσόφων
1694 3110 1978 3176 συγγράμ-

2081 3105 2145 3159 ad
2215 3106 2571 3173 posteriorem
2624 3114 2805 3158 autem
2867 3119 3093 3158 necesse
3153 3105 3348 3158 habeat
3414 3123 3637 3160 suorum

415 3214 582 3265 ματα.
617 3197 736 3249 Ὀτι
765 3196 819 3249 δὲ
843 3197 936 3249 καὶ
963 3197 1099 3265 πρὸς
1134 3197 1259 3257 τοὺς
1288 3197 1386 3247 οὐκ
1413 3197 1637 3265 ἐχθροὺς
1671 3197 1828 3259 ὄντας
1858 3199 1969 3261 ἑξε-

417 3304 500 3339 στι
530 3288 765 3340 τοιοῦτόν
794 3304 849 3340 τι
890 3288 1172 3356 πράττειν,
1211 3289 1238 3339 ὁ
1283 3285 1395 3355 βίος
1441 3282 1594 3351 οὗτος
1646 3288 1789 3352 ἅπας
1824 3290 1969 3342 συνί‹

416 3392 622 3444 στησιν,
648 3374 803 3430 Οὕτω
833 3376 942 3446 γὰρ
967 3376 1061 3429 καὶ
1090 3377 1282 3445 ίατροὶ,
1303 3377 1396 3428 καὶ
1420 3377 1617 3439 πάντες
1643 3374 1721 3439 οἷς
1753 3378 1969 3447 βοηθεῖν

412 3470 560 3520 ἐστιν
607 3467 785 3539 ἔργον,
836 3469 1096 3530 πολλάκις
1144 3468 1584 3536 διαπράττονται,
1620 3469 1682 3521 τὸ
1727 3472 1971 3522 συνοῖσον

412 3560 768 3628 ἐργαζόμενοι
803 3560 978 3612 πάντα
1010 3561 1244 3629 τρόπον·
1266 3560 1371 3625 ,καὶ
1402 3559 1583 3629 εὕροις
1614 3560 1680 3612 ἂν
1728 3562 1969 3629 ζητήσας

414 3651 736 3718 προσωπεῖα
766 3650 1158 3719 περιθεμένους
1190 3650 1291 3703 οὐκ
1338 3650 1555 3716 ὀλίγους
1599 3650 1708 3702 τῶν
1738 3651 1974 3719 ἀρίστων

410 3739 642 3809 ἀνδρῶν,
662 3739 805 3790 ὥστε
834 3740 1105 3807 μεγίστων
1124 3740 1220 3793 καὶ
1243 3741 1525 3810 προδήλων
1555 3741 1741 3794 κακῶν
1778 3742 1909 3809 ρυσθ
1921 3742 1978 3807 ἧ-

412 3844 525 3892 ναι,
564 3828 657 3880 καί
689 3845 791 3879 που
823 3829 918 3880 καὶ
958 3832 1142 3897 τυχεῖν
1172 3830 1415 3897 ἀγαθῶν,
1460 3832 1627 3900 χωρὶς
1660 3830 1754 3882 τοῦ
1788 3847 1980 3896 πειρα-

414 3921 579 3988 θῆναι
628 3919 817 3970 δεινῶν
859 3919 1104 3981 ἐκείνους
1134 3921 1260 3983 τοὺς
1294 3922 1354 3973 οὐ
1409 3922 1594 3983 κακῶς
1626 3921 1979 3989 ἐξηπατημέο

412 4030 559 4076 νους,
591 4011 778 4080 φίλους
813 4027 876 4079 γε
902 4010 1083 4065 δντας.

2078 3197 2259 3265 plures
2293 3198 2560 3250 amittere.
2589 3195 2771 3250 Habeo
2798 3197 2994 3251 asserti
3028 3208 3287 3264 patronos
3322 3213 3443 3251 cum
3466 3197 3642 3251 histo-

2079 3289 2236 3352 riam,
2279 3299 2389 3342 tum
2432 3290 2634 3358 poesim
2662 3305 2676 3353 ;
2704 3298 2939 3358 suntque
2971 3289 3126 3357 plena
3161 3289 3428 3358 ejusmodi
3455 3305 3642 3343 exem-

2079 3379 2179 3447 plis
2200 3394 2322 3431 cum
2358 3378 2640 3447 Scriptura
2669 3394 2846 3441 sacra,
2895 3389 3009 3433 tum
3047 3389 3327 3434 oratorum
3367 3394 3431 3433 ac
3454 3380 3635 3449 philo-

2077 3474 2372 3539 30phorum
2410 3472 2637 3538 scripta.
2691 3468 2757 3523 Ut
2787 3480 2966 3523 autem
3022 3469 3077 3523 in
3135 3485 3229 3523 eos
3275 3485 3488 3535 quoque
3547 3469 3640 3537 qui

2076 3577 2183 3615 non
2218 3573 2344 3615 sunt
2373 3563 2557 3615 hostes
2580 3561 2784 3628 aliquid
2825 3560 3095 3629 ejusmodi
3147 3559 3420 3615 committi
3454 3559 3644 3623 possit,

2074 3654 2363 3705 universus
2397 3652 2578 3704 διασυιὶ
2625 3666 2759 3705 usus
2813 3652 3122 3706 confirmat.
3163 3650 3253 3705 Sic
3297 3650 3442 3705 enim
3484 3650 3643 3703 etiam

2054 3742 2294 3800 ‘tnetlici.
2332 3755 2395 3793 ac
2447 3742 2687 3795 universi
2721 3742 2911 3809 juvare
2977 3742 3265 3802 habentes,
3302 3725 3468 3794 'hautl
3520 3755 3646 3792 raro

2078 3833 2334 3893 habeant,
2371 3832 2503 3883 nihil
2539 3847 2647 3883 non
2683 3842 2925 3898 agentes,
2961 3841 3019 3884 ιιι
3049 3834 3191 3899 quod
3226 3834 3300 3885 sit
3357 3833 3511 3892 utile,
3565 3830 3644 3882 fa—

2081 3923 2229 3976 ciant
2268 3930 2477 3988 ;atque
2532 3929 2590 3973 ut
2640 3921 2864 3987 adjicias
2916 3921 3180 3985 animum,
3238 3923 3483 3976 invenias
3535 3939 3641 3974 unn

2082 4028 2285 4082 paucos
2315 4011 2463 4063 viros
2525 4010 2785 4078 optimos,
2829 4026 3084 4079 pchOnas
3121 4023 3486 4075 assumcntes,
3541 4030 3649 4079 qun

414 4108 516 4163 sibi
551 4108 688 4161 bene
716 4107 970 4174 deceptos
990 4103 1196 4157 amicos
1242 4101 1552 4156 amaximis
1576 4116 1638 4155 ac
1684 4101 1984 4170 perspicuis
2028 4105 2185 4158 malis
2248 4102 2463 4173 possint
2528 4102 2759 4172 eripere,
2814 4111 2975 4171 atque
3034 4116 3092 4157 ut
3172 4106 3246 4158 ibi
3292 4107 3506 4161 tandem
3548 4108 3649 4160 ali-

416 4198 633 4269 quando
664 4199 924 4252 malorum
943 4196 1184 4266 periculo
1199 4196 1460 4264 exempti,
1487 4197 1628 4250 bona
1674 4197 1976 4251 obtineant.

490 4293 563 4344 Οὐ
599 4290 705 4361 μὴν
734 4290 869 4343 ἀλλὰ
899 4290 995 4343 καὶ
1025 4289 1254 4351 πολλούς
1282 4306 1434 4350 τινας
1463 4289 1703 4356 ἀγαθοὺς
1734 4290 1826 4341 καὶ
1860 4290 1983 4342 νοῦν

420 4382 644 4452 ἔχοντας
699 4382 859 4449 ῐδοιςη
897 4383 966 4434 ἂν
1017 4381 1225 4451 ἑτέροις
1287 4380 1686 4451 παραινοῦντας
1756 4381 1985 4435 τοιαῦτα

2161 4288 2267 4344 Sed
2301 4299 2352 4341 et
2380 4288 2523 4341 viros
2554 4287 2737 4357 plures
2770 4288 2907 4357 frugi
2961 4304 3023 4342 ac
3055 4289 3343 4358 prudentia
3386 4299 3653 4354 praestau-

2093 4393 2192 4441 tes.
2221 4380 2465 4447 haecipsa
2499 4380 2925 4433 aliisconsulere
2964 4382 3171 4445 videas,
3208 4398 3327 4434 cum
3368 4397 3451 4433 res
3474 4381 3648 4436 fciat:

338 4550 341 4551 ν
421 4476 705 4543 πράττειν,
738 4472 879 4525 οὕτω
909 4473 1109 4542 δεῆσαν
1136 4490 1148 4500 '
1187 4474 1280 4525 καὶ
1308 4470 1375 4524 αὖ
1405 4473 1622 4542 ἐτέρους
1671 4472 1811 4525 οὕτω
1847 4474 1980 4525 θαυ-

2091 4475 2278 4543 sicque
2312 4472 2449 4525 alios
2497 4471 2751 4525 demit-ari
2785 4474 2875 4539 qui
2909 4473 2989 4525 sic
3035 4474 3266 4541 egerint,
3310 4485 3444 4527 utet
3500 4487 3648 4541 gcsm

404 4566 704 4635 νμὰζοντας
754 4566 882 4625 τοὺς
931 4565 1378 4632 ἐργασαμένους,
1417 4564 1490 4626 ῶς
1540 4564 1632 4617 καὶ
1686 4567 1976 4632 συγγραφῇ

424 4657 763 4726 παραδοῦναι
787 4656 858 4708 τὰ
885 4655 1270 4724 πεπραγμένα.
1317 4654 1447 4707 Ὅτε
1492 4655 1672 4706 τοίνυν
1700 4656 1854 4707 ταῦθ’
1887 4653 1978 4706 οὗ·

420 4764 529 4810 τως
561 4748 692 4816 ἔχει,
728 4748 823 4798 καὶ
862 4744 1091 4807 πολλοὺς
1125 4745 1444 4814 κεκτήμεθα
1469 4748 1579 4798 τῶν
1618 4764 1674 4799 τε
1698 4748 1985 4817 νεωτέρων

423 4839 518 4892 καὶ
546 4838 653 4890 τῶν
696 4836 1068 4905 παλαιοτέρων
1102 4834 1315 4898 πολλοῖς
1356 4853 1466 4888 τισι
1502 4837 1722 4905 τρόποις
1757 4854 1987 4907 συνηγο-

427 4931 655 4997 ροῦντας
689 4926 768 4995 τῷ
810 4931 1117 4997 πράγματι,
1147 4927 1389 4996 δηλονότι
1424 4928 1483 4978 τὸ
1516 4929 1786 4998 ἡμέτερον
1830 4929 1988 4981 τοῦτο

422 5022 632 5090 δρᾶμα,
672 5019 870 5089 ἄριστα
915 5019 1013 5089 μὲν
1054 5017 1353 5086 διανοηθὲν,
1400 5018 1595 5085 ἄριστα
1626 5018 1680 5070 δὲ
1721 5019 1984 5087 πραχθὲν,

420 5114 621 5180 ἄριστα
646 5111 702 5162 δε
735 5110 925 5174 ἐκϐὰν,
960 5112 1020 5162 οὑ
1054 5111 1217 5177 μόνον
1239 5109 1390 5160 οὐδὲν
1426 5108 1492 5161 ἂν
1524 5111 1748 5171 εἰκότως
1777 5110 1988 5171 δέξαιτο

426 5203 657 5273 μέμψιν,
687 5200 819 5253 ἀλλὰ
843 5200 937 5254 καὶ
973 5200 1098 5259 τοὺς
1133 5198 1354 5264 μείζους
1405 5199 1683 5257 ἐπαίνους.
1730 5200 1989 5269 Ὠφέλησε

426 5294 526 5362 μὲν
564 5294 671 5361 γὰρ
700 5292 868 5359 ὑμᾶς,
894 5289 1094 5358 ἕόλαψε
1125 5289 1179 5342 δὲ
1208 5290 1335 5350 τοὺς
1364 5288 1617 5357 ἐχθροὺς,
1649 5290 1774 5352 τοὺς
1819 5292 1871 5343 δὲ
1907 5294 1993 5359 φί-

422 5385 551 5445 λους
582 5383 731 5435 οὐδὲν
762 5382 1091 5450 ἐζημίωσεν.
1148 5379 1324 5431 Ὀκνῶ
1355 5381 1461 5449 γὰρ
1488 5380 1683 5443 εἰπεῖν,
1717 5380 1791 5442 ὡς
1821 5382 1914 5435 καί
1940 5400 1992 5435 τι

428 5475 883 5546 προσεκέρδανον,
904 5474 1059 5527 αὐτοὶ
1088 5473 1183 5537 μὲν
1202 5471 1350 5531 ὄντες
1372 5472 1421 5522 οἱ
1447 5471 1538 5532 τὰ,
1562 5471 1806 5536 δαπάνας
1834 5491 1993 5543 ποιη-

429 5568 660 5635 σάμενοι
684 5564 793 5617 τῶν
835 5562 1093 5626 ὁπλιτῶν,
1140 5561 1248 5612 τῶν
1286 5563 1409 5628 τριή
1418 5576 1548 5630 ρων,
1575 5562 1683 5613 τῶν
1713 5562 1887 5615 ἄλλων
1920 5558 1994 5617 ὧν

427 5656 714 5710 ἐϐούλοντο
766 5656 1015 5707 πάντων*
1062 5652 1214 5705 αὐτοὶ
1248 5652 1304 5704 δὲ
1343 5654 1500 5703 πάλιν
1552 5655 1600 5704 οἱ
1656 5654 1995 5722 λογιζόμενοι

432 5749 658 5811 ταύτας,
703 5747 775 5808 ῶς
829 5742 895 5815 ἧν
950 5745 1134 5804 αὐτοῖς
1192 5741 1559 5811 βουλομένοις,
1596 5742 1773 5813 Eua-ap
1831 5746 1996 5813 ἡμεῖς
2056 5752 2061 5757 ’

2088 4567 2141 4620 in
2170 4563 2592 4621 commentarios
2631 4563 2890 4617 referant.
2917 4565 3050 4618 Cum
3084 4564 3164 4617 sic
3193 4581 3321 4632 ergo
3351 4567 3463 4619 haec
3484 4566 3650 4617 habt:-

2086 4668 2199 4720 aut,
2232 4658 2495 4724 multique
2532 4657 2691 4712 nobis
2730 4671 2852 4710 cum
2878 4660 3228 4718 recentiores,
3269 4666 3381 4709 tum
3416 4657 3647 4724 antiqui,

2088 4748 2274 4801 multis
2330 4747 2691 4814 astipulentur
2750 4746 2946 4808 modis,
3003 4747 3221 4813 planum
3277 4744 3354 4808 fit,
3407 4756 3648 4797 nostram
3700 4799 3703 4802 ,

2089 4840 2354 4901 fabulam,
2391 4839 2597 4907 optime
2633 4838 2852 4906 quidem
2904 4837 3276 4897 adiuventam,
3341 4839 3652 4905 Optimeqne

2089 4930 2285 4994 lusam,
2317 4931 2631 4997 optimoque
2662 4929 3016 4982 nihilominus
3050 4936 3247 4982 eventu
3299 4944 3653 4984 consumma-

2093 5021 2449 5084 tatn,nedutn
2484 5018 2836 5071 nullimerito
2888 5017 3303 5085 reprehensioni
3356 5019 3649 5072 obnoxiam

2090 5114 2285 5174 videri,
2310 5113 2397 5165 sed
2419 5120 2471 5164 et
2495 5111 2773 5178 praeclaris
2805 5110 3056 5164 laudibus
3086 5126 3209 5164 esse
3266 5110 3513 5179 dignam.
3542 5108 3649 5162 Vo-

2094 5205 2177 5259 bis
2203 5220 2336 5258 sane
2361 5204 2651 5258 commodo
2674 5202 2799 5267 fuit,
2832 5202 3082 5257 hostibus
3101 5212 3284 5256 autem
3306 5204 3529 5265 damno,
3558 5216 3657 5253 nec

2094 5299 2388 5364 quidquam
2423 5296 2661 5365 denique
2685 5296 2880 5349 amicis
2904 5296 3260 5350 detrimento.
3291 5294 3443 5361 Piget
3475 5292 3648 5349 enim,

2096 5401 2156 5441 ut
2173 5398 2229 5441 et
2264 5388 2404 5443 lucri
2438 5388 2647 5457 aliquid
2673 5400 2983 5457 reportasse
3006 5390 3187 5442 dicam
3216 5405 3231 5439 :
3269 5391 3362 5454 qui
3392 5385 3492 5453 ipsi
3519 5394 3658 5449 quas

2097 5476 2354 5531 fecissent
2379 5484 2653 5544 expensas
2686 5478 2737 5529 in
2787 5476 3057 5544 stipendia
3093 5477 3347 5536 tnilitum,
3406 5472 3657 5524 triremes

2098 5568 2440 5621 adornantlas
2487 5582 2551 5620 ac
2592 5556 2865 5634 reliquum
2933 5568 3057 5621 belli
3100 5575 3443 5634 apparatum,
3496 5574 3657 5626 quem

2098 5660 2424 5721 VtoltliSSClil,
2450 5674 2550 5711 suo
2590 5660 2935 5726 pustntodum
2980 5660 3244 5711 arbitratu
3277 5660 3659 5718 computantes

2104 5750 2424 5817 receperint,
2463 5750 2619 5804 nobis
2657 5751 2858 5815 integre
2886 5747 3254 5803 reddentibus,
3292 5758 3351 5794 ac
3390 5757 3456 5795 ne
3488 5744 3655 5795 missa
