4166 6270
560 359 670 424 263

1744 344 2141 403 MANUELIS
2188 330 2639 399 PAL/EUI.OGl

3693 335 3799 399 iiii
3856 330 3867 331 ί

561 479 704 519 trum
746 463 1074 519 dominium.
1101 462 1344 515 Duorum
1374 459 1518 515 enim
1550 460 1919 529 ingruentium
1959 456 2126 508 malo-
2157 501 2162 511 .

2268 452 2481 519 ημένην
2510 450 2697 501 λοιπὸν
2727 448 3003 512 δέξασθαι.
3053 447 3258 500 Ἐδὸκει
3292 446 3472 500 τοίνυν
3502 442 3641 501 εἶναι
3681 448 3805 517 βελ-

563 574 705 616 tum.
740 558 938 611 melius
972 555 1121 620 illud,
1155 554 1299 623 quod
1339 569 1443 608 non
1471 554 1645 622 pejus,
1669 552 1825 622 juxta
1858 548 1997 619 quod
2034 548 2130 599 ha-

564 655 653 705 bet
694 653 882 704 tritum
929 649 1203 715 adagium.
1254 647 1524 712 Quocirca
1569 640 1934 713 praeoptatum
1984 638 2130 709 quod

565 748 758 808 levius,
795 754 958 813 alque
986 743 1035 795 id
1067 742 1233 794 multa
1273 741 1634 808 ingenuitate,
1660 737 1946 805 plenisque
1979 731 2133 786 honi-

566 848 671 890 tate
706 838 975 891 motibus.
1008 833 1076 889 Ut
1106 833 1360 887 Fratrum
1401 833 1477 884 illi
1522 828 1887 884 dominationi
1922 827 2133 880 manci-

567 931 677 997 pari
713 932 935 991 vellem,
982 928 1340 982 constitutum
1394 925 1626 977 habebat
1660 923 1964 988 indulgere,
1999 919 2131 973 nihil

567 1019 710 1072 facto
736 1034 1067 1072 succensens
1094 1034 1109 1080 ;
1142 1019 1373 1070 fundens
1394 1031 1524 1068 vero
1551 1017 1618 1068 ab
1640 1016 1815 1068 oculis
1843 1016 2133 1083 lacrymas.

568 1124 680 1165 tttm
703 1122 925 1180 propter
950 1113 1239 1163 chat'orum
1265 1125 1291 1161 a
1319 1124 1376 1160 se.
1399 1109 1819 1173 separationem,
1852 1114 1962 1159 tum
1991 1104 2137 1172 quod

570 1206 685 1257 suis
719 1220 814 1272 pro
844 1205 909 1253 iis
934 1202 1194 1269 periculis
1224 1202 1495 1268 sospitare
1520 1216 1624 1253 nou
1652 1211 1855 1268 posset.
1883 1198 1973 1251 Sic
1991 1198 2137 1251 enim

570 1303 826 1365 parentes
857 1311 1077 1361 quoque
1112 1305 1488 1360 comparatum
1519 1293 1744 1353 habent,
1778 1306 1901 1344 cum
1930 1290 2142 1343 charis-

571 1390 707 1443 sima
745 1388 972 1455 pignora
1003 1387 1257 1455 ablegant
1288 1387 1339 1438 in
1370 1387 1626 1447 alienam,
1649 1384 1791 1452 quod
1820 1382 1921 1436 nisi
1954 1382 2141 1452 sejun-

572 1485 675 1534 ctis
700 1479 769 1533 ab
804 1480 1039 1532 invicem
1072 1480 1222 1531 salus
1257 1493 1363 1530 non
1399 1485 1638 1531 constet.
1677 1476 1773 1529 Sin
1800 1485 1983 1528 autem
2032 1490 2140 1528 me-

575 1571 707 1623 liora
733 1570 1019 1636 eligerent,
1043 1578 1102 1620 ut
1129 1566 1386 1618 nimirum
1414 1582 1561 1629 spem
1590 1566 1782 1618 bonam
1805 1565 2143 1633 praetenden-

576 1674 677 1728 tes,
716 1664 913 1716 bellum
944 1665 1317 1715 instaurarent
1350 1660 1615 1713 adversus
1644 1657 1938 1719 Barbaros,
1967 1672 2031 1711 ac
2062 1657 2144 1711 vel

577 1757 687 1807 Deo
719 1758 943 1823 auspice
973 1755 1278 1816 vincerent,
1330 1753 1413 1805 vel
1448 1766 1545 1820 pro
1598 1751 1852 1803 libertate
1888 1765 1950 1804 ac
1976 1748 2142 1819 gloria

579 1858 902 1915 pugnantes,
935 1847 1119 1914 gravia
1145 1859 1377 1914 quaeque
1405 1844 1727 1905 tolerarent,
1766 1841 1987 1895 laudare
2018 1855 2149 1894 con-

580 1940 785 2004 silium,
825 1957 887 1995 ac
922 1955 1019 2009 pro
1054 1940 1265 1993 viribus
1295 1940 1557 2001 excitare,
1594 1937 1868 2007 simulque
1899 1937 2147 2006 polliceri

581 2049 687 2086 una
734 2033 1236 2097 commoriturum;
1283 2047 1346 2085 ac
1380 2031 1779 2104 vero.alacrem
1827 2029 1982 2084 valde
2011 2044 2150 2099 prae-

586 2132 757 2189 stare,
795 2125 905 2179 illis
934 2130 1293 2192 praeeuntem.

653 2342 756 2407 Qui
792 2343 870 2394 sic
894 2356 1022 2409 ergo
1054 2341 1221 2395 animi
1255 2341 1498 2405 haberet,
1529 2342 1818 2410 cumquod
1854 2351 2066 2411 spectat
2089 2344 2155 2397 ad

586 2434 792 2501 ipsum,
823 2441 936 2487 tum
981 2435 1121 2501 quod
1165 2433 1228 2487 ad
1261 2448 1412 2500 suos,
1444 2435 1700 2503 quodque
1733 2436 1797 2487 ad
1829 2437 2057 2496 amicos,
2096 2452 2160 2503 ac

588 2524 730 2591 quod
775 2523 840 2575 ad
872 2537 1087 2585 omnes,
1122 2539 1287 2591 quam
1310 2523 1473 2592 justte
1507 2524 1879 2578 accusationis
1910 2524 2163 2579 videatur

590 2612 809 2666 dedisse
840 2626 1063 2666 causam
1090 2610 1267 2676 ?Quis
1294 2611 1365 2663 ita
1390 2612 1455 2663 ad
1488 2611 1821 2665 calumniam
1855 2622 2161 2680 promptus,

522 2755 526 2758 λ
587 2712 646 2754 ut
686 2718 784 2771 pro
825 2717 977 2755 more
1006 2701 1334 2754 calumniari
1369 2699 1785 2769 possitiQuam
1826 2716 2166 2770 exsuperan-

588 2806 695 2848 tem
730 2795 1146 2861 procacitatem,
1189 2810 1354 2862 quem
1401 2794 1536 2848 adeo
1576 2795 1932 2847 temerarium
1970 2811 2033 2849 ac
2065 2795 2167 2848 im-

588 2886 884 2954 pudentem
912 2886 993 2940 sic
1012 2886 1231 2939 abunde
1258 2886 1517 2953 praeclara
1546 2892 1696 2954 gesta
1720 2901 1829 2939 non
1860 2886 2023 2940 facile
2044 2902 2169 2939 con-

588 2975 814 3029 fundant
835 2978 1021 3043 ?Qnos
1049 2977 1186 3031 adeo
1211 2978 1551 3043 praefractus,
1577 2992 1717 3045 quos
1740 2993 2029 3046 procaces,
2059 2996 2167 3033 non

589 3070 843 3137 elingues
877 3069 1146 3122 reddant?
1177 3069 1331 3134 Quod
1360 3083 1442 3133 es,
1477 3084 1584 3122 non
1613 3070 1758 3123 aliud
1787 3085 1816 3124 e
1843 3085 1901 3123 re
1937 3069 2164 3134 habens,

590 3174 754 3227 quam
790 3168 849 3211 ιιι
880 3160 932 3212 in
961 3174 1154 3213 omnes
1182 3160 1441 3231 deinceps
1476 3161 1733 3223 insaniat,
1767 3162 1915 3215 Omni
1948 3162 2163 3232 ablega-

594 3260 652 3298 to
688 3248 916 3316 pudore,
953 3249 1042 3301 illa
1070 3263 1175 3301 non
1202 3249 1489 3302 obstruunt
1510 3248 1533 3302 ?
1558 3248 1693 3313 lmo,
1719 3250 1861 3317 quod
1886 3264 1968 3316 os,
1991 3266 2163 3319 quam

593 3340 834 3407 linguam
858 3337 1201 3398 maledicam,
1225 3341 1275 3390 in
1307 3338 1738 3392 benedicentiam
1765 3355 1827 3392 ac
1852 3339 2037 3395 laudes
2059 3354 2165 3394 nou

591 3440 915 3484 convertant
939 3428 961 3481 ?
983 3426 1178 3482 Nonne
1209 3429 1497 3498 prudentia
1531 3430 1754 3493 coanite,
1788 3429 2029 3485 bonitate
2053 3447 2169 3485 mn-

594 3539 739 3583 rum,
772 3538 835 3575 ac
862 3522 1089 3575 scientia
1122 3521 1342 3589 politica
1372 3522 1540 3589 gessit
1572 3521 1795 3574 omnia?
1817 3523 1983 3577 Plane
2009 3506 2167 3577 adni-

596 3626 694 3663 xus
719 3620 820 3673 est,
859 3609 1104 3678 quandiu
1139 3610 1295 3662 navis
1323 3609 1501 3677 p0tuit
1535 3611 1921 3675 gubernaculis
1950 3614 2168 3679 cedere;

598 3718 697 3755 nec
721 3702 788 3755 ab
810 3703 890 3755 eis
914 3702 1217 3769 excipiente
1240 3711 1559 3767 tempestate
1575 3703 1863 3767 abscessit,
1890 3704 2025 3757 nihil
2052 3720 2173 3774 par-

596 3792 733 3845 tium
763 3792 1025 3844 omittens
1056 3792 1208 3859 probi
1237 3791 1646 3858 gubernatoris,
1679 3792 1930 3862 loquens,
1966 3810 2170 3848 consu-

598 3882 735 3944 lens,
787 3897 1040 3943 monens,
1088 3880 1330 3937 defectos
1376 3882 1575 3936 animis
1615 3885 1867 3955 erigens;
1925 3889 2171 3957 excitans

599 3976 957 4037 dormientes,
990 3975 1177 4027 animo
1228 3975 1453 4030 intentis
1479 3977 1681 4045 jubens
1708 3993 1723 4041 ;
1770 3993 1964 4032 omnes
1994 3980 2058 4031 ad
2093 3979 2175 4032 in-

599 4068 855 4118 stantiam
890 4070 1070 4133 operis
1098 4078 1369 4136 praecepto
1404 4085 1741 4137 provocans;
1780 4086 1945 4138 agens
1977 4071 2093 4139 ipse
2113 4088 2175 4126 ac

600 4166 889 4224 pra-stans,
915 4175 1025 4227 quo
1058 4162 1336 4227 navigium
1379 4172 1545 4214 vento
1582 4163 1812 4215 adverso
1844 4179 1907 4216 ac
1938 4165 2172 4231 procella

600 4242 889 4311 iactatum.
920 4258 1103 4319 posset
1132 4252 1417 4319 praesentis
1449 4253 1721 4321 naufragii
1749 4255 2057 4321 periculum
2085 4271 2176 4308 ca-

600 4357 745 4395 ιιι-τυ.

676 4560 768 4616 llis
803 4563 986 4628 itaque
1050 4562 1237 4632 supra
1265 4562 1511 4616 omnium
1559 4564 1873 4633 opinionem
1920 4564 2178 4621 continue

603 4653 836 4718 instans,
867 4654 931 4707 ad
969 4655 1201 4707 multum
1237 4656 1369 4708 satis
1402 4663 1621 4724 tempus
1651 4656 1848 4710 avertit
1909 4658 2049 4710 mala
2085 4671 2181 4712 :at

604 4763 726 4798 cum
762 4749 1019 4816 deinceps
1056 4749 1200 4800 venti
1232 4747 1383 4801 rabie
1409 4747 1679 4810 furerent,
1712 4764 1775 4802 ac
1805 4747 1955 4802 mare
1981 4752 2180 4805 saevius

608 4836 897 4903 ferociretj
934 4855 1171 4909 vasaque
1195 4842 1300 4893 alia
1330 4841 1549 4909 quidem
1574 4840 1913 4902 fatiscerent.
1942 4843 2043 4895 alia
2065 4842 2179 4913 jam

607 4930 844 4981 contrita
870 4942 1090 4995 essent;
1121 4934 1413 5001 navisque,
1448 4933 1697 4985 utveibo
1728 4932 1927 4997 dicam,
1966 4932 2179 4988 frenum

609 5029 912 5087 respueret,
944 5022 1141 5091 vixque
1165 5040 1273 5077 non
1305 5025 1643 5092 loqueretur,
1675 5040 1795 5077 mox
1830 5026 1932 5077 nisi
1965 5027 2181 5081 fortuna

612 5124 838 5176 mutata,
874 5129 998 5168 esse
1032 5116 1429 5184 mergendam:
1466 5118 1557 5170 ille
1607 5117 1960 5173 nihilominus
2007 5134 2185 5187 quan-

609 5221 774 5275 quam
809 5205 943 5259 illud
982 5210 1363 5276 exasperatius
1418 5210 1580 5273 foret,
1615 5224 1779 5279 scque
1811 5212 1929 5277 ipso
1967 5213 2183 5280 gravius

611 5300 785 5359 fieret,
820 5297 1162 5365 providendo
1212 5300 1472 5365 instabat,
1522 5316 1788 5369 suamque
1830 5302 1977 5354 illaut
2008 5304 2187 5357 omni-

612 5388 830 5442 tnodam
855 5388 1112 5443 virtutem
1143 5390 1561 5446 ditlicultatihus
1583 5406 1892 5461 opponens,
1919 5393 2185 5446 hactenus

614 5482 919 5536 conabatur
952 5482 1228 5549 navigium
1254 5498 1497 5547 servare,
1523 5498 1586 5537 ac
1615 5484 1762 5538 velut
1788 5484 1840 5536 itt
1861 5493 2098 5553 portutn,
2132 5485 2184 5536 in

616 5575 764 5643 pacis
794 5573 1086 5642 tranquilla
1126 5572 1434 5627 subducere
1460 5592 1473 5638 ;
1508 5590 1823 5643 quanquam
1857 5591 2046 5644 parum
2072 5577 2188 5629 abc-

617 5674 722 5727 rat,
761 5673 818 5717 ut
866 5681 935 5719 ne
989 5669 1137 5733 pacis
1176 5680 1327 5730 spent
1381 5680 1599 5718 omnem
1652 5666 1960 5735 abiecisset.
2000 5667 2188 5734 Neque

618 5760 763 5809 enim
799 5766 917 5811 erat
969 5759 1060 5826 qui
1097 5755 1335 5811 nesciret
1392 5757 1583 5823 hOStis,
1616 5774 1720 5826 qua
1776 5757 2031 5821 indolem,
2082 5774 2189 5827 qua

2232 544 2361 594 τίων
2389 542 2421 611 ὴ
2447 541 2555 594 τῶν
2590 540 2835 610 Φρερίων
2866 540 3038 593 ἅπασι
3073 541 3317 605 τρόποις.
3347 539 3548 593 Κακῶν
3581 540 3689 610 γὰρ
3732 539 3800 610 δὴ

2232 634 2637 705 προκειμένων,
2667 635 2727 685 τὸ
2756 634 2831 703 μὴ
2860 637 3040 703 χεῖρον
3077 633 3309 704 βέλτιον,
3342 633 3483 686 κατά
3508 634 3599 687 τὸν
3637 633 3807 705 θρυλ-

2234 727 2499 795 λούμενον
2555 726 2734 790 λόγον.
2782 726 2949 778 Ὥστε
2992 727 3051 778 τὸ
3093 726 3426 796 κουφότερον
3454 726 3678 795 ᾕρηται,
3712 726 3810 777 καὶ⁵

2234 818 2391 869 τοῦτό
2423 836 2485 885 γε
2525 821 2660 886 μετά
2692 819 2890 883 πολλῆς
2934 819 3032 887 τῆς
3064 816 3513 886 εὐγνωμοσύνης,
3544 818 3635 868 καὶ
3678 816 3807 885 τρό-

2238 924 2341 958 που
2374 908 2639 975 γέμοντος
2673 907 3026 977 ἀγαθότητος.
3066 907 3424 975 Βουλομένοις
3455 906 3555 975 μὲν
3586 908 3695 975 γὰρ
3721 907 3808 958 δέ·

2242 998 2431 1062 ξασθαι
2462 1000 2560 1068 τὴν
2592 1000 2894 1068 εἰρημένην
2945 1000 3138 1067 ἀρχὴν,
3193 978 3507 1068 συγχωρεῖν,
3533 997 3809 1058 ἐϐούλετο,

2244 1093 2377 1159 μήτε
2410 1091 2788 1160 ὀργιζόμενος,
2835 1092 2928 1144 καὶ
2976 1080 3210 1160 δάκρυον
3254 1091 3553 1158 ἐκπέμπων
3578 1090 3685 1140 τῶν
3710 1090 3811 1154 ὀφ-

2243 1183 2488 1252 θαλμῶν,
2522 1187 2585 1252 τῇ
2628 1201 2684 1235 τε
2730 1184 3006 1237 διαστάσει
3052 1184 3160 1236 τῶν
3218 1184 3576 1251 φιλουμένων,
3606 1182 3701 1232 καὶ
3734 1180 3811 1248 τῷ

2248 1277 2320 1345 μὴ
2370 1275 2628 1328 δύνασθαι
2686 1277 2824 1347 ὑπὲρ
2882 1276 3032 1343 σφῶν
3067 1274 3557 1343 προκινδυνεύοντα
3589 1275 3815 1335 τούτους

2248 1368 2434 1420 σῶσαι.
2466 1367 2635 1420 Τοῦτο
2669 1369 2758 1419 καί
2798 1367 3018 1433 γονεῦσι
3052 1368 3364 1435 συμϐαίνει,
3396 1367 3476 1427 εἰς
3509 1365 3815 1435 ἀλλοδαπὴν

2244 1459 2313 1511 τὰ
2366 1459 2594 1527 φίλτατα
2651 1459 2983 1526 πέμπουσιν,
3013 1458 3234 1510 ἐπειδάν
3266 1457 3367 1509 οὐκ
3399 1455 3493 1526 ἐξῇ
3547 1454 3817 1518 σώζεσθαι

2249 1552 2325 1620 μὴ
2378 1551 2757 1619 διακριθέιτας
2811 1551 3075 1619 ἀλλήλων.
3134 1549 3613 1619 Προαιρουμένους
3646 1547 3701 1598 δὲ
3751 1547 3820 1597 τὰ

2250 1643 2465 1713 βελτίω,
2494 1644 2693 1710 δηλαδὴ
2719 1644 2780 1696 τὸ
2802 1645 3060 1711 πολεμεῖν
3083 1644 3195 1704 τοῖς
3226 1641 3526 1717 βαρϐάροις
3554 1641 3652 1708 τὴν
3679 1640 3820 1704 ἀγα-

2252 1736 2349 1800 θὴν
2381 1736 2855 1803 προϐαλλομένους
2878 1736 3089 1801 ἐλπίδα,
3120 1735 3214 1787 καὶ
3241 1716 3542 1803 ἢνικᾷνλτῇ
3569 1730 3656 1783 τοῦ
3684 1726 3820 1781 Θεοῦ

2254 1827 2566 1895 συμμαχία.
2596 1828 2629 1893 ἢ
2662 1828 2841 1877 πάντα
2878 1827 3064 1896 φέρειν
3096 1824 3165 1877 τὰ
3212 1823 3473 1892 δυσχερῆ,
3503 1821 3643 1890 ὑπὲρ
3676 1819 3824 1871 ἔλευ-

2237 1916 2440 1988 θερίας
2474 1919 2921 1988 ἀποδυσαμένους
2975 1919 3065 1969 καὶ
3114 1916 3291 1984 δόξης,
3337 1918 3578 1968 ἐπαινεῖν
3626 1913 3825 1974 αὐτοὺς

2254 2009 2353 2077 τῆς
2373 2011 2617 2079 γνώμης,
2644 2010 2738 2061 καὶ
2767 2006 3091 2075 παροξύνειν
3113 2010 3289 2060 ὁπόσα
3320 2006 3558 2069 δύναιτο,
3577 2006 3669 2058 καὶ
3702 2022 3827 2055 συν-

2256 2101 2548 2153 αποθανεῖν
2602 2102 2783 2163 αὐτοῖς
2831 2098 3188 2168 ὑποσχέσθαι.
3237 2100 3332 2150 καί
3363 2098 3621 2166 πράττειν
3669 2094 3828 2147 τοῦτο

2261 2192 2405 2261 μάλα
2435 2192 2757 2262 προθύμως,
2787 2191 3093 2262 ἡγούμενος
3123 2189 3305 2251 αὐτοῖς
3335 2189 3647 2256 ἑπομένοις.

2330 2330 2517 2392 Οὕτως
2567 2324 2659 2382 οὖν
2708 2328 2848 2403 ἔχων
2899 2326 3179 2396 λογισμῶν
3211 2325 3470 2395 καὶπερὶ
3517 2323 3707 2388 αὑτοῦ,
3741 2324 3837 2378 καὶ

2264 2441 2304 2475 π
2339 2425 2390 2493 pl.
2419 2423 2525 2474 τῶν
2559 2421 2728 2486 ἰδίων,
2756 2422 2849 2473 καὶ
2881 2421 3011 2489 περί
3035 2419 3148 2472 τῶν
3188 2418 3379 2487 φίλων,
3409 2417 3504 2469 καὶ
3541 2418 3669 2485 περί
3698 2418 3837 2469 πάνο

2262 2532 2393 2581 των,
2432 2515 2553 2567 τινα
2589 2513 2803 2567 δικαίαν
2839 2512 3094 2581 ἀφέιρμὴν
3140 2509 3438 2579 παρέσχετ’
3486 2510 3551 2562 ἂν
3601 2509 3840 2577 κατηγό-

2268 2622 2414 2676 ροις;
2463 2602 2557 2667 Τίς
2610 2603 2677 2657 ἂν
2726 2603 2834 2656 τῶν
2868 2602 3270 2656 διαϐαλλόντων
3301 2600 3540 2663 εὐκόλως
3573 2601 3835 2670 χρήσαιτο

2264 2701 2378 2761 τοῖς
2430 2697 2687 2761 εἰωθόσις
2727 2697 2905 2764 Πόσης
2963 2695 3290 2763 ἰταμότητος
3338 2692 3670 2762 ὑπερϐολὴν,
3712 2694 3835 2747 τίνα

2270 2790 2474 2859 θρασὺν
2511 2791 2606 2842 καὶ
2637 2791 2993 2859 ἀναίσχυντον
3023 2788 3123 2840 οῦκ
3155 2788 3395 2856 εὐχερῶς
3430 2787 3738 2856 ἀπέτρεψεν
3769 2785 3836 2838 ἂν

2270 2882 2331 2932 τὸ
2388 2882 2525 2946 μετὰ
2584 2881 2904 2949 περιουσίας
2953 2879 3209 2948 λαμπρὴν
3240 2879 3347 2929 τῶν
3381 2877 3596 2946 ἔργων;
3644 2878 3838 2939 Ποίους

2273 2972 2543 3032 αὐθάδεις,
2597 2972 2747 3033 τίνας
2799 2972 3093 3042 προπετεῖς
3135 2971 3234 3022 οὐκ
3268 2969 3333 3023 ἂν
3369 2969 3620 3036 ἀφώνους
3651 2969 3836 3036 εἰργά-

2276 3081 2445 3128 σατο;
2499 3065 2652 3115 Ποῖον
2709 3064 2807 3115 οὑκ
2862 3062 2927 3115 ἂν
2986 3061 3275 3132 eugepae;
3335 3060 3528 3127 στόμα,
3585 3061 3751 3129 μηδὲν
3788 3077 3839 3112 τι

2272 3154 2549 3224 προύργου
2588 3154 2934 3220 ποιούμενον,
2985 3154 3100 3205 ἀλλ’
3134 3153 3166 3222 ἢ
3199 3155 3260 3204 τὸ
3294 3155 3435 3203 κατὰ
3464 3151 3682 3202 πάντων
3715 3150 3841 3218 ἑξῆς

2271 3248 2479 3317 ληρεῖν,
2527 3245 2803 3316 ὲῤῥῶσθαι
2858 3246 3011 3314 πάσῃ
3048 3245 3263 3313 φράσειν
3312 3243 3489 3306 αἰδοῖ,
3536 3241 3841 3295 Μᾶλ).ον‹δὲ

2273 3342 2430 3392 ποῖον
2464 3339 2565 3404 μὲν
2598 3340 2796 3407 στόμα,
2830 3338 2992 3389 ποίαν
3021 3337 3074 3389 δὲ
3104 3336 3349 3403 γλῶτταν
3378 3334 3717 3403 βλάσφημον,
3742 3334 3845 3385 οὐκ

2272 3434 2336 3486 ἂν
2370 3435 2503 3502 πρὸς
2538 3432 2813 3500 εὐφημίαν
2848 3430 3179 3498 μετέϐαλενς
3220 3430 3292 3480 Οὐ
3327 3430 3434 3494 γὰρ
3479 3432 3797 3494 φρονήσεως
3827 3466 3842 3487 ,

2272 3528 2331 3574 οὐ
2365 3523 2737 3593 χρηστότητος
2766 3564 2779 3586 ,
2834 3523 2933 3573 οὐκ
2987 3525 3301 3588 ἐπιστήμης
3333 3520 3613 3587 πολιτικῆς
3649 3516 3848 3570 ἅπανθ’

2274 3618 2370 3667 ὅσα
2400 3616 2715 3683 πέπρακται
2740 3615 2875 3682 τῷδε
2910 3614 3097 3682 τάνδρί
3121 3629 3134 3675 ;
3173 3614 3413 3680 Ἀντεῖχε
3443 3612 3562 3680 μὲν,
3586 3612 3689 3671 ἕως
3716 3612 3847 3679 ἐξῆν

2273 3708 2384 3768 τοῖς
2407 3705 2581 3769 οἴαξιν
2612 3708 2781 3758 εἴκειν
2812 3706 2869 3757 τὸ
2904 3705 3086 3756 πλοῖον
3111 3722 3123 3735 ·
3155 3708 3246 3756 καὶ
3274 3706 3503 3773 χειμῶνι
3534 3703 3846 3772 χρώμενος,

2275 3797 2483 3847 τούτων
2511 3795 2609 3847 οὐκ
2638 3795 2926 3863 ἀφίστατο,
2961 3796 3055 3846 καὶ
3085 3795 3233 3847 τᾶλλ’
3284 3795 3407 3862 ἑξῆς
3463 3793 3641 3845 πάντα
3677 3794 3848 3844 ποιῶν

2275 3890 2341 3941 τὰ
2373 3889 2480 3941 τῶν
2535 3888 2755 3956 ἀγαθῶν
2810 3888 3158 3957 ναυκλήρων,
3204 3888 3399 3953 λέγων,
3437 3882 3877 3954 συμϐουλεύων,

2278 3980 2587 4050 παραινῶν,
2632 3980 3026 4052 ἀναθαρῤύνων
3058 3980 3185 4040 τοὺς
3222 3980 3685 4043 καταπίπτοντας,
3732 3979 3852 4030 διυ-

2279 4076 2487 4138 πνίζων
2509 4074 2635 4135 τοὺς
2662 4073 3050 4137 καθεύδοντας,
3078 4070 3526 4138 διακελευόμενος
3547 4073 3659 4131 τοῖς
3684 4087 3855 4121 σπου-

2278 4167 2552 4230 δάζουσιν,
2597 4165 2901 4217 ἐπιτάττων
2932 4165 3187 4232 ἐνεργοὺς
3220 4162 3465 4224 ἅπαντας
3498 4157 3662 4229 εἶναι,
3689 4162 3855 4225 αὐτὸς

2280 4259 2487 4318 ἐκεῖνος
2550 4256 3041 4325 διαπραττόμενος,
3068 4255 3135 4306 δι’
3175 4249 3249 4306 ὧν
3283 4255 3346 4307 ἂν
3391 4249 3458 4323 ἦν
3499 4254 3572 4323 μὴ
3608 4253 3830 4306 καταϐα.

2283 4344 2581 4415 πτισθῆναι
2615 4346 2675 4396 τὸ
2715 4346 2943 4414 σκάφος,
2969 4347 3274 4418 δυσηνεμίᾳ
3305 4349 3399 4398 καὶ
3427 4348 3578 4416 σάλῳ
3627 4347 3854 4416 χρώμε-

2213 4472 2253 4526 D
2282 4455 2393 4491 νον.

2356 4571 2548 4625 Ταῦτά
2573 4588 2655 4624 τοι
2681 4571 2974 4634 διαπαντὸς
3001 4572 3367 4642 ἐργαζόμενος
3394 4573 3535 4644 ὑπὲρ
3560 4574 3653 4632 τὰς
3679 4574 3862 4625 ἁπαν-

2280 4680 2392 4716 των
2441 4665 2623 4728 δόξας,
2674 4665 2768 4715 ἐπὶ
2808 4667 3019 4733 μακρόν
3055 4681 3177 4717 τινα
3229 4666 3420 4734 χρόνον
3470 4665 3747 4734 ἀπέτρεπε
3785 4667 3861 4716 τά

2280 4755 2430 4807 δεινά
2452 4770 2465 4785 ⁸
2492 4754 2610 4807 εἶτα
2633 4754 2741 4807 τῶν
2766 4756 2983 4823 ἀνέμων
3009 4754 3197 4818 ὥσπερ
3229 4753 3571 4819 λυσσώντων,
3598 4755 3691 4806 καὶ
3729 4772 3865 4824 μαι-

2284 4847 2518 4915 νομένης
2568 4848 2909 4917 ἀγριώτερον
2960 4847 3057 4914 τῆς
3108 4846 3407 4917 θαλάσσης,
3457 4848 3552 4899 καὶ
3608 4846 3715 4897 τῶν
3758 4848 3863 4913 μὲν

2200 5004 2213 5010 η
2286 4936 2495 4989 σκευῶν
2530 4938 2677 5005 αὐτῷ
2714 4937 3088 5005 πονησάντων,
3118 4937 3282 4990 τινῶν
3313 4938 3369 4989 δὲ
3415 4938 3508 4989 καὶ
3540 4936 3864 5001 συντριϐέν-

2285 5046 2413 5091 των,
2450 5028 2561 5100 ἡδη
2581 5029 2678 5095 τῆς
2711 5044 2769 5079 τε
2807 5028 2964 5090 νεὼς,
3007 5028 3081 5090 ὡς
3131 5029 3262 5091 ἔπος
3297 5030 3491 5094 εἰπεῖν,
3524 5027 3864 5095 ἀφηνιαζού-

2289 5135 2408 5186 σης,
2435 5121 2530 5172 καὶ
2576 5121 2803 5187 μονονοὺ
2840 5121 3026 5185 φωνὴν
3054 5120 3330 5187 ἀφιείσης,
3356 5119 3429 5181 ὼς
3462 5120 3660 5171 αὐτίκα
3693 5135 3863 5171 κατα-

2286 5209 2509 5263 δᾶσεται
2566 5212 2641 5279 μὴ
2683 5210 3100 5280 μεταϐαλούσης
3150 5211 3291 5281 αὐτῇ
3326 5210 3427 5280 τῆς
3476 5212 3645 5279 τύχης
3673 5225 3685 5237 ’
3737 5210 3764 5261 ὁ
3800 5212 3860 5262 δὲ

2290 5301 2382 5353 καὶ
2435 5300 2634 5369 μᾶλλον
2678 5301 3068 5371 ἀγριαινούσης
3102 5302 3337 5371 ἐκείνης,
3371 5304 3464 5355 καὶ
3494 5303 3580 5354 ἀεὶ
3614 5303 3861 5370 χαλεπω-

2288 5393 2453 5459 τέρας
2499 5390 2667 5459 αὑτῆς
2709 5392 3027 5459 γινομένης.
3052 5393 3243 5460 ἔμενεν
3277 5396 3336 5445 ἐν
3374 5393 3451 5461 τῷ
3483 5396 3859 5466 προνοεῖσθαι,

2291 5484 2531 5543 καὶτοῖς
2567 5483 2881 5552 δυσχερίαις
2914 5482 3157 5546 ἀντιθεὶς
3189 5485 3290 5553 τὴν
3321 5485 3379 5536 ὲν
3413 5484 3562 5551 αὐτῷ
3593 5483 3866 5535 παντοδα-

2292 5574 2399 5644 πὴν
2432 5573 2655 5642 ἀρετὴν,
2689 5575 2948 5641 ἐπειρᾶτο
2976 5574 3264 5636 διασώζειν
3305 5576 3383 5625 ἔτι
3428 5574 3488 5626 τὸ
3532 5574 3735 5637 πλοῖον,
3764 5580 3865 5627 καὶ

2292 5668 2366 5729 ὡς
2404 5668 2493 5717 ἐπὶ
2527 5666 2721 5731 λιμένα
2752 5666 2851 5734 τὴν
2898 5666 3122 5735 εἰρήνην
3152 5665 3310 5717 τοῦτο
3345 5666 3627 5731 κατάγειν.
3663 5665 3861 5717 Καίτοι

2292 5757 2498 5824 ταύτης
2557 5755 2753 5823 ἤλπιζε
2811 5755 3115 5821 τεύξῖσθαι,
3165 5756 3359 5826 μικροῦ
3414 5756 3546 5817 δεῖν,
3586 5756 3859 5825 οὐδαμῶς.
