4166 6270
384 335 485 404 98]

1140 339 1565 419 THEODORI
1599 343 1959 406 DESPOTAZ
2003 347 2387 409 LAUDAT'IO
2425 340 2834 407 FUNEBRIS.

3524 347 3628 410 282

381 457 581 526 μακρῷ
615 455 691 524 τῷ
722 456 896 527 χρόνῳ
920 456 1350 518 καταναλώσασα
1380 458 1411 526 ἢ
1447 457 1512 510 τὰ
1576 458 1791 525 μεγάλα
1819 456 1946 526 τρό-

2053 459 2248 528 majori
2312 461 2469 528 longe
2521 459 2887 516 admiratione
2942 458 3166 527 dignum
3214 455 3413 521 eﬂeeit,
3461 473 3626 524 quam

378 561 537 616 παια,
577 551 612 605 ἃ
662 567 746 604 σοι
803 549 1077 624 ,λαμπρῶς
1119 550 1226 602 ἀπὸ
1253 551 1362 602 τῶν
1415 550 1626 620 ἐχθρῶν
1684 550 1944 621 ἕστηκεν,

377 643 644 710 οἰομένων
703 656 796 693 σου
829 642 1127 710 κρατήσειν
1163 643 1302 694 πᾶνυ
1338 640 1558 710 ῥᾳδίως,
1605 639 1700 714 ἅτε
1736 642 1808 710 μὴ
1842 657 1945 695 κα-

379 730 487 795 λῶς
539 733 782 797 εἰδότων,
840 733 963 784 ὅσον
991 733 1160 802 ἀρετὴ
1202 733 1424 802 σιδήρου
1463 735 1556 787 καὶ
1588 732 1946 802 πολυχειρίας

377 826 498 877 ἐστὶ
531 825 786 878 καλλίων.
840 824 988 894 Αῦτη
1050 837 1107 877 σε
1153 825 1537 896 λαμπρότερον
1573 824 1770 894 ἔφηνεν
1821 824 1946 894 ἧτδ

375 903 537 984 γένος
567 917 662 971 καὶ
691 915 749 968 τὸ
783 917 989 986 σχῆμα,
1025 916 1118 978 καὶ
1159 918 1192 985 ἡ
1226 916 1545 970 ἐπανθοῦσα
1597 918 1675 986 τῷ
1726 917 1944 986 σώματι

379 1008 561 1078 χάρις,
593 1009 686 1061 καὶ
730 1007 793 1059 τὸ
825 1007 932 1060 τῶν
959 1005 1291 1075 εὐεργεσιῶν
1327 1008 1552 1076 πλῆθος,
1593 1006 1629 1060 ἃ
1662 1007 1942 1083 πανταχοῦ

379 1094 481 1169 γῆς
516 1099 752 1168 ὕμνηται.
779 1113 792 1131 '
826 1101 873 1152 εί
908 1097 965 1153 δὲ
995 1097 1416 1169 συγχωροίμεθα
1449 1100 1654 1166 λέγειν,
1705 1101 1799 1155 καὶ
1821 1098 1945 1152 Ἰὼϐ

381 1187 590 1243 ἐκείνου
619 1192 1123 1261 καρτερικὼτερον,
1155 1193 1248 1244 τοῦ
1278 1192 1352 1255 ὡς
1391 1192 1612 1261 ἀληθῶς
1647 1193 1934 1261 μακαρίου

375 1280 443 1332 δι’
479 1279 760 1349 ὑπομονὴν
777 1282 1091 1348 γεγονότος,
1117 1280 1338 1353 ἢνύπέρ
1370 1284 1578 1346 πάντας
1606 1280 1942 1348 ἐπεδείξατο,

373 1373 751 1443 κατατμηθεὶς
806 1377 864 1426 τδ
899 1375 1060 1442 σῶμα
1090 1376 1280 1438 δεινῶς
1313 1376 1491 1430 ἆπαν·
1521 1376 1578 1428 ὃς
1640 1361 1956 1444 ἐθοιυμςὶζε--¹

372 1480 430 1515 το
467 1461 566 1532 μὲν
600 1464 660 1514 τὸ
698 1464 917 1532 πρῶτον
963 1465 1050 1516 διὰ
1104 1465 1333 1517 πλοῦτον
1386 1465 1818 1534 ὑπερϐάλλοντα.
1851 1465 1946 1528 καὶ

373 1554 478 1606 ἀπὸ
520 1555 626 1607 τῶν
657 1555 833 1623 ἔργων
865 1557 1062 1622 αὐτῶν,
1088 1558 1270 1625 πολλῴ
1289 1559 1343 1611 δὲ
1384 1558 1587 1625 μᾶλλον
1645 1558 1943 1625 μετέπειτα

372 1647 562 1698 τοῦτον
595 1647 914 1710 ἀποϐαλὼν,
951 1649 1044 1700 καὶ
1068 1650 1356 1718 συμφορὰς
1405 1649 1649 1710 ὑποστὰς
1680 1645 1943 1717 ἀνδρείως

371 1739 446 1800 ὼς
477 1738 656 1799 οὐδεὶς
727 1741 937 1808 ἕτερος.
996 1742 1122 1796 Ἐπὶ
1178 1740 1285 1811 γὰρ
1335 1742 1566 1810 κοπρίας
1608 1742 1940 1810 καθήμενος,

2052 570 2174 623 quae
2215 555 2498 622 magnifica
2535 562 2735 622 tropma
2799 551 3027 606 devictis
3076 551 3324 606 hostibus
3373 551 3631 619 pra-clare

2055 646 2356 708 erexisses,
2385 660 2506 698 cum
2545 653 2595 698 te
2627 645 2726 708 illi,
2757 644 3064 699 nescientes
3094 657 3256 710 quam
3283 644 3454 696 virtus
3483 642 3629 696 ferro

2051 752 2113 791 ac
2144 751 2436 791 numeroso
2469 737 2708 792 exercitu
2766 737 3097 806 prwpolleat,
3152 735 3308 789 facile
3338 735 3626 788 admodum

2050 839 2404 896 superaturos
2443 828 2844 884 existimarent.
2885 828 2980 882 llic
3006 836 3059 882 te
3089 828 3442 883 illusuiorem
3479 829 3626 886 fecit,

2050 933 2214 987 quam
2243 933 2415 987 genus
2450 934 2514 972 ac
2548 919 2804 987 dignitas,
2841 916 3123 984 affusaque
3179 917 3394 983 corpori
3432 919 3628 985 gratia,

2050 1024 2150 1066 nec
2181 1024 2287 1063 non
2311 1010 2476 1064 multa
2510 1010 2599 1064 illa
2633 1017 2744 1064 toto
2772 1012 2903 1064 orbe
2933 1007 3201 1063 celebrata
3227 1008 3583 1061 beneficentia
3609 1024 3623 1067 ;

2051 1101 2144 1156 sed
2177 1112 2230 1155 et
2255 1097 2394 1154 Jobo
2429 1098 2540 1165 illo,
2576 1111 2634 1154 ut
2673 1101 2838 1156 liceat
2868 1095 3350 1162 dicere,.reddidit
3399 1099 3631 1152 toleran-

2051 1194 2265 1256 tiorcm,
2288 1194 2406 1246 viro
2434 1195 2618 1261 utique
2640 1208 2734 1262 per
2754 1173 3069 1262 patientiam
3087 1192 3266 1256 beato,
3285 1191 3442 1258 cujus
3463 1205 3628 1258 supra

2051 1284 2306 1348 mortales
2340 1300 2529 1359 omnes
2557 1293 2669 1340 toto
2699 1285 2816 1338 dire
2851 1299 3077 1350 corpore
3107 1279 3382 1342 concisus.
3437 1282 3630 1348 speci-

2052 1388 2175 1440 men
2217 1375 2366 1430 dedit
2394 1394 2407 1440 ;
2429 1375 2629 1444 quique
2647 1391 2768 1428 cum
2791 1376 3022 1443 primum
3048 1373 3468 1427 ubahumla—ntes
3489 1372 3629 1423 divi-

2051 1469 2156 1524 tias
2183 1484 2335 1523 arres
2361 1469 2617 1537 praeclare
2640 1478 2821 1534 gestas
2871 1466 3219 1521 admirationi
3266 1467 3479 1527 fuisset,
3507 1464 3595 1516 Ιοιι
3614 1493 3628 1504 -

2049 1578 2112 1630 ge
2146 1562 2486 1630 postmodum
2522 1561 2737 1627 majori,
2765 1561 2829 1616 iis
2855 1563 3091 1626 amissis,
3120 1561 3241 1623 fuit,
3263 1567 3627 1626 acpostquam

2048 1669 2260 1708 summa
2304 1653 2562 1722 quadam.
2607 1661 2664 1706 ut
2721 1653 2844 1720 quis
2880 1653 3040 1715 alius,
3089 1651 3430 1711 fortitudine,
3478 1649 3627 1701 cala-

2047 1743 2264 1795 mitates
2295 1742 2579 1797 sustinuit.
2608 1741 2741 1795 Nam
2769 1744 2963 1798 sedens
2988 1741 3049 1795 in
3085 1751 3354 1803 stercore,
3393 1756 3456 1794 ex
3484 1739 3627 1791 mul-

371 1829 463 1882 τὸν
491 1834 692 1899 πικρὸν
723 1833 824 1902 μὲν
855 1833 1213 1903 πολλαχόθεν,
1246 1833 1458 1903 μακρὸν
1481 1833 1538 1886 δὲ
1569 1833 1787 1885 δίαυλον
1818 1832 1943 1900 ἤνυ-

2052 1832 2116 1886 lis
2146 1846 2390 1885 amarum
2429 1833 2756 1902 longumque
2792 1833 3031 1891 stadium
3067 1832 3325 1895 confecit,
3367 1841 3626 1900 tanquam

321 1924 338 1948 ’
373 1935 490 1981 σεν,
523 1920 714 1991 ὥσπερ
748 1923 809 1974 οὐ
849 1924 1008 1990 σῶμα
1040 1924 1248 1995 φορῶν,
1283 1923 1398 1976 ἀλλ’
1432 1925 1489 1976 ἐν
1537 1924 1796 1994 χρώμασι
1851 1941 1942 1990 γει

371 2011 715 2079 γραμμὲνος,
747 2012 778 2078 ἢ
809 2013 1070 2080 χαλκοῦς,
1097 2015 1130 2084 ἢ
1192 2013 1471 2084 σιδηροῦς,
1502 2014 1534 2083 ἦ
1567 2030 1651 2076 τις
1697 2013 1939 2083 ἀδαμάν-

373 2117 546 2164 τινος·
587 2103 848 2172 ἀνδριάς’
906 2105 934 2158 ὃ
988 2111 1080 2159 καὶ
1133 2107 1335 2174 μᾶλλον
1389 2107 1657 2178 προσήκει
1717 2105 1936 2173 λέγειν’

375 2191 567 2248 ἔπειτα
616 2194 702 2250 διὰ
758 2196 819 2250 τὸ
903 2191 1042 2260 εἶδος
1117 2198 1571 2268 ἐπιγραφόμενος
1627 2197 1938 2268 ἄνθρωπος.

378 2285 656 2352 Ἐλαμψεν
678 2286 774 2356 μὲν
794 2284 887 2342 οῦν
915 2289 1024 2341 ἀπὸ
1055 2291 1163 2344 τῶν
1194 2289 1380 2344 παθῶν
1407 2290 1687 2360 ἄμεινονῆ
1719 2293 1816 2357 τῆς
1843 2307 1947 2357 μυ-

379 2376 496 2444 ρίας
513 2379 756 2440 εὐποιίας
775 2379 1011 2445 ἐκείνης,
1034 2384 1127 2435 καὶ
1154 2381 1262 2435 τῶν
1281 2381 1458 2436 ἄλλων
1480 2381 1703 2450 ἀγαθῶν
1722 2382 1901 2452 ἔργων
1924 2397 1938 2410 ·

373 2469 439 2538 τῇ
470 2467 515 2520 δ’
543 2469 798 2541 ἀστραπῇ
833 2473 930 2539 τῆς
951 2471 1130 2540 ψυχῆς
1157 2473 1358 2541 χρυσὸν
1387 2473 1698 2543 μένεσῦεσε
1729 2475 1933 2536 πάντα,

372 2562 556 2625 λίθους
585 2561 639 2617 δέ
693 2562 936 2630 διαυγεῖς
978 2567 1070 2616 καὶ
1132 2564 1346 2633 τιμίους
1378 2565 1534 2620 οὐδὲν
1557 2565 1713 2629 ὄντας
1745 2565 1933 2630 ἔδειξε.

446 2654 613 2706 Ταῦθ’
643 2656 775 2722 ἡμῖν
803 2657 865 2723 ἐκ
894 2657 990 2709 τοῦ
1027 2658 1370 2727 παρήκοντος
1393 2659 1635 2728 εἰρήσθω
1671 2659 1802 2726 περὶ
1843 2657 1937 2710 αὐ-

372 2746 490 2799 τοῦ.
525 2745 817 2816 Προῦργου,
838 2748 895 2800 δέ
926 2751 1038 2811 τοῖς
1073 2749 1398 2820 θεολήπτοις
1432 2750 1714 2819 ἐξεγένετο
1736 2749 1936 2817 λέγειν,

2050 1936 2157 1976 non
2187 1932 2428 1989 gestaret
2456 1938 2672 1992 corpus,
2702 1923 2795 1979 sed
2826 1932 2969 1978 esset
2999 1924 3179 1993 imago
3225 1922 3501 1977 coloribus
3545 1921 3630 1990 pi-

2050 2022 2162 2078 cta,
2189 2031 2408 2071 aeneave
2439 2025 2532 2070 aut
2557 2015 2731 2070 ferrea
2766 2016 2846 2068 vel
2886 2015 3239 2070 adamantina
3272 2023 3450 2068 statua
3479 2014 3628 2084 quod

2046 2115 2101 2160 et
2147 2105 2539 2177 congruentius
2588 2106 2821 2171 dicatur,
2860 2108 2948 2162 cui
3008 2107 3351 2175 postmodum
3412 2115 3631 2173 propter

2048 2197 2273 2266 figuram
2318 2198 2553 2253 hominis
2610 2214 2806 2253 nomen
2873 2199 3193 2266 inscriptum
3231 2208 3393 2253 esset.
3459 2198 3628 2258 Plane

2045 2305 2177 2345 vero
2206 2291 2519 2360 pra-clarius
2542 2291 2633 2346 ille
2656 2291 2925 2350 adiciente
2947 2292 3158 2355 morbo,
3181 2307 3342 2361 quam
3371 2292 3438 2344 ab
3461 2291 3628 2345 innu-

2051 2380 2297 2435 m‘rabili
2336 2380 2423 2436 illa
2473 2381 2825 2439 heneficentla
2880 2382 3124 2449 effulsit,
3187 2383 3491 2450 mentisque
3525 2384 3627 2434 lul-

2051 2486 2182 2540 gere
2253 2472 2373 2525 auri
2412 2487 2626 2526 omnem
2690 2471 2951 2538 fulgorem
3015 2474 3300 2533 exstinxit.
3329 2488 3392 2527 ac
3453 2471 3628 2541 pellu-

2049 2563 2204 2616 cidus
2233 2564 2616 2630 pretiosusque
2643 2563 2851 2633 lapides
2879 2564 3012 2618 nihil
3043 2579 3164 2620 esse
3186 2565 3444 2618 ostendit.

2108 2653 2231 2708 llaec
2266 2655 2422 2710 nobis
2459 2654 2718 2710 hactenus
2758 2657 2825 2711 de
2867 2657 2986 2710 viro
3016 2657 3219 2710 eximio
3239 2671 3334 2724 pro
3364 2654 3623 2711 facultate

2037 2745 2150 2800 sint
2170 2745 2331 2800 dicta.
2358 2746 2550 2816 Opera).
2572 2763 2698 2801 vero
2719 2748 2951 2817 pretium
2975 2748 3177 2810 evenit,
3196 2758 3253 2800 ut
3277 2747 3437 2802 afflati
3463 2764 3491 2802 a
3517 2747 3626 2800 Dro

375 2837 426 2893 οἳ
487 2843 582 2894 καὶ
617 2842 876 2912 σιδηροῦν
903 2833 1101 2897 ἀὐτὸν
1131 2844 1496 2914 ὀνομάζουσιν
1553 2846 1645 2898 ἐπὶ
1672 2846 1941 2916 καρτερίᾳ

2052 2837 2293 2892 homines
2325 2837 2391 2892 de
2411 2853 2475 2890 eo
2499 2838 2762 2903 dicerent,
2782 2840 2873 2908 qui
2895 2851 2947 2893 et
2969 2839 3204 2894 ferreum
3235 2839 3506 2909 appellant
3528 2855 3626 2908 pro

375 2931 519 3002 ὐπέρ
555 2935 680 2996 τοὺς
731 2934 952 2988 πώποτε
1009 2937 1418 3007 γεγενημένους
1455 2936 1753 3008 ἀνδρείους.
1791 2937 1941 2991 Ἔδει

376 3043 438 3092 γε
469 3027 578 3094 γάρ
630 3045 711 3093 σε,
743 3028 964 3082 πάντων
996 3028 1213 3098 ἄριστε,
1263 3031 1362 3097 τῆς
1394 3030 1617 3084 ἐκείνων
1653 3032 1934 3100 εὐμοιρεϊν

2041 2930 2486 3000 tolerantia,qua
2512 2930 2840 2987 mortalibus
2866 2931 3146 2992 omnibus.
3194 2932 3239 2987 si
3259 2933 3350 3000 qui
3384 2947 3625 3001 unquam

2041 3017 2210 3076 fortes
2230 3019 2470 3087 fuerunt,
2505 3021 2664 3092 longe
2686 3022 3080 3092 praecellentior
3111 3023 3232 3078 fuit.
3261 3022 3474 3077 Utinam
3496 3037 3632 3076 vero

377 3121 476 3192 ἤδη
504 3122 776 3191 γλώττης,
812 3123 907 3194 καὶ
942 3120 1049 3176 τότ’
1075 3122 1140 3177 ἂν
1174 3123 1393 3186 πάντως
1432 3122 1613 3186 καλῶς
1671 3124 1843 3191 ἐφάνη
1881 3124 1941 3174 τὺ

2052 3119 2103 3165 ιιι
2133 3126 2372 3186 quoque,
2405 3112 2648 3166 virorum
2671 3113 2896 3183 Optime,
2920 3129 3108 3169 eorum
3136 3114 3367 3170 feliciter
3386 3116 3626 3185 linguam

375 3213 519 3265 κατὰ
552 3213 634 3269 σέ.
659 3213 734 3275 ὡς
769 3208 864 3265 νῦν
900 3230 964 3280 γε
1009 3214 1103 3266 ὑπ’
1142 3214 1356 3268 ἐκείνου
1417 3213 1738 3283 πλεονεκτῇ,
1774 3213 1946 3280 γῖῶτο

375 3318 472 3356 ταν
496 3304 595 3372 τὴν
626 3303 768 3374 ἐμὴν
810 3305 1275 3376 ἐγκωμιάζουσαν
1305 3306 1444 3376 ἔχων
1478 3306 1680 3375 ἀσθενῆ
1711 3309 1802 3359 καὶ
1823 3305 1946 3373 γήϊ-

376 3414 486 3462 νον,
553 3397 764 3449 ἐκείνου
821 3398 918 3468 τὴν
972 3399 1229 3466 οὐράνιον
1275 3401 1368 3451 καὶ
1419 3399 1651 3468 ίσχυρὰν
1707 3397 1942 3466 ἔχοντος.

389 3487 532 3538 Ἀλλ’
568 3476 709 3542 οῦτοι
733 3489 831 3556 μέν
867 3503 925 3541 σε
954 3489 1337 3542 ἐπαινέσονται
1370 3492 1524 3558 παρὰ
1548 3489 1624 3558 τῷ
1654 3489 1795 3560 Θεῷ,
1821 3507 1947 3558 κρο-

381 3578 617 3629 τούντων
652 3579 749 3646 μὲν
787 3579 890 3632 τῶν
946 3582 1218 3648 ἀγγέλων,
1280 3582 1563 3649 σειομένου
1597 3581 1653 3633 δὲ
1709 3581 1802 3634 τοῦ
1837 3583 1946 3634 τῶν

385 3668 670 3732 μακαρίων
703 3669 968 3736 θεάτρων
1008 3673 1138 3742 παρ’
1168 3672 1330 3742 ἡμῶν
1384 3673 1442 3727 δέ
1489 3673 1632 3724 ἔστω
1688 3692 1770 3726 σοι
1800 3669 1946 3724 τοῦτ’

382 3756 662 3825 ἐγκώμιον
691 3760 892 3826 τρόπον
918 3761 1133 3831 ἓτερον,
1175 3765 1258 3816 ὅτι
1293 3765 1498 3833 σφόδρα
1531 3782 1589 3816 σε
1629 3763 1948 3833 βουλόμενοι

380 3848 573 3914 δεῖξαι,
616 3851 763 3912 ὅστις
789 3848 907 3901 ποτ’
945 3848 1091 3922 ἦσθα
1125 3855 1255 3913 τοὺς
1305 3857 1545 3924 τρόπους
1572 3873 1629 3907 τε
1695 3854 1790 3906 καὶ
1849 3855 1949 3922 τὴν

382 3937 705 4010 καρτερίαν,
741 3944 800 3995 οὐ
834 3943 992 4012 μόνον
1023 3945 1082 3996 οὐ
1137 3945 1414 4014 δυνάμεθα
1459 3948 1572 3999 τῶν
1626 3947 1733 3998 σῶν
1766 3945 1950 3998 καλῶν

379 4033 689 4101 ἐφικέσθαι,
743 4032 861 4086 ἀλλ’
914 4035 1026 4088 οὐδ’
1073 4036 1240 4103 ἐγγύς
1274 4053 1375 4089 που
1433 4037 1704 4103 γενέσθαι,
1742 4034 1775 4104 ἢ
1820 4034 1951 4102 γοῦν

385 4127 622 4195 μετρίως
654 4128 962 4197 λειφθῆναι.
1016 4129 1304 4199 Ἐχώμεθα
1340 4129 1398 4196 δὲ,
1416 4129 1511 4182 τοῦ
1549 4130 1774 4190 σκοποῦ,
1800 4129 1859 4180 σέ
1877 4127 1951 4195 τῷ

383 4219 481 4288 τῆς
505 4221 784 4288 ὑπομονῆς
823 4221 1102 4291 ἀγάλματι
1138 4223 1480 4292 παραθέντες
1501 4239 1515 4254 θ
1544 4223 1664 4282 οὐδέ
1693 4223 1804 4293 γὰρ
1825 4221 1956 4290 φθό-

383 4329 472 4374 νος
499 4313 553 4362 ἐν
583 4314 821 4380 ἀγαθοῖς.

2048 3211 2239 3258 nactus
2259 3218 2428 3270 esses,
2452 3215 2676 3273 tumque
2692 3206 2913 3262 omnino
2933 3221 3017 3260 res
3041 3215 3164 3273 tuae,
3185 3207 3376 3277 quales
3398 3207 3632 3270 habent,

2046 3300 2448 3369 clarescerent:
2477 3301 2565 3376 uti
2595 3301 2759 3356 modo
2782 3301 2900 3368 ejus
2919 3303 3074 3372 longe
3118 3305 3282 3358 rebus
3327 3305 3624 3360 deteriores

2048 3403 2329 3461 apparent,
2349 3394 2491 3462 quod
2510 3408 2605 3454 eas
2644 3394 2853 3450 cmlesti
2902 3411 2965 3452 ac
3004 3398 3178 3452 valida
3222 3397 3405 3462 lingua
3448 3396 3627 3451 dilau-

2047 3484 2230 3551 dante,
2250 3485 2520 3550 inlirmam
2538 3502 2712 3542 meam
2735 3503 2797 3542 ac
2824 3498 3120 3552 terrenam,
3143 3499 3357 3544 tuarum
3383 3491 3494 3558 ipse
3513 3490 3633 3542 lauo

2047 3576 2308 3631 datricem
2354 3580 2578 3634 sortitus
2615 3581 2712 3634 sis.
2735 3579 3030 3646 Enimvero
3079 3581 3157 3634 illi
3183 3590 3232 3634 te
3276 3579 3422 3647 apud
3461 3580 3630 3634 Deum

2049 3667 2161 3720 sint
2185 3668 2482 3736 laudaturi,
2505 3670 2890 3740 plaudentibus
2907 3671 3136 3741 angelis,
3169 3680 3392 3740 totoque
3439 3670 3632 3724 beato.

2049 3776 2170 3815 rum
2188 3761 2494 3816 admirante
2511 3770 2676 3816 cmtu.
2698 3765 2740 3815 A
2761 3764 2919 3818 nobis
2942 3772 3150 3828 autem,
3176 3763 3276 3822 hoc
3303 3763 3394 3816 tibi
3422 3761 3525 3816 alia
3541 3777 3633 3816 ra-

2052 3851 2203 3904 tione
2221 3852 2530 3905 encomium
2579 3853 2824 3917 accedat,
2853 3864 3050 3908 uteum
3074 3855 3228 3907 valde
3269 3853 3552 3920 cupiamus
3575 3860 3645 3907 to.

2051 3940 2359 4000 ostendere.
2377 3942 2556 4008 qualis
2578 3941 2824 3996 moribus
2843 3957 2905 4002 ac
2925 3943 3190 3997 malorum
3211 3943 3497 3998 tolerantia
3515 3943 3646 3996 fue-

2053 4031 2150 4095 ris,
2169 4030 2365 4084 nedum
2386 4031 2610 4085 omnino
2628 4031 2768 4086 bona
2793 4041 2882 4087 tua
2901 4034 3118 4104 assequi
3134 4049 3242 4090 non.
3260 4039 3558 4094 valeamus.
3576 4045 3644 4088 at:

2052 4137 2228 4190 neque
2255 4122 2485 4190 propius
2516 4123 2581 4175 ad
2615 4122 2700 4176 illa
2725 4124 3006 4186 accedere,
3026 4136 3121 4178 aut
3139 4141 3388 4179 verouon
3414 4125 3484 4180 ita
3503 4140 3636 4191 pra-

2053 4213 2140 4267 cul
2165 4215 2378 4268 abesse.
2404 4213 2571 4282 Porro
2594 4215 2916 4270 insistamus
2933 4231 3120 4286 scopo,
3146 4218 3221 4270 tui
3247 4218 3389 4270 illam
3415 4232 3636 4285 compa.

2053 4303 2320 4358 rationem
2337 4307 2634 4374 exigentes,
2657 4321 2779 4359 cum
2805 4306 2923 4360 viro
2947 4308 3002 4359 iu
3023 4309 3299 4376 patientiae
3322 4307 3644 4375 CXt'Illplllln’t

2053 4397 2326 4454 universis
2342 4399 2638 4466 proposito:
2657 4398 2799 4452 bona
2813 4400 3010 4468 quippe
3024 4399 3394 4454 irividiamnou
3411 4401 3640 4458 habet)!“

473 4487 649 4559 Ῥἧμα
714 4490 814 4562 μὲν
845 4494 936 4548 οὖν
991 4497 1101 4552 οὐδ’
1164 4499 1328 4560 αὐτος
1366 4496 1587 4576 προΐετο
1635 4504 1951 4571 γογγυσμὸν

2130 4490 2274 4544 Sane
2320 4506 2420 4546 nec
2483 4491 2599 4559 ipse
2633 4494 2853 4546 verbum
2895 4493 3114 4562 aliquod
3168 4495 3460 4563 protulisti,
3487 4494 3642 4562 quod!

384 4581 532 4651 ἔχον.
571 4582 752 4638 Καὶτί
785 4605 928 4656 φημι
957 4591 1318 4657 γογγυσμόνς
1360 4592 1522 4644 ὁπότε
1557 4591 1632 4663 δὴ.
1657 4593 1751 4645 καὶ
1794 4595 1952 4662 χαρι-

383 4689 484 4734 τας
539 4675 620 4727 ὅτι
689 4676 954 4742 πλείστας
1000 4681 1374 4749 ἀνωμολόγεις
1398 4683 1476 4752 τῷ
1526 4686 1956 4753 συγχωρήσαντι

387 4765 488 4833 τὴν
519 4767 674 4818 νόσον
705 4770 997 4837 ἐνσκῆψαι.
1035 4771 1134 4825 Καὶ
1187 4775 1234 4825 εἰ
1274 4776 1348 4844 μὴ
1399 4775 1620 4845 δοκοίην
1667 4794 1958 4846 παραφρο-

391 4860 506 4909 νεῖν
539 4859 646 4910 ἀπὸ
675 4859 770 4911 τοῦ
801 4864 935 4930 πρὸς
961 4863 1020 4915 σὲ
1069 4866 1314 4931 μανικῶς
1349 4865 1518 4933 ἔχειν,
1561 4867 1960 4938 ἰσχυρισαίμην

389 4949 461 5014 ἄν¹
490 4965 547 5001 σε
594 4950 985 5020 καθαρώτερον
1031 4955 1242 5007 ἐκείνου
1289 4955 1518 5024 τάνδρὸς
1562 4956 1765 5009 εἰδέναι
1801 4957 1962 5025 χάρι-

385 5059 486 5102 τας
512 5045 574 5110 τῇ
610 5044 856 5112 προνοίᾳ.
888 5043 1026 5098 Πολύ
1053 5048 1157 5115 γὰρ
1192 5043 1259 5117 ἦν
1299 5047 1357 5100 τδ
1389 5047 1614 5112 εὐσεϐὲς
1646 5047 1957 5117 ὑπερφυῶς

393 5138 542 5200 παρὰ
578 5133 702 5184 σοί·
755 5133 864 5186 τῶν
909 5135 964 5188 δέ
1004 5137 1182 5204 μελῶν
1211 5154 1306 5191 σου
1361 5141 1806 5209 νενεκρωμλένων,
1843 5139 1958 5201 πῶς

389 5221 439 5275 δ’
475 5221 540 5275 ἂν
583 5223 890 5292 ὐποσταίην
919 5225 1009 5277 τὸν
1064 5227 1225 5295 λόγον
1254 5230 1266 5281 !
1299 5229 1394 5282 καὶ
1440 5229 1550 5281 τῶν
1597 5229 1820 5299 ἄρθρων
1875 5229 1963 5298 βε-

393 5315 746 5383 ϐλαμμένων,
781 5315 1098 5385 ἀνδριάντος
1164 5321 1515 5392 ἰσχυρότερος
1548 5321 1848 5391 ἀνεφάνης,
1910 5323 1960 5374 εἰ

394 5411 490 5463 καὶ
519 5409 580 5461 τὺ
612 5409 771 5477 σῶμα
797 5409 873 5479 μὴ
903 5410 1204 5478 δυνάμενον
1254 5410 1500 5481 ἀντέχειν
1528 5412 1665 5481 πρὸς
1693 5413 1758 5464 τὰ
1785 5412 1957 5474 δεινὰ,

395 5502 743 5568 ἀνηλίσκετο,
774 5503 836 5554 ἐκ
861 5503 984 5572 χοὶς
1009 5505 1106 5570 τὴν
1147 5502 1408 5556 σύστασιν
1445 5503 1588 5572 ἔχον.
1627 5505 1833 5556 Ἐκεῖνο
1858 5503 1957 5572 μὲν

391 5594 504 5660 γὰρ
537 5589 671 5646 ἆκον
703 5593 1020 5664 ἡττώμενον
1055 5589 1125 5664 ἦν
1154 5610 1167 5623 ·
1195 5597 1228 5664 ἡ
1281 5596 1338 5648 δὲ
1381 5595 1550 5664 ψυχὴ,
1591 5596 1709 5647 ἐπεὶ
1749 5594 1824 5663 μὴ
1872 5594 1960 5646 οἵα

395 5701 456 5735 τε
512 5683 825 5754 βιασθῆναι,
854 5685 1007 5738 οὐδὲν
1042 5685 1150 5738 ἀπὸ
1186 5690 1286 5755 τῆς
1333 5688 1486 5738 νόσου
1521 5687 1955 5752 παρεωάπτετο.

397 5773 605 5840 ιιόθενς
637 5775 795 5840 Ἥτις
816 5792 879 5843 γε
911 5777 1005 5830 καὶ
1027 5777 1386 5848 λαμπροτέρα
1412 5778 1723 5844 καθίστατο,
1755 5776 1957 5847 χρυσοῦ

2059 4597 2307 4636 murmur
2345 4585 2586 4638 haberet.
2622 4583 2760 4649 Quid
2801 4600 3048 4640 murmur
3079 4587 3240 4650 dico,
3276 4601 3400 4640 cum
3433 4593 3490 4639 et.
3516 4602 3638 4656 gra-

2063 4676 2164 4728 tias
2183 4675 2549 4743 amplissimas
2577 4674 2648 4740 ei,
2679 4676 2836 4744 cujus
2857 4687 2989 4730 nutu
3013 4679 3234 4731 morbus
3259 4689 3631 4744 grassaretur.

2063 4765 2332 4819 hal-eres?
2359 4765 2434 4820 Ac
2468 4766 2571 4820 nisi
2607 4781 2704 4834 pro
2737 4769 2838 4820 mei
2869 4769 2921 4820 iu
2952 4778 3002 4822 te
3032 4771 3233 4822 amoris
3278 4781 3448 4823 (nstro
3489 4771 3605 4822 ima

2063 4871 2166 4908 nus
2197 4856 2408 4920 videor,
2446 4857 2638 4926 purius
2670 4868 2720 4911 te
2749 4858 2865 4911 viro
2922 4859 3124 4914 eximio
3187 4863 3392 4930 gratias
3454 4857 3636 4930 egisse

2062 4949 2422 5018 providentia:
2471 4950 2755 5004 allirmem.
2791 4950 2982 5018 Magna
3017 4953 3162 5007 enim
3200 4955 3445 5022 quaadam
3493 4958 3632 5024 apud

2062 5049 2115 5094 te
2148 5042 2478 5110 religiosilas
2514 5042 2814 5098 obtinebat.
2851 5043 3016 5099 Plane
3042 5046 3436 5101 emorientibus
3465 5065 3639 5102 mem-

2065 5133 2202 5196 bris,
2228 5150 2259 5187 o
2300 5135 2573 5200 quomodo
2629 5149 2940 5192 sermonem
2972 5138 3314 5192 sustineam!
3377 5138 3632 5209 laesisque

2063 5224 2328 5288 articulis,
2373 5235 2549 5287 statua
2585 5224 2780 5279 fortior
2815 5226 3116 5292 videbaris;
3172 5243 3484 5298 quanquam
3510 5246 3632 5283 σοι·-

2063 5332 2165 5383 pus
2226 5317 2381 5370 malis
2416 5319 2613 5385 impar,
2665 5328 2850 5387 utpote
2907 5319 3203 5372 conflatum
3259 5335 3324 5374 ex
3393 5321 3636 5388 pulvere.

2057 5411 2467 5464 absumebatur.
2517 5409 2651 5464 lllu-l
2724 5411 2941 5480 quidem
3015 5413 3209 5468 nolens
3271 5412 3631 5464 vincebatur:

2065 5510 2119 5554 at
2155 5502 2372 5555 animus
2399 5503 2519 5570 rogi
2553 5504 2794 5563 Nescius.
2829 5502 2959 5556 nihil
3018 5518 3046 5554 a
3079 5503 3266 5557 titul-bo
3315 5503 3634 5556 Medebatur.

2065 5593 2166 5657 Qui
2193 5594 2336 5646 enim
2365 5594 2388 5646 ’ί
2420 5609 2541 5646 nam
2583 5596 2746 5646 etiam
2784 5595 2943 5646 liebat
2969 5595 3261 5658 illustrior,
3291 5604 3551 5660 tauquam
3585 5593 3634 5645 si

2065 5683 2344 5736 aurumiu
2403 5684 2524 5752 igne
2577 5696 2843 5738 versetur.
2907 5685 3054 5738 Haud
3118 5685 3366 5748 equidem
3441 5683 3638 5738 lubens

2066 5778 2434 5844 alliciebator;
2468 5777 2658 5831 lubens
2711 5787 2890 5833 tamen
2927 5782 3130 5832 l'crelat
3174 5776 3335 5842 mala,
3372 5791 3469 5830 uec
3526 5775 3660 5837 nisi.
