4166 6270
423 399 533 464 235

1207 405 1607 480 TIIEODORI
1631 419 2014 483 esseom
2055 416 2447 488 LAUDATIO
2485 421 2892 490 FUNEBRIS.

3560 430 3664 502 286

429 522 651 615 ρασχείν
679 522 932 586 ἐκείνοις,
969 526 1068 579 ὅσα
1100 529 1163 598 δὴ
1191 534 1468 600 νομίζοιτο
1493 537 1633 607 πρὸς
1664 536 1992 610 ἐπικουρίαν

2102 543 2451 598 refectionem
2487 547 2813 615 negligeres,
2841 562 2904 600 ac
2937 560 3186 600 somnum
3236 547 3303 600 ab
3331 538 3503 604 oculis
3536 552 3664 606 sub-

425 607 764 676 ἐξαρκέσειν,
807 615 1027 684 ἀμελῶν
1064 621 1164 686 μέν
1195 641 1297 676 που
1327 630 1534 689 σιτίων,
1573 629 1744 684 ὕπνον
1778 632 1833 684 δὲ
1854 635 1994 686 ἀπο-

428 700 603 754 σοϐῶν
627 704 734 754 τῶν
750 705 1038 774 ὀμμάτων,
1063 714 1157 764 καὶ
1179 715 1316 778 ὅλως
1337 718 1442 770 τῶν
1461 721 1557 772 τοῦ
1589 721 1840 792 σώματος
1861 725 1996 777 πᾶν·

424 805 536 840 των
568 796 957 863 καταφρονῶν,
977 798 1168 868 ῶσπερ
1193 803 1473 872 ὑγιαίνων,
1501 813 1594 862 καὶ
1619 812 1884 881 σφριγῶν,
1903 817 1995 867 καὶ

424 883 731 953 δυνάμενος
759 886 1036 956 ἅλλεσθαι,
1070 892 1162 944 καὶ
1213 895 1353 966 ὑπὲρ
1404 900 1512 954 τῶν
1546 903 1689 955 πάνυ
1718 906 1991 974 μεγίστων

425 975 853 1045 ἀγωνιζόμενος.

494 1061 558 1117 Ἳ)
580 1068 635 1120 δὲ
661 1073 923 1139 παρεῖχεν
945 1075 1370 1146 ἐκπλήττεσθαι,
1399 1083 1479 1136 δτι
1516 1086 1612 1139 καὶ
1651 1087 1758 1139 τῶν
1788 1089 1994 1158 ἰατρῶν

423 1153 672 1222 βοώντων
703 1163 778 1224 ὡς
814 1168 1035 1236 σεαυτῷ
1097 1173 1282 1241 σαφῶς
1338 1177 1621 1245 πολεμεῖς,
1683 1183 1757 1249 μὴ
1809 1184 1990 1236 πάντα

420 1249 649 1322 δεύτερα
684 1255 918 1324 θέμενος
949 1263 1060 1313 τῶν
1084 1263 1428 1332 βοηθούντων
1451 1269 1527 1336 τῷ
1551 1271 1786 1338 σώματι,
1828 1275 1992 1334 αὐτὸς

417 1343 572 1398 οὐδὲν
607 1342 775 1416 ἦττον
807 1353 1036 1421 ἐνεργὸς
1067 1351 1232 1425 ἦσθά.
1285 1360 1546 1430 ’Υπεῖχες
1577 1365 1688 1431 γὰρ
1726 1370 1840 1427 τοῖς
1877 1369 1992 1419 ἀδι-

417 1439 706 1506 κουμένοις
741 1444 947 1508 μᾶλλον
984 1448 1050 1502 τὰ
1081 1443 1195 1503 ὦτα
1252 1452 1283 1522 ἢ
1322 1456 1438 1516 τοῖς
1470 1457 1801 1526 παραινοῦσι
1851 1459 1990 1526 πρὸς

414 1530 649 1594 ὑγίειαν.
694 1537 968 1608 Ἐῤῥιψάς
1008 1558 1114 1594 που
1155 1546 1249 1596 καὶ
1283 1545 1392 1598 τῶν
1447 1549 1650 1616 χειρῶν
1687 1545 1991 1617 ὀνησούσας

417 1623 684 1696 ία-τρειας,
726 1631 870 1700 ὑπὲρ
921 1635 1271 1705 δικαιοσύνης
1317 1641 1747 1709 ἀγωνιζόμενος.
1815 1643 1987 1697 Τοῦτο

415 1714 523 1783 γὰρ
599 1720 877 1789 ἐνόμιζες,
946 1726 1124 1791 ὀρθῶς
1182 1728 1588 1796 διανοούμενος,
1642 1733 1986 1804 ἀλεξιτὴριον

415 1809 712 1878 φάρμακον
739 1813 994 1880 γίνεσθαι
1023 1823 1090 1886 τῇ
1124 1822 1298 1890 ψυχῇ.
1351 1821 1418 1892 ἢν
1453 1824 1551 1876 οὒκ
1582 1825 1768 1894 ἠξίους
1800 1845 1981 1897 παρα-

414 1899 755 1956 ϐλάπτεσθαι
783 1906 884 1988 τοῦ
924 1911 1181 1974 σώματος
1209 1913 1398 1967 ἕνεκα.
1431 1911 1615 1967 Ἦσθα
1650 1914 1743 1970 οὖν
1775 1919 1982 1987 ἀήττη-

412 2006 502 2052 τος
534 1991 591 2043 ἐν
619 1995 734 2055 τοῖς
775 1993 1131 2062 δεινοτάτοις,
1171 2003 1262 2053 καὶ
1301 2003 1400 2055 οὐκ
1436 2003 1556 2067 εἴας
1593 2007 1980 2076 τυραννεῖσθαι

411 2083 470 2137 τὺ
523 2089 778 2154 κρεῖττον
833 2091 940 2142 ὑπὸ
984 2093 1080 2145 τοῦ
1121 2097 1460 2166 φαυλοτέρου
1489 2113 1504 2127 ·
1567 2098 1595 2150 6
1645 2099 1909 2169 ἀθλητὴς.
1953 2104 1982 2155 ό

414 2181 666 2251 στερῤδς,
723 2185 750 2235 ὁ
801 2184 1016 2253 ἀδάμας
1050 2185 1152 2257 τὴν
1185 2188 1387 2257 ψυχὴν.
1422 2193 1448 2242 ό
1497 2191 1599 2260 τὴν
1645 2195 1798 2262 ἰσχὺν
1833 2193 1983 2258 σιδη-

413 2272 560 2340 ροῦς,
604 2275 659 2325 εί
695 2291 776 2337 τις
837 2279 918 2340 είς
970 2279 1031 2329 τὸ
1074 2281 1226 2346 παρά
1276 2284 1359 2334 σοὶ
1409 2283 1692 2352 πρόθυμον
1729 2285 1977 2357 ἀφορῴη,

410 2368 504 2418 καὶ
531 2366 628 2435 τὴν
653 2367 898 2437 ἔμφυτον
927 2374 1288 2449 προαίρεσιν,
1318 2377 1416 2428 οὐκ
1445 2378 1523 2438 είς
1550 2379 1648 2441 τὰς
1671 2379 1763 2430 τοῦ
1792 2379 1982 2448 σώμα-

406 2475 500 2521 τος
532 2459 843 2524 ἀσθενείας,
869 2459 957 2526 αἷς
975 2460 1042 2533 ἦν
1067 2467 1281 2534 ἀνάγκη
1299 2467 1451 2520 τοῖθ*
1475 2470 1818 2531 ὑπενδοῦναι,
1853 2469 1980 2524 σύν-

407 2551 567 2604 θετον
597 2552 656 2605 δν
697 2557 790 2607 καὶ
833 2554 1050 2624 θνητόν.
1091 2559 1310 2612 Μᾶλλον
1343 2560 1420 2626 δὲ,
1455 2562 1504 2612 εἰ
1535 2564 1630 2614 καὶ
1664 2566 1744 2627 εἰς
1771 2564 1978 2627 ταύτας

404 2650 492 2698 τις
520 2645 768 2717 ἀφορῴη,
794 2648 1296 2719 ὑπερθαυμάσεται
1345 2669 1404 2705 σε
1431 2653 1532 2722 τῆς
1565 2656 1977 2724 γενναιότητος.

405 2736 486 2790 Τὰ
516 2740 624 2808 γλρ
685 2740 940 2810 ἀφόρητα
988 2737 1186 2814 ἔφερες
1225 2743 1414 2816 ὥσπερ
1452 2745 1616 2801 ἄλλου
1649 2747 1975 2818 πάσχοντος.

403 2828 437 2899 ἡ
461 2827 596 2898 ὄναρ
627 2831 800 2885 ταῦτα
822 2831 986 2902 ὀρῶν.

471 3089 578 3154 Καὶ
636 3102 743 3173 μὴν
779 3099 1197 3175 περιιστάμενοί
1245 3127 1306 3162 σε
1375 3105 1564 3165 πολλοὶ
1610 3115 1719 3168 τῶν
1774 3119 1971 3186 ἐπιτη-

399 3193 579 3258 δείων,
605 3189 679 3247 ὧν
709 3199 829 3258 ταῖς
865 3199 1058 3269 χερσὶν
1087 3202 1462 3273 ἐθεραπεύετό
1518 3222 1614 3259 σου
1655 3208 1816 3278 σῶμα
1866 3211 1970 3263 πά·
1999 3221 2044 3281 α

402 3301 554 3355 σχον,
585 3289 707 3342 ἀντὶ
739 3291 847 3343 τῶν
877 3294 1228 3348 πεπονθότων
1263 3313 1346 3350 σοι
1378 3297 1560 3368 μελῶν
1596 3299 1975 3370 ὑπηρετουμέο

398 3398 525 3444 νων,
560 3383 717 3448 μόλις
761 3387 894 3438 ποτέ
945 3403 1064 3449 πως
1113 3372 1433 3458 αἰσθόμενοι
1486 3394 1547 3444 τδ
1589 3393 1820 3460 σφοδρὸν
1862 3395 1972 3448 τῶν

394 3472 599 3526 ὀδυνῶν
656 3477 780 3528 ὅσον
819 3476 983 3546 (οὐδὲ
1021 3479 1131 3547 γὰρ
1166 3479 1436 3546 ὲδείκνυς,
1496 3481 1652 3543 εἰδὼς
1710 3485 1972 3554 λυπήσων

399 3565 607 3634 σφόδρα
664 3567 1000 3636 φιλοῦντας),
1045 3570 1144 3640 οὐχ
1190 3565 1295 3624 οἷοί
1329 3571 1376 3624 τ’
1406 3566 1550 3642 ’ἦσαν
1607 3567 1876 3644 ἀδακρυτὶ
1906 3575 1972 3628 τὰ

396 3652 570 3707 δέονθ’
599 3659 900 3726 ὑπουργεῖν
925 3678 939 3692 ⁸
985 3654 1120 3714 ἀλλὰ
1155 3664 1314 3732 χερσὶ
1361 3664 1460 3731 μὲν
1498 3665 1759 3734 παίοντες
1814 3667 1972 3735 στέρ-

398 3755 485 3811 να,
528 3749 763 3802 ἀστακτὶ
799 3749 852 3801 δέ
884 3750 1233 3820 δακρύοντες,
1261 3753 1526 3822 τοῦδαφος
1558 3753 1786 3823 ἐσρεχον
1809 3773 1821 3786 ·
1868 3757 1966 3808 καὶ

392 3841 548 3892 ταῦθ’
585 3841 889 3909 ἐπράττετο
939 3847 1092 3911 σιγῇ,
1149 3846 1223 3914 μή
1263 3863 1321 3897 σε
1356 3846 1682 3912 λυπήσωσιν
1719 3848 1967 3909 ἄκοντες,

391 3922 719 3998 αἰσθόμενον
750 3931 946 3992 αὐτοὺς
987 3929 1126 4001 ὑπὲρ
1156 3935 1249 3987 σοῦ
1289 3936 1689 3998 λυπουμένους.
1748 3938 1966 4003 ῐΙὲφυκε

391 4023 586 4089 γὰρτὸ
639 4013 833 4089 φιλοῢν
885 4024 1100 4093 χαίρειν
1147 4041 1209 4076 τε
1254 4027 1554 4095 χαιρόντων
1607 4026 1714 4077 τῶν
1771 4026 1964 4093 φίλων,

389 4108 834 4178 καὶᾶνιωμένοις
857 4113 1070 4177 τούτοις
1120 4114 1510 4183 συνάχθεσθαι.
1564 4115 1704 4168 Ἀλλ’
1744 4115 1870 4168 ἐπεί
1905 4128 1964 4168 σε

385 4204 560 4255 ταῦτα
585 4205 685 4256 οὐκ
722 4204 1008 4271 ἐλάνθανε,
1058 4207 1176 4268 πῶς
1230 4209 1340 4276 γάρ
1370 4224 1384 4271 ;
1420 4208 1680 4275 οὐδεμίαν
1747 4206 1962 4278 σεαυτῷ

389 4296 753 4366 παραμυθίαν
791 4299 1019 4360 ἐδίδους,
1061 4298 1166 4360 ἕως
1215 4299 1414 4361 αὐτοὺς
1456 4301 1694 4362 ἀπέλυες
1727 4301 1822 4353 σὺν
1875 4300 1966 4352 εὖ·

388 4391 579 4460 θυμία.
614 4391 800 4443 Δεινὸν
828 4391 937 4458 γὰρ
962 4389 1095 4458 ᾤου,
1125 4390 1302 4442 δεινὸν
1337 4389 1386 4441 ει
1422 4389 1504 4442 σοὶ
1541 4393 1642 4459 μὲν
1675 4391 1815 4461 νόσῳ
1857 4392 1964 4445 πά-

389 4499 570 4550 σχοντι
610 4483 717 4534 οἵδε
761 4483 1170 4551 συνχλγήσουσι
1227 4481 1316 4534 διὰ
1347 4481 1406 4534 τδ
1435 4485 1560 4553 περὶ
1594 4486 1653 4536 σὲ
1681 4484 1946 4552 μεμηνὸς,

2102 652 2375 702 moveres,
2428 639 2768 708 omninoque
2817 640 3068 710 corporis
3121 642 3301 692 omnia
3351 644 3660 707 commoda,

2103 734 2362 796 tanquam
2398 744 2587 791 sanus,
2615 745 2679 784 ac
2715 736 2904 798 vegeto
2927 746 3176 799 corpore.
3214 741 3518 802 potensque
3570 749 3662 799 ge-

2103 820 2262 884 stire,
2299 837 2362 874 ac
2396 821 2544 875 velut
2568 836 2664 891 pro
2713 823 2968 878 maximis
3007 825 3168 880 rebus
3195 835 3466 879 certamen
3493 831 3660 890 esset,

2095 909 2168 962 ita
2200 925 2503 980 spcrneres.
3167 901 3169 903 1

2171 1091 2276 1146 Sed
2305 1102 2357 1146 et
2382 1093 2514 1147 illud
2548 1095 2900 1162 stupendum,
2936 1105 2993 1149 ut
3027 1099 3079 1149 et
3108 1092 3336 1150 medicis
3369 1096 3660 1150 clamanti-

2097 1183 2222 1244 bus,
2253 1176 2370 1238 .vim
2398 1194 2448 1237 te
2485 1184 2580 1238 tibi
2616 1185 2796 1253 palam
2842 1186 3044 1250 facere,
3075 1187 3166 1255 qui
3207 1202 3312 1239 non
3342 1187 3524 1239 omnia
3560 1201 3657 1239 ne-

2094 1273 2354 1328 cessariis
2387 1276 2636 1342 corporis
2660 1278 2968 1330 commodis
2999 1277 3377 1344 pos‘tliaheres,
3417 1277 3533 1345 ipse
3575 1277 3660 1330 ni-

2095 1362 2206 1417 hilo
2241 1364 2423 1418 secius
2457 1366 2606 1432 operi
2644 1365 2888 1420 intentus
2929 1381 3104 1421 esses.
3141 1366 3354 1435 Quippe
3382 1367 3658 1420 faciliores

2094 1467 2256 1507 aures
2285 1455 2739 1508 aecommodahas
2764 1455 3000 1524 querelis
3025 1455 3344 1524 patientium
3380 1456 3657 1523 injuriam,

2090 1550 2253 1612 Quam
2281 1543 2630 1600 monentibus
2663 1561 2783 1601 esse
2808 1547 3205 1601 consulendum
3230 1546 3440 1599 amictae
3467 1546 3654 1598 saluti.

2093 1634 2173 1686 ΑΙ)
2205 1633 2338 1701 ipsis
2370 1633 2482 1689 fere
2517 1633 2826 1704 projeceras
2859 1634 3137 1696 manibus.
3173 1636 3216 1690 si
3247 1652 3353 1705 qua
3390 1635 3654 1688 medendo

2090 1723 2434 1787 viderentur,
2469 1725 2559 1793 qui
2599 1736 2876 1779 certamen
2931 1729 3128 1781 inisses
3179 1742 3280 1796 pro
3317 1727 3549 1795 justitia.
3599 1726 3652 1779 ιιι

2088 1814 2232 1868 enim
2262 1817 2432 1884 probo
2459 1830 2588 1870 sane
2609 1818 2838 1872 consilio
2860 1831 3220 1873 averruneum
3249 1820 3446 1872 anima:
3478 1833 3655 1872 reme-

2016 1891 2056 1944 Β
2087 1909 2236 1962 dium
2271 1911 2524 1976 putabas,
2561 1912 2648 1964 cui
2685 1911 2907 1967 nolebas
2939 1913 3186 1980 corporis
3220 1913 3458 1967 studium
3494 1911 3655 1982 quid-

2084 2014 2245 2069 quam
2276 2003 2497 2057 obesse.
2523 1999 2678 2056 Malis
2703 2003 2886 2072 itaque
2910 2004 3248 2073 gravissimis
3275 2003 3544 2070 pulsatus,
3571 2004 3656 2056 in-

2085 2091 2414 2160 superabilis
2448 2106 2586 2155 eras,
2621 2092 2722 2147 ne'c
2748 2094 2828 2145 tui
2861 2094 3184 2146 deteriorem
3220 2103 3428 2160 partem
3455 2091 3502 2144 ei
3532 2104 3653 2159 qua:

2081 2194 2164 2239 est
2185 2186 2361 2253 potior
2383 2186 2430 2240 vi
2455 2184 2687 2254 quadam
2711 2185 2981 2240 dominari
3004 2186 3260 2240 sinelias:
3291 2199 3324 2239 o
3349 2192 3402 2238 tu
3421 2185 3647 2248 athleta,

2085 2274 2302 2329 lli-mum
2335 2280 2549 2344 pectus,
2591 2277 2777 2331 animo
2803 2278 3052 2341 adamas,
3089 2279 3285 2333 robore
3329 2277 3560 2341 ferreus,
3591 2286 3652 2330 ut

2082 2367 2207 2434 quis
2238 2367 2290 2420 in
2325 2368 2492 2421 animi
2529 2379 2679 2422 tuum
2713 2369 2845 2423 illud
2890 2371 3257 2439 propositum,
3293 2371 3650 2437 innatamque

2083 2457 2438 2525 voluntatem,
2478 2475 2587 2514 non
2628 2467 2712 2523 ut
2740 2462 2792 2515 in
2847 2463 3098 2531 corporis
3133 2463 3346 2515 infirma
3391 2462 3644 2530 aspiciat,

2081 2553 2282 2618 quibus
2307 2553 2434 2606 illud
2468 2557 2679 2616 cedere,
2706 2569 2807 2624 pro
2839 2571 2936 2610 sua
2967 2557 3321 2610 concretione
3353 2571 3414 2607 ac
3440 2565 3648 2608 morta-

2081 2643 2232 2697 litate
2271 2660 2553 2700 necessum
2592 2655 2731 2701 erat.
2765 2646 2879 2700 lmo
2911 2655 2969 2701 ut
3001 2647 3052 2700 in
3088 2648 3176 2700 illa
3211 2648 3460 2715 aspiciat,
3495 2657 3642 2699 tuam

2082 2735 2228 2789 illam
2262 2737 2684 2805 generositatem
2730 2740 2956 2792 omnino
3006 2738 3329 2792 admiretur.
3369 2737 3442 2790 Ita
3492 2738 3639 2791 enim

2031 2870 2040 2880 .
2083 2828 2220 2881 mala
2252 2828 2618 2883 intolerabilia
2646 2829 2985 2893 sustinebas,
3023 2837 3284 2898 tanquam
3320 2829 3460 2883 alius
3486 2839 3643 2897 pales

2081 2926 2254 2984 retur,
2307 2933 2371 2973 ac
2411 2919 2557 2974 velut
2603 2921 2655 2974 in
2709 2920 2918 2976 somnis
2965 2935 3029 2976 ac
3084 2919 3230 2975 nudo
3279 2927 3496 2989 spectro
3532 2931 3640 2973 non

2079 3023 2203 3064 vera
2240 3012 2472 3066 videres.

2148 3100 2256 3157 Sed
2288 3112 2341 3157 et
2383 3103 2677 3158 necessarii
2715 3107 2903 3174 plures
2940 3104 3078 3160 lecto
3120 3103 3469 3168 circumfusi,
3501 3118 3641 3174 qum

2078 3205 2195 3250 rum
2233 3197 2490 3253 manibus
2539 3212 2744 3266 aegrum
2795 3199 3032 3253 eurabas
3083 3214 3303 3267 corpus,
3350 3205 3639 3268 postquam

2076 3286 2286 3342 defecta
2314 3289 2558 3343 membra
2594 3289 2645 3342 id
2690 3290 2937 3360 obsequii
2971 3301 3252 3359 negarent,
3287 3292 3375 3346 ubi
3407 3293 3492 3345 vix
3521 3301 3643 3345 tana

2076 3379 2194 3434 dem
2231 3379 2481 3435 dolorum
2515 3382 2645 3446 vim,
2670 3393 2873 3452 quanta
2897 3390 3045 3438 esset
3079 3385 3462 3454 cognovissent
3491 3385 3633 3453 (non

2072 3470 2220 3526 enim
2261 3473 2618 3536 ostendebas,
2672 3475 2766 3544 qui
2793 3490 2904 3528 rem
2953 3475 3136 3530 charis
3166 3475 3319 3529 valde
3350 3476 3632 3540 molestam

2074 3563 2291 3633 scires),
2329 3565 2472 3620 haud
2504 3565 2763 3636 deinceps
2796 3570 3102 3622 necessaria
3145 3569 3406 3638 obsequia
3437 3568 3540 3621 nisi
3579 3570 3632 3620 in

2072 3653 2344 3724 lacrymas
2377 3658 2604 3712 resoluti
2650 3668 2897 3726 poterant
2934 3668 3213 3728 praestare,
3255 3661 3350 3714 sed
3386 3659 3636 3713 manibus

2077 3748 2370 3802 tundentes
2402 3758 2615 3817 peetus,
2654 3765 2716 3803 ac
2744 3750 2976 3804 ubertim
3023 3751 3388 3821 laerymarum
3428 3750 3634 3819 perfusi

2075 3833 2272 3896 imbre,
2307 3837 2484 3890 solum
2533 3837 2882 3906 irrigabant:
2924 3841 3070 3908 quod
3126 3842 3304 3908 ipsum
3346 3842 3636 3909 gerebatur

2070 3925 2310 3989 silentio,
2339 3942 2407 3980 ne
2447 3936 2499 3981 te
2532 3929 2690 3982 inviti
2734 3930 3150 3993 contristarent,
3188 3946 3327 3998 quos
3356 3933 3432 3986 tui
3471 3947 3633 3986 causa
3683 3967 3692 3981 .

2068 4015 2388 4071 contristari
2425 4019 2619 4072 scires.
2655 4020 2846 4074 Solent
2894 4022 3040 4075 enim
3092 4023 3254 4076 amici
3291 4025 3637 4092 congaudent

2069 4109 2436 4176 gaudentibus
2465 4110 2680 4176 amicis,
2711 4127 2774 4165 ac
2816 4127 2938 4167 eum
2978 4113 3168 4169 iisdem
3206 4116 3455 4170 tristibus
3488 4116 3636 4184 pari.

2066 4209 2148 4254 ter
2178 4199 2409 4255 tristari.
2443 4200 2584 4266 Quia
2625 4203 2907 4256 enimvero
2952 4213 3004 4257 te
3041 4206 3154 4258 haec
3187 4221 3295 4258 non
3346 4207 3584 4259 latebant
3620 4220 3634 4258 :

2065 4294 2157 4364 qui
2185 4293 2331 4346 enim
2363 4294 2719 4362 potuissent?
2752 4295 2957 4349 nullum
2986 4295 3080 4349 tibi
3115 4297 3453 4350 concede-bas
3483 4298 3628 4349 leva-

2063 4401 2207 4450 men,
2243 4385 2418 4440 donec
2464 4387 2886 4457 cequauimiores
2937 4391 3107 4444 factos
3160 4371 3189 4441 ti
3226 4399 3275 4442 te
3305 4387 3628 4442 dimisisses.

2061 4467 2238 4531 Grave
2272 4479 2540 4547 siquidem
2591 4479 2816 4533 omnino
2853 4481 3104 4548 putabas,
3146 4491 3204 4534 ut
3250 4480 3476 4534 allectus
3516 4481 3632 4548 ipse

385 4575 545 4636 αὐτδς
575 4575 630 4626 δὲ
670 4575 895 4636 τούτους
927 4575 1136 4643 σφόδρα
1171 4575 1368 4642 φιλῶν,
1406 4575 1592 4637 ἐάσεις
1619 4577 1676 4627 ἐν
1713 4576 1790 4644 τῷ
1815 4571 1955 4646 ὑπὲρ
1991 4590 1992 4593 ‘

2068 4583 2127 4622 ac
2156 4583 2320 4636 aeger,
2353 4568 2421 4622 ab
2459 4570 2774 4638 impcnsiori
2802 4573 3006 4625 amoris
3041 4575 3087 4624 vi
3126 4573 3221 4626 tibi
3252 4572 3628 4637 eontlolentes,

383 4666 478 4719 σοῦ
515 4667 777 4734 πάσχειν,
828 4668 927 4720 Διὰ
974 4668 1172 4731 ταῦτα,
1213 4667 1321 4720 τῶν
1353 4669 1646 4738 ἀφορήτων
1676 4685 1735 4720 σε
1799 4679 1955 4721 συνε-

381 4757 591 4827 χουσῶν
647 4758 873 4818 ὀδυνῶν,
933 4757 1123 4827 ἠρέμα
1165 4775 1280 4818 πως
1348 4759 1513 4821 αὐτὸς
1547 4759 1772 4828 μειδιῶν
1811 4760 1954 4829 μετὰ

379 4849 478 4917 τῆς
529 4848 780 4916 ἐμφύτου
847 4849 1201 4917 σεμνότητος,
1266 4849 1513 4918 ῥήμασιν
1554 4850 1731 4919 ἡδίοσι
1789 4849 1955 4922 ῥόδων

380 4941 580 5002 αὐτοὺς
645 4939 914 5002 ἔπαττες·
974 4943 1069 4994 καὶ
1128 4942 1257 5011 ῥᾷον
1319 4941 1465 5010 ἔχειν
1505 4942 1949 5012 ἰσχυριζόμενος,

384 5035 524 5102 μετὰ
561 5034 949 5104 χρηστοτέρων
982 5034 1218 5086 ἐλπίδων
1239 5035 1423 5088 οἴκαδε
1455 5035 1668 5097 πάντας
1718 5032 1954 5104 ἐξέπεμ-

381 5145 505 5189 πες.
537 5126 731 5197 Ταύτῃ
754 5142 836 5178 τοι
878 5128 971 5178 καὶ
998 5129 1058 5178 τδ
1085 5145 1148 5178 πε
1163 5129 1214 5196 ρὶ
1252 5127 1310 5178 σὲ
1341 5127 1554 5180 πάντων
1579 5127 1806 5196 φίλτρον
1834 5127 1954 5196 διη-

381 5215 553 5277 νεκῶς
577 5216 853 5280 ἐπεδίδου,
884 5217 1282 5285 θαυμαζόντων
1314 5227 1408 5270 σου
1439 5216 1540 5286 τὴν
1589 5219 1953 5290 γενναιότητα

379 5311 476 5364 καὶ
505 5310 594 5361 τὸν
625 5310 705 5372 εις
728 5308 928 5371 αὐτοὺς
957 5309 1157 5377 ἔρωτα.

449 5491 638 5552 Οὕτως
662 5493 689 5543 6
718 5491 832 5556 βίος
871 5506 954 5544 σοι
997 5493 1102 5552 πᾶς
1131 5491 1284 5560 ἀγὼν
1319 5493 1462 5562 ὑπὲρ
1490 5493 1694 5562 ἀρετῆς
1725 5495 1818 5546 καὶ
1857 5493 1950 5546 rei}

377 5585 737 5650 γιγνομένου,
786 5586 881 5636 καί
922 5601 1019 5638 σου
1059 5585 1118 5638 τὸ
1161 5586 1274 5654 ,ρῶς
1298 5586 1603 5655 ἐξέλαμψεν
1631 5582 1948 5655 ἔμπροσθεν

376 5675 486 5726 τῶν
518 5675 848 5745 ἀνθρώπων,
893 5676 952 5728 εὖ
1005 5677 1286 5738 ποιοῦντος
1355 5680 1455 5745 μὲν
1480 5681 1606 5739 τοὺς
1643 5682 1790 5741 σοὺς,
1825 5680 1948 5731 ὅσον

374 5767 478 5817 οὐκ
509 5767 572 5817 ἂν
602 5761 670 5836 ἦν
718 5767 969 5835 βέλτιον,
1006 5768 1303 5835 κρατοῦντο
1374 5769 1428 5820 δὲ
1481 5770 1589 5820 τῶν
1644 5770 1942 5838 πολεμίων,

377 5854 500 5907 ὅσον
541 5856 603 5908 ἐκ
634 5855 742 5909 τῶν
771 5855 948 5927 ἔργων
980 5844 1157 5928 ἐφάνη
1187 5874 1196 5885 ·
1230 5859 1411 5911 γαίτοι
1447 5860 1544 5912 κάν
1576 5858 1722 5925 αὐτῷ
1759 5858 1834 5926 τῷ
1864 5874 1944 5910 vcr-

2061 4675 2202 4722 quos
2232 4675 2396 4728 supra
2428 4661 2647 4715 modum
2681 4662 2912 4718 haberes
2940 4663 3152 4724 charm,
3193 4666 3268 4717 tui
3317 4676 3448 4731 ergo
3492 4663 3629 4717 allici

2060 4753 2293 4809 sineres.
2325 4752 2716 4819 Quamobrem,
2752 4769 2913 4824 quem
2947 4755 3166 4810 dolores
3197 4756 3523 4810 intolerandi
3557 4765 3633 4809 tes

2058 4855 2275 4911 nerent,
2299 4845 2480 4914 quiete
2509 4861 2572 4901 ac
2597 4847 2798 4901 blande
2829 4847 3015 4901 innata
3040 4849 3130 4901 illa
3157 4850 3420 4902 modestia
3449 4849 3631 4902 subi-ia

2058 4937 2216 5002 dens,
2249 4938 2432 4992 verbis
2465 4953 2629 5007 Supra
2664 4952 2817 4994 rosas
2856 4939 3194 4995 dulchribus
3245 4957 3341 4995 eos
3371 4955 3626 5009 asperge-

2056 5027 2175 5094 bas,
2198 5030 2583 5100 aliirmansque
2608 5031 2785 5086 lenius
2811 5032 3029 5096 habere,
3059 5034 3344 5088 meliorum
3376 5048 3469 5102 spe
3516 5035 3629 5102 ple-'-

2057 5137 2157 5176 nos
2180 5138 2368 5177 omnes
2400 5124 2620 5177 domum
2657 5126 2997 5180 remittebas.
3047 5127 3162 5191 Qua
3199 5143 3254 5180 re
3295 5127 3538 5178 omnium
3572 5127 3623 5179 in

2055 5217 2110 5263 te
2136 5212 2340 5267 amoris
2385 5212 2468 5267 vis
2494 5213 2699 5283 jugiter
2727 5217 3054 5284 augebatur,
3089 5233 3213 5270 eum
3252 5227 3394 5270 tuam
3427 5217 3502 5269 illi
3544 5216 3629 5267 ins

2055 5302 2392 5368 genuitatem
2429 5320 2494 5359 ac
2541 5319 2784 5361 amorem
2821 5308 2874 5362 in
2922 5309 3072 5378 ipsos
3119 5309 3494 5362 vehementius
3523 5308 3624 5359 all-

2054 5395 2410 5449 mirarentur.

2132 5485 2228 5540 Sic
2280 5488 2375 5540 tibi
2426 5489 2532 5543 vita
2567 5498 2677 5544 tota
2731 5499 3007 5545 certamen
3040 5503 3138 5560 pro
3192 5491 3410 5548 virtute,
3451 5501 3512 5539 ac
3553 5500 3620 5538 «ο

2053 5583 2198 5648 quod
2231 5593 2374 5635 esset
2404 5595 2583 5650 operae
2616 5584 2850 5651 pretium
2883 5583 3006 5644 fuit,
3046 5595 3310 5649 tuumque
3370 5580 3498 5632 illud
3532 5579 3618 5629 lu-

2055 5691 2176 5727 men
2211 5675 2382 5728 cluxit
2406 5690 2588 5728 eorum
2625 5677 2961 5741 hominibus,
2997 5676 3086 5743 qui
3126 5684 3244 5728 tuos
3281 5675 3520 5739 quidem,
3561 5683 3621 5726 ut

2054 5776 2289 5831 nequeat
2324 5765 2539 5826 melius,
2562 5763 2926 5816 dentem-reris
2956 5777 3017 5815 ac
3058 5760 3216 5814 bonis
3245 5773 3489 5823 augeres,
3520 5756 3620 5809 hu-

2052 5867 2165 5913 διεδ
2191 5869 2371 5912 autem
2399 5857 2570 5910 victor
2593 5869 2907 5923 supet'at'es,
2931 5860 3194 5922 quantum
3217 5845 3424 5916 liquido
3454 5860 3618 5915 opera
