4166 6270
444 364 550 428 ΞΊἸ

1228 356 1635 423 THEODORI
1677 354 2039 417 esseom
2086 352 2476 416 LAUDATIO
2517 306 2924 413 Fuusnnis.

3583 348 3690 411 298

454 482 654 551 σούσης
689 481 745 535 δὲ
800 480 965 551 μέχρι
1001 479 1242 557 παντόςί
1285 480 1349 532 Ὢ
1383 480 1613 547 νεφέλης
1649 476 1889 549 ζοφερᾶς
1923 479 2019 530 καὶ

2124 475 2427 530 duratura!
2466 474 2511 529 0
2542 474 2898 543 (uliginosam
2940 471 3276 541 densamque
3328 471 3554 536 nubem,
3582 486 3688 541 qua

450 576 708 645 παχείας,
736 574 969 642 ἀφείσης
1016 571 1295 641 χάλαζαν,
1331 571 1613 642 βλάψασαν
1660 570 1786 638 ἑξῆς
1839 570 2018 622 πᾶσαν

457 669 719 739 βλάστην,
756 668 854 719 καὶ
894 667 1003 719 πᾶν
1055 664 1258 736 ὡραῖον
1283 704 1297 729 ,
1347 664 1443 718 καὶ
1483 664 1659 732 λήϊον,
1693 663 1786 715 καὶ
1826 660 2017 731 φυτὸν,

451 761 549 811 καὶ
579 756 717 818 ὃλως
749 757 872 809 ὅσον
900 757 962 807 ὲκ
990 754 1094 822 γῆς
1119 756 1198 816 είς
1235 757 1425 824 χρείαν
1469 754 1501 818 ἥ
1540 753 1874 823 παραψυχήν
1906 754 2018 805 ἐστι

449 852 561 905 τοῖς
584 846 935 917 ἀνθρώποιςί
966 846 1029 898 Ὠ
1064 847 1294 915 βροντῆς
1321 847 1723 914 ἀποτροπαίου,
1757 846 2021 913 σεισάσης

451 937 579 989 νοῦν
610 934 688 1005 τῷ
733 937 995 1005 πατάγῳί
1043 937 1107 990 Ὢ
1154 936 1420 1003 τυφῶνος.
1448 935 1757 1005 ὀφθαλμοὺς
1792 937 2019 1007 καρδίας

451 1025 854 1095 πηρὼσαντοςί
891 1025 954 1077 Ὢ
987 1026 1272 1095 κεραυνῶν
1301 1026 1575 1095 φοϐερῶν,
1607 1026 1772 1092 ὀξέως
1816 1028 2020 1096 φρένας

448 1120 849 1189 λυμηναμένων
879 1118 913 1172 ιλ
949 1118 1013 1172 Ὢ
1060 1122 1387 1192 πρηστῆρος
1450 1123 1718 1191 ὀλεθρίου,
1778 1123 2021 1186 διανοίας

447 1210 925 1279 ἀποτεφροῦντοςι
966 1212 1030 1264 ’Ὠ
1084 1213 1320 1281 πληγῆς,
1363 1214 1530 1285 λῆρον
1578 1216 1865 1284 δεικνύσης
1915 1217 2021 1269 πᾶν

444 1302 807 1373 ἀλεξητήριον
839 1303 1171 1374 φάρμακονί
1211 1307 1276 1358 Ὠ
1305 1325 1396 1376 μοι
1430 1307 1685 1369 πένθους,
1720 1308 1889 1376 πέρας
1921 1308 2021 1360 οὐκ

444 1392 694 1462 ἔχοντοςι
735 1394 798 1445 Ὢ
829 1395 979 1463 ζωῆς
1012 1396 1074 1449 οὐ
1116 1398 1383 1468 φορητῆς,
1416 1400 1464 1451 εί
1504 1397 1581 1468 μὴ
1616 1398 1686 1451 δι’
1716 1398 2020 1460 εὐσέϐειαν,

445 1485 521 1549 ὡς
574 1487 674 1539 οὐκ
726 1486 802 1539 ἔτ’
833 1487 893 1539 ὃν
938 1488 1132 1556 ἐφετὸν
1186 1490 1247 1543 τὸ
1305 1490 1427 1562 ζῇν,
1475 1491 1602 1562 ἐμοὶ
1649 1490 1751 1559 μὲν
1784 1489 2022 1559 μάλιστα

445 1579 687 1632 πάντων·
745 1578 939 1632 ἔπειτα
993 1580 1088 1632 καλ⁵
1134 1582 1301 1635 πᾶσιν
1355 1582 1609 1646 ἐκείνοις,
1662 1581 1859 1643 οἵτινές
1902 1598 2020 1644 σου,

442 1670 563 1740 φίλε
601 1669 761 1735 Θεοῦ,
800 1671 900 1742 τὴν
931 1670 1096 1740 φύσιν
1133 1671 1210 1734 ὡς
1240 1673 1527 1743 ἐξαίρετος
1568 1672 1806 1743 ᾔδεσανί
1847 1671 2020 1723 Τοῦτο

439 1756 511 1831 ἦν
547 1760 656 1830 ἀρα
706 1762 893 1815 ἐκεῖνα
940 1762 1010 1814 τὰ
1058 1759 1343 1832 πόρρωθεν
1383 1762 1665 1830 μηνύοντα
1713 1758 2019 1829 μεταϐολὴν

2124 569 2334 637 grando
2380 566 2545 621 missa
2609 566 2843 635 depluit,
2907 572 3068 618 omne
3099 565 3353 633 deinceps
3392 566 3692 635 deperdens

2123 652 2366 727 germen,
2391 672 2716 727 omnemque
2741 657 2998 720 fructum,
3021 672 3084 713 ac
3110 666 3341 726 segetes.
3367 672 3691 728 omnemque

2123 750 2398 812 arborem,
2445 765 2506 805 ac
2539 751 2582 804 si
2624 750 2755 819 quid
2792 751 3014 813 omnino
3054 760 3197 804 terra
3230 750 3501 819 germinat
3546 751 3691 818 quod

2124 843 2377 899 humanm
2412 844 2533 899 vita:
2565 843 2850 913 refrigerio
2874 844 2977 899 sit!
3007 843 3050 897 0
3080 844 3424 912 deprecabile
3464 846 3692 906 tonitru,

2124 934 2269 1002 quod
2303 933 2543 987 animum
2572 932 2793 1002 fragore
2815 934 3124 988 concussit!
3158 935 3200 985 0
3245 933 3565 1003 typhonem,
3601 934 3692 1003 qui

2123 1023 2311 1077 oculos
2344 1023 2523 1077 cordis
2548 1023 2802 1077 caecavit!
2841 1021 2884 1077 Ο
2915 1023 3180 1077 horrenda
3211 1022 3461 1088 fulmina,
3493 1024 3693 1093 quibus

2124 1113 2306 1168 statim
2344 1131 2497 1169 mens
2558 1116 2758 1169 oblmsa
2795 1116 2901 1169 sit!
2953 1113 2996 1168 Ο
3026 1116 3321 1169 exitiosum
3356 1126 3693 1184 praestercm,

2123 1207 2339 1261 animos
2385 1208 2809 1262 incinerautem!
2842 1206 2886 1261 Ο
2916 1208 3150 1277 plagam,
3197 1210 3500 1264 remedium
3532 1224 3694 1262 omne

2124 1310 2508 1361 averruncum,
2562 1313 2735 1367 nugas
2777 1300 3192 1353 ostendentem!
3237 1300 3280 1353 0
3316 1300 3521 1354 luctum
3560 1300 3694 1354 mihi

2124 1387 2435 1441 infinitum!
2479 1386 2524 1442 0
2561 1390 2750 1451 vitam,
2779 1389 2881 1444 nisi
2914 1391 3035 1444 solo
3069 1390 3294 1459 pietatis
3332 1391 3557 1457 intuitu,
3595 1392 3692 1446 mi-

2124 1483 2270 1537 nime
2328 1480 2637 1550 ferendam,
2689 1485 2833 1554 quod
2882 1485 3025 1540 haud
3062 1487 3199 1541 ultra
3232 1488 3285 1541 in
3318 1488 3461 1544 votis
3490 1488 3694 1543 haben-

2124 1573 2251 1628 dum
2287 1575 2359 1629 sit
2388 1578 2613 1643 vivere;
2644 1592 2767 1632 cum
2800 1578 3071 1649 praecipue
3095 1580 3251 1647 mihi,
3284 1590 3395 1636 tum
3431 1582 3540 1637 illis
3571 1583 3694 1637 uni-

2125 1668 2325 1732 versis,
2388 1671 2480 1737 qui
2512 1681 2684 1731 tuam,
2724 1670 2899 1724 amice
2932 1670 3049 1736 Dei,
3084 1672 3321 1726 indolem
3351 1682 3694 1741 perspectam

2125 1756 2411 1822 haberent,
2444 1766 2603 1827 quam
2647 1760 2853 1815 eximia
2906 1772 3069 1815 esset.
3123 1763 3251 1818 Erat
3288 1765 3389 1820 hoc
3419 1766 3577 1835 plane
3606 1767 3693 1821 illa

444 1825 792 1922 πραγμάτων
845 1832 941 1907 ἰπὶ
999 1854 1067 1906 τὰ
1125 1825 1313 1924 ἀείρω.
1380 1825 1572 1922 Ἤμεῖς
1618 1852 1673 1906 δὲ
1713 1825 2017 1920 ⁷βλέποντες

2118 1858 2335 1903 ostensa
2357 1868 2475 1919 quae
2493 1853 2729 1908 futuram
2767 1872 2947 1910 rerum
2972 1859 3023 1911 in
3063 1858 3307 1913 deterius
3332 1860 3692 1914 mutationem

443 1945 757 2015 ὲπηδῶμεν,
799 1946 1119 2015 νομίζοντες
1168 1944 1388 1998 ἔσεσθαι
1448 1945 1510 1996 τὸ
1557 1944 1729 1997 δεινὸν
1764 1944 1854 2001 ἐπ’).
1888 1942 2017 2006 τοὺς

443 2040 674 2109 ἐχθροὺς
701 2078 715 2102 ,
775 2039 931 2092 ἐνίων
982 2040 1140 2093 τοῦτο
1194 2042 1638 2111 μαντευομένων.
1683 2040 1819 2092 Νυνὶ
1849 2038 1893 2092 δ’
1924 2039 2019 2091 ἐκ·

442 2133 635 2193 ϐάντος
669 2130 764 2184 τοῦ
824 2132 999 2187 κακοῦ
1050 2132 1173 2186 καθ’
1230 2132 1427 2202 ήμῶν,
1478 2134 1570 2186 καὶ
1620 2132 2015 2202 καθαψαμένου

445 2226 767 2292 περιφανῶς
800 2226 1045 2291 πάντων,
1082 2225 1158 2288 ὡς
1204 2226 1356 2289 ὄντος
1405 2226 1501 2295 μὲν
1534 2225 1677 2279 οὕτω
1732 2226 2016 2294 μεγίστου,

439 2315 591 2379 ὄντος
638 2317 695 2370 δὲ
744 2316 889 2371 οὕτω
934 2317 1156 2387 πικροῦ,
1191 2318 1344 2381 ὄντος
1381 2318 1439 2370 δὲ
1465 2317 1823 2388 ἀδιορθώτου,
1854 2319 2009 2371 οὐδὲν

442 2410 571 2464 ἀλλο
597 2409 853 2462 λείπεται
893 2409 925 2479 ἢ
956 2413 1055 2477 ζῇν
1086 2412 1143 2462 ὲν
1181 2410 1465 2479 ἀθυμίαις,
1492 2411 1929 2479 ὀλοφυρομένους
1955 2428 2015 2463 τε

440 2503 536 2555 καὶ
581 2501 918 2563 πενθοῦντας
952 2503 1047 2554 τὸν
1092 2502 1274 2555 πάντα
1325 2502 1539 2571 χρόνον.
1574 2503 1648 2555 Οὐ
1704 2504 1812 2572 μήν
1842 2519 1905 2570 γε
1948 2503 2017 2555 δι’

440 2593 654 2645 ἐκεῖνον
714 2591 896 2657 αὑτὸν,
948 2592 1006 2653 ὃς
1052 2592 1162 2644 τῶν
1214 2592 1498 2661 ἡμετέρων
1523 2592 1727 2644 τούτων
1763 2592 2009 2644 ἀπαλλω

440 2690 580 2751 γεὶς,
624 2681 911 2751 τελμάτων
942 2699 1003 2735 τε
1037 2683 1131 2735 καὶ
1174 2682 1339 2750 ζόφου
1388 2681 1587 2735 πολλοῦ
1635 2683 1804 2752 μηδὲν
1830 2685 2017 2752 διαφε-

446 2777 669 2844 ρύντων,
707 2773 842 2843 πρὸς
887 2774 987 2844 τὴν
1034 2774 1255 2843 αἰθρίαν
1282 2773 1500 2843 ἐκείνην
1528 2775 1627 2845 τὴν
1655 2774 1891 2845 ἄληκτον
1920 2777 2016 2828 καὶ

440 2867 537 2937 τὴν
562 2866 755 2937 ἀγήρω
791 2866 937 2934 ζωὴν
971 2865 1193 2934 μετέϐη*
1230 2865 1345 2928 πῶς
1399 2865 1507 2934 γάρ
1535 2881 1548 2930 ;
1605 2864 1743 2918 ἀλλὰ
1766 2865 1834 2917 δι’
1866 2867 2014 2935 ἡμᾶς

442 2957 661 3023 αὐτοὺς,
694 2958 744 3010 οῖ
774 2957 862 3009 διὰ
916 2956 1078 3027 μόνον
1122 2958 1183 3009 τὸ
1235 2958 1481 3021 πενθεῖν,
1533 2957 1609 3020 ὼς
1661 2956 1829 3023 ἔοικε,
1857 2975 2018 3011 κατε-

443 3049 772 3119 λείφθημεν.
822 3050 935 3103 Καὶ
986 3049 1069 3102 ὄτι
1117 3049 1274 3103 ταῦθ’
1322 3048 1495 3111 οὕτως
1548 3048 1683 3119 ἔχει,
1718 3050 2014 3123 σκοπῶμεν

445 3144 516 3194 ἀκ
524 3143 741 3211 ριϐἑστε
752 3160 842 3212 ρον
871 3141 1068 3212 ταύτῃ.

526 3233 767 3295 Ἐκεῖνος
824 3233 983 3301 ήμῶν
1035 3231 1297 3296 διαστὰς,
1346 3233 1617 3305 τετύχηκε
1686 3237 1786 3305 μὲν
1838 3237 2011 3292 Θεοῦο

443 3324 823 3394 ἐγγέγραπται
881 3322 937 3376 δὲ
994 3324 1071 3393 τῷ
1129 3324 1237 3377 τῶν
1290 3325 1579 3397 μακαρίων
1625 3328 1794 3399 χορῷ,
1830 3330 1887 3382 ἒν
1934 3326 2018 3395 οἷς

444 3414 635 3469 πολλοὶ
664 3416 760 3471 καὶ
795 3414 905 3468 τῶν
935 3414 1085 3485 αὐτῷ
1118 3417 1525 3486 προσηκόντωνο
1570 3422 1755 3491 πατήρ
1784 3438 1843 3473 τε
1875 3423 2011 3477 πάν-

439 3521 508 3557 τα
564 3505 786 3572 ἀγαθὸς,
843 3506 940 3559 καὶ⁸
993 3507 1178 3577 μήτηρ
1218 3508 1370 3560 οὐδὲν
1396 3509 1594 3577 ἥττων·
1622 3510 1764 3563 οὕτω
1806 3513 1911 3583 γάρ
1946 3531 2014 3585 με

449 3596 627 3648 πείθει
657 3596 883 3669 θαρρεῖν
930 3599 990 3651 τὸ
1021 3599 1153 3671 παρ’
1184 3601 1367 3665 αὐτοῖς
1420 3602 1664 3668 εὐσεϐὲς,
1698 3606 1793 3657 καὶ
1819 3608 1877 3659 τὸ
1905 3608 2014 3660 τῶν

449 3685 667 3753 τρόπων
699 3688 873 3752 εὐθέςο
903 3691 1103 3761 ἀρίστη
1145 3709 1204 3744 τε
1259 3692 1577 3764 ἀδελφότης,
1607 3696 1703 3750 καὶ
1731 3700 2014 3766 προγόνων

444 3775 658 3845 ὅμιλος,
690 3768 789 3830 καὶ
823 3779 920 3830 οὐκ
950 3779 1123 3847 ὀλίγοι
1152 3781 1258 3833 τῶν
1289 3782 1476 3851 φίλων.
1519 3786 1580 3837 El
1611 3787 1740 3853 γοῦν
1780 3790 1871 3841 καὶ
1904 3790 2015 3842 τῶν

444 3868 737 3937 ἐρωμένων
775 3868 932 3937 ήμῶν
964 3870 1325 3941 κεχώρισται,
1382 3870 1464 3937 οἷς
1526 3876 1707 3929 συνὼν
1751 3878 2011 3947 ἡδόμενος

442 3958 693 4024 διετέλει,
726 3958 862 4012 ἀλλά
896 3960 956 4011 τὸ
991 3964 1230 4033 συνεῖναι
1276 3963 1466 4016 τοῦτον
1503 3968 1615 4027 τοῖς
1652 3966 1876 4033 φύσασι,
1911 3970 2008 4020 καὶ

443 4049 664 4113 πολλοῖς
691 4051 803 4103 τῶν
826 4052 1110 4120 συγγενῶν
1152 4052 1245 4103 καὶ
1282 4054 1550 4123 συνήθων,
1595 4058 1626 4125 ή
1637 4058 1753 4126 μῶν
1786 4074 1849 4125 γε
1878 4060 2014 4111 πάν-

441 4160 550 4205 τως
577 4142 674 4212 οὐχ
720 4144 931 4213 ἥττοσι,
981 4144 1074 4196 καὶ
1106 4143 1242 4212 πρός
1276 4162 1339 4211 γε
1388 4145 1470 4197 ἔτι
1530 4149 1641 4210 τοῖς
1694 4152 2009 4219 μακαρίοις,

443 4232 537 4283 καὶ
576 4233 675 4285 σὺν
707 4233 892 4294 αὐτοῖς
929 4231 1005 4302 τῷ
1034 4231 1177 4305 Θεῷ,
1211 4234 1393 4305 πολλῷ
1440 4232 1506 4288 ἂν
1539 4237 1686 4307 ἥδιον
1716 4238 1889 4306 τούτῳ
1921 4243 2013 4309 γέ-

443 4339 587 4373 νοιτο
628 4322 721 4374 τοῦ
770 4323 890 4392 μεθ’
921 4325 1079 4393 ήμῶν
1129 4322 1289 4391 εἶναι,
1319 4326 1375 4379 εί
1416 4344 1477 4395 γε
1516 4330 1609 4381 καὶ
1633 4333 2011 4402 παραϐάλλειν

444 4412 564 4476 ἐξόν
600 4417 769 4467 ἐστιν.
805 4415 967 4483 Ἡμῖν
1019 4416 1075 4468 δὲ
1121 4417 1330 4472 τούτων
1379 4420 1743 4489 ζημιωθεῖσιν
1775 4426 1928 4478 οὐδέν
1956 4444 2008 4478 τι

2117 1941 2327 2010 pridem
2361 1944 2765 2014 significabant.
2804 1948 2911 2003 Nos
2934 1953 3098 2018 po‘rro
3129 1950 3375 2005 videntes
3421 1952 3692 2021 gestieba-

2120 2046 2263 2096 utus,
2302 2035 2395 2104 qui
2452 2041 2815 2104 quorumdam
2874 2043 3127 2109 persuasi
3154 2042 3448 2108 vaticiniis,
3487 2045 3692 2097 malum

2119 2124 2171 2178 in
2226 2127 2413 2182 hostes
2477 2133 2789 2186 vertendum
2879 2149 3213 2202 putaremus.
3296 2135 3451 2190 Nunc
3508 2145 3691 2191 autem

2114 2228 2405 2288 postquam
2437 2220 2565 2275 illud
2600 2223 2651 2277 in
2684 2239 2784 2279 nos
2824 2227 3027 2292 evenit,
3071 2243 3369 2298 omnesque
3404 2229 3605 2297 palam,
3635 2240 3693 2284 ut

2114 2313 2257 2381 quod
2293 2313 2363 2367 ita
2416 2317 2739 2383 maximum,
2784 2320 2856 2373 ita
2893 2322 3174 2385 acerbum,
3204 2337 3267 2376 ac
3301 2323 3419 2377 sine
3449 2323 3693 2377 remedio

2113 2404 2367 2470 exsistat,
2402 2406 2664 2473 affecerit,
2711 2411 2847 2465 nihil
2900 2412 3045 2467 aliud
3086 2414 3355 2484 reliquum
3396 2423 3500 2479 est,
3528 2431 3690 2485 quam

2118 2506 2175 2548 ut
2206 2495 2455 2565 lugentes
2479 2501 2948 2567 aclameutantes,
2983 2513 3157 2560 totum
3186 2507 3445 2576 deinceps
3476 2517 3692 2577 tempus

2116 2584 2170 2638 in
2213 2590 2475 2643 maestitia
2526 2594 2824 2648 vivamus:
2869 2611 2975 2649 nou
3006 2598 3227 2665 quidem
3260 2610 3486 2668 propter
3512 2600 3689 2665 illum,

2115 2678 2208 2745 qui
2248 2679 2317 2732 ab
2373 2680 2626 2737 humanis
2683 2686 2824 2751 istis,
2880 2689 2965 2740 vix
3000 2690 3299 2759 quidquam
3338 2706 3574 2758 acmno,
3627 2709 3692 2748 ac

2118 2768 2285 2821 multa
2308 2770 2559 2840 caligine,
2585 2774 2823 2831 diversis
2848 2778 3135 2845 liberatus,
3164 2784 3227 2834 ad
3262 2782 3689 2839 itidefemihilem

2112 2860 2280 2926 illam,
2309 2877 2373 2917 ac
2406 2865 2545 2919 senii
2586 2870 2826 2923 nesciam
2863 2874 3212 2927 serenitatem
3275 2876 3549 2931 transivit.
3584 2876 3691 2945 Qui

2116 2953 2261 3007 enim
2298 2954 2371 3009 ita
2400 2959 2718 3026 possimus?
2746 2962 2845 3017 sed
2884 2975 3105 3036 propter
3130 2982 3228 3023 nos
3260 2969 3428 3038 ipsos,
3458 2971 3551 3041 qui
3576 2973 3691 3027 sola

2130 3063 2296 3103 causa
2329 3050 2546 3121 lugendi
2580 3054 2863 3111 videamur
2884 3060 3078 3114 relicti.
3113 3062 3203 3117 Sic
3234 3074 3413 3119 autem
3444 3082 3559 3121 rem
3602 3068 3693 3121 ha-

2040 3166 2084 3227 c
2117 3140 2267 3206 bere,
2301 3159 2395 3213 per
2422 3147 2567 3202 hunc
2593 3149 2810 3203 modum
2831 3155 3143 3210 accuratius
3171 3160 3546 3226 exquiramus.

2193 3233 2285 3288 Ille
2331 3236 2399 3289 ab
2436 3236 2673 3293 humana
2701 3245 3103 3299 consuetudine
3134 3248 3427 3317 abjunctus
3449 3292 3464 3317 ,
3522 3252 3690 3310 Deum

2123 3337 2459 3384 consecutus
2484 3340 2566 3385 est
2593 3349 2607 3397 ;
2640 3331 2849 3403 fuitque
2872 3334 3169 3405 inscriptus
3194 3340 3475 3397 beatorum
3498 3346 3689 3411 choro,

2118 3416 2261 3471 inter
2287 3433 2427 3488 quos
2458 3424 2613 3477 multi
2643 3434 2771 3477 sunt
2811 3426 2929 3495 ejus
2970 3433 3221 3497 cognati;
3267 3448 3389 3488 cum
3427 3444 3582 3504 pater
3607 3441 3692 3495 vir

2118 3507 2378 3575 optimus,
2442 3518 2557 3565 tum
2588 3524 2761 3567 mater
2819 3516 2953 3569 nihil
2989 3518 3080 3571 illo
3130 3520 3389 3576 deterior.
3419 3524 3510 3580 Sic
3540 3529 3687 3583 enim

2117 3597 2370 3654 fiduciam
2404 3600 2532 3655 facit
2561 3617 2751 3657 eorum
2783 3606 2978 3673 pietas,
3016 3624 3078 3661 ac
3124 3625 3335 3665 morum
3369 3619 3639 3673 rectitude
3670 3639 3685 3674 :

2117 3690 2321 3757 Optima
2386 3708 2608 3762 quoque
2664 3695 2896 3750 fratrum
2967 3701 3268 3769 sodalitas,
3323 3720 3386 3760 ac
3454 3724 3683 3765 avorum

2116 3782 2303 3845 turba,
2370 3786 2641 3854 amicique
2676 3790 2877 3855 plures.
2920 3791 3243 3862 Quanquam
3281 3813 3411 3869 ergo
3444 3816 3471 3854 a
3507 3804 3683 3869 nobis,

2116 3887 2252 3939 quos
2293 3889 2481 3927 amore
2534 3890 2975 3948 prosequerctur,
3013 3899 3076 3939 ac
3105 3902 3341 3955 quorum
3373 3892 3688 3951 delectaba-

2120 3971 2206 4015 tur
2238 3967 2674 4032 consuetudine,
2722 3970 2887 4026 fuerit
2938 3989 3260 4046 separatus;
3321 3986 3467 4054 quod
3502 3996 3681 4045 tamen

2116 4066 2240 4128 cum
2306 4057 2646 4123 parentibus.
2686 4062 2982 4133 multisque
3039 4084 3397 4137 cognatorum
3426 4093 3490 4133 ac
3520 4080 3685 4137 fami-

2116 4144 2353 4210 liarium,
2389 4149 2523 4203 nihil
2552 4152 2777 4207 omnino
2809 4156 2971 4211 uobis
3000 4160 3375 4224 deterioribus
3407 4181 3570 4241 agat;
3614 4176 3681 4229 ad

2116 4238 2229 4293 haec
2283 4255 2410 4295 vero
2445 4257 2569 4297 cum
2602 4244 2793 4310 beatis,
2828 4250 3055 4321 ipsoque
3088 4254 3313 4326 insuper
3361 4238 3491 4326 Deo,
3524 4265 3684 4336 longe

2116 4329 2304 4399 utique
2343 4331 2646 4401 jucundius
2705 4336 2921 4407 habeat,
2955 4359 3122 4413 quam
3154 4356 3213 4401 ut
3246 4364 3557 4410 versaretur
3588 4329 3685 4412 no-

445 4506 830 4573 παραπλήσιον
867 4504 1206 4575 συμϐέϐηκε.
1260 4508 1416 4571 Τίνος
1450 4509 1560 4576 γὰρ
1590 4510 1657 4563 ἂν
1690 4514 1783 4564 καὶ
1825 4512 2007 4583 τύχοι-

2117 4522 2231 4566 ceat
2255 4531 2268 4567 :
2306 4515 2463 4570 nobis
2484 4516 2809 4589 autem,'qui
2844 4523 3037 4579 horum
3061 4526 3358 4586 fecerimus
3381 4536 3680 4607 jacturam,

448 4610 547 4662 μεν
575 4593 800 4663 τάνδρὸς
834 4596 1044 4647 ἐκείνου
1090 4596 1402 4665 βελτίονοςς
1455 4600 1624 4667 Δῆλον
1665 4600 1740 4663 ὡς
1769 4603 2003 4665 οὐδενός·

447 4688 563 4749 πῶς
605 4690 733 4758 γὰρ,
770 4689 859 4742 τοῦ
917 4690 1165 4760 μηδαμοῦ
1206 4692 1396 4758 ὄντος;
1442 4695 1581 4747 Ἀλλ’
1610 4696 1731 4748 οὐδὲ
1762 4697 2008 4768 λυπηρὸν

444 4778 634 4848 ἐκείνῳ
669 4780 1030 4849 συμϐήσεται,
1068 4782 1214 4850 ζωῆς
1261 4784 1359 4850 τῆς
1397 4785 1703 4852 ἀπεράντου
1736 4804 2008 4860 μετεῖχη-

444 4870 585 4932 κοτι,
632 4868 726 4922 καὶ
758 4868 916 4937 δόξης
949 4864 1040 4933 αὖ,
1081 4871 1180 4923 καὶ
1211 4875 1441 4941 τρυφῆς,
1486 4874 1705 4944 ἀλήκτῳ
1736 4875 1836 4945 βίῳ
1868 4895 2007 4947 συμ-

450 4959 774 5013 ϐαινουσῶν.
815 4956 979 5026 Ἥμῖν
1009 4958 1056 5011 δ’
1088 4960 1331 5014 οἰκοῦσιν
1362 4963 1442 5014 ἐτι
1482 4964 1543 5015 τὸ
1576 4964 1755 5033 σῶμα,
1796 4967 2007 5020 πολλῶν

446 5036 633 5101 κακῶν
685 5046 861 5101 αἴτιον
914 5045 1068 5100 εἶπεν
1124 5049 1191 5102 ἂν
1245 5051 1492 5117 Πλάτων,
1548 5055 1762 5117 πολλοῖς
1796 5058 2005 5128 ἀνάγκη

453 5137 749 5207 μίγνυσθαι
776 5141 890 5203 τοῖς
923 5138 1139 5205 δεινοῖς,
1166 5134 1241 5193 ὧν
1278 5142 1328 5194 oi
1368 5146 1739 5211 μεταστάντες
1762 5149 2007 5214 ἀπηλλά-

444 5247 512 5300 γη
521 5248 641 5283 σαν.

512 5496 585 5549 Οὺ
619 5495 777 5565 μόνον
803 5496 983 5549 τοίνυν
1013 5497 1359 5566 ἀπήλλακται
1389 5502 1719 5572 δυσχερειῶν
1745 5508 1826 5560 ὅτι
1858 5510 2008 5562 πλεί-

445 5606 608 5655 στων,
639 5588 705 5651 ἀς
750 5590 965 5657 ἀνάγκη
1002 5589 1093 5641 τὸν
1126 5591 1318 5662 θνητὸν
1353 5600 1691 5661 περινοστεῖν
1722 5600 1872 5653 τόνδε
1918 5603 2008 5654 κό-

445 5696 602 5745 σμον’
633 5678 766 5732 ἀλλά
794 5680 889 5732 καὶ
948 5680 1057 5731 τῶν
1087 5682 1338 5735 ἐνταυθοῖ
1368 5685 1551 5739 καλῶν
1585 5688 2006 5757 ὀνομαζομένων

444 5771 621 5840 πολλῴ
656 5772 982 5838 κρειττόνων
1012 5772 1297 5842 τετύχηκε.
1354 5777 1434 5829 Τά
1485 5782 1589 5848 γὰρ
1632 5784 1746 5833 ἐκεῖ
1778 5785 1917 5837 καλά
1944 5802 2003 5838 τε

677 5868 943 5926 Ρλτιιοι..
986 5868 1100 5927 Cu.
1146 5868 1338 5931 CLVI.

2114 4605 2250 4659 nihil
2278 4606 2543 4674 ejusmodi
2577 4612 2780 4667 evenit.
2816 4613 2949 4668 Nam
2984 4620 3110 4686 quid
3146 4622 3218 4675 rei
3251 4625 3524 4692 possimus
3550 4605 3684 4684 con?

2112 4697 2288 4763 sequi,
2325 4708 2383 4752 ut
2419 4700 2549 4754 illud
2582 4702 2697 4755 viro
2758 4710 3015 4773 praestet?
3062 4709 3255 4781 Liquet
3298 4720 3519 4773 omnino
3570 4739 3680 4777 non

2112 4801 2271 4855 posse
2321 4790 2640 4860 quidquam.
2698 4794 2979 4861 Quomodo
3030 4803 3195 4869 enim,
3248 4822 3367 4860 cum
3423 4810 3559 4866 nihil
3613 4818 3683 4871 sit

2116 4876 2262 4929 tale?
2295 4878 2363 4931 At
2403 4896 2578 4950 neque
2611 4886 2764 4937 triste
2795 4888 2925 4954 quid
2960 4890 3037 4942 illi
3069 4893 3351 4960 acciderit,
3379 4900 3471 4966 qui
3505 4903 3681 4960 factus

2113 4964 2181 5018 sit
2209 4967 2477 5037 particeps
2514 4970 2941 5031 interminabilis
2979 4981 3122 5047 vitae,
3173 4964 3467 5059 gloriaeque
3504 5003 3558 5047 et
3582 5011 3680 5049 vo-

2113 5054 2354 5124 luptatis,
2413 5076 2533 5128 quaa
2569 5064 2689 5117 vitm
2727 5064 2801 5119 illi
2839 5068 3193 5129 iudcfectibili
3255 5054 3512 5149 conérure
3546 5086 3679 5141 sint.

2112 5146 2279 5202 Nobis
2316 5162 2500 5205 autem
2531 5153 2624 5223 qui
2652 5171 2851 5225 corpus
2908 5162 3084 5217 adhuc
3108 5146 3447 5225 domicilium
3484 5174 3683 5230 habea-

2111 5256 2256 5305 mus,
2317 5245 2463 5311 quod
2491 5248 2644 5301 Plato
2667 5253 2904 5319 plttrium
2942 5256 3209 5311 malorum
3240 5276 3463 5317 causam
3498 5271 3683 5335 appeto

2110 5332 2267 5400 lavit,
2306 5351 2528 5394 necesse
2578 5342 2649 5395 sit
2685 5345 2869 5400 multis
2894 5347 3162 5415 implicari
3206 5355 3385 5420 malis,
3420 5370 3448 5408 a
3480 5332 3682 5424 quibus

2111 5424 2353 5481 defuncti
2377 5430 2578 5485 saeculo
2608 5442 2737 5487 sunt
2765 5436 3002 5491 liberati.

2182 5516 2386 5581 Nedum
2448 5538 2577 5592 erga
2607 5540 2637 5579 a
2668 5527 2934 5584 molestiis
2980 5532 3230 5600 plurimis
3268 5535 3528 5590 liberatus
3575 5547 3675 5604 est,

2111 5624 2249 5676 quas
2285 5628 2508 5671 necesse
2547 5626 2630 5671 est
2680 5623 2942 5677 mundum
2980 5625 3123 5680 hunc
3155 5626 3558 5695 corruptiliilem
3584 5630 3683 5683 οὓς

2112 5704 2319 5770 vagari,
2357 5708 2449 5760 sed
2498 5708 2717 5764 etbona
2782 5715 2983 5767 nostris
3029 5716 3107 5770 sic
3154 5717 3479 5779 nuncupatis
3520 5718 3682 5789 longe

2112 5794 2324 5858 potiora
2347 5797 2573 5867 adeptus
2591 5811 2691 5856 est.
2717 5801 2847 5867 Quae
2896 5807 3037 5860 enim
3069 5820 3183 5860 aevo
3208 5808 3299 5860 illo
3314 5807 3537 5877 pulchra
3554 5824 3682 5866 sunt

3215 5898 3283 5957 10
