4166 6270
498 307 603 368 ἐεῖθ

1692 316 2090 378 MANUELIS
2136 318 2590 381 PAL/EOIDGI

3649 325 3754 386 300

500 444 561 481 ac
598 426 735 480 bona
798 434 948 480 tanto
998 426 1204 481 nostris
1259 426 1596 507 praecellunt,
1658 441 1862 498 quanto
1898 434 2064 487 incor-

2187 435 2277 488 καὶ
2319 435 2499 504 ἀγαθά
2557 433 2799 504 τοσούτῳ
2860 433 3088 506 προύχει
3140 435 3251 489 τῶν
3301 436 3575 502 ἐνταυθοῖ,
3631 438 3755 491 ὅσον

500 520 778 590 ruptibilia
837 520 1167 589 corruptioni
1225 521 1509 576 obnoxiis:
1568 531 1893 594 tantumque
1943 526 2075 581 illud

499 614 1122 678 amborumdiscrimen,
1160 622 1218 668 ut
1249 627 1425 684 neque
1446 616 1630 683 lingua
1663 617 1842 672 doceri
1862 625 2074 688 possit:

497 718 735 763 mentem
764 720 984 776 quoque
1018 708 1169 760 carni
1198 708 1472 776 alligatam
1504 708 1656 763 intus
1689 706 1972 764 cadentem
2012 725 2077 764 ac

497 804 695 855 vietam
726 800 991 854 ostendit.
1034 799 1138 853 Sed
1175 808 1229 853 et
1258 816 1324 854 eo
1352 816 1573 871 quoque
1610 802 1735 856 vitae
1765 802 1913 857 illius
1941 801 2076 855 deli-

496 896 593 951 cia:
622 902 900 963 praestant,
933 893 1078 961 quod
1114 906 1141 944 a
1172 902 1359 947 nostra
1402 893 1488 946 illa
1514 893 1747 948 colluvie
1770 909 1918 963 pura:
1942 895 2072 949 sint.

497 988 601 1045 llic
631 990 776 1043 enim
802 1002 870 1041 ne
898 986 1123 1040 minima
1170 986 1392 1056 quidem
1435 986 1623 1041 laetitia
1660 993 1763 1049 est,
1805 989 1870 1040 ad
1903 1001 2076 1055 usque

499 1085 661 1137 tinent
708 1079 970 1148 omnique
1013 1094 1238 1147 prorsus
1294 1078 1690 1149 injucund‘itate
1753 1094 1954 1133 vacans
2012 1093 2076 1134 ac

500 1178 773 1230 molestia.
839 1174 1016 1241 Atque
1050 1171 1183 1225 adeo
1216 1181 1274 1224 ut
1323 1170 1617 1240 diligenter
1645 1179 1856 1225 tantum
1887 1169 2073 1224 consi-

496 1273 780 1330 deremus,
839 1266 1070 1335 liquebit
1115 1265 1295 1333 plane,
1332 1272 1390 1316 ut
1451 1263 1732 1316 molestior
1761 1278 1888 1331 pars
1913 1277 2075 1330 supeo

498 1361 610 1413 rior
643 1359 736 1414 sit.
769 1357 911 1423 Quin
971 1366 1024 1409 et
1056 1354 1194 1407 illud
1249 1353 1410 1408 nobis
1472 1352 1694 1407 cumulo
1747 1353 2073 1407 incumbens

498 1456 726 1515 malum,
750 1452 911 1517 longe
945 1448 1268 1504 rneestitiam
1323 1446 1694 1501 molestiorem
1730 1444 1881 1500 facit.
1924 1445 2071 1500 Prae-

496 1548 667 1601 sentis
689 1544 892 1613 quippe
917 1543 1015 1596 aevi
1050 1540 1251 1605 tristia,
1281 1541 1516 1592 maximo
1536 1539 1638 1593 hoc
1656 1539 1864 1595 obrutis
1882 1538 2070 1605 ﬂuctu,

497 1639 683 1693 multis
707 1636 954 1706 partibus
984 1636 1237 1703 graviora
1263 1632 1434 1685 fiunt:
1467 1631 1693 1699 ipsaque
1725 1631 1882 1696 adeo,
1904 1631 1947 1685 si
1967 1646 2071 1698 qua

482 1733 638 1784 bona
687 1743 750 1780 ac
804 1725 986 1780 dulcia
1047 1726 1289 1776 humano
1342 1736 1444 1775 usu
1492 1728 1898 1787 nuncupantur,
1919 1736 1989 1775 ne
2018 1718 2072 1772 id

2182 526 2427 581 ἀθάνατα
2461 526 2695 596 θνητῶν.
2750 526 2859 580 Καὶ
2906 529 3020 580 τοῖν
3065 527 3211 581 δυοῖν
3251 528 3310 580 τὸ
3340 528 3599 598 διάφορον
3629 530 3753 583 οὔτε

2182 618 2398 689 γλώττῃ
2457 618 2754 683 διδακτὸν,
2811 619 2935 673 νοῦν
2989 637 3050 672 τε
3119 622 3284 690 σαρκὶ
3341 620 3749 690 δεσμούμενον,

2180 712 2313 763 εἵσω
2359 713 2633 764 πίπτοντα
2671 711 2939 766 δείκνυσι.
2992 712 3324 765 Πηλεονεκτεῖ
3353 712 3410 765 δὲ
3445 714 3546 765 κάν
3576 712 3751 783 τούτῳ

2179 802 2246 855 τὰ
2271 802 2367 871 τῆς
2393 801 2750 865 ἀπολαύσεως
2781 804 2880 873 τῆς
2915 804 3051 869 ἐκεῖ,
3075 805 3156 856 ὅτι
3187 803 3506 857 παντάπασι
3537 803 3753 874 καθαρά

2183 895 2291 947 τῶν
2344 895 2632 965 ἡμετέρων
2687 898 2918 948 τουτωνὶ
2974 895 3282 965 συρφετῶν.
3345 895 3612 949 Ἐνταῦθα
3642 896 3750 965 γὰρ

2179 985 2288 1038 οὐδ’
2320 986 2500 1039 ὁτιοῦν
2538 987 2657 1038 ἐστι
2685 986 2791 1041 τῶν
2822 988 2902 1049 είς
2930 985 3279 1056 εὐφροσύνην
3320 986 3409 1037 διά
3438 985 3625 1047 τέλους
3657 1001 3751 1037 καο

2178 1077 2412 1148 θαρεῦον
2453 1079 2671 1149 ἀηδίας.
2721 1079 2899 1133 Μόνον
2950 1080 3061 1150 γὰρ
3103 1078 3196 1132 οὖν
3253 1076 3547 1131 σκοποῦσιν
3584 1080 3748 1147 ἀκρι-

2177 1173 2457 1243 ϐέστερον,
2489 1174 2960 1244 ὲπικρατέστερον
2992 1173 3350 1243 εὑρεθήσεται
3389 1173 3450 1226 τὸ
3494 1172 3751 1241 δυσχερέ-

2179 1283 2375 1335 στερον
2409 1264 2599 1335 μέρος.
2653 1266 2815 1321 Ἀλλά
2865 1267 2973 1337 μὴν
3003 1266 3097 1319 καὶ
3129 1266 3275 1319 τοῦθ’
3310 1267 3442 1335 ἡμῖν
3475 1265 3747 1319 ἐπίκειται

2176 1359 2237 1410 τὸ
2274 1357 2465 1426 δεινὸν,
2516 1358 2911 1429 χαλεπωτέραν
2958 1358 3161 1428 κομιδῆ
3208 1358 3308 1429 τὴν
3349 1356 3593 1426 ἀθυμίαν
3629 1372 3749 1409 ποι-

2175 1444 2290 1499 οῦν.
2328 1446 2409 1499 Τά
2451 1463 2510 1500 τε
2564 1446 2674 1514 γὰρ
2706 1448 2909 1516 ἀνιαρά
2936 1446 3031 1499 τοῦ
3064 1449 3336 1517 παρόντος
3375 1447 3491 1517 βίου
3522 1447 3658 1500 πολύ
3694 1465 3747 1499 τι

2176 1539 2541 1608 χαλεπώτερα
2575 1540 2846 1608 γίγνεται,
2900 1539 3356 1611 βεϐαπτισμένοις
3390 1542 3494 1593 ὑπὸ
3520 1526 3619 1594 τοῦ
3653 1558 3748 1611 με-

2175 1620 2366 1697 γίστου
2412 1631 2655 1699 κύματος
2705 1632 2896 1685 τούτου
2924 1649 2936 1661 '
2987 1633 3083 1684 καὶ
3138 1632 3173 1685 ἀ
3217 1632 3361 1686 καλά
3393 1649 3455 1685 τε
3490 1635 3586 1686 καὶ
3614 1633 3746 1702 ἡδέα

2178 1726 2706 1793 προσαγορεύομεν,
2746 1726 2866 1778 οὐδὲ
2919 1724 3052 1793 γοῦν
3099 1725 3174 1789 ὡς
3219 1726 3332 1795 ἔχει
3397 1725 3615 1793 φύσεως
3665 1726 3745 1778 ἑτι

496 1822 715 1889 quidem
755 1818 901 1886 quod
962 1815 1165 1869 habent
1210 1821 1442 1877 natura,
1502 1812 1739 1881 amplius
1794 1813 2064 1866 videntur.

2178 1791 2453 1882 φαίνεται.
2498 1791 2691 1869 καίτοι
2743 1817 2796 1869 τί
2838 1791 2947 1889 nat:
2990 1791 3285 1888 μέμνημαί
3339 1791 3523 1872 καλῶν
3565 1835 3623 1872 τε
3654 1819 3747 1870 καὶ

494 1883 817 1981 Quanquam
844 1949 858 1972 ,
896 1908 1025 1977 quid
1060 1908 1331 1961 bonorum
1363 1904 1583 1958 memini
1615 1912 1777 1974 atque
1800 1904 2064 1968 dulcium,

2169 1906 2365 1976 ἡδέων,
2411 1906 2560 1959 ὁπότ’
2610 1908 2723 1960 οὐδ’
2760 1883 3001 1962 ἀνεκτόν
3047 1883 3321 1963 ἐνστιῃτῶν
3381 1911 3745 1963 ἀπολαυστῶν

496 1994 720 2075 quando
753 2004 821 2057 iis
854 2015 1102 2071 quoque,
1137 2015 1258 2068 quae
1291 1998 1522 2052 delicias
1575 1999 1832 2063 habeant,
1865 1998 2064 2065 absque

2170 1998 2468 2051 ἀπολαύειν
2504 2000 2633 2053 ἄνευ
2670 2003 2883 2054 ἐκείνου
2926 2001 3019 2055 τοῦ
3077 2002 3409 2073 μακαρίτου,
3459 2003 3579 2056 οὐδὲ
3611 2020 3745 2056 ταυ-

495 2099 667 2152 beata:
719 2094 996 2149 memoria:
1040 2092 1157 2145 viro
1207 2090 1339 2155 frui,
1400 2089 1606 2143 malum
1638 2099 1722 2144 est
1755 2103 1860 2143 non
1895 2088 2075 2143 feren-

494 2193 655 2255 dum;
718 2196 889 2255 utque
954 2185 1036 2239 vel
1074 2182 1175 2239 bos
1227 2181 1411 2237 radios
1459 2181 1634 2248 dicas,
1688 2194 1925 2250 quorum
1981 2179 2075 2234 ille

422 2269 424 2271 ’
494 2296 660 2338 usura
718 2280 966 2349 privatus
1021 2275 1111 2329 sit.
1145 2273 1251 2329 Sed
1286 2287 1388 2328 nec
1425 2273 1568 2327 bona
1619 2271 1892 2337 valetudo,
1925 2285 1991 2326 ac
2016 2270 2070 2345 si

493 2390 600 2445 qua
628 2380 755 2427 sunt
779 2384 874 2441 per
896 2384 956 2425 se
985 2370 1152 2429 bona,
1173 2366 1356 2436 magni
1374 2366 1632 2435 deinceps
1660 2380 1689 2419 a
1714 2364 1872 2419 nobis
1895 2363 2023 2417 fiant
2050 2379 2067 2419 :

491 2466 772 2538 quomodo
816 2462 987 2525 enim,
1045 2459 1247 2529 quibus
1282 2471 1350 2512 ne
1406 2457 1587 2527 ipsum
1636 2456 1856 2526 quidem
1888 2456 2070 2511 vivere

491 2571 722 2630 prorsus
776 2554 1026 2610 videatur
1060 2549 1318 2607 bonum?
1367 2549 1523 2616 Quod
1555 2549 1700 2603 enim
1730 2562 1924 2603 eorum
1961 2549 2072 2604 sint

489 2656 742 2720 separata
770 2661 1024 2716 corpora,
1057 2657 1292 2712 quorum
1320 2640 1670 2712 inseparabili
1700 2640 1919 2695 vinculo
1945 2640 2066 2695 ani-

2168 2092 2297 2159 τησὶ
2326 2091 2426 2160 τῆς
2453 2092 2695 2158 ἀκτῖνος,
2737 2086 2959 2165 ἧστινος
2989 2096 3197 2157 ἐκεῖνος
3227 2096 3557 2164 ὲστέρηται;
3604 2094 3747 2148 Ἀλλ’

2169 2184 2286 2236 οὐδὲ
2320 2185 2381 2235 τὸ
2417 2185 2700 2249 εὐεκτείν,
2738 2186 2838 2239 καὶ
2894 2187 2993 2239 ὅσα
3024 2186 3167 2239 ’καθ’
3213 2188 3355 2241 αὑτά
3405 2187 3569 2251 καλὰ,
3616 2186 3748 2257 περὶ

2172 2276 2431 2329 πλείστου
2478 2277 2677 2342 γένοιτ’
2712 2277 2777 2332 ἂν
2808 2281 2939 2348 ἡμῖν
2971 2279 3072 2333 ἔτι.
3105 2279 3313 2346 Πόθεν;
3355 2275 3451 2342 Ol;
3503 2296 3568 2349 γε
3621 2280 3747 2350 μηδ’

2172 2368 2308 2419 αὐτὸ
2336 2368 2396 2421 τὸ
2424 2367 2523 2438 ζῇν
2572 2369 2779 2438 ἀγαθὸν
2811 2371 2945 2433 ὅλως
2988 2373 3258 2439 φαίνεται.
3311 2371 3384 2424 Τὸ
3428 2371 3537 2442 γὰρ
3573 2388 3747 2439 κεχω-

2174 2460 2359 2529 ρίσθαι
2407 2461 2474 2514 τά
2509 2461 2763 2532 σώματα,
2812 2456 2889 2518 ὧν
2926 2463 2984 2517 αἱ
3032 2463 3203 2533 ψυχαὶ
3237 2461 3558 2532 ἀχώριστοι,
3596 2460 3746 2513 οὐδὲν

2173 2549 2236 2620 ἐᾷ
2260 2547 2370 2603 τῶν
2399 2551 2647 2619 τερπνῶν
2678 2551 2935 2623 καθαρῶς
2958 2554 3017 2606 ὲν
3049 2551 3127 2623 τῷ
3148 2552 3511 2623 καθεστηκότι
3536 2551 3742 2620 μένειν,

2172 2641 2267 2693 καὶ
2299 2642 2447 2695 τοῦθ’
2473 2644 2509 2711 ,ὃ
2540 2645 2758 2714 λέγεται
2787 2646 3024 2716 τερπνὸν
3047 2645 3127 2699 ἔτι
3158 2646 3463 2716 κρίνεσθαι.

489 2744 768 2815 mi'j’uncti
810 2747 1015 2807 essent,
1068 2738 1281 2794 nullum
1313 2735 1631 2792 delectabile
1669 2734 1897 2790 omnino
1930 2742 2185 2791 constare
2238 2733 2390 2803 sinit,
2419 2745 2586 2808 utque
2651 2737 2834 2794 adhuc
2890 2738 3036 2807 quod
3082 2740 3306 2806 dicitur,
3350 2726 3545 2807 'rcipsa
3596 2738 3740 2797 dele-

484 2836 688 2895 ctabile
717 2842 955 2905 putetur.

559 2930 642 2985 illi
673 2927 891 2997 quidem
916 2924 1084 2980 multa
1103 2924 1268 2995 pedes
1297 2923 1564 2994 gravitate
1592 2923 1759 2981 sociis
1796 2922 2056 2996 martyri—

486 3025 594 3078 bus
623 3021 826 3075 choros
856 3019 1079 3081 ducent,
1107 3018 1200 3083 qui
1228 3030 1413 3086 neque
1443 3017 1532 3072 hic
1560 3017 1813 3073 incedere
1842 3026 2061 3089 poterat

2240 2920 2408 2991 Αὐτῷ
2458 2919 2559 2993 μὲν
2612 2913 2710 2975 οὖν
2756 2918 2809 2974 οἱ
2862 2920 3022 2985 πόδες
3075 2920 3401 2993 χορεύσουσι
3450 2920 3591 2993 μετὰ
3636 2919 3745 2976 τῶν

2172 3013 2475 3085 μαρτύρων
2516 3014 2731 3084 σεμνῶς
2772 3012 2936 3082 ἄγαν,
2985 3013 3064 3083 τῷ
3104 3015 3240 3085 μηδὲ
3284 3014 3524 3085 βαδίζειν
3554 3015 3741 3068 ὲνθάδε

489 3116 582 3170 ubi
611 3113 839 3168 morbus
856 3111 1203 3167 obtinuisset.
1233 3108 1385 3164 Mitto
1400 3110 1548 3164 enim
1577 3109 1762 3166 dicere
1790 3110 1910 3182 ejus
1938 3112 2064 3166 illos

2169 3107 2457 3174 δύνασθαι,
2498 3106 2640 3176 μετά
2688 3105 2749 3159 τὸ
2800 3106 2897 3177 τὴν
2947 3106 3102 3159 νόσον
3157 3107 3585 3178 κεκρατηκέναι.
3634 3106 3740 3159 Ἐῶ

488 3223 587 3279 pro
620 3207 822 3259 virtute
853 3197 1068 3265 cursus,
1096 3201 1343 3272 quandiu
1376 3201 1602 3256 facultas
1642 3211 1765 3256 erat
1806 3219 1821 3257 :
1855 3202 2071 3273 eﬂulget

488 3313 617 3355 vero
670 3296 886 3351 animus
934 3294 1135 3349 nedum
1185 3302 1410 3363 propter
1442 3292 1565 3348 fidei
1600 3293 1776 3347 zelum
1817 3311 1830 3349 :
1866 3294 2069 3363 quippe

487 3394 539 3448 in
564 3406 635 3447 eo
672 3389 879 3445 multus
906 3387 1162 3457 rigebat;
1231 3394 1518 3454 propterve
1584 3385 1820 3455 pericula
1873 3385 2070 3454 quibus

486 3496 587 3547 pro
612 3485 775 3549 gente
824 3475 1120 3531 defunctus
1164 3474 1237 3529 sit
1266 3491 1280 3528 :
1320 3474 1491 3528 multa
1536 3474 1804 3544 siquidem
1836 3475 1972 3530 obiit
2004 3490 2068 3530 ac

485 3573 677 3627 crebra
708 3587 723 3624 :
758 3568 853 3626 sed
884 3568 1009 3637 quia
1040 3574 1153 3621 toto
1181 3567 1344 3620 etiam
1378 3561 1609 3635 corpore
1637 3581 1667 3620 a
1704 3567 1830 3622 mali
1852 3567 2070 3624 acerbi.

488 3674 595 3719 tate
622 3664 739 3718 dire
767 3662 1032 3725 lacerato,
1057 3674 1124 3714 ne
1178 3660 1406 3713 verbum
1459 3658 1676 3727 quidem
1714 3666 1773 3713 ut
1810 3674 2065 3728 magnum

483 3765 578 3810 aut
606 3768 833 3823 parvum
864 3750 1037 3815 dicas,
1073 3749 1360 3819 degeneris
1388 3750 1600 3803 miserit
1646 3750 1847 3805 indicio
1873 3751 2063 3816 animi,

481 3863 660 3918 quove
686 3853 972 3915 angustum
998 3851 1189 3913 pectus
1212 3841 1464 3912 proderet
1498 3858 1514 3896 :
1536 3851 1702 3912 atque
1726 3844 1883 3908 adeo,
1918 3843 2065 3913 quod

484 3955 592 3992 non
625 3936 851 3990 multam
882 3934 1106 3989 haberet
1138 3932 1438 4003 gratiarum
1488 3933 1793 4009 actionem,
1840 3935 1916 3989 uti
1947 3935 2060 4006 jam

483 4029 738 4099 superius
766 4028 944 4082 oratio
974 4026 1234 4081 ostendit.
1269 4024 1635 4092 Quamobrem
1666 4027 1778 4091 ille,
1815 4042 1846 4082 a
1900 4029 2064 4097 palae-

483 4134 595 4177 stra
629 4121 694 4173 ad
722 4133 954 4174 coronas
974 4132 1037 4171 ac
1070 4117 1312 4186 praemia.
1330 4125 1494 4187 atque
1528 4133 1558 4170 a
1602 4118 1967 4174 deterioribus
2007 4127 2061 4174 et

482 4212 642 4266 ﬂuxis
694 4211 761 4264 ad
788 4212 994 4279 potiora
1047 4223 1110 4263 ac
1141 4208 1262 4263 sine
1296 4217 1443 4262 motu
1504 4210 1809 4264 constantia
1838 4220 2062 4264 vocatus

483 4304 583 4356 l'uit
616 4320 629 4368 ;
665 4316 761 4357 nos
795 4312 978 4355 autem
1010 4308 1072 4353 ut
1094 4290 1148 4353 et
1183 4306 1310 4352 ante
1344 4298 1620 4364 dicebam,
1650 4307 1764 4354 toto
1795 4299 2057 4370 deinceps

484 4407 727 4465 tempore
756 4392 897 4447 male
931 4389 1177 4445 habituri
1210 4405 1444 4456 sumus;
1476 4390 1570 4459 qui
1601 4404 1669 4446 eo
1712 4391 1934 4460 quidem
1962 4407 2056 4446 ca-

2180 3197 2293 3267 γὰρ
2318 3197 2500 3265 λέγειν
2532 3198 2658 3257 τοὺς
2684 3196 2824 3265 ὑπὲρ
2842 3195 3040 3267 ἀρετῆς
3066 3195 3328 3265 δρόμους,
3352 3196 3458 3260 ἕως
3485 3197 3615 3266 ἐξῆν
3646 3190 3735 3267 ἦν.

2187 3289 2521 3359 Ἀστράπτει
2554 3288 2612 3340 δι
2645 3290 2677 3358 ἡ
2716 3287 2866 3358 ψυχὴ
2922 3287 2984 3339 οὐ
3022 3289 3182 3357 μόνον
3210 3286 3300 3341 διὰ
3340 3288 3431 3339 τὸν
3464 3287 3607 3355 ὑπὲρ
3638 3286 3737 3356 τῆς

2174 3382 2411 3442 πίστεως
2443 3380 2626 3450 ζῆλον,
2670 3381 2840 3443 πολὺς
2878 3381 2987 3450 γὰρ
3024 3376 3092 3451 ἦν
3119 3380 3257 3451 παρ’
3287 3379 3461 3451 αὐτῷ,
3487 3374 3583 3434 καὶ
3611 3380 3740 3442 τοὺς

2172 3472 2315 3544 ὑπὲρ
2340 3472 2434 3526 τοῦ
2478 3472 2671 3540 γένους
2714 3471 3016 3537 κινδύνους,
3056 3472 3286 3536 πολλοὺς
3311 3472 3424 3545 γὰρ
3456 3472 3741 3541 ἀνεδέχετο

2170 3566 2266 3618 καὶ
2293 3564 2533 3629 πυκνούς
2555 3582 2569 3596 ’
2602 3564 2717 3618 ἀλλ’
2747 3565 2829 3618 ὄτι
2864 3565 2958 3618 καὶ
2986 3564 3080 3618 τοῦ
3111 3564 3364 3635 σώματος
3390 3565 3539 3635 αὐτῷ
3569 3581 3741 3618 κατα-

2168 3657 2501 3727 τεμνομένου
2524 3660 2588 3726 τῇ
2616 3655 2709 3710 τοῦ
2737 3657 2909 3710 κακοῦ
2935 3656 3250 3728 δριμύτητι,
3271 3656 3447 3723 οὐδὲν,
3474 3656 3537 3709 οὐ
3568 3657 3736 3726 μέγα,

2167 3748 2227 3801 ού
2254 3749 2487 3817 σμικρὸν
2519 3748 2672 3819 ῥῆμα
2693 3750 3009 3819 προήγαγεν
3038 3749 3281 3815 ἀγεννὲς,
3308 3748 3342 3819 ἢ
3371 3747 3737 3819 μικροψυχίαν

2168 3846 2506 3914 ὑποφαῖνον·
2561 3843 2764 3914 μᾶλλον
2811 3844 2867 3897 δὲ
2924 3846 3037 3898 οὐδ’
3074 3845 3286 3910 ότιοῦν,
3344 3845 3373 3897 ὃ
3418 3844 3493 3915 μὴ
3534 3844 3735 3914 πολλῆς

2167 3938 2337 4008 ἔγεμε
2378 3938 2477 4007 τῆς
2509 3937 2891 4007 εὐχαριστίας,
2919 3937 2996 4001 ὡς
3044 3939 3072 3990 ὁ
3100 3937 3257 4006 λόγος
3287 3936 3575 4007 προλαὸὼν
3600 3937 3734 3988 ἔδει·

2166 4030 2277 4096 ξεν.
2310 4029 2464 4083 Ὠστ’
2519 4031 2727 4093 ἐκεῖνος
2779 4029 2842 4094 ἐξ
2891 4027 3121 4097 ἀγώνων
3164 4029 3301 4098 πρὸς
3348 4030 3647 4098 στεφάνους
3672 4044 3732 4078 τε

2163 4127 2259 4178 καὶ
2289 4123 2449 4192 γέρα,
2493 4122 2589 4174 καὶ
2622 4122 2727 4174 ὑπὸ
2754 4122 2864 4175 τῶν
2896 4120 3250 4191 φαυλοτέρων
3281 4138 3342 4173 τε
3370 4121 3463 4173 καὶ
3500 4120 3732 4191 ῥεόντων

2162 4216 2255 4267 ἐπὶ
2286 4219 2354 4267 τὰ
2392 4212 2630 4283 κρείττω
2655 4212 2750 4266 καὶ
2794 4213 2871 4283 μὴ
2900 4212 3201 4281 κινούμενα
3245 4212 3529 4282 κέκληται·
3569 4212 3729 4281 ἡμεῖς

2160 4307 2215 4360 δὲ
2255 4306 2383 4375 ἀρα,
2415 4305 2491 4368 ὡς
2531 4305 2598 4373 δὴ
2640 4304 2735 4356 καὶ
2767 4302 3040 4374 προῠφην,
3096 4303 3187 4356 τόν
3244 4319 3308 4371 γε
3350 4302 3481 4370 ἑξῆς
3515 4304 3733 4356 ἅπαντα

2160 4397 2353 4467 χρόνον
2402 4393 2592 4454 κακῶς
2627 4392 3047 4463 διακεισόμεθαυ
3082 4392 3440 4462 ἐστερημένοι
3488 4391 3586 4459 μὲν
3629 4389 3730 4442 αὑ·

482 4502 724 4551 reamus,
754 4500 915 4555 quem
950 4483 1103 4538 nullo
1128 4482 1237 4536 alio
1264 4487 1513 4537 essemus
1548 4484 1882 4553 redempturi
1910 4501 1924 4548 ;
1961 4499 2058 4538 ρει-τ

2168 4487 2271 4553 τοῦ,
2302 4484 2361 4538 δν
2415 4485 2482 4539 ἂν
2534 4483 2633 4537 τοῦ
2696 4484 2898 4545 παντὸς
2944 4484 3333 4553 ηλλαξόμεθα,
3377 4481 3731 4551 ἐστερημένοι

480 4594 697 4637 reamus
719 4591 849 4632 vero
886 4575 956 4630 iis
980 4588 1202 4644 quoque
1237 4573 1421 4638 bonis,
1462 4587 1700 4643 quorum
1735 4573 1827 4628 ille
1861 4586 2054 4628 auctor

479 4681 649 4733 esset,
697 4684 804 4739 qua
842 4667 1097 4737 praebens
1126 4664 1192 4719 ad
1233 4663 1408 4719 instar
1442 4664 1635 4731 fontis,
1668 4664 1763 4733 qui
1796 4680 2053 4743 nonnun-

470 4778 641 4833 quam
671 4760 966 4817 consulens
991 4772 1085 4813 seu
1114 4756 1262 4812 omni
1292 4756 1456 4810 modo
1492 4757 1804 4825 providens.

554 4854 848 4907 Enimvero
877 4851 1055 4905 sentio
1080 4847 1222 4904 baud
1258 4863 1386 4903 sane
1409 4849 1751 4904 conclusisse
1780 4863 1794 4901 :
1825 4847 2051 4918 vosque,

469 4959 605 4998 cum
654 4957 895 5011 praesens
926 4943 1241 4997 auditorum
1280 4954 1504 5007 corona,
1542 4950 1652 4994 tum
1695 4942 1740 4997 si
1780 4940 1872 5009 qui
1916 4942 2054 4996 forte

481 5048 711 5103 usquam
759 5032 973 5087 huncce
1026 5033 1490 5087 commentarium
1532 5032 1722 5086 lecturi
1773 5032 1928 5095 estis,
1960 5049 2052 5086 ve-

476 5126 626 5180 niam
658 5123 825 5178 errati
860 5138 1016 5192 rogo.
1052 5122 1184 5193 Ejus
1231 5124 1421 5179 forsan
1454 5124 1613 5179 dolor
1646 5124 1698 5178 in
1734 5139 1899 5179 causa
1930 5124 2052 5187 fuit,

477 5218 568 5285 qui
604 5216 941 5273 hebetiorem
973 5216 1223 5271 molestia
1248 5218 1493 5272 animum
1528 5216 1741 5273 fecerit.
1765 5198 2048 5283 Quodnam

474 5326 607 5366 vero
654 5310 785 5365 illud
826 5310 1119 5363 erratum?
1165 5308 1285 5364 Jam
1327 5325 1448 5365 sum
1480 5308 1745 5364 dieturus.
1786 5309 2050 5363 Nimirum

475 5403 851 5474 pronuntiavi,
878 5403 1053 5455 virum
1088 5402 1247 5456 nobis
1274 5404 1542 5471 Optimum
1569 5418 1632 5457 ac
1658 5403 1859 5457 eximie
1882 5402 2053 5456 dilec-

474 5504 611 5561 tum,
636 5493 862 5549 omnino
884 5492 1288 5547 immortalibus
1314 5494 1471 5548 bonis
1492 5504 1741 5562 oportere
1766 5497 2049 5549 donatum.

470 5586 528 5640 id
560 5587 724 5657 plane
756 5600 974 5643 verum.
1026 5584 1119 5641 Sic
1150 5587 1295 5639 enim
1334 5586 1623 5654 probatum
1653 5586 1890 5640 arbitror
1930 5601 2050 5640 eam

467 5693 617 5746 spem
652 5679 871 5735 decere.
910 5679 1022 5733 Nos
1070 5688 1280 5739 autem,
1326 5676 1502 5745 ipsius
1529 5677 1801 5746 iacturam
1835 5693 2049 5747 passos,

465 5771 561 5838 qui
593 5772 962 5827 maximorum
995 5782 1161 5842 atque
1194 5769 1431 5840 plurium
1463 5770 1621 5824 nobis
1644 5771 1915 5824 bonorum
1957 5786 2053 5824 au-

2160 4577 2217 4629 δὲ
2254 4575 2349 4630 καὶ
2381 4575 2489 4628 τῶν
2524 4573 2772 4642 ἀγαθῶν,
2799 4567 2872 4627 ὧν
2904 4573 3079 4637 αἴτιος
3128 4569 3196 4643 ἦν
3246 4574 3472 4633 ἐκεῖνος,
3519 4572 3585 4623 τὰ
3635 4571 3731 4638 μὲν

2157 4668 2331 4729 διδοὺς
2377 4667 2453 4729 ὼς
2502 4664 2611 4720 ἀπὸ
2668 4665 2875 4735 πηγῆς,
2906 4664 2975 4718 τὰ
3007 4664 3063 4716 δέ
3113 4681 3216 4717 που
3271 4660 3725 4731 συμῦουλεύωνῆ

2159 4762 2559 4830 προνοούμενος
2596 4757 2816 4812 ἅπαντα
2844 4757 3071 4826 τρόπον.

2243 4850 2407 4902 ’Δλλά
2446 4850 2558 4918 γὰρ
2602 4849 2936 4916 αἰσθάνομαι
2981 4848 3082 4917 οὐχ
3115 4847 3283 4916 ὑγιῶς
3329 4852 3726 4920 συμπεράναςο

2158 4942 2256 4995 καὶ
2277 4940 2393 4993 δότε
2430 4956 2521 5009 μοι
2548 4939 2883 5009 συγγνώμην
2914 4941 3259 5008 ἡμαρτηκότι
3291 4941 3345 4995 οε
3369 4958 3429 4993 τε
3461 4943 3729 5009 παρόντες

2155 5034 2451 5104 ἀκροαταὶ,
2484 5035 2580 5087 καὶ
2614 5034 2664 5085 οί
2710 5032 2789 5100 τῷ
2822 5032 3221 5102 συγγράμματι
3253 5036 3427 5103 τούτῳ
3493 5035 3726 5100 ὁπουδή-

2161 5142 2291 5178 ποτε
2322 5126 2484 5195 τυχον
2528 5124 2928 5194 ὲντευξόμ-ενοι.
2955 5123 3113 5186 Ἴσως
3142 5141 3234 5194 μοι
3269 5126 3330 5178 τὸ
3368 5127 3542 5188 πάθος
3571 5126 3726 5177 τοῦτο

2157 5218 2550 5288 προύξένησεν,
2584 5219 2964 5287 ἐργασάμενον
2990 5217 3338 5288 ἀμϐλύτερον
3364 5220 3454 5271 τὸν
3489 5218 3633 5273 νοῦν.
3660 5216 3724 5269 Τί

2155 5311 2303 5363 δὲτὸ
2344 5311 2691 5381 ἀμάρτημα;
2749 5310 2887 5381 Ἤδη
2933 5312 3092 5377 λέξω.
3141 5313 3536 5382 Ἀπεφηνάμην
3583 5309 3722 5365 εἶναι

2154 5402 2267 5455 δεῖν
2298 5404 2390 5455 τὸν
2430 5402 2651 5474 ἄριστον
2685 5405 2834 5472 ’ἡμῖν
2883 5406 2979 5457 καὶ
3019 5404 3388 5474 διαφερόντως
3423 5404 3725 5474 πεφιλημέ-

2156 5510 2248 5545 νον
2296 5495 2354 5546 ἐν
2400 5494 2624 5562 ἀγαθοῖς
2655 5495 2977 5565 ἀκηράτοις’
3007 5494 3151 5549 τοῦτ’
3173 5497 3397 5565 ἀληθέςο
3430 5496 3574 5549 οὕτω
3609 5497 3720 5569 γὰρ

2154 5585 2402 5648 ἐλπίζειν
2448 5589 2749 5657 προσήκειν
2807 5583 2962 5657 οἶμαι
3020 5589 3319 5659 δεδεῖχθαιο
3374 5591 3520 5660 ὑμᾶς
3573 5589 3619 5643 δ’
3660 5591 3721 5643 ιν

2155 5677 2355 5740 λύπαις
2398 5679 2488 5732 τὸν
2520 5679 2698 5731 πάντα
2747 5680 2962 5748 χρόνον,
3019 5683 3180 5735 αὐτόν
3211 5701 3273 5750 γε
3307 5683 3476 5753 δήπου
3513 5684 3725 5752 ζημιω-

2156 5770 2370 5835 θέντας,
2401 5771 2457 5833 ὃς
2488 5766 2553 5840 ἦν
2587 5773 2756 5834 αἴτιος
2789 5771 2940 5841 ὑμῖν,
2986 5774 3075 5826 καὶ
3110 5770 3177 5842 ἦν
3203 5774 3285 5837 ἂν,
3321 5776 3457 5841 εἴγε
3498 5773 3719 5844 περιῆν,
