4166 6270
249 742 285 773 ν

404 406 508 467 eos
1164 410 1560 473 THEODORI
1605 410 1967 472 esseom
2001 412 2392 472 LAUDATIO
2433 390 2839 473 Fuvsonts;

3188 371 3230 415 ⁹
3543 401 3669 461 306‘

404 522 825 592 ἀπαλλαγέντας
854 521 1062 577 τούτων
1083 527 1290 593 τυχεῖν,
1319 524 1427 596 πρὸ
1456 524 1549 579 τοῦ
1580 525 1728 591 τινὸς
1762 527 1871 581 τῶν
1903 528 2006 583 εί-,

2107 525 2286 580 ientes
2320 540 2383 579 ea
2435 524 2725 593 consequi,
2788 519 2952 574 nullis
3006 498 3273 571 hactenus
3301 512 3655 583 praefatorum

407 617 664 687 ρημένων
710 617 1027 685 μετασχεῖν,
1058 617 1154 685 τῆς
1184 617 1444 686 δευτέρας
1470 618 1689 682 πάντως
1718 618 1784 672 ἂν
1811 620 1975 689 γενή-

410 706 572 762 σεσθε
616 708 833 777 μοίρας,
879 708 1043 761 κάκεῖ
1079 709 1188 761 τῶν
1233 709 1361 778 τῇδε
1394 710 1815 780 προκρίναντες.
1851 710 1977 772 Πῶς

406 797 500 851 οὖν
528 799 590 851 οὐ
623 800 974 853 παντάπασιν
1006 799 1227 865 ἄτοπον,
1262 804 1309 852 εί
1344 800 1486 870 ἀπερ
1536 801 1767 864 ἕκαστος
1798 802 1977 871 ἑαυτῷ

413 887 687 957 βούλεται,
736 887 911 941 ταῦτα
958 889 1035 957 μὴ
1084 889 1227 961 ὑπὲρ
1270 888 1398 946 τῶν
1445 892 1615 961 φίλων
1662 892 1976 962 θελήσειεν;

424 981 824 1053 Ἐνθυμὼμεθα
868 982 925 1035 δὲ
957 982 1212 1036 κάκεῖνοο
1266 984 1315 1035 εί
1341 985 1407 1037 ἐκ
1454 985 1548 1038 τοῦ
1583 986 1789 1056 σφόδρα
1828 984 1979 1038 τόνδε

413 1072 682 1147 φιλεῖσθαι
714 1073 848 1144 παρ’
897 1074 1077 1144 ἡμῶν,
1129 1075 1457 1141 ἀπελθόντος
1510 1077 1838 1147 ὀδυρόμεθα,
1885 1078 1981 1130 καὶ

412 1164 510 1232 τὴν
543 1163 688 1235 ζωὴν
716 1164 886 1235 χείρω
922 1166 1241 1235 νομίζομεν,
1281 1166 1313 1236 ἢ
1348 1170 1396 1220 εί
1441 1168 1693 1231 θανόντες
1736 1167 1983 1236 ἀπηλλά-

415 1252 610 1323 ξαμεν,
649 1255 936 1326 πρόδηλον,
960 1257 1042 1308 ὅτι
1074 1256 1325 1320 κάκεῖνος
1357 1258 1527 1325 φιλῶν
1546 1259 1728 1328 ἡμᾶς,
1761 1258 1985 1327 φίλτρον

415 1343 686 1414 μηδαμῶς
717 1346 941 1399 ἔλαττον
970 1346 1185 1401 τουτουτ
1213 1347 1309 1399 τοῦ
1346 1349 1476 1418 παρ’
1499 1348 1655 1418 ἡμῶν
1685 1348 1820 1418 πρὸς
1848 1349 1990 1401 ἐκεῖ-

415 1453 528 1503 νον,
579 1436 680 1507 τὴν
723 1438 985 1507 ταχίστην
1039 1438 1106 1491 ἂν
1163 1439 1453 1508 ἠγάπησεν
1502 1440 1782 1505 ἀπελθεῖν,
1828 1441 1988 1509 ἡμῶν

416 1527 627 1581 ἐκείνου
661 1529 1137 1599 προαπελθόντων.
1170 1531 1279 1583 Καὶ
1318 1532 1466 1600 μάλα
1497 1532 1745 1594 είκότως.
1780 1532 1843 1584 Εἰ
1880 1532 1990 1601 γὰρ

417 1614 485 1688 ἦν
511 1619 648 1689 ἡμῖν
678 1620 860 1690 εὑρεῖν
897 1621 1251 1692 παραμυθίαν
1280 1624 1380 1692 τῆς
1410 1622 1612 1691 λύπης,
1659 1623 1895 1693 κάκείνῳ
1925 1624 1991 1677 ἂν

419 1712 665 1778 γένοιτο·
690 1713 739 1766 εἰ
771 1712 871 1783 οὐχ
917 1709 1029 1766 οἷόν
1078 1730 1134 1769 τε
1166 1714 1321 1783 ἡμῖν,
1373 1714 1485 1768 οὐδ’
1514 1716 1711 1785 ἐκείνῳ
1773 1716 1991 1780 πάντως

423 1802 490 1856 ἂν
528 1798 622 1875 ἦν.

494 1939 570 1993 Τὸ
602 1940 702 2004 μὲν
749 1941 841 1996 οὖν
877 1943 1143 2013 ἑπόμενον
1186 1946 1299 2009 τοῖς
1343 1929 1659 2016 είρημένοις
1706 1947 1883 2009 ἐστὶν,
1910 1946 1988 2011 ὼς

425 2033 532 2103 ἄρα
556 2036 806 2103 κρεῖττον
828 2036 1087 2090 ἀπελθεῖν
1112 2038 1218 2106 πρὸ
1233 2038 1344 2091 τῶν
1365 2038 1782 2108 φιλουμένων,ἢ
1811 2039 1993 2102 ζῶντα

404 2125 632 2179 ’τούτων
656 2128 965 2194 στερεῖσθαι
988 2129 1056 2194 τῇ
1096 2127 1427 2196 μεταστάσει
1462 2126 1571 2179 τῶν
1594 2127 1744 2196 τῇδε.
1780 2127 1922 2195 Ἐγὼ
1947 2126 1994 2181 δ’

426 2212 521 2270 οὖν
544 2217 696 2287 ὅμως
722 2219 999 2289 χρήσομαι
1030 2220 1384 2289 μετριωτέρῳ
1409 2218 1489 2288 τῷ
1514 2218 1678 2289 λόγῳ.
1708 2218 1856 2289 Φημὶ
1879 2214 1997 2283 οὖν,

426 2310 502 2374 ὡς
531 2310 584 2365 et
612 2328 701 2374 τις
744 2312 882 2383 ¹ἡμῖν
927 2312 1165 2380 κάκείνῳ
1202 2309 1516 2380 προῦθηκεν
1568 2311 1801 2382 αἵρεσιν,
1850 2312 1999 2379 ἡμᾶς

429 2404 644 2458 ἐκείνου
691 2403 1078 2474 προαπελθεῖν,
1112 2403 1146 2473 ἢ
1189 2404 1520 2469 τούναντίον,
1562 2404 1721 2474 ἡμῶν
1768 2404 1998 2467 ἐκεῖνον,

431 2494 690 2548 δπόθεσιν
713 2495 1011 2567 παρέσχετ³
1041 2495 1107 2548 ἂν
1139 2494 1497 2565 ἀμφοτέροις,
1526 2494 1589 2548 οὐ
1626 2494 1819 2566 ῥᾳδίαν
1847 2494 2003 2564 έχου-

433 2603 534 2640 σαν
562 2588 768 2656 κρίσιν.
820 2588 944 2640 Εῐτε
1005 2587 1114 2655 γὰρ
1148 2587 1315 2640 καλὸν
1358 2591 1420 2639 τὸ
1462 2588 1585 2656 ζῇν,
1628 2586 1763 2640 ἀλλά
1810 2587 1870 2638 τὸ
1904 2586 2003 2640 σὺν

434 2681 579 2752 λύπῃ
606 2682 847 2752 διηνεκεῖ
881 2684 1234 2735 παντάπασιν
1291 2681 1601 2751 ἀφόρητον*
1643 2681 1753 2735 εἴτε
1814 2682 2003 2734 ἐπιθυ·

440 2773 613 2844 μητδν
641 2774 993 2845 ἀπηλλάχθαι
1013 2772 1128 2826 τῶν
1155 2762 1497 2836 λυπούντων,
1531 2772 1668 2826 ἀλλά
1698 2771 1759 2826 τὸ
1787 2772 1879 2826 διά
1910 2772 2007 2825 θα·

436 2868 621 2933 νάτου,
654 2868 782 2935 ὅνγε
811 2868 1083 2937 πέφρικεν
1113 2865 1258 2927 ἅπας
1300 2865 1611 2936 ἅνθρωπος,
1643 2862 1705 2918 οῦ
1742 2882 1830 2935 μοι
1858 2865 2007 2920 δοκεῖ

442 2959 624 3031 ῥᾴδιον
678 2956 818 3013 εἶναι
865 2958 1112 3027 θελῆσαι.
1166 2958 1256 3020 Ὠς
1298 2953 1394 3011 οὖν
1443 2955 1611 3026 μηδὲν
1658 2955 1912 3027 εὔκριτον
1947 2955 2006 3009 δν

440 3052 574 3121 ἡμῖν
598 3052 725 3121 περὶ
754 3050 959 3104 τούτων
980 3051 1160 3119 εὑρεῖν
1191 3047 1415 3119 ζητοῦσι
1442 3049 1502 3102 τὸ
1526 3049 1756 3119 βέλτιον,
1794 3048 2009 3117 στέργω

446 3142 546 3211 μὲν
582 3140 643 3195 τὸ
680 3142 745 3211 τῇ
782 3140 1013 3211 προνοίᾳ
1056 3140 1237 3203 δόξαν,
1269 3141 1493 3206 ἄμεινον
1523 3137 1882 3207 οἰκονομούσῃ
1938 3137 2008 3191 τὰ

442 3235 567 3289 καθ’
596 3235 767 3305 ἡμᾶς,
803 3235 836 3303 ἢ
876 3235 1038 3302 ἡμεῖς
1076 3231 1403 3302 βουλόμεθα.
1441 3229 1575 3292 Θεὸς
1605 3230 1706 3298 μὲν
1747 3230 1855 3300 γὰρ
1887 3229 2008 3281 ἐπί-

445 3342 657 3391 σταται,
692 3327 781 3380 καὶ
809 3325 1054 3390 δύναται,
1089 3324 1184 3377 καὶ
1218 3323 1492 3392 βούλεται,
1524 3323 1585 3375 τὸ
1616 3324 1752 3376 πᾶσι
1790 3322 2009 3374 λυσιτε-

443 3419 608 3489 λῆσον
627 3436 641 3452 ⁸
675 3421 841 3490 ἡμεῖς
867 3419 925 3472 δὲ
960 3419 1067 3472 τῶν
1099 3417 1358 3489 χειρόνων
1385 3416 1699 3485 ὀρεγόμεθα
1722 3415 2006 3481 πολλάκις,

446 3509 515 3561 τὰ
559 3509 751 3578 βελτίω
792 3507 1162 3572 διαπτύοντες,
1211 3507 1386 3577 παρὸν
1432 3506 1598 3576 ἔχειν,
1632 3507 1726 3561 καὶ
1767 3507 1836 3559 τὰ
1890 3506 2012 3559 καθ’

452 3599 609 3667 ἡμῶν
642 3599 825 3651 αὐτῶν
856 3600 978 3653 ἀντὶ
1026 3600 1134 3652 τῶν
1187 3599 1330 3667 ὑπὲρ
1371 3599 1529 3666 ἡμῶν
1562 3596 1880 3664 ἀγνοοῦντες
1928 3598 2015 3666 ὲρ-

453 3688 756 3756 γαζόμεθα.
790 3689 944 3741 Ἵλατ’
976 3686 1129 3761 οἶμαι
1158 3692 1251 3744 καὶ
1293 3690 1355 3742 τὺ
1385 3688 1897 3761 ἀμεινονὶοὺδαμῶς
1931 3689 2015 3741 εν-

452 3781 632 3835 ταῦθα
659 3782 939 3837 λέλεκται.

522 3999 613 4069 Μὴ
641 3998 706 4069 δὴ
738 3998 1006 4068 πρότερον
1031 3996 1127 4050 τοῦ
1153 3998 1257 4051 νεὼ
1286 3999 1660 4070 προέλθωμεν,
1690 3997 1820 4067 πρὶν
1848 3996 1881 4067 ἢ
1908 3999 2021 4060 τοῖς

452 4088 736 4155 λογισμοῖς
755 4086 1048 4156 ἐπιτρέψαι
1074 4088 1277 4157 τοσῷδε
1304 4088 1465 4158 μόνον
1491 4087 1734 4156 χρῆσθαι
1760 4089 1828 4157 τῇ
1848 4085 2020 4157 λύπῃ,

453 4186 559 4253 ὅσῳ
585 4182 721 4253 μηδὲ
751 4180 843 4235 τδν
865 4181 998 4233 Θεὸν
1027 4170 1333 4249 παροξῦναι
1364 4180 1441 4250 τῷ
1464 4180 1561 4249 τῆς
1583 4178 1818 4249 ἀθυμίαι
1854 4179 2024 4247 ὑπερ-

454 4277 726 4337 ϐάλλοντι,
785 4276 929 4350 μήτε
987 4272 1080 4325 τὸν
1140 4272 1419 4342 ἐρώμενον
1480 4272 1722 4325 ἀνιᾶσαι.
1779 4264 1860 4323 Ἦ
1915 4270 2023 4339 γάρ

456 4368 757 4428 ἀνιάσεται,
796 4368 843 4419 εί
874 4366 934 4419 τδ
964 4364 1108 4416 θεῖον
1140 4363 1604 4434 παροργίσαιμεν,
1639 4360 1929 4415 καὶταῦτα
1953 4362 2022 4415 δι’

456 4461 617 4514 αὑτὸν
652 4461 747 4513 καὶ
777 4459 878 4527 τὴν
926 4457 1133 4510 ἐνθένδε
1164 4455 1319 4509 τοῦδε
1370 4455 1620 4524 πορείαν.
1665 4453 1940 4523 Δείξωμεν
1964 4454 2021 4507 δὲ

456 4552 549 4603 καὶ
580 4552 703 4611 τοὺς
737 4548 995 4619 ἐραστὰς,
1026 4548 1104 4617 τῷ
1132 4548 1447 4602 ἀναλίσκειν
1474 4547 1613 4617 ὑπὲρ
1639 4550 1735 4617 τῆς
1762 4546 1854 4599 τοῦ
1886 4549 2022 4617 ὲρω-

460 4643 622 4711 μέδου
646 4641 851 4711 ψυχῆς,
878 4640 1023 4702 ὅπως
1052 4639 1119 4692 ἂν
1147 4639 1375 4701 ἕκαστος
1423 4638 1663 4700 δύναιτο,
1700 4643 1796 4691 καὶ
1844 4638 2023 4708 κρίνοι

458 4734 688 4805 πρέπειν
733 4731 902 4804 αὐτῷ.
942 4730 1113 4782 Τοῦτο
1160 4731 1269 4799 γὰρ
1318 4730 1511 4800 ἐκείνῳ
1569 4730 1726 4799 μόνον
1780 4747 2022 4783 συνεισε-

460 4824 677 4892 νεγκεῖν
709 4824 911 4885 πάντες
941 4822 1159 4890 ἔχομεν,
1193 4824 1287 4875 καὶ
1314 4821 1474 4874 τοῦτο
1505 4821 1572 4875 αὖ
1602 4822 1864 4885 ἐπίδειξις
1894 4823 2025 4892 ἀλη-

460 4916 693 4982 θεστάτη
724 4912 968 4963 λείπεται
1002 4911 1101 4973 τῆς
1121 4913 1198 4973 είς
1230 4913 1437 4964 ἐκεῖνον
1464 4912 1686 4982 ἀγάπης
1710 4931 1723 4944 ο
1762 4914 1857 4966 καὶ
1889 4930 2022 4965 συν-

460 5008 599 5060 οίσει
649 5004 748 5075 μὲν
778 5003 1019 5070 κάκείνῳ
1062 5002 1334 5072 ἀνθρώπῳ
1375 5004 1666 5072 πεφυκότι,
1736 5006 1830 5058 καὶ
1867 5004 2022 5075 πηλῷ

461 5097 535 5167 τῷ
567 5096 780 5165 σώματι
832 5094 1006 5163 τούτῳ
1041 5096 1418 5161 συγγεγονότι,
1463 5089 1505 5161 ᾧ
1545 5095 1619 5165 μὴ
1662 5091 1772 5149 οἶόν
1802 5113 1859 5149 τε
1896 5114 2025 5150 συν-

461 5189 589 5241 ὄντα
633 5185 871 5253 καθαρὸν
934 5186 1279 5237 παντάπασιν
1313 5186 1601 5253 εὑρεθῆναι
1628 5203 1643 5219 ·
1696 5188 1931 5241 συνοίσει
1966 5188 2024 5242 δὲ

462 5274 559 5331 καὶ
590 5278 743 5347 ὑμῖν,
767 5276 863 5328 ἆτε
883 5276 947 5345 δὴ
976 5278 1070 5328 καὶ
1099 5277 1220 5329 δέον
1242 5276 1457 5346 ἀποπλη
1469 5278 1653 5347 ροῦσιν
1672 5279 1825 5349 ἀνδρὶ
1850 5280 2026 5332 πάντα

462 5370 656 5437 ἀγαθῷ
695 5370 791 5421 καὶ
838 5369 1096 5441 δεσπότῃ,
1149 5371 1243 5422 καὶ
1273 5369 1432 5439 αἰτίῳ
1462 5386 1525 5436 γε
1556 5370 1765 5423 πολλῶν
1795 5371 1887 5424 καὶ
1929 5389 2028 5441 με-

465 5464 644 5530 γάλων
676 5462 897 5528 ἀγαθῶν
944 5462 1210 5529 γεγονότι,
1257 5464 1355 5515 καὶ
1411 5462 1507 5515 νῦν
1537 5467 1800 5535 μεγίστην
1851 5464 2026 5534 ἔχοντι

465 5553 645 5622 χώραν
668 5552 822 5621 παρά
859 5553 999 5622 Θεῷ,
1031 5554 1129 5606 καὶ
1172 5552 1486 5624 τευξομένῳ
1530 5556 1802 5624 μείζονος,
1832 5558 1962 5609 ὅταν
1993 5558 2026 5627 ἠ

463 5645 615 5714 κοινὴ
651 5642 745 5696 τοῦ
796 5644 988 5711 γένους
1039 5628 1192 5698 έσέία
1220 5647 1314 5698 καὶ
1350 5647 1534 5717 μήτηρ
1583 5646 1678 5718 ἥδε
1724 5648 1797 5716 γῆ
1841 5646 2027 5719 ἀποδῷ

465 5737 545 5807 τῷ
570 5734 845 5805 πνεύματι
890 5737 951 5788 τὸ
995 5740 1341 5807 συνεργῆσαν
1389 5739 1549 5809 σῶμα
1584 5739 1720 5808 πρὸς
1746 5740 1815 5793 τὰ
1861 5740 2025 5805 καλὰ,

364 5848 371 5855 ο
468 5830 547 5892 εἰς
578 5826 734 5894 δόξαν
767 5842 825 5879 τε
859 5828 954 5882 καὶ
976 5829 1319 5900 εὐφροσύνην
1352 5829 1588 5897 αἰώνιον,
1623 5823 1698 5886 ὧν
1739 5832 1831 5885 καὶ
1866 5831 2026 5899 ἡμεῖς

2054 4498 2098 4553 D

2080 619 2381 686 perceptis,
2422 628 2762 686 postremum
2790 614 2893 667 hoc
2926 610 3151 664 omnino
3181 606 3478 667 electuros,
3508 612 3660 674 post-

2079 710 2350 765 habentes
2379 724 2500 778 qua:
2528 717 2663 763 sunt
2694 706 2793 761 aevi
2850 702 3159 774 praesentis,
3196 700 3265 755 iis
3305 713 3424 766 qua:
3464 696 3655 753 futuri.

2078 796 2270 852 Nonne
2299 813 2427 867 ergo
2474 811 2702 867 prorsus
2739 793 3064 854 absurdum,
3104 800 3164 843 ut
3196 804 3317 859 quae
3368 788 3472 842 sibi
3508 787 3662 854 quis—

2081 906 2186 961 que
2218 890 2367 954 velit,
2398 904 2459 943 ea
2493 890 2628 943 nolit
2653 903 2750 959 pro
2794 885 2989 940 amicis
3020 884 3169 937 'tSed
3201 892 3255 937 et
3282 882 3413 936 illud
3459 894 3661 949 pense-

2082 998 2225 1047 mus,
2264 981 2535 1051 siquidem
2604 996 2671 1036 eo
2710 979 2856 1049 quod
2914 979 3165 1047 impense
3224 989 3493 1035 amemus,
3564 987 3664 1040 pro

2082 1074 2625 1144 defunctolugemus,
2667 1069 3312 1140 vitamque'deteriorem
3383 1076 3662 1137 putamus,

2084 1181 2247 1235 quam
2294 1164 2341 1221 sl
2397 1166 2601 1219 mortui
2650 1179 2896 1219 essemus
2954 1179 2970 1228 ;
3030 1163 3204 1230 liquet
3256 1159 3429 1229 palam
3488 1166 3545 1211 ut
3606 1168 3660 1211 et

2087 1259 2174 1312 ille
2197 1272 2295 1310 nos
2315 1272 2530 1317 amans.
2551 1257 2715 1325 idque
2749 1272 2811 1309 ea
2860 1255 3066 1309 amoris
3092 1256 3164 1318 vi,
3181 1269 3301 1322 quae
3321 1253 3454 1306 nihil
3481 1263 3669 1306 nostro

2088 1350 2397 1405 mortalium
2424 1354 2600 1412 cedat,
2619 1364 2781 1417 quam
2812 1350 3078 1404 citissime
3110 1350 3247 1402 mori
3279 1349 3562 1410 voluisset,
3601 1356 3662 1400 ut

2090 1442 2181 1497 illo
2203 1457 2304 1497 nos
2327 1442 2539 1511 priores
2574 1442 3025 1496 decessissemus.
3063 1441 3235 1510 Atque
3262 1441 3313 1495 id
3343 1441 3559 1494 merito.
3584 1439 3673 1493 Si-

2090 1538 2307 1606 quidem
2340 1537 2483 1592 enim
2520 1538 2770 1601 levamen
2818 1535 3050 1590 tristitiae
3107 1535 3350 1589 invenire
3385 1548 3674 1603 possumus

2090 1638 2275 1698 posset
2296 1638 2347 1685 et
2370 1629 2460 1686 ille
2490 1646 2505 1697 ;
2543 1630 2628 1683 sin
2659 1644 2765 1683 non
2828 1644 3151 1698 possumus,
3183 1643 3282 1682 nec
3316 1627 3403 1681 ille
3450 1626 3675 1681 omnino

2090 1730 2295 1790 posset.

2164 1946 2220 2001 Id
2246 1962 2376 2016 ergo
2407 1962 2469 2002 ex
2503 1947 2667 2001 dictis
2699 1961 3048 2016 consequens
3076 1946 3133 2001 ﬁt
3166 1954 3428 2016 praestare
3461 1956 3519 2001 ut
3551 1956 3678 2000 ante

2096 2040 2296 2094 charos
2320 2038 2578 2114 decedas,
2601 2054 2763 2107 quam
2798 2048 2859 2093 ut
2886 2039 3074 2094 vivens
3107 2040 3176 2095 iis
3198 2040 3433 2110 priveris
3480 2054 3674 2094 eorum

2100 2132 2427 2203 migratione
2460 2146 2490 2184 a
2546 2131 2676 2186 vita.
2736 2129 2849 2202 Ego
2903 2130 3265 2187 nihilominus
3319 2131 3675 2186 moderatiori

2102 2236 2357 2277 sermone
2410 2230 2579 2275 utar:
2631 2220 2756 2276 dico
2812 2235 2966 2292 ergo,
3022 2230 3081 2277 ut
3127 2223 3250 2293 quis
3301 2223 3461 2277 nobis
3492 2223 3680 2292 illique

2102 2314 2412 2385 eligendum
2454 2321 2808 2383 proponeret,
2838 2324 2897 2368 ut
2938 2323 3032 2370 aut
3063 2315 3183 2387 ipsi
3217 2315 3427 2384 priores
3462 2315 3554 2369 illo
3589 2315 3683 2370 de-

2104 2412 2448 2478 cederemus,
2480 2418 2628 2465 aute
2656 2408 2967 2472 contra,ille
2994 2409 3157 2463 nobis
3184 2410 3335 2478 prior
3386 2422 3680 2478 argumen-

2108 2510 2220 2556 tum
2254 2502 2508 2570 utrisque
2536 2501 2803 2572 praeberet
2835 2501 2979 2556 haud
3004 2501 3218 2570 judicio
3270 2500 3450 2555 facile.
3492 2500 3682 2565 Quan-

2106 2600 2266 2661 quam
2291 2593 2439 2646 enim
2469 2592 2673 2646 bonum
2704 2601 2790 2645 est
2833 2592 3039 2657 vivere,
3089 2591 3207 2662 jugi
3258 2600 3442 2646 tamen
3499 2592 3685 2645 vivere

2107 2684 2353 2748 tristitia,
2384 2682 2609 2737 omnino
2639 2683 3004 2737 intolerabile.
3027 2681 3353 2752 Quanquam
3381 2696 3510 2735 vero
3527 2691 3688 2750 opta-

2108 2776 2216 2832 bile
2265 2791 2293 2829 a
2321 2775 2569 2830 tristibus
2598 2774 2843 2841 liberari,
2867 2782 3121 2829 uttamen
3141 2789 3236 2845 per
3255 2782 3505 2839 mortem,
3522 2788 3682 2842 quam

2107 2881 2299 2925 omnes
2331 2868 2581 2929 horrent,
2612 2865 2758 2919 haud
2793 2866 2938 2921 ullus
2970 2873 3102 2936 puto
3138 2865 3302 2920 facile
3338 2866 3390 2918 in
3434 2865 3682 2918 animum

2110 2958 2358 3024 inducat,
2419 2968 2479 3013 ut
2511 2958 2659 3017 velit.
2691 2958 2979 3028 Tanquam
3038 2972 3170 3027 ergo
3221 2958 3424 3028 quibus
3471 2958 3685 3027 potiora

2110 3048 2539 3119 inquirentibus,
2561 3052 2702 3106 haud
2723 3050 2883 3106 facile
2911 3049 3035 3104 site
3060 3063 3119 3103 re
3146 3048 3687 3118 judicare,.libentes

2037 3168 2080 3227 ς
2112 3141 2511 3210 amplectamur
2534 3143 2679 3211 quod
2707 3143 2882 3197 visum
2921 3149 3006 3196 est
3046 3140 3424 3211 providentiae,
3468 3151 3693 3193 nostras,

2111 3248 2197 3287 res
2231 3234 2423 3289 melius
2454 3234 2795 3304 dispensanti
2818 3248 2981 3303 quam
3012 3232 3095 3286 vel
3148 3233 3253 3301 ipsi
3296 3232 3547 3287 velimus.
3582 3232 3685 3285 Sa-

2112 3341 2180 3380 ne
2201 3326 2345 3381 euim
2378 3324 2522 3381 Deus
2554 3327 2736 3380 omnia
2774 3326 2897 3387 scit,
2948 3332 3236 3395 potestque
3283 3339 3348 3379 ac
3380 3324 3495 3379 vult
3540 3326 3691 3393 quod

2114 3415 2382 3471 universis
2423 3416 2691 3471 conducat
2718 3432 2731 3471 :
2754 3430 2854 3471 nos
2883 3425 3066 3470 autem
3100 3429 3206 3471 non
3240 3429 3364 3468 raro
3419 3415 3687 3468 deteriora

2112 3508 2441 3576 appetimus,
2478 3508 2678 3576 spretis
2706 3508 2865 3562 bonis
2898 3522 3023 3561 cum
3056 3506 3271 3559 illorum
3305 3504 3459 3574 copia
3486 3520 3688 3574 suppe-

2093 3601 2178 3654 tit
2214 3619 2230 3662 ;
2259 3614 2465 3669 proque
2501 3615 2567 3656 eo
2594 3610 2651 3654 ut
2676 3601 2837 3655 nobis
2870 3600 3011 3654 bona
3043 3613 3361 3667 Operemur,
3406 3612 3502 3666 per
3535 3597 3690 3665 igno-

2116 3689 2349 3743 rantiam
2392 3704 2509 3757 qua:
2546 3692 2702 3744 nobis
2737 3699 2866 3745 sunt
2897 3689 3036 3742 mala
3056 3688 3292 3757 agimus.
3321 3686 3697 3752 Quamobrem

2118 3779 2373 3834 existimo
2414 3794 2759 3849 nequaquam
2785 3781 2872 3835 hic
2898 3779 3065 3835 fuisse
3091 3779 3293 3834 dictum
3320 3778 3465 3847 quod
3496 3778 3691 3831 melius

2120 3879 2223 3925 est.

2192 4005 2269 4060 Ne
2296 4007 2448 4076 prius
2479 4021 2611 4077 ergo
2645 4005 2847 4075 templo
2878 4020 3157 4074 exeamus,
3183 4022 3345 4076 quam
3374 4015 3431 4061 ut
3451 4008 3523 4063 ita
3548 4007 3691 4099 διιο-

2125 4107 2273 4153 taxat
2293 4097 2567 4153 tristitiam
2587 4096 2786 4152 animis
2811 4097 3209 4167 permittamus;
3230 4108 3289 4153 ut
3323 4101 3439 4170 ejus
3465 4096 3692 4157 excessu

2124 4190 2349 4246 minime
2384 4188 2550 4244 Deum
2592 4190 2895 4251 irritemus,
2931 4198 3092 4243 autve
3121 4190 3380 4243 dilectum
3440 4191 3693 4244 oﬂ'enda-

2125 4296 2263 4334 mus.
2304 4279 2447 4335 Sane
2494 4281 2641 4332 enim
2703 4276 2947 4332 futurum
2992 4288 3163 4334 estut
3214 4279 3303 4333 ille
3358 4278 3688 4343 oﬂ‘endatur,

2126 4371 2393 4442 siquidem
2422 4370 2823 4425 irritaverimus
2853 4368 3022 4424 Deum
3051 4388 3064 4435 ;
3096 4370 3257 4440 idque
3282 4369 3402 4439 eius
3445 4373 3693 4439 cumpric

2127 4466 2231 4519 mis
2261 4479 2447 4528 causa,
2477 4478 2540 4518 ac
2558 4470 2776 4532 propter
2806 4461 3182 4531 migrationem
3216 4462 3389 4530 ipsius
3411 4462 3479 4515 ab
3505 4464 3697 4517 buma-

2127 4557 2232 4611 nis.
2268 4556 2346 4609 Eo
2371 4565 2549 4608 autem
2593 4554 2694 4623 ipsi
2738 4568 2838 4607 nos
2878 4563 3149 4608 amatores
3201 4555 3575 4618 ostendamus,
3638 4563 3708 4610 ut»

2128 4661 2226 4715 pro
2263 4646 2413 4700 ehari
2463 4644 2645 4697 anima
2701 4645 3105 4713 impendamus,
3172 4655 3436 4715 quantum
3497 4646 3697 4716 cuique

2125 4736 2287 4789 liceat
2319 4750 2382 4788 ac
2413 4744 2563 4803 putet
2598 4748 2658 4787 se
2683 4734 2895 4787 decere.
2930 4731 2985 4786 ιιι
3018 4734 3162 4787 enim
3209 4734 3387 4788 solum
3452 4734 3709 4790 universi

2128 4826 2179 4879 in
2207 4840 2332 4878 eum
2356 4822 2610 4877 conferre
2647 4823 2913 4877 habemus
2952 4838 3163 4892 :eaque
3204 4824 3428 4877 omnino
3472 4825 3696 4879 verissi-

2127 4935 2212 4972 ma
2248 4926 2438 4981 restat,
2499 4927 2701 4969 nostra:
2753 4914 2807 4967 in
2856 4916 3015 4969 itlum
3060 4914 3372 4969 dilectionis
3427 4916 3695 4977 ostensio,

2127 5009 2298 5063 Porro
2346 5017 2525 5061 autem
2594 5006 2667 5058 illi
2725 5020 2946 5075 quoque
2995 5007 3309 5071 contulerit,
3362 5006 3456 5075 qui
3528 5005 3697 5061 fuerit

2129 5096 2309 5159 homo,
2344 5096 2507 5164 inque
2566 5107 2721 5147 emno
2773 5108 3005 5162 corpore
3056 5094 3401 5159 habitaverit,
3460 5110 3696 5164 quocum

2130 5199 2291 5238 nemo
2316 5184 2538 5237 omnino
2572 5196 2742 5251 purus
2770 5184 3172 5249 possitversari
3222 5199 3235 5235 :
3272 5184 3363 5236 sed
3427 5192 3482 5237 et
3539 5184 3693 5237 vobis

2128 5276 2393 5337 conferat,
2428 5285 2685 5343 tanquam
2710 5274 2802 5338 qui
2825 5273 3014 5328 oﬂicio
3034 5274 3406 5344 defungamiui
3440 5276 3491 5327 in
3518 5276 3691 5329 virum

2129 5367 2396 5436 optimum
2422 5380 2488 5420 ae
2516 5366 2822 5434 despotam,
2871 5364 3221 5433 pluriumque
3251 5379 3314 5417 ac
3363 5376 3689 5431 magnorum

2130 5458 2399 5511 bonorum
2432 5464 2708 5511 auctorem
2739 5474 2752 5520 ;
2786 5456 2951 5523 inque
2979 5455 3225 5523 eum.qui
3262 5468 3406 5507 nunc
3440 5466 3699 5519 maguum

2132 5551 2273 5618 apud
2313 5551 2479 5605 Deum
2515 5551 2696 5604 locum
2740 5549 2957 5613 habeat,
2987 5548 3167 5617 sitque
3225 5548 3524 5614 adepturus
3573 5558 3695 5596 ams

2130 5644 2380 5713 pliorem,
2408 5641 2627 5709 quando
2658 5637 2967 5693 communis
2998 5638 3215 5708 generis
3248 5638 3442 5689 domus
3470 5649 3534 5688 ac
3576 5649 3697 5687 mae

2134 5746 2235 5799 ter,
2270 5744 2413 5791 terra
2438 5732 2651 5802 spiritui
2682 5745 2881 5800 corpus
2917 5730 3122 5791 reddet,
3150 5742 3258 5795 quo
3306 5726 3464 5779 bonis
3509 5723 3696 5793 operi-

2134 5827 2234 5885 bus
2263 5839 2343 5886 est
2371 5844 2502 5885 usus
2534 5827 2918 5889 instrumento,
2955 5820 3019 5875 ad
3069 5818 3292 5889 gloriam
3327 5833 3389 5872 ac
3449 5816 3695 5872 laztitiam
