4166 6270
406 440 409 443 ν
492 361 598 426 309
1460 370 1876 430 PRECEM‘A
1918 374 2051 433 EDL

2103 375 2442 435 IATIONIS
2486 375 2763 436 REGUE.
3644 372 3748 435 3l0

506 519 3601 555 MM

3608 531 3729 554 _‘

1114 703 1511 857 IMP.
1611 704 2069 865 CZES.
2190 703 2456 858 MA
2481 704 3166 865 NUE‘LIS

1484 993 2325 1117 PALZEOLOGI
2409 996 2744 1111 AUG.

880 1237 1634 1327 PBIECEPTA
1779 1235 2767 1327 EDUCATIONIS
2888 1237 3350 1326 REGIIE

1759 1434 1850 1485 AD
1880 1435 2207 1486 JOANNKM
2232 1433 2487 1484 Ριιιωι

1230 1603 1297 1653 Ex
1325 1602 1403 1657 Jo.
1426 1597 1657 1659 Sambuci
1682 1600 1739 1651 Υ.
1769 1602 1820 1653 C.
1844 1601 2172 1654 Bibliotheca.
2205 1602 2345 1656 Joan.
2371 1600 2671 1650 Leuuclavio
2690 1599 2973 1660 interprete
3002 1600 3040 1649 ‘.

578 1780 581 1781 7
648 1791 752 1836 HIS
785 1793 1050 1837 ACCIDIT
1078 1791 1415 1848 BBLISARII,
1448 1789 1892 1839 NERH'INOBUM
1930 1790 2137 1847 DUCIS,
2172 1789 2456 1837 EIUSDEM
2495 1786 2864 1831 ABGUMRNTI
2905 1787 3117 1841 LIBER,
3140 1788 3273 1831 ευκ
3303 1788 3465 1832 Αιιιε
3512 1789 3593 1832 AD

936 1892 940 1897 '
996 1919 1333 1967 PRINCIPUM
1368 1918 1595 1969 STUDIA
1624 1916 2151 1971 PERTINENTIBUS,
2186 1916 2304 1960 NEC
2330 1912 2601 1967 UNQUAM
2644 1912 2976 1956 HACTENUS
3003 1912 3239 1957 EDITIS.

1433 2104 1493 2136 AD
1531 2101 1828 2139 ηΑΝοιιαυΜ
1868 2101 2131 2145 κευιοευμ,
2160 2100 2363 2134 MAGNUM
2388 2097 2606 2133 TBUSCIE
2637 2098 2796 2132 DUCEM

1348 2262 1727 2326 (Basileze,'ex
1770 2262 1963 2311 ofﬁcina
2020 2250 2157 2311 Petri
2220 2263 2415 2319 Peraea,
2464 2260 2602 2321 1578,
2655 2258 2737 2309 in-
2774 2258 2885 2317 ιε.)
2959 2248 2964 2259 ‘

1576 2589 1665 2638 AD
1692 2586 2236 2644 ζειξιιεινιςεηιυκ
2280 2586 2675 2636 PRINCIPEM

1170 2702 1606 2754 FRANCISCUM
1652 2699 2051 2757 MEDICEUM,
2104 2697 2392 2748 MAGNUM
2444 2696 2766 2747 TIIUSCUE
2812 2682 3079 2746 DUCEM.

564 2895 712 2952 Inter
757 2891 1090 2961 multiplices
1123 2891 1291 2946 italiae
1344 2892 1569 2962 plausus
1602 2932 1617 2955 ,
1656 2900 2078 2960 exterarumque
2133 2889 2413 2943 nationqu
2438 2888 2646 2945 faustas
2699 2890 3149 2952 acclamationes,
3202 2888 3597 2960 gratulantium
3631 2888 3751 2954 ti-hi,

498 2983 798 3041 FBANCISCE
836 2983 969 3045 dux,
1003 2981 1073 3036 ob
1128 2993 1315 3039 natum
1355 2995 1527 3051 nuper
1578 2980 1886 3049 Philippum
1931 2978 2125 3041 illium,
2154 2975 2405 3032 Mediceze
2433 2976 2684 3031 columen
2718 2976 2938 3035 familia:
2967 2998 2982 3042 ,
3015 2991 3116 3032 nec
3156 2988 3358 3032 nostrae
3382 2977 3547 3032 silere
3593 2977 3757 3032 Musat

495 3075 805 3138 voluerunt,
835 3086 957 3129 eum
991 3070 1293 3141 praesertim
1317 3081 1493 3127 nacta:
1544 3069 1898 3136 interpretem
1953 3076 2117 3137 atque
2165 3065 2587 3129 internuntium,
2634 3066 2729 3132 qui
2788 3074 2842 3120 et
2875 3072 3098 3135 propter
3158 3064 3498 3134 imperatorii
3540 3066 3758 3134 generis

498 3163 839 3231 maiestatem
869 3160 938 3215 ab
965 3160 1103 3215 aulae
1138 3167 1243 3212 ture
1270 3158 1418 3212 aditu
1454 3174 1563 3212 non
1601 3158 1987 3213 excluderetur
2020 3173 2033 3211 :
2063 3165 2117 3212 et
2151 3166 2347 3225 praeter
2380 3158 2483 3212 hoc
2507 3156 2897 3229 gratulationis
2920 3156 3179 3218 cilicium,
3234 3156 3285 3211 id
3328 3170 3516 3209 secum
3547 3170 3750 3210 munus

498 3252 757 3313 adferret,
786 3248 934 3319 quod
967 3249 1097 3302 olim
1121 3256 1366 3319 augusta:
1409 3245 1608 3300 indolis
1647 3260 1819 3314 puero
1858 3245 1912 3300 in
1959 3260 2109 3315 spem
2142 3246 2509 3299 successionis
2572 3245 2900 3313 amplissimi
2931 3243 3186 3299 Thusciue
3224 3244 3377 3313 regni
3431 3244 3746 3308 educando,

410 3399 414 3403 ,
497 3354 691 3408 magna
732 3346 883 3391 recte
912 3334 1337 3391 administrandi
1372 3344 1425 3389 et
1456 3333 1817 3391 conservandi
1844 3333 2061 3403 imperii
2088 3334 2325 3407 paterni,
2357 3333 2692 3389 adminicula
2721 3334 3072 3404 suppeditare
3110 3333 3305 3402 possit.
3342 3330 3439 3387 Est
3468 3333 3512 3387 is
3548 3332 3754 3386 Palu-oo

498 3426 659 3493 logini
700 3426 989 3493 sanguinis
1021 3425 1237 3493 insigne
1272 3424 1453 3477 inmen
1488 3422 1645 3485 illud,
1686 3420 1905 3477 Manuel
1939 3422 2240 3490 imperator
2292 3421 2648 3493 Byzantinus,
2693 3422 2897 3478 summi
2932 3422 3185 3491 princeps
3218 3420 3444 3491 ingenii,
3503 3435 3759 3473 summa:-

499 3531 603 3582 que
637 3516 921 3577 doctrinae,
963 3514 1048 3568 cui
1073 3514 1284 3568 nullum
1322 3513 1415 3569 illa
1446 3512 1647 3565 saecula
1674 3525 1861 3580 parem
1892 3510 2105 3573 tulisse,
2138 3510 2184 3565 si
2228 3522 2377 3564 recte
2410 3511 2643 3565 virtutes
2676 3511 2801 3581 ejus
2828 3510 3108 3565 aestimare
3138 3498 3410 3569 volemus,
3440 3521 3601 3565 nemo
3646 3524 3755 3561 non

501 3600 748 3655 lubenter
783 3600 1064 3656 fatebitur.
1097 3598 1214 3654 Non
1244 3599 1354 3669 jam
1392 3599 1602 3670 prolixe
1635 3597 1852 3673 generis
1884 3597 2210 3659 nobilissimi
2245 3597 2444 3673 seriem
2500 3613 2625 3653 cum
2652 3598 2813 3652 rebus
2846 3597 3015 3666 gestis
3055 3595 3526 3650 commemorabo.
3580 3595 3757 3649 Notus

500 3700 586 3743 est
622 3704 684 3741 ex
715 3688 965 3745 historiis
986 3688 1211 3741 Michael
1239 3686 1602 3761 Palaeologus,
1651 3687 1742 3756 qtti
1769 3686 1980 3756 primus
2006 3687 2351 3755 splendorem
2378 3686 2714 3755 imperatorii
2743 3680 2983 3741 numinis’
3006 3685 3187 3739 intulit
3210 3684 3260 3743 in
3290 3682 3550 3739 familiam
3575 3699 3755 3744 suam,

499 3792 685 3847 quam,
720 3778 764 3829 si
791 3767 1096 3829 Otomanici
1128 3779 1344 3845 generis
1373 3776 1855 3844 incomparabilem
1890 3774 2202 3828 felicitatem
2228 3774 2489 3840 excipias,
2522 3773 2696 3829 solam
2748 3772 2892 3827 Deus
2914 3774 3177 3826 continua
3204 3771 3564 3828 ducentorum
3596 3788 3761 3841 prope

497 3879 765 3918 annorum
798 3864 1147 3917 successione
1175 3864 1375 3917 heavit.
1405 3864 1560 3917 Hunc
1588 3873 1811 3917 secutus
1843 3874 1925 3915 est
1951 3860 2004 3913 in
2026 3876 2195 3929 regno
2231 3862 2578 3915 Andronicus
2622 3861 2786 3924 tilius,
2815 3862 3185 3915 Andronicum
3208 3860 3430 3913 Michael
3460 3860 3759 3922 secundus,

498 3951 815 4005 Michaelem
848 3949 1147 4003 secundum
1175 3952 1522 4005 Andronicus
1550 3952 1676 4004 item
1702 3949 1992 4011 secundus,
2021 3947 2389 4001 Andronicum
2409 3947 2666 4013 Joannes,
2688 3948 3030 4015 cuiquatuor
3056 3947 3281 4001 omnino
3309 3948 3461 4000 fuere
3500 3947 3617 4012 filii,
3642 3947 3723 4000 An
3742 3978 3759 3989 -

496 4039 780 4103 dronicus,
804 4036 1359 4103 Demetrius,Manuel
1383 4041 1468 4091 hic
1498 4048 1685 4103 noster
1706 4048 1754 4092 et
1789 4035 2451 4103 Theodorus.lmperante
2472 4033 2702 4100 Joanne,
2730 4049 3018 4089 successus
3064 4034 3288 4089 Barbari
3312 4047 3501 4091 contra
3537 4047 3760 4089 nostros

498 4109 702 4182 habere
732 4131 997 4195 majores,
1022 4141 1185 4194 quam
1209 4142 1447 4195 unquam
1475 4137 1655 4194 antea,
1683 4140 1897 4195 cepere.
1918 4126 2263 4194 QuaprOpter
2281 4123 2522 4190 optimus
2541 4123 2818 4192 princeps,
2840 4129 2898 4175 ut
2919 4122 3082 4177 saluti
3103 4138 3327 4177 suorum
3350 4138 3413 4177 ac
3434 4125 3601 4178 totius
3622 4110 3767 4177 adeo

497 4215 809 4284 reipublicae
831 4213 1159 4279 Christianae
1187 4214 1517 4279 consuleret,
1573 4214 1868 4284 quaerenda
1899 4214 2091 4268 statuit
2129 4214 2356 4279 auxilia,
2388 4212 2591 4283 quibus
2626 4212 3002 4267 formidabiles
3031 4210 3395 4265 Barbarorum
3431 4226 3757 4281 progressus

497 4305 842 4372 reprimeret.
900 4300 1084 4370 Itaque
1128 4302 1378 4355 triremes
1433 4303 1779 4368 conscendit,
1834 4303 2087 4357 Venetias
2130 4304 2523 4371 proficiscitur,
2558 4303 2720 4357 italos
2763 4302 3038 4373 principes
3096 4302 3230 4367 adit,
3274 4317 3468 4356 omnes
3528 4302 3756 4370 periculi

496 4391 803 4446 communis
841 4390 1117 4444 admouet.
1155 4390 1293 4444 iiinc
1325 4392 1376 4443 in
1416 4390 1650 4445 Galliam
1696 4399 1750 4445 et
1782 4399 2050 4445 semotam
2084 4392 2152 4446 ab
2180 4393 2387 4461 reliqua
2420 4392 2638 4461 Europa
2675 4390 3016 4445 Britanniam
3077 4391 3380 4445 contendit.
3416 4391 3635 4459 Ubique
3662 4405 3759 4443 ua—

497 4481 636 4535 viter
658 4488 926 4549 susceptae
958 4494 1054 4548 pro
1080 4481 1259 4534 salute
1289 4480 1505 4548 publica
1536 4480 1823 4549 legationis
1853 4494 2052 4533 munus
2076 4480 2415 4549 exsequitur,
2442 4479 2535 4532 sed
2570 4480 2747 4545 irrito,
2773 4480 2909 4548 proh
2942 4481 3098 4533 dolor
3123 4481 3136 4532 l
3169 4487 3400 4544 eventu;
3428 4488 3649 4549 propter
3667 4480 3759 4532 de-

501 4568 783 4622 tesrabiles
817 4566 1122 4636 principum
1146 4566 1589 4622 Christianorum
1625 4567 2179 4636 discordias,quibus
2217 4568 2487 4637 hodieque
2518 4582 2606 4621 res
2636 4576 2855 4622 nostras
2885 4583 3105 4635 pessum
3135 4568 3215 4622 ire
3243 4568 3521 4622 videmus.
3547 4567 3760 4635 Quippe

501 4655 674 4708 Gallia
702 4665 834 4708 tunc
864 4655 1112 4709 discidiis
1141 4656 1414 4710 intestinis
1467 4656 1792 4725 gravissime
1854 4656 2159 4721 laborabat,
2189 4656 2291 4710 sub
2324 4671 2449 4726 rege
2478 4655 2676 4710 Carolo
2726 4665 2901 4722 sexto,
2950 4657 3043 4726 qui
3076 4673 3210 4724 puer
3244 4666 3382 4723 erat,
3439 4657 3769 4726 proceribus

503 4741 827 4811 quibusdam
861 4741 1103 4795 funestas
1144 4745 1283 4796 inter
1306 4758 1364 4797 se
1403 4744 1712 4798 simultates
1770 4745 2176 4800 exercentibus.
2210 4743 2409 4799 Omnia
2444 4745 2647 4799 frustra
2683 4745 2926 4810 molitus,
2965 4745 3324 4815 Venetiasque
3356 4760 3627 4810 reversus,
3665 4761 3762 4815 per

504 4844 773 4885 summam
810 4828 1155 4882 insolentiam
1204 4845 1233 4883 a
1264 4829 1488 4885 Venetis
1542 4846 1763 4900 quoque
1792 4831 2192 4888 mercatoribus
2223 4832 2511 4902 indignum
2567 4833 2623 4886 in
2666 4833 2887 4887 modum
2928 4834 3223 4902 excipitur,
3243 4834 3338 4904 qui
3368 4833 3519 4903 prius
3546 4850 3672 4888 eum
3700 4849 3760 4889 se

504 4919 833 4980 dimissuros
872 4929 1160 4987 negarent,
1190 4935 1353 4989 quam
1410 4936 1689 4985 nummos,
1716 4922 1818 4976 iter
1845 4922 1900 4976 in
1931 4921 2165 4976 Galliam
2191 4920 2644 4991 Britanniamque
2698 4920 2914 4976 facturo
2952 4923 3215 4987 creditos,
3260 4938 3385 4982 cum
3451 4923 3765 4977 immodicis

508 5012 694 5063 usuris
747 5006 1091 5063 reddidisset.
1140 5007 1418 5064 Nefarium
1457 5009 1700 5078 profecto
1754 5009 1992 5075 facinus,
2023 5010 2237 5079 inquies
2266 5025 2282 5063 :
2317 5012 2409 5065 sed
2442 5010 2814 5084 Andronicum
2863 5010 3038 5065 tilium
3086 5012 3260 5081 magis
3290 5026 3416 5082 erga
3440 5026 3498 5067 se
3532 5012 3758 5080 impium

507 5108 562 5151 et
591 5100 864 5167 ingratum
904 5104 1162 5166 expertus
1185 5109 1289 5152 est.
1342 5099 1472 5152 Nam
1509 5114 1633 5153 cum
1666 5099 1829 5153 domo
1872 5092 2220 5168 profecturus
2249 5099 2315 5153 ad
2351 5099 2727 5165 conquirenda
2793 5107 3114 5153 nostrorum
3148 5114 3445 5168 procerum
3486 5100 3758 5161 subsidia,

510 5185 770 5256 Byzantio
804 5186 947 5239 hunc
975 5186 1311 5255 praefecisset
1336 5201 1399 5239 ac
1428 5186 1645 5249 deinde,
1695 5187 1894 5255 quibus
1922 5188 1975 5240 in
2006 5188 2276 5254 angustiis
2308 5194 2643 5253 versaretur,
2668 5187 2716 5240 ei
2760 5186 3132 5257 significasset
3172 5206 3186 5241 :
3226 5188 3430 5243 nullam
3470 5187 3614 5241 illius
3662 5202 3758 5253 pa-

511 5285 679 5327 ternae
701 5273 1025 5329 calamitatis
1071 5274 1334 5328 ratiouem
1376 5274 1585 5339 habuit,
1617 5274 1712 5327 sed
1751 5275 1916 5329 tantis
1949 5275 2001 5328 in
2034 5277 2295 5329 aerumnis
2345 5282 2623 5329 auctorem
2649 5287 2805 5331 ortus
2850 5277 2958 5342 sui,
2993 5279 3295 5333 secundum
3328 5278 3518 5341 Deum,
3553 5283 3760 5328 morta—

513 5362 644 5415 lium
685 5360 1106 5416 secieStissimus
1140 5361 1344 5414 haarere
1370 5375 1566 5428 passus
1595 5369 1697 5416 est.
1727 5360 1840 5415 Hoc
1858 5377 1987 5416 casu
2014 5371 2239 5431 paterno
2266 5363 2531 5418 Manuelis
2563 5363 2748 5430 hujus,
2780 5381 2942 5433 quem
2969 5381 3113 5420 nunc.
3141 5368 3206 5420 ad
3240 5375 3290 5421 te
3321 5364 3611 5426 mittimus,
3646 5360 3761 5414 sin-

513 5448 719 5517 gularis
741 5449 794 5501 in
826 5458 1104 5518 parentem
1142 5448 1506 5517 pietasatqne
1537 5449 1711 5503 virtus
1739 5449 1955 5504 enituit.
1993 5451 2132 5503 Nam
2167 5465 2289 5506 cum
2339 5452 2788 5508 Thessalonicam
2837 5454 3251 5511 administraret
3303 5450 3546 5507 collectis
3576 5463 3605 5501 e
3633 5447 3757 5501 diti-

510 5554 616 5595 one
655 5555 753 5596 sua
789 5540 1049 5605 nummis,
1083 5538 1176 5609 qui
1218 5538 1358 5605 patri
1413 5538 1733 5593 redimendo
1790 5537 2122 5606 sufﬁcerent,
2174 5539 2430 5597 Venetias
2460 5542 2759 5613 profectus,
2814 5558 2939 5598 eum
2972 5547 3040 5598 ab
3092 5541 3474 5597 usurariorum
3537 5535 3756 5603 injuriis

510 5627 841 5683 vindicatum
871 5627 923 5681 in
949 5629 1185 5698 patriam
1223 5627 1459 5681 reduxit.
1496 5625 1611 5681 Hoc
1641 5627 1808 5693 facto,
1834 5629 2001 5695 patris
2022 5616 2267 5683 animum
2296 5631 2603 5685 arctissime
2635 5632 2998 5688 sibideviuxit
3027 5650 3042 5700 ;
3095 5630 3396 5697 habuitque
3437 5625 3609 5695 pietas
3642 5623 3757 5676 Iizec

572 5768 590 5784 '
621 5764 696 5814 De
731 5765 839 5818 aliis
867 5766 1107 5818 Manueiis
1134 5768 1335 5830 scriptis
1369 5780 1480 5828 qua:
1505 5768 1552 5815 in
1576 5767 1668 5818 hoc
1701 5766 1825 5818 libro
1852 5769 2037 5833 insunt,
2066 5770 2180 5822 vide
2206 5770 2417 5823 Fabricii
2444 5771 2665 5821 notitiam
2691 5785 2855 5833 supra.
