4166 6270
460 342 558 404 3ll
1614 345 2013 405 MANUELIS
2056 345 2500 407 PALIEOLOGI
3597 339 3705 403 312

463 476 526 513 ea
558 458 778 527 prmmia
813 459 1096 524 divinitus,
1136 470 1192 515 ut
1215 460 1432 515 Manuel
1476 462 1709 531 imperio
1732 473 1963 532 paterno
2000 463 2287 528 patiretur,
2319 462 2634 518 Andronico
2684 458 3046 531 primogenito
3076 467 3131 514 et
3161 456 3371 512 Joanne
3402 455 3702 511 Andronici

466 550 575 603 filio
599 565 822 618 prorsus
841 549 1099 604 exclusis.
1134 549 1458 620 Quanquam
1483 554 1627 604 enim
1655 553 1719 605 ad
1754 551 2091 619 Bajazetum,
2112 551 2386 606 Amuratis
2424 551 2589 604 lilium
2626 550 2993 604 Barbarorum
3021 556 3333 617 tyrannum,
3354 545 3407 599 hi
3433 546 3541 600 duo
3575 558 3711 614 pro:

464 638 741 706 fugerunt,
766 638 994 706 ejusque
1024 639 1196 708 copiis
1227 639 1592 693 auxiliaribus
1620 638 1814 709 adjuti,
1856 638 2387 707 Constantinopolim
2414 649 2774 707 occuparunt,
2835 638 3164 704 imperatore
3191 632 3403 687 Joanne
3438 643 3612 702 patre,
3634 648 3699 687 ac

464 726 707 779 lllanuele
739 727 868 790 lilio,
892 726 987 795 qui
1011 727 1155 794 capti
1194 736 1342 788 sunt,
1378 729 1431 781 in
1467 728 1633 784 duros
1668 743 1920 783 carceres
1952 728 2252 796 compactis
2285 743 2297 779 :
2334 737 2514 781 tamen
2571 727 2757 782 favore
2781 724 2999 794 propitii
3046 719 3298 776 Numinis
3358 719 3561 774 factum
3590 726 3695 783 est,

462 823 520 866 ut
561 822 754 867 exacto
786 814 1025 869 triennio
1052 815 1183 867 salvi
1216 815 1437 870 tandem
1472 817 1785 878 evaderent,
1819 816 2025 870 frustra
2059 814 2341 869 multoties
2371 825 2625 870 monente
2650 814 2905 884 Bajazeto
2937 823 3190 884 tyranno,
3218 818 3278 862 ut
3310 808 3692 862 interficeren-

463 910 569 953 tur.
608 899 873 954 Nimirum
931 901 1194 970 nequitin
1218 917 1312 954 eos
1345 901 1582 955 humana
1641 901 1831 956 saevire
1857 902 2174 966 crudelitas,
2206 917 2343 971 quos
2372 903 2554 958 divina
2604 903 2939 972 providentia
3006 901 3155 970 tegit.
3221 899 3500 967 Bajazetus
3557 898 3696 965 ipse.

461 998 665 1041 mutata
692 990 974 1043 voluntate
1005 989 1257 1057 pristina,
1290 988 1590 1043 Manuelem
1620 989 1859 1043 restituit
1894 1010 1906 1043 :
1940 987 2257 1045 Andronico
2288 999 2342 1045 et
2370 988 2579 1045 Joanne
2615 992 2668 1045 in
2702 991 2882 1044 aulam
2916 1004 3071 1044 suam
3124 986 3446 1057 deportatis,
3483 983 3575 1039 ubi
3617 985 3697 1037 vi-

458 1081 604 1124 ctum
644 1072 926 1140 haberent,
964 1090 1126 1144 quam
1169 1074 1259 1127 diu
1291 1075 1614 1144 superstites
1650 1087 1854 1131 essent.
1889 1075 2061 1130 Tanta
2092 1093 2222 1133 vero
2262 1080 2633 1147 magnitudine
2661 1079 2826 1133 animi
2850 1080 3108 1147 praeditus
3143 1087 3260 1130 erat
3289 1074 3501 1128 Manuel
3527 1072 3698 1140 impe-

362 1204 365 1207 λ
456 1168 627 1225 rator,
660 1167 720 1213 ut
751 1175 874 1213 eum
901 1161 1189 1227 Bajazetus
1222 1162 1543 1216 immensam
1575 1162 1642 1217 ab
1669 1178 1734 1217 eo
1761 1165 2006 1233 pecuniae
2044 1164 2148 1219 vim
2182 1176 2453 1233 posceret;
2483 1174 2648 1235 atque
2710 1166 2787 1221 uti
2825 1180 2979 1220 suam
3011 1165 3063 1217 in
3110 1163 3293 1217 aulam
3341 1160 3570 1223 veniret,
3604 1158 3699 1213 ad-

458 1248 645 1299 hibitis
681 1247 939 1317 gravibus
968 1249 1167 1313 minis;
1197 1248 1499 1313 mandaret,
1541 1250 1593 1302 in
1647 1259 1841 1304 neutro
1891 1252 2106 1322 tyranni
2146 1253 2438 1322 postulatis
2478 1263 2717 1323 pareret.
2766 1253 3125 1308 Existimabat
3176 1249 3321 1304 enim
3366 1246 3697 1301 fortissimus

410 1370 417 1379 .
458 1334 733 1402 princeps,
771 1333 937 1388 etiam
970 1334 1269 1389 debilitatis
1298 1335 1511 1405 imperii
1548 1336 1827 1405 Byzantini
1878 1338 2270 1401 viribus,nihil
2300 1351 2490 1396 contra
2520 1343 2837 1411 dignitatem
2892 1340 3009 1409 ejus
3044 1338 3149 1394 loci
3191 1349 3353 1403 atque
3385 1334 3614 1399 ordinis,
3640 1334 3695 1387 in

456 1432 617 1483 quem
652 1437 679 1473 a
719 1420 829 1475 Deo
866 1421 1169 1475 collocatus
1201 1430 1368 1487 esset,
1410 1421 1833 1477 admittendum.
1866 1423 1981 1478 Hac
2026 1426 2095 1479 de
2125 1440 2288 1481 causa
2323 1443 2513 1484 rursus
2570 1430 2621 1483 in
2661 1428 2963 1498 perieulum
3026 1424 3309 1479 amittendi
3346 1421 3495 1490 regni
3524 1420 3695 1481 venit,

458 1525 582 1565 eum
606 1509 787 1565 denuo
812 1510 1154 1565 manifestam
1186 1511 1403 1580 benigni
1455 1511 1695 1566 numinis
1730 1527 1887 1582 opem
1923 1513 2110 1568 sentit.
2149 1513 2438 1585 Bajazetus
2463 1516 2610 1571 enim
2655 1516 2893 1570 barbaro
2928 1513 3134 1566 ‘furore
3170 1510 3431 1581 percitus,
3463 1508 3697 1561 summis

457 1598 664 1653 viribus
694 1598 1217 1666 Constantinopolim
1258 1599 1469 1652 obsidet
1492 1613 1556 1653 ac
1583 1609 1863 1667 oppugnat
1889 1616 1905 1665 ;
1934 1616 2056 1671 quae
2083 1601 2302 1671 quidem
2336 1601 2553 1657 obsidio
2581 1611 2724 1658 totos
2754 1604 2943 1658 decem
2999 1614 3172 1654 annos
3213 1597 3451 1651 duravit.
3485 1594 3697 1650 Interea

458 1684 673 1739 Manuel
704 1684 947 1739 animum
977 1686 1127 1738 nullo
1160 1687 1324 1737 molo
1359 1685 1680 1753 despondet,
1710 1687 1802 1740 sed
1829 1696 2114 1756 paternum
2141 1688 2386 1742 imitatus
2426 1690 2742 1752 consdium,
2773 1688 2997 1758 Joanni,
3024 1684 3320 1741 Andronici
3354 1683 3538 1737 fratris
3561 1683 3695 1745 filio,

460 1773 615 1828 urbis
637 1774 874 1827 obsessae
912 1788 1041 1827 cura
1078 1772 1505 1841 defensioneqne
1536 1773 1847 1837 commissa,
1881 1775 1933 1826 in
1963 1773 2171 1829 Italiam
2204 1775 2270 1828 ad
2317 1776 2654 1844 pontificem,
2696 1774 2986 1831 Mediolani
3013 1773 3206 1828 ducem
3233 1781 3286 1826 et
3304 1770 3539 1825 Venetos
3567 1784 3695 1838 pro-

460 1860 742 1915 ficiscitur.
768 1858 905 1916 Hinc
934 1860 1047 1914 abit
1096 1860 1146 1913 in
1183 1860 1405 1921 Gallias,
1434 1860 1525 1914 ubi
1545 1860 1797 1915 (larolum
1856 1875 2038 1930 regem
2094 1862 2350 1930 phrenesi
2411 1863 2753 1919 laborantem
2789 1866 3012 1933 reperit.
3068 1864 3351 1935 Nusquam
3394 1864 3694 1933 quidquam

455 1949 578 2021 opjs
608 1950 882 2019 impetrat.
925 1951 1172 2018 Cumque
1204 1950 1456 2003 morbum
1480 1949 1620 2020 regis
1651 1949 2052 2005 diuturniorem
2085 1951 2201 2004 fore
2237 1951 2591 2020 prospiceret,
2623 1968 2721 2021 per
2754 1952 3101 2007 Germaniam
3134 1962 3188 2008 et
3214 1953 3548 2005 Pannoniam
3582 1951 3683 2005 do-

456 2052 605 2091 mum
641 2039 953 2092 revertitur.
974 2036 1131 2091 Omni
1164 2037 1458 2092 destitutus
1487 2040 1725 2093 humano
1760 2039 2035 2107 praesidio,
2068 2038 2237 2091 Deum
2285 2039 2388 2093 sibi
2438 2040 2922 2105 prmsentissimum
2967 2043 3269 2107 experitur.
3310 2040 3444 2095 Nam
3474 2038 3695 2106 Bajaze-

455 2136 543 2182 tus
573 2127 833 2182 obsessor
865 2128 1013 2183 urbis
1040 2126 1228 2195 praelia
1260 2126 1462 2187 victus,
1496 2128 1546 2179 in
1583 2124 1960 2181 'l‘amberlanis
1983 2123 2307 2194 Scytharum
2370 2126 2631 2195 principis
2656 2135 2979 2195 potestatem
3013 2129 3181 2193 venit,
3233 2142 3334 2182 nec
3377 2127 3442 2181 ad
3466 2136 3693 2181 mortem

367 2268 373 2275 ,
455 2228 630 2285 usque
659 2229 719 2270 se
760 2229 954 2269 rursus
983 2215 1093 2268 ulla
1132 2214 1417 2268 rationein
1457 2214 1761 2268 libertatem
1795 2228 2044 2267 asserere
2075 2214 2273 2283 potuit.
2314 2214 2512 2282 Ingens
2539 2214 2640 2268 hoc
2664 2214 2757 2269 Dei
2793 2214 3115 2271 beneficium
3146 2216 3359 2271 Manuel
3380 2216 3580 2285 hymno
3608 2228 3696 2269 ce-

454 2302 648 2366 lebrat,
675 2317 837 2370 quem
868 2303 957 2356 hic
989 2302 1040 2355 in
1065 2310 1310 2356 extremo
1341 2284 1597 2368 legimus.
1626 2299 1734 2354 Nec
1765 2301 1936 2353 multo
1968 2308 2113 2369 post,
2148 2309 2206 2355 ut
2233 2316 2363 2357 suos
2395 2317 2425 2356 a
2456 2301 2823 2357 Barbarorum
2853 2303 3071 2371 injuriis
3101 2311 3394 2369 tutaretur,
3420 2284 3692 2359 lsthmum

456 2390 818 2460 Peloponnesi
847 2405 1004 2443 muro
1034 2388 1260 2451 claudit,
1284 2388 1663 2457 exstinctaque
1692 2387 1965 2457 Bajazeto,
2001 2397 2317 2459 perpetuam
2368 2406 2496 2444 cum
2526 2389 2858 2457 Mahometo,
2886 2392 3004 2460 ejus
3033 2392 3164 2457 lilio,
3190 2406 3375 2461 pacem
3399 2390 3551 2445 facit.
3583 2391 3695 2444 Ta-

452 2477 559 2531 lem
586 2486 908 2542 tantumque
947 2479 1271 2548 principem.
1304 2484 1523 2545 tamque
1548 2476 1658 2530 Deo
1686 2476 1934 2539 charum,
1968 2476 2035 2531 ad
2073 2486 2143 2544 te,
2172 2478 2485 2544 Francisce.
2519 2494 2807 2549 procerum
2849 2480 3108 2535 Italorum
3138 2479 3327 2543 decus,
3375 2479 3691 2549 ablegamus

452 2576 513 2622 ut
544 2567 643 2622 tibi
683 2567 851 2623 libros
884 2566 1051 2623 hosce
1085 2581 1235 2631 suos,
1264 2565 1358 2636 qui
1382 2565 1624 2620 rationes
1664 2564 1962 2620 educandae
1995 2564 2156 2635 regiae
2207 2568 2413 2624 sobolis
2434 2569 2743 2631 continent,
2791 2567 3021 2623 oderat:
3056 2583 3162 2623 non
3190 2569 3333 2638 quod
3366 2581 3419 2622 tu
3474 2582 3690 2638 praece-

452 2660 562 2727 ptis
586 2660 732 2714 hisce
754 2658 1020 2730 indigeas.
1046 2658 1137 2727 qui
1170 2656 1492 2727 jamdudum
1526 2658 1725 2711 maturi
1754 2658 2136 2728 sapientisque
2164 2655 2429 2725 principis
2464 2670 2722 2710 numeros
2746 2655 2967 2723 imples.
3005 2656 3100 2711 sed
3150 2669 3209 2711 ut
3241 2656 3536 2724 aliquando
3559 2653 3691 2708 Phi-

449 2747 584 2818 lippi
612 2750 712 2811 tui,
746 2762 870 2803 cum
904 2747 1133 2805 feliciter
1154 2746 1475 2813 adoleverit,
1503 2747 1701 2801 studiis
1730 2755 1784 2801 et
1806 2748 1929 2802 usui
1958 2746 2223 2801 serviant.
2257 2742 2372 2796 Erit
2417 2750 2621 2807 autem,
2654 2753 2714 2795 ut
2761 2758 2942 2813 spero,
2966 2758 3073 2796 non
3099 2742 3345 2812 ingratus
3377 2743 3466 2797 hic
3495 2743 3689 2809 hospes

450 2837 569 2902 tibi,
602 2837 692 2904 qui
722 2852 847 2890 cum
885 2846 1130 2906 augustae
1160 2834 1380 2889 familiae
1413 2834 1751 2888 ornamentis
1781 2834 2045 2889 doctrina:
2071 2832 2287 2885 laudem
2337 2831 2644 2898 conjunxit.
2683 2828 2908 2898 Semper
2942 2829 3086 2883 enim
3122 2832 3224 2884 hoc
3267 2828 3540 2899 peculiare
3585 2828 3692 2883 fuit

449 2922 701 2978 Mediceae
728 2923 872 2991 genti
895 2932 1107 2984 vestrm,
1137 2931 1195 2973 ut
1221 2935 1379 2973 omen
1412 2920 1715 2972 doctrinam
1743 2919 2051 2985 liberalem,
2095 2933 2150 2975 et
2182 2920 2327 2974 viros
2348 2934 2412 2972 ex
2438 2933 2499 2971 ea
2523 2918 2720 2980 claros,
2748 2917 3147 2973 humanissime
3173 2918 3686 2987 complecterentur.

448 3010 642 3077 Magno
673 3010 747 3065 illi
785 3011 1009 3073 Cosmo,
1040 3008 1131 3076 qui
1173 3008 1384 3076 primus
1427 3009 1542 3060 suis
1586 3007 1886 3073 praelucere
1927 3006 2229 3075 majoribus
2282 3010 2447 3076 cepit,
2498 3004 2861 3075 Chrysoloras
2889 3015 2942 3062 et
2981 3007 3375 3076 Argyropulus,
3435 3007 3689 3061 homines

447 3082 643 3163 Graeci:
673 3098 1083 3162 litterarumque
1105 3094 1416 3149 Graecarum
1451 3107 1546 3161 per
1597 3092 1803 3146 Italiam
1827 3130 1842 3155 ,
1870 3092 2220 3147 Germaniam
2245 3103 2298 3147 ct
2325 3093 2557 3149 Galliam
2609 3102 3019 3163 propagatores,
3060 3093 3114 3146 in
3141 3092 3355 3147 deliciis
3376 3100 3429 3146 et
3479 3093 3686 3146 amori-

447 3186 549 3240 bus
579 3187 752 3240 fuere.
800 3184 977 3252 Nepos
1018 3191 1197 3235 autem
1230 3182 1349 3250 ejus
1390 3179 1721 3235 Laurentius
1750 3190 1955 3247 quanto
1986 3177 2185 3233 Janum
2230 3179 2504 3235 Lasearim
2555 3189 2742 3234 natum
2772 3196 2836 3234 ex
2882 3179 3235 3249 imperatoria
3271 3180 3438 3249 stirpe
3476 3179 3686 3239 Graeca.

448 3272 788 3328 Demetrium
817 3269 1333 3340 Chalcocondylam,
1392 3268 1709 3322 Michaelem
1762 3266 2046 3321 Marullum
2094 3268 2516 3323 Tarchaniotam
2551 3269 2820 3322 illustrem
2867 3267 3144 3331 virutn,in
3197 3269 3404 3322 honore
3453 3267 3689 3322 habuit?

446 3360 695 3429 Denique
725 3358 958 3415 Cosmus
1003 3367 1174 3426 pater,
1206 3366 1263 3410 ut
1297 3356 1430 3409 alios
1445 3356 1717 3417 omittam,
1752 3355 2017 3421 majorum
2047 3357 2289 3423 vestigiis
2312 3356 2592 3420 insistens,
2613 3372 2739 3411 cum
2768 3356 2890 3409 aliis
2926 3355 3316 3423 rempublicam
3358 3356 3682 3409 litterariam

448 3448 726 3504 beneflciis
747 3446 966 3513 an‘eeit;
1000 3457 1112 3499 tum
1156 3444 1531 3498 nobilissimos
1572 3443 1693 3498 illos
1714 3442 2111 3498 Pandectarum
2132 3443 2570 3498 Florentinarum
2596 3444 2783 3504 libros.
2809 3453 2915 3497 tam
2935 3453 3123 3498 sancte
3148 3443 3363 3498 saeculis
3385 3452 3465 3497 tot
3496 3443 3687 3498 adser-

446 3545 628 3600 vatos,
660 3535 959 3591 immortali
983 3548 1081 3588 sua
1115 3548 1239 3587 eum
1274 3532 1435 3586 laude
1458 3532 2210 3586 nobiseumcommunicavit.
2240 3531 2441 3585 llorum
2474 3532 2719 3600 exempla
2744 3542 2799 3586 tu
2820 3533 3244 3602 quoqueproeul
3274 3532 3439 3587 dubio
3471 3547 3690 3601 semper

446 3625 752 3691 imitabere,
810 3624 901 3693 qui
944 3624 1157 3677 caeteris
1192 3622 1243 3675 in
1273 3623 1436 3674 rebus
1492 3620 1664 3673 avitas
1710 3621 2046 3690 patritasque
2092 3607 2341 3684 virtutes,
2397 3631 2447 3674 et
2517 3620 2732 3690 egregia
2781 3619 2946 3686 facta,
2987 3622 3306 3691 jamdudum
3362 3636 3469 3674 non
3509 3621 3684 3674 solum

445 3713 695 3781 mquasti,
731 3727 918 3768 verum
965 3712 1127 3766 etiam
1165 3723 1419 3777 magnum
1452 3706 1645 3762 iisdem
1698 3707 1880 3763 laudis
1931 3709 2118 3781 gloria:
2152 3708 2431 3780 dignitatis
2453 3708 2794 3777 amplificata:
2825 3709 3105 3763 cumulum
3140 3708 3407 3778 adjecisti.
3444 3705 3594 3762 Vale.
3613 3707 3660 3760 ,ί

444 3799 505 3853 D.
527 3798 614 3855 Vll
646 3799 719 3854 ld.
758 3800 986 3855 Januar.
1019 3797 1228 3854 Vienna
1260 3796 1603 3851 Pannonum.

2336 3935 2412 3995 Jo.
2447 3934 2817 3991 Lsuncuvws
2853 3934 3184 3991 Germanus.
