4166 6270
443 503 1943 533 ._.._..__-—-—-—————_________t___

928 518 2036 553 ,,,__________.__=
2150 525 2219 555 η
2402 550 2482 559 _

732 668 1573 812 ΜΑΝΟΥΗΛ
1648 686 1997 819 ΤΟΥ
2082 688 3342 837 ΠΑΛΑΙΟΛΟΓΟΥ

1370 366 1777 432 ΡῐῖιΈΟΕΡΤΑπ
1807 374 2333 442 EDUCATIONIS
2367 384 2652 451 REGI/E.

3552 396 3655 456 314

3515 555 3561 571 ,ηδ
3566 548 3587 573 4

2698 540 3134 550 -——————————-—_—.
3149 542 3513 554 -ρη--η-...ρ-..μ

1192 885 1330 943 ΤΟΥ
1354 891 1891 951 ΕΥΣΕΒΕΣΤΑΤΟΥ
1912 902 2030 956 ΚΑΙ
2060 902 2520 961 ΦΙΛΟΧΡΙΣΤΟΥ
2547 910 2880 966 ΒΑΣΙΛΕΩΣ

561 1002 738 1059 ΠΡΟΣ
773 1006 909 1059 ΤΟΝ
942 1007 1469 1068 ΕΡΑΣΜΙΩΤΑΤΟΝ
1498 1016 1665 1069 ΥΙΟΝ
1690 1019 1924 1073 ΑΥΤΟΥ
1952 1024 2071 1076 ΚΑΙ
2116 1025 2429 1092 ΒΑΣΙΛΕΑ,
2457 1030 2771 1087 ΙΩΛΝΝΗΝ
2816 1035 2955 1089 ΤΟΝ
3002 1034 3488 1093 ΠΑΛΔΙΟΛΟΓΟΝ
3603 1071 3627 1090 .

1120 1157 1732 1250 ΥΠΟΘΗΚΑΙ
1832 1168 2427 1260 ΒΑΣΙΛΙΚΗΣ
2532 1180 2977 1268 ΑΓΩΓΗΣ

1725 1337 1814 1390 ΕΝ
1861 1340 2277 1397 ΚΕΦΑΛΑΙΟΙΣ
2328 1347 2408 1398 Ρ¹⁶

935 1636 1906 1801 MANUELIS
1984 1654 3136 1821 PAL/EOLOGI

1332 1899 1673 1958 RELIGIOSI
1711 1905 1802 1961 ET
1826 1906 2218 1967 CIIRISTIANI
2260 1916 2737 1975 IMPERATORIS

790 2016 881 2069 AD
915 2017 1465 2079 AMABILISSIMUM
1516 2024 1755 2084 FILIUM
1786 2028 1873 2084 ET
1899 2030 2406 2095 IMPERATOREM
2435 2039 2756 2099 JOANNEM
2787 2044 3286 2108 PALEOLOGUM

980 2179 1624 2273 PRIECEPTA
1731 2188 2556 2291 EDUCATIONIS
2639 2206 3078 2297 REGl/E.

1545 2368 1587 2424 C
1616 2368 2127 2434 COMPREHENSA
2172 2381 2487 2443 CAPITIBU
2501 2384 2558 2442 S.

752 2695 885 2753 ΕΠΙ
887 2700 931 2753 Σ
938 2702 1127 2754 ΤΟΛΗ
1164 2702 1651 2762 ΠΡΟΟῙΜῙΑΚΗ.

499 2809 600 2862 Ἐν
629 2811 1075 2877 Πελοποννήσῳ
1120 2813 1197 2867 σέ
1232 2815 1451 2881 λιπὼν,
1486 2817 1556 2882 ἐξ
1598 2818 1855 2888 Ἰταλίας
1890 2823 1982 2891 ἐρ-

417 2903 669 2971 χόμενος
694 2901 761 2972 (ὦ
790 2904 917 2970 πῶς
965 2905 1235 2987 ἐνεγκεῖν
1282 2908 1588 2978 ἐδυνήθην
1605 2914 1671 2977 ;),
1702 2910 1863 2985 ἦσθα
1916 2916 1986 2968 δὲ

361 2991 369 2997 ’
417 2995 657 3047 παιδίον
682 2994 791 3061 ἔτι,
822 2996 919 3048 καὶ
948 2998 1225 3063 παιδείας
1246 3002 1318 3054 οὐ
1336 3001 1577 3070 συχνῆς
1595 3005 1866 3074 μετέχων
1889 3007 1985 3063 διὰ

417 3086 530 3151 τὴν
553 3087 819 3152 ἡλικίαν,
849 3089 1053 3156 ἄλλως
1085 3092 1148 3144 τέ
1173 3109 1271 3146 σοι
1300 3096 1399 3147 καὶ
1438 3095 1550 3163 τῆς
1590 3100 1779 3168 τύχης
1805 3101 1985 3170 ἐμπο-

418 3176 537 3229 δὼν
572 3180 659 3243 είς
714 3181 891 3235 τοῦτο
927 3185 1349 3252 γεγενημένης,
1397 3188 1734 3257 ὑποθήκαις
1781 3193 1853 3261 τῇ
1882 3196 1985 3250 δυ-

418 3268 587 3338 νάμει
622 3274 1104 3340 συμϐαινούσαις
1139 3276 1487 3347 ἐρῤὐθμιζον
1510 3297 1524 3311 ο
1553 3282 1622 3335 ἐν
1652 3279 1748 3349 αἷς
1780 3285 1986 3355 ἐτέρας

417 3363 879 3434 ἐπηγγελλόμην
917 3366 1019 3420 σοὶ
1081 3367 1304 3423 δώσειν
1351 3372 1469 3439 τὴν
1517 3374 1768 3442 ἠλικίαν
1816 3378 1984 3448 ἀμεί-

418 3454 601 3519 ϐοντι,
651 3456 980 3526 τελεωτέρῳ
1018 3459 1136 3525 βίῳ
1182 3465 1553 3532 πρεπούσας.
1604 3468 1768 3538 Ἀρτι
1824 3470 1890 3525 δέ
1921 3489 1988 3543 γε

420 3548 699 3613 μειρακίῳ
721 3552 1011 3617 γεγονότι,
1039 3553 1138 3606 καὶ
1166 3557 1315 3624 πρὸς
1340 3556 1498 3625 ἡμᾶς
1530 3567 1983 3631 παραγεγονότι,

421 3633 662 3703 φέροντι
694 3656 758 3692 τε
786 3639 860 3709 τῇ
892 3643 1065 3713 ψυχῇ
1095 3648 1369 3714 παιδείας
1404 3652 1476 3704 οὐ
1505 3652 1746 3720 φαῦλον
1783 3656 1983 3725 μέρος,

420 3728 731 3796 ἐμπειρίαν
762 3747 825 3783 τε
862 3732 1075 3800 τόξων,
1109 3739 1206 3790 καὶ
1241 3740 1445 3807 θήρας,
1497 3744 1596 3797 καὶ
1631 3744 1751 3799 τῶν
1790 3752 1986 3802 τοιού-

422 3837 560 3885 των,
588 3816 740 3889 ἦλθε
762 3822 880 3891 μέν
908 3838 1006 3877 σοι
1036 3827 1173 3894 παρ’
1205 3830 1376 3898 ἡμῶν
1403 3837 1553 3902 πρὸς
1592 3836 1757 3890 ἅπαν
1781 3840 1985 3906 ἐπιτή-

419 3911 610 3979 δευμα
642 3915 1079 3980 στρατιωτικὸν
1120 3918 1193 3970 τὰ
1223 3923 1569 3990 γιγνόμενα,
1614 3926 1795 3992 εὐθὺς
1835 3928 1985 3995 νεὼς

2012 2715 2060 2771 Α

2419 2739 2784 2800 EPISTULA
2827 2745 3341 2806 ΡΠΟΕΕΜΙΛΗΞ.

2159 2828 2293 2884 Cum
2331 2845 2391 2885 ac
2420 2830 2584 2887 Italia
2605 2835 2834 2899 veniens,
2875 2837 2926 2891 in
2958 2837 3315 2908 Peloponneso
3334 2851 3382 2895 te
3409 2842 3662 2913 relinque-

2089 2937 2197 2975 rem
2220 2922 2292 2992 (0,
2327 2940 2554 2993 quonam
2587 2927 2641 2979 id
2675 2939 2829 2996 pacto
2857 2941 2911 2983 ut
2946 2930 3195 2999 facerem,
3231 2935 3470 2986 animum
3506 2937 3663 2987 iullu-

2088 3030 2203 3067 cere
2226 3015 2370 3083 potui
2401 3016 2438 3085 ί)
2461 3017 2694 3085 puellum
2728 3006 2920 3085 adhuc,
2953 3033 3000 3075 et
3024 3040 3116 3091 per
3137 3033 3344 3078 (etatem
3377 3025 3567 3079 litteris
3590 3038 3663 3079 te-

2088 3106 2263 3157 nuiter
2289 3104 2569 3171 imbutum,
2603 3114 2742 3177 quod
2771 3112 2885 3179 ipsa
2940 3129 3143 3182 quoque
3183 3113 3402 3182 fortuna
3455 3115 3509 3168 in
3566 3114 3663 3168 hoc

2090 3198 2181 3250 tibi
2204 3197 2390 3265 fuisset
2432 3199 2821 3266 impedimento,
2844 3206 3117 3272 praeceptis
3139 3205 3521 3272 informabam,
3548 3223 3663 3274 qua:

2088 3290 2194 3343 tuis
2218 3300 2326 3343 tum
2352 3290 2545 3345 viribus
2573 3294 2943 3360 responderent
2966 3313 2979 3350 :
3007 3297 3325 3367 simulatque
3350 3315 3430 3351 me
3460 3299 3554 3350 tibi
3577 3299 3663 3367 fa.

2088 3391 2170 3435 cto
2197 3383 2595 3451 grandiuscula,
2629 3385 2883 3441 daturum
2908 3387 3028 3441 alia
3059 3388 3366 3455 pollicebar,
3403 3390 3521 3442 vita:
3547 3406 3661 3442 ma-

2089 3476 2278 3528 turiori
2326 3477 2703 3531 convenientia.
2746 3477 2904 3531 Nunc
2939 3479 3355 3532 adolescentiam
3405 3482 3657 3546 ingresso,

2087 3575 2135 3618 et
2160 3581 2322 3633 nuper
2358 3568 2427 3620 ad
2458 3584 2548 3621 nos
2572 3585 2793 3635 reverso,
2827 3586 2917 3621 nec
2951 3569 3099 3623 uilem
3125 3569 3444 3624 eruditionis
3460 3582 3662 3639 partem

2084 3658 2264 3711 animo
2291 3656 2463 3713 secum
2499 3661 2688 3729 ferenti
2724 3680 2741 3714 .'
2771 3677 2887 3713 cum
2915 3662 3227 3730 sagittandi,
3252 3663 3495 3724 venandi,
3523 3663 3662 3715 alio-

2088 3765 2304 3817 rumque
2329 3749 2517 3802 talium
2552 3752 2745 3819 peritia
2779 3769 2793 3805 :
2828 3752 2989 3804 missa
3013 3751 3223 3821 quidem
3248 3768 3281 3804 a
3312 3753 3459 3803 nobis
3513 3763 3656 3810 sunt.

2087 3840 2176 3893 ubi
2199 3842 2428 3908 primum
2455 3844 2576 3895 navi
2623 3844 2812 3913 fuisses
2846 3859 3106 3912 egressus,
3127 3859 3243 3912 qum
3272 3847 3340 3895 ad
3392 3844 3469 3896 rei
3526 3844 3662 3896 mili-

2093 3932 2223 3983 taris
2250 3931 2480 3985 studium
2516 3948 2821 4003 quocunque
2861 3934 3013 3986 modo
3038 3936 3359 4017 pertinerent
3399 3951 3417 3988 :
3467 3945 3519 3987 at
3566 3936 3661 3989 illa

420 4003 713 4058 ἀποϐάντι
733 4020 747 4033 ο
775 4006 835 4057 al
867 4004 937 4057 δὲ
967 4007 1339 4077 ὑποσχέσεις
1365 4014 1550 4080 οὔπω,
1579 4016 1737 4071 ετποι
1770 4036 1860 4081 τις
1888 4018 1984 4085 ἂν,

2090 4022 2154 4076 de
2198 4024 2384 4093 quibus
2432 4024 2649 4089 dictum,
2706 4027 2969 4094 promissa
3029 4028 3248 4089 necdum
3280 4009 3656 4097 apparuerunt.

421 4090 596 4163 οἶμαι,
649 4095 853 4149 δεινόν
885 4114 951 4166 γε
983 4097 1090 4165 τὰς
1141 4102 1289 4169 πρὸς
1316 4104 1546 4175 ῥώμην,
1580 4108 1678 4162 καὶ
1721 4112 1990 4180 πόλεμον

2096 4090 2437 4183 Objecturum
2469 4117 2552 4169 hic
2602 4090 2717 4170 alia
2762 4134 2914 4187 quem
2970 4120 3116 4173 nobis
3163 4120 3414 4184 arbitror,
3469 4122 3661 4173 mirum

421 4185 517 4239 καὶ
556 4185 711 4254 ὅλως
738 4187 839 4253 τὰς
875 4188 983 4242 τοῦ
1026 4190 1304 4260 σώματος
1335 4197 1681 4267 ἐπιμελείας
1728 4205 1993 4270 προτιθέ-

420 4296 517 4333 ναι
566 4280 694 4345 τοῦ,
734 4280 849 4347 ὅτῳ
880 4283 958 4336 ἂν
1004 4285 1222 4354 ψυχὴν
1252 4289 1371 4342 ’καὶ
1418 4291 1571 4346 νοῦν
1608 4296 1991 4366 λαμπρότερα

418 4372 778 4441 ἀποφήναις.
814 4374 922 4429 Kal
957 4377 1029 4431 τὰ
1056 4378 1175 4446 μὲν
1220 4380 1508 4447 μηδέποθ’
1571 4388 1987 4458 ὑπεσχημένα,

418 4465 604 4518 ταῦτα
630 4465 699 4519 δέ
745 4466 943 4521 πάντα
972 4482 1073 4522 σοι
1113 4470 1324 4526 δοῦναι
1357 4474 1591 4531 δίκαιον
1619 4478 1693 4533 δν
1733 4482 1944 4549 ἁπλῶς
1969 4500 1984 4516 ·

419 4555 604 4619 αὐτὰς
628 4555 699 4610 δέ
728 4559 836 4624 τὰς
866 4559 1250 4630 ἐπαγγελίας,
1280 4561 1367 4621 ὧν
1405 4569 1504 4622 καὶ
1542 4569 1688 4624 ὄντα
1725 4573 1989 4642 ἐμαυτὸν

421 4649 733 4715 ὑπόχρεων
774 4652 1080 4706 πλείστων
1124 4654 1325 4722 ἕνεκα,
1372 4658 1634 4715 διπλοῦν
1663 4664 1791 4730 ταῖς
1837 4668 1989 4721 ὑποο

419 4738 717 4808 σχέσεσιν
744 4742 1136 4814 εἰργασάμην.
1162 4748 1417 4815 μηδέπω
1450 4752 1552 4805 σοὶ
1583 4754 1685 4807 και
1728 4756 1845 4810 νῦν
1878 4772 1991 4812 πα-

418 4830 804 4901 ραγεγονέναι
829 4849 842 4862 ·
890 4835 988 4887 καὶ
1035 4835 1227 4889 ἵππον
1252 4840 1370 4907 μὲν
1410 4841 1529 4894 τῶν
1573 4845 1856 4913 εὐγενῶν,
1892 4850 1992 4915 καὶ

311 4971 315 4975 .
420 4923 644 4993 ιέρακα,
686 4925 786 4979 καὶ
834 4927 1011 4980 κύναο
1038 4931 1398 4999 παρασχεῖν,
1458 4936 1681 5003 λόγους
1734 4939 1803 4991 δὲ
1850 4955 1991 5009 προ-

418 5018 795 5087 τρεπτικοὺς,
860 5019 960 5075 καὶ
1008 5022 1298 5089 πατρικὰς
1344 5027 1749 5096 παραινέσεις,
1805 5048 1989 5087 συνε-

417 5110 656 5181 νεγκεῖν
678 5109 796 5180 μὲν
822 5109 1163 5181 δυναμένας
1199 5114 1334 5181 υιεῖ,
1382 5120 1775 5189 συνενεγκεῖν
1803 5122 1872 5175 δὲ
1910 5124 1996 5189 τῷ

422 5202 622 5269 κοινῷ,
670 5202 872 5271 ὥσπερ
908 5204 1259 5274 ἐξεπίτηδες
1308 5209 1778 5267 ἀναϐάλλεσθαι.
1848 5217 1990 5286 Ἐγὼ

418 5295 486 5348 δέ
523 5293 740 5348 τοῦτον
771 5294 993 5364 εῖποιμ⁹
1028 5295 1108 5351 ἂν
1136 5300 1361 5354 οὑτωσὶ
1400 5304 1463 5356 τὸ
1502 5304 1736 5370 πρέπον
1773 5307 1985 5371 εἰπεῖν,

2092 4225 2219 4262 sane
2240 4210 2429 4274 videri,
2455 4226 2572 4280 qua:
2601 4213 2670 4265 ad
2718 4215 2900 4277 robur,
2927 4222 2977 4266 et
3044 4214 3259 4275 bellum,
3317 4226 3363 4268 et
3424 4214 3660 4279 corporis

2090 4302 2301 4354 omnino
2342 4318 2526 4354 curam
2552 4312 2803 4371 spectent,
2836 4320 2896 4357 eo
2936 4305 3148 4373 potiora
3196 4305 3340 4365 duci,
3380 4319 3471 4372 per
3524 4304 3661 4373 quod

2092 4395 2250 4447 menti
2276 4403 2324 4446 et
2340 4395 2515 4449 animo
2547 4397 2794 4456 splendor
2840 4396 3037 4466 aliquis
3069 4397 3314 4450 accedere
3344 4394 3507 4463 possit
3532 4394 3660 4447 :itio

2090 4486 2230 4550 dem,
2258 4501 2374 4554 qua:
2396 4503 2664 4557 nunquam
2696 4488 2790 4541 tibi
2813 4489 3082 4556 pollicitus
3120 4491 3241 4552 sim,
3268 4489 3455 4542 merito
3507 4488 3661 4551 data,

2092 4578 2297 4631 ratione
2333 4579 2565 4647 quadam
2594 4578 2823 4648 simplici
2841 4591 2933 4644 ;at
2963 4580 3079 4648 ipsa
3132 4570 3411 4648 promissa.
3467 4580 3657 4649 quibus

2089 4672 2407 4735 prmstandis
2448 4680 2635 4725 caetero
2689 4673 2817 4741 quin
2864 4672 3169 4736 obnoxium,
3219 4671 3513 4741 pollicendo
3583 4688 3661 4725 me

2090 4761 2367 4830 dupliciter
2383 4762 2683 4831 obligarim,
2708 4779 2770 4816 ne
2794 4779 2931 4816 nunc
2954 4764 3163 4833 quidem
3185 4764 3450 4817 exhibita:
3474 4778 3661 4831 equum

2090 4855 2309 4923 denique
2335 4871 2663 4924 generosum,
2697 4865 2746 4908 et
2781 4858 3106 4920 accipitrem,
3154 4865 3203 4910 et
3226 4872 3408 4910 canem
3468 4871 3660 4924 suppe-

2090 4945 2364 5009 ditatum;
2399 4958 2453 4999 at
2486 4947 2749 5000 orationes
2774 4948 2842 5000 ad
2894 4949 3156 5014 pra'clara
3208 4948 3565 5013 cohortantes,
3612 4958 3660 5003 et

2092 5036 2319 5090 monitus
2352 5046 2624 5106 paternos,
2683 5054 2800 5091 cum
2821 5040 2921 5106 ipsi
2974 5040 3112 5107 ﬁlio,
3173 5048 3285 5093 tum
3349 5039 3657 5110 reipublicae

2089 5127 2419 5195 profuturos,
2470 5130 2625 5193 quasi
2684 5128 2747 5183 de
2780 5131 3048 5184 industria
3085 5133 3491 5200 procrastinari.
3546 5130 3660 5200 Ego

2091 5235 2208 5274 vero
2241 5219 2432 5287 fateor,
2463 5221 2575 5275 ha’c
2606 5238 2711 5277 non
2757 5222 2997 5277 indecore
3030 5224 3164 5287 dici';
3221 5224 3311 5277 sed
3335 5224 3398 5275 ab
3429 5224 3655 5283 nomine,

2088 5312 2178 5379 qui
2202 5326 2303 5363 non
2338 5312 2517 5365 omnia
2550 5326 2688 5366 recte
2738 5313 3167 5369 consideruverit.
3198 5314 3311 5368 Par
3333 5315 3472 5367 enim
3519 5325 3655 5376 erat,

418 5388 491 5441 οὐ
511 5386 636 5455 μήν
667 5405 731 5458 γε
759 5386 957 5443 πάντα
996 5390 1195 5458 καλῶς
1226 5394 1651 5459 σκοπήσαντα.
1689 5399 1852 5452 Ἔδει
1879 5399 1988 5469 γάρ
2014 5432 2019 5465 ς

2091 5401 2269 5454 animo
2299 5409 2386 5454 tuo
2419 5402 2629 5467 tenella,
2661 5404 2851 5473 quique
2876 5413 2985 5457 tam
3014 5406 3345 5474 navigatione
3392 5406 3651 5456 diuturna

418 5494 536 5532 σου
553 5477 667 5547 τὴν
686 5478 900 5549 ψυχὴν
918 5481 1308 5551 ἀπαλωτέβαν
1326 5482 1545 5550 οὖσαν,
1572 5491 1988 5557 πεπονηκυῖαν

419 5572 518 5625 καὶ
548 5572 682 5637 πλῷ
730 5572 958 5641 μακρῷ,
993 5576 1091 5628 καὶ
1135 5576 1442 5647 ἀποδημίᾳ
1487 5582 1731 5650 γονέων,
1772 5583 1988 5639 δοῦναί

2088 5584 2215 5638 nihil
2235 5585 2575 5641 exhilarandi
2601 5590 2807 5657 copiam
2839 5589 2957 5656 ﬁeri
2999 5608 3012 5645 :

2080 5676 2461 5746 alacritateque
2497 5693 2673 5747 vegeta
2726 5692 3061 5751 recuperata,
3117 5696 3220 5732 non
3271 5679 3513 5745 ignaviaz.
3563 5676 3654 5729 sed

418 5679 475 5715 τι
506 5662 883 5734 διαχυθῆναι,
927 5666 1089 5735 ὅπως
1118 5668 1193 5736 δὴ
1244 5670 1361 5739 τὴν
1387 5671 1652 5742 ἀθυμίαν
1697 5691 1981 5746 παέρωσα⁸

2083 5508 2242 5561 quam
2269 5495 2507 5547 absentia
2526 5506 2823 5563 parentum,
2854 5496 3164 5551 debilitatus
3200 5485 3357 5560 esset,
3388 5495 3471 5549 sui
3521 5509 3654 5545 non-

3079 5599 3133 5641 ut
3157 5603 3374 5657 expurso
3431 5599 3652 5637 mternre

416 5755 598 5826 μάνη,
616 5758 1003 5828 ἀκμάζουσαν
1026 5763 1300 5819 λαϐοῦσα
1327 5770 1684 5837 προθυμίαν,
1707 5769 1983 5841 ἀσμένως

2088 5770 2282 5827 honesti
2302 5772 2565 5840 praecepta
2598 5775 2890 5828 traditurus
2932 5768 3195 5826 orationes
3227 5769 3413 5836 cupide
3460 5769 3655 5821 admit-
