  <div class='ocr_page' id='page_1' title='image "/cluster/home/n/w/nwhite01/storage/ocr_20150623/156/mdp.39015078384719/165.png"; bbox 0 0 4166 6270; ppageno 0'>
   <div class='ocr_carea' id='block_1_1' title="bbox 526 341 2610 409">
    <p class='ocr_par' dir='ltr' id='par_1_1' title="bbox 526 341 2610 409">
     <span class='ocr_line' id='line_1_1' title="bbox 526 341 2610 409; baseline -0.003 -1"><span class='ocrx_word' id='word_1_1' title='bbox 526 345 640 409; x_wconf 74' lang='grc' dir='ltr'><strong><em>3ιῆ</em></strong></span> <span class='ocrx_word' id='word_1_2' title='bbox 1719 341 2120 405; x_wconf 82' lang='lat' dir='ltr'><strong><em>MANUELIS</em></strong></span> <span class='ocrx_word' id='word_1_3' title='bbox 2160 342 2610 406; x_wconf 57' lang='lat' dir='ltr'><strong><em>PALEOLOGI</em></strong></span> 
     </span>
    </p>
   </div>
   <div class='ocr_carea' id='block_1_2' title="bbox 513 457 2104 533">
    <p class='ocr_par' dir='ltr' id='par_1_2' title="bbox 513 457 2088 530">
     <span class='ocr_line' id='line_1_2' title="bbox 513 457 2088 530; baseline -0.003 -15"><span class='ocrx_word' id='word_1_4' title='bbox 513 471 666 516; x_wconf 74' lang='lat' dir='ltr'><strong><em>teret.</em></strong></span> <span class='ocrx_word' id='word_1_5' title='bbox 709 462 894 530; x_wconf 80' lang='lat' dir='ltr'><strong><em>Itaque</em></strong></span> <span class='ocrx_word' id='word_1_6' title='bbox 923 474 1026 511; x_wconf 90' lang='lat' dir='ltr'><strong><em>non</em></strong></span> <span class='ocrx_word' id='word_1_7' title='bbox 1049 457 1182 510; x_wconf 89' lang='lat' dir='ltr'><strong><em>citra</em></strong></span> <span class='ocrx_word' id='word_1_8' title='bbox 1232 457 1492 511; x_wconf 88' lang='lat' dir='ltr'><strong><em>rationem</em></strong></span> <span class='ocrx_word' id='word_1_9' title='bbox 1538 457 1634 511; x_wconf 87' lang='lat' dir='ltr'><strong><em>hoc</em></strong></span> <span class='ocrx_word' id='word_1_10' title='bbox 1663 475 1694 512; x_wconf 93' lang='lat' dir='ltr'><strong><em>a</em></strong></span> <span class='ocrx_word' id='word_1_11' title='bbox 1750 474 1830 514; x_wconf 86' lang='lat' dir='ltr'><strong><em>me</em></strong></span> <span class='ocrx_word' id='word_1_12' title='bbox 1883 458 2088 530; x_wconf 90' lang='lat' dir='ltr'><strong><em>factum</em></strong></span> 
     </span>
    </p>
   </div>
   <div class='ocr_carea' id='block_1_3' title="bbox 2206 457 3798 533">
    <p class='ocr_par' dir='ltr' id='par_1_3' title="bbox 2206 458 3798 533">
     <span class='ocr_line' id='line_1_3' title="bbox 2206 458 3798 533; baseline 0.004 -21"><span class='ocrx_word' id='word_1_13' title='bbox 2206 458 2440 526; x_wconf 66' lang='grc' dir='ltr'><em>δέξηται</em></span> <span class='ocrx_word' id='word_1_14' title='bbox 2466 459 2712 533; x_wconf 83' lang='grc' dir='ltr'><em>λόγους,</em></span> <span class='ocrx_word' id='word_1_15' title='bbox 2743 461 2810 515; x_wconf 86' lang='grc' dir='ltr'><em>τὸ</em></span> <span class='ocrx_word' id='word_1_16' title='bbox 2851 459 3065 522; x_wconf 82' lang='grc' dir='ltr'><em>καλὸν,</em></span> <span class='ocrx_word' id='word_1_17' title='bbox 3096 458 3170 514; x_wconf 80' lang='grc' dir='ltr'><em>οὐ</em></span> <span class='ocrx_word' id='word_1_18' title='bbox 3207 459 3322 529; x_wconf 77' lang='grc' dir='ltr'><em>τὴν</em></span> <span class='ocrx_word' id='word_1_19' title='bbox 3343 461 3670 531; x_wconf 77' lang='grc' dir='ltr'><em>ῥᾳστώνην</em></span> <span class='ocrx_word' id='word_1_20' title='bbox 3695 483 3798 519; x_wconf 85' lang='grc' dir='ltr'><em>νο-</em></span> 
     </span>
    </p>
   </div>
   <div class='ocr_carea' id='block_1_4' title="bbox 513 549 2104 624">
    <p class='ocr_par' dir='ltr' id='par_1_4' title="bbox 513 549 2094 622">
     <span class='ocr_line' id='line_1_4' title="bbox 513 549 2094 622; baseline -0.003 -15"><span class='ocrx_word' id='word_1_21' title='bbox 513 556 638 622; x_wconf 86' lang='lat' dir='ltr'><strong><em>fuit,</em></strong></span> <span class='ocrx_word' id='word_1_22' title='bbox 672 565 828 620; x_wconf 88' lang='lat' dir='ltr'><strong><em>atque</em></strong></span> <span class='ocrx_word' id='word_1_23' title='bbox 858 551 1016 604; x_wconf 91' lang='lat' dir='ltr'><strong><em>etiam</em></strong></span> <span class='ocrx_word' id='word_1_24' title='bbox 1050 549 1128 602; x_wconf 91' lang='lat' dir='ltr'><strong><em>vel</em></strong></span> <span class='ocrx_word' id='word_1_25' title='bbox 1159 550 1318 603; x_wconf 90' lang='lat' dir='ltr'><strong><em>invito</em></strong></span> <span class='ocrx_word' id='word_1_26' title='bbox 1343 567 1422 603; x_wconf 89' lang='lat' dir='ltr'><strong><em>me</em></strong></span> <span class='ocrx_word' id='word_1_27' title='bbox 1445 567 1525 603; x_wconf 89' lang='lat' dir='ltr'><strong><em>res</em></strong></span> <span class='ocrx_word' id='word_1_28' title='bbox 1557 550 1785 616; x_wconf 76' lang='lat' dir='ltr'><strong><em>diutius,</em></strong></span> <span class='ocrx_word' id='word_1_29' title='bbox 1813 552 1861 604; x_wconf 91' lang='lat' dir='ltr'><strong><em>si</em></strong></span> <span class='ocrx_word' id='word_1_30' title='bbox 1912 566 2094 604; x_wconf 86' lang='lat' dir='ltr'><strong><em>verum</em></strong></span> 
     </span>
    </p>
   </div>
   <div class='ocr_carea' id='block_1_5' title="bbox 2206 549 3785 624">
    <p class='ocr_par' dir='ltr' id='par_1_5' title="bbox 2206 549 3785 624">
     <span class='ocr_line' id='line_1_5' title="bbox 2206 549 3785 624; baseline 0.006 -22"><span class='ocrx_word' id='word_1_31' title='bbox 2206 549 2629 618; x_wconf 88' lang='grc' dir='ltr'><em>μοθετοῦντας.</em></span> <span class='ocrx_word' id='word_1_32' title='bbox 2666 551 2850 605; x_wconf 86' lang='grc' dir='ltr'><em>Τοῦτο</em></span> <span class='ocrx_word' id='word_1_33' title='bbox 2871 551 2989 619; x_wconf 87' lang='grc' dir='ltr'><em>μὲν</em></span> <span class='ocrx_word' id='word_1_34' title='bbox 3016 550 3094 619; x_wconf 75' lang='grc' dir='ltr'><em>δὴ</em></span> <span class='ocrx_word' id='word_1_35' title='bbox 3129 552 3403 622; x_wconf 82' lang='grc' dir='ltr'><em>λογισμῷ</em></span> <span class='ocrx_word' id='word_1_36' title='bbox 3450 554 3785 624; x_wconf 81' lang='grc' dir='ltr'><em>πέπρακται</em></span> 
     </span>
    </p>
   </div>
   <div class='ocr_carea' id='block_1_6' title="bbox 515 627 2104 719">
    <p class='ocr_par' dir='ltr' id='par_1_6' title="bbox 515 627 2096 713">
     <span class='ocr_line' id='line_1_6' title="bbox 515 627 2096 713; baseline -0.001 -16"><span class='ocrx_word' id='word_1_37' title='bbox 515 645 675 713; x_wconf 87' lang='lat' dir='ltr'><strong><em>fateri</em></strong></span> <span class='ocrx_word' id='word_1_38' title='bbox 719 627 988 708; x_wconf 82' lang='lat' dir='ltr'><strong><em>debemus,</em></strong></span> <span class='ocrx_word' id='word_1_39' title='bbox 1041 641 1450 710; x_wconf 73' lang='lat' dir='ltr'><strong><em>impedientibus</em></strong></span> <span class='ocrx_word' id='word_1_40' title='bbox 1492 658 1588 696; x_wconf 90' lang='lat' dir='ltr'><strong><em>nos</em></strong></span> <span class='ocrx_word' id='word_1_41' title='bbox 1655 643 2096 712; x_wconf 55' lang='lat' dir='ltr'><strong><em>occupatﬁmibus</em></strong></span> 
     </span>
    </p>
   </div>
   <div class='ocr_carea' id='block_1_7' title="bbox 2206 627 3792 719">
    <p class='ocr_par' dir='ltr' id='par_1_7' title="bbox 2206 635 3792 719">
     <span class='ocr_line' id='line_1_7' title="bbox 2206 635 3792 719; baseline 0.006 -23"><span class='ocrx_word' id='word_1_42' title='bbox 2206 635 2298 709; x_wconf 77' lang='grc' dir='ltr'><strong><em>μοι</em></strong></span> <span class='ocrx_word' id='word_1_43' title='bbox 2320 659 2332 676; x_wconf 85' lang='grc'><strong>·</strong></span> <span class='ocrx_word' id='word_1_44' title='bbox 2366 642 2532 697; x_wconf 64' lang='lat' dir='ltr'><strong><em>aliis?</em></strong></span> <span class='ocrx_word' id='word_1_45' title='bbox 2553 643 2622 696; x_wconf 80' lang='grc' dir='ltr'><em>δὲ</em></span> <span class='ocrx_word' id='word_1_46' title='bbox 2654 644 2915 716; x_wconf 74' lang='grc' dir='ltr'><em>τάληθὲς</em></span> <span class='ocrx_word' id='word_1_47' title='bbox 2943 644 3158 709; x_wconf 68' lang='grc' dir='ltr'><em>εἰπεῖν,</em></span> <span class='ocrx_word' id='word_1_48' title='bbox 3193 646 3295 700; x_wconf 76' lang='grc' dir='ltr'><em>καὶ</em></span> <span class='ocrx_word' id='word_1_49' title='bbox 3319 646 3406 718; x_wconf 77' lang='grc' dir='ltr'><em>μὴ</em></span> <span class='ocrx_word' id='word_1_50' title='bbox 3430 648 3792 719; x_wconf 72' lang='grc' dir='ltr'><strong><em>βουλομένῳ</em></strong></span> 
     </span>
    </p>
   </div>
   <div class='ocr_carea' id='block_1_8' title="bbox 513 731 2104 809">
    <p class='ocr_par' dir='ltr' id='par_1_8' title="bbox 513 731 2098 803">
     <span class='ocr_line' id='line_1_8' title="bbox 513 731 2098 803; baseline -0.001 -16"><span class='ocrx_word' id='word_1_51' title='bbox 513 736 728 798; x_wconf 91' lang='lat' dir='ltr'><strong><em>nostris,</em></strong></span> <span class='ocrx_word' id='word_1_52' title='bbox 759 740 1019 787; x_wconf 75' lang='lat' dir='ltr'><strong><em>extracta.</em></strong></span> <span class='ocrx_word' id='word_1_53' title='bbox 1067 731 1200 786; x_wconf 83' lang='lat' dir='ltr'><strong><em>Cum</em></strong></span> <span class='ocrx_word' id='word_1_54' title='bbox 1247 743 1426 792; x_wconf 74' lang='lat' dir='ltr'><strong><em>autem</em></strong></span> <span class='ocrx_word' id='word_1_55' title='bbox 1473 734 1646 803; x_wconf 71' lang='lat' dir='ltr'><strong><em>magis</em></strong></span> <span class='ocrx_word' id='word_1_56' title='bbox 1673 749 1785 800; x_wconf 81' lang='lat' dir='ltr'><strong><em>eas,</em></strong></span> <span class='ocrx_word' id='word_1_57' title='bbox 1828 735 2098 802; x_wconf 75' lang='lat' dir='ltr'><strong><em>magisque</em></strong></span> 
     </span>
    </p>
   </div>
   <div class='ocr_carea' id='block_1_9' title="bbox 2206 731 3789 809">
    <p class='ocr_par' dir='ltr' id='par_1_9' title="bbox 2206 735 3789 809">
     <span class='ocr_line' id='line_1_9' title="bbox 2206 735 3789 809; baseline 0.003 -18"><span class='ocrx_word' id='word_1_58' title='bbox 2206 735 2433 801; x_wconf 78' lang='grc' dir='ltr'><em>προῦϐη</em></span> <span class='ocrx_word' id='word_1_59' title='bbox 2474 736 2868 805; x_wconf 79' lang='grc' dir='ltr'><em>μακρότερον,</em></span> <span class='ocrx_word' id='word_1_60' title='bbox 2901 738 3222 806; x_wconf 76' lang='grc' dir='ltr'><em>ἀσχολιῶν</em></span> <span class='ocrx_word' id='word_1_61' title='bbox 3248 757 3353 808; x_wconf 82' lang='grc' dir='ltr'><strong><em>μοι</em></strong></span> <span class='ocrx_word' id='word_1_62' title='bbox 3381 745 3789 809; x_wconf 83' lang='grc' dir='ltr'><em>προσισταμέ-</em></span> 
     </span>
    </p>
   </div>
   <div class='ocr_carea' id='block_1_10' title="bbox 3677 347 3790 413">
    <p class='ocr_par' dir='ltr' id='par_1_10' title="bbox 3677 347 3790 413">
     <span class='ocr_line' id='line_1_10' title="bbox 3677 347 3790 413; baseline 0.018 -2"><span class='ocrx_word' id='word_1_63' title='bbox 3677 347 3790 413; x_wconf 71' lang='lat'><strong><em>316</em></strong></span> 
     </span>
    </p>
   </div>
   <div class='ocr_carea' id='block_1_11' title="bbox 513 825 2101 898">
    <p class='ocr_par' dir='ltr' id='par_1_11' title="bbox 513 825 2101 898">
     <span class='ocr_line' id='line_1_11' title="bbox 513 825 2101 898; baseline -0.001 -18"><span class='ocrx_word' id='word_1_64' title='bbox 513 827 780 880; x_wconf 87' lang='lat' dir='ltr'><strong><em>cumulari</em></strong></span> <span class='ocrx_word' id='word_1_65' title='bbox 808 827 1036 880; x_wconf 86' lang='lat' dir='ltr'><strong><em>viderem</em></strong></span> <span class='ocrx_word' id='word_1_66' title='bbox 1066 827 1248 880; x_wconf 85' lang='lat' dir='ltr'><strong><em>neista</em></strong></span> <span class='ocrx_word' id='word_1_67' title='bbox 1272 826 1488 898; x_wconf 89' lang='lat' dir='ltr'><strong><em>longius</em></strong></span> <span class='ocrx_word' id='word_1_68' title='bbox 1512 827 1767 879; x_wconf 88' lang='lat' dir='ltr'><strong><em>durarent</em></strong></span> <span class='ocrx_word' id='word_1_69' title='bbox 1797 825 2101 890; x_wconf 77' lang='lat' dir='ltr'><strong><em>obstaculaIL</em></strong></span> 
     </span>
    </p>
   </div>
   <div class='ocr_carea' id='block_1_12' title="bbox 511 918 2100 989">
    <p class='ocr_par' dir='ltr' id='par_1_12' title="bbox 511 918 2100 989">
     <span class='ocr_line' id='line_1_12' title="bbox 511 918 2100 989; baseline -0.001 -17"><span class='ocrx_word' id='word_1_70' title='bbox 511 921 740 983; x_wconf 87' lang='lat' dir='ltr'><strong><em>veritus;</em></strong></span> <span class='ocrx_word' id='word_1_71' title='bbox 761 918 836 972; x_wconf 80' lang='lat' dir='ltr'><strong><em>vel</em></strong></span> <span class='ocrx_word' id='word_1_72' title='bbox 859 919 998 989; x_wconf 87' lang='lat' dir='ltr'><strong><em>quod</em></strong></span> <span class='ocrx_word' id='word_1_73' title='bbox 1025 927 1166 972; x_wconf 88' lang='lat' dir='ltr'><strong><em>certo</em></strong></span> <span class='ocrx_word' id='word_1_74' title='bbox 1195 919 1368 986; x_wconf 82' lang='lat' dir='ltr'><strong><em>potius</em></strong></span> <span class='ocrx_word' id='word_1_75' title='bbox 1401 919 1454 971; x_wconf 79' lang='lat' dir='ltr'><strong><em>id</em></strong></span> <span class='ocrx_word' id='word_1_76' title='bbox 1497 919 1759 988; x_wconf 85' lang='lat' dir='ltr'><strong><em>futurum,</em></strong></span> <span class='ocrx_word' id='word_1_77' title='bbox 1793 918 1856 971; x_wconf 87' lang='lat' dir='ltr'><strong><em>de</em></strong></span> <span class='ocrx_word' id='word_1_78' title='bbox 1900 933 2100 985; x_wconf 68' lang='lat' dir='ltr'><strong><em>praece-</em></strong></span> 
     </span>
    </p>
   </div>
   <div class='ocr_carea' id='block_1_13' title="bbox 509 1011 2099 1080">
    <p class='ocr_par' dir='ltr' id='par_1_13' title="bbox 509 1011 2099 1080">
     <span class='ocr_line' id='line_1_13' title="bbox 509 1011 2099 1080; baseline -0.004 -12"><span class='ocrx_word' id='word_1_79' title='bbox 509 1013 758 1068; x_wconf 76' lang='lat' dir='ltr'><strong><em>dentibus</em></strong></span> <span class='ocrx_word' id='word_1_80' title='bbox 792 1027 1043 1066; x_wconf 84' lang='lat' dir='ltr'><strong><em>nossem:</em></strong></span> <span class='ocrx_word' id='word_1_81' title='bbox 1069 1013 1340 1076; x_wconf 77' lang='lat' dir='ltr'><strong><em>promissa</em></strong></span> <span class='ocrx_word' id='word_1_82' title='bbox 1371 1017 1583 1065; x_wconf 78' lang='lat' dir='ltr'><strong><em>tandsns</em></strong></span> <span class='ocrx_word' id='word_1_83' title='bbox 1619 1011 1882 1080; x_wconf 84' lang='lat' dir='ltr'><strong><em>implenda</em></strong></span> <span class='ocrx_word' id='word_1_84' title='bbox 1918 1011 2099 1080; x_wconf 79' lang='lat' dir='ltr'><strong><em>putavi</em></strong></span> 
     </span>
    </p>
   </div>
   <div class='ocr_carea' id='block_1_14' title="bbox 512 1104 2098 1174">
    <p class='ocr_par' dir='ltr' id='par_1_14' title="bbox 512 1104 2098 1174">
     <span class='ocr_line' id='line_1_14' title="bbox 512 1104 2098 1174; baseline -0.004 -13"><span class='ocrx_word' id='word_1_85' title='bbox 512 1106 706 1161; x_wconf 77' lang='lat' dir='ltr'><strong><em>nimbis</em></strong></span> <span class='ocrx_word' id='word_1_86' title='bbox 748 1105 958 1157; x_wconf 83' lang='lat' dir='ltr'><strong><em>interim</em></strong></span> <span class='ocrx_word' id='word_1_87' title='bbox 990 1106 1340 1174; x_wconf 81' lang='lat' dir='ltr'><strong><em>negotiorum,</em></strong></span> <span class='ocrx_word' id='word_1_88' title='bbox 1377 1114 1532 1172; x_wconf 89' lang='lat' dir='ltr'><strong><em>prout</em></strong></span> <span class='ocrx_word' id='word_1_89' title='bbox 1556 1104 1676 1172; x_wconf 76' lang='lat' dir='ltr'><strong><em>fieri</em></strong></span> <span class='ocrx_word' id='word_1_90' title='bbox 1701 1113 1898 1173; x_wconf 60' lang='lat' dir='ltr'><strong><em>posset,</em></strong></span> <span class='ocrx_word' id='word_1_91' title='bbox 1944 1119 2098 1161; x_wconf 70' lang='lat' dir='ltr'><strong><em>exce-</em></strong></span> 
     </span>
    </p>
   </div>
   <div class='ocr_carea' id='block_1_15' title="bbox 514 1196 2100 1270">
    <p class='ocr_par' dir='ltr' id='par_1_15' title="bbox 514 1196 2100 1270">
     <span class='ocr_line' id='line_1_15' title="bbox 514 1196 2100 1270; baseline -0.003 -17"><span class='ocrx_word' id='word_1_92' title='bbox 514 1203 636 1270; x_wconf 79' lang='lat' dir='ltr'><strong><em>ptis.</em></strong></span> <span class='ocrx_word' id='word_1_93' title='bbox 663 1205 813 1254; x_wconf 86' lang='lat' dir='ltr'><strong><em>Esset</em></strong></span> <span class='ocrx_word' id='word_1_94' title='bbox 845 1217 972 1254; x_wconf 89' lang='lat' dir='ltr'><strong><em>sane</em></strong></span> <span class='ocrx_word' id='word_1_95' title='bbox 991 1209 1421 1262; x_wconf 74' lang='lat' dir='ltr'><strong><em>consentaneum,</em></strong></span> <span class='ocrx_word' id='word_1_96' title='bbox 1453 1214 1514 1251; x_wconf 80' lang='lat' dir='ltr'><strong><em>ne</em></strong></span> <span class='ocrx_word' id='word_1_97' title='bbox 1541 1214 1678 1250; x_wconf 77' lang='lat' dir='ltr'><strong><em>nunc</em></strong></span> <span class='ocrx_word' id='word_1_98' title='bbox 1707 1198 1921 1267; x_wconf 75' lang='lat' dir='ltr'><strong><em>quidem</em></strong></span> <span class='ocrx_word' id='word_1_99' title='bbox 1944 1196 2100 1250; x_wconf 84' lang='lat' dir='ltr'><strong><em>adul-</em></strong></span> 
     </span>
    </p>
   </div>
   <div class='ocr_carea' id='block_1_16' title="bbox 516 1291 2100 1362">
    <p class='ocr_par' dir='ltr' id='par_1_16' title="bbox 516 1291 2100 1362">
     <span class='ocr_line' id='line_1_16' title="bbox 516 1291 2100 1362; baseline -0.003 -15"><span class='ocrx_word' id='word_1_100' title='bbox 516 1297 580 1348; x_wconf 88' lang='lat' dir='ltr'><strong><em>tis</em></strong></span> <span class='ocrx_word' id='word_1_101' title='bbox 619 1295 978 1348; x_wconf 82' lang='lat' dir='ltr'><strong><em>convenientia</em></strong></span> <span class='ocrx_word' id='word_1_102' title='bbox 1033 1295 1302 1362; x_wconf 77' lang='lat' dir='ltr'><strong><em>prtescribi</em></strong></span> <span class='ocrx_word' id='word_1_103' title='bbox 1329 1293 1743 1356; x_wconf 85' lang='lat' dir='ltr'><strong><em>adolescentulo,</em></strong></span> <span class='ocrx_word' id='word_1_104' title='bbox 1817 1292 1939 1345; x_wconf 87' lang='lat' dir='ltr'><strong><em>novi</em></strong></span> <span class='ocrx_word' id='word_1_105' title='bbox 2005 1291 2100 1344; x_wconf 77' lang='lat' dir='ltr'><strong><em>hoc</em></strong></span> 
     </span>
    </p>
   </div>
   <div class='ocr_carea' id='block_1_17' title="bbox 510 1383 2102 1454">
    <p class='ocr_par' dir='ltr' id='par_1_17' title="bbox 510 1383 2102 1454">
     <span class='ocr_line' id='line_1_17' title="bbox 510 1383 2102 1454; baseline -0.003 -14"><span class='ocrx_word' id='word_1_106' title='bbox 510 1387 772 1454; x_wconf 87' lang='lat' dir='ltr'><strong><em>equidem,</em></strong></span> <span class='ocrx_word' id='word_1_107' title='bbox 801 1403 902 1440; x_wconf 90' lang='lat' dir='ltr'><strong><em>non</em></strong></span> <span class='ocrx_word' id='word_1_108' title='bbox 930 1401 1008 1439; x_wconf 88' lang='lat' dir='ltr'><strong><em>me</em></strong></span> <span class='ocrx_word' id='word_1_109' title='bbox 1026 1387 1174 1442; x_wconf 92' lang='lat' dir='ltr'><strong><em>latet.</em></strong></span> <span class='ocrx_word' id='word_1_110' title='bbox 1205 1383 1308 1439; x_wconf 89' lang='lat' dir='ltr'><strong><em>Sed</em></strong></span> <span class='ocrx_word' id='word_1_111' title='bbox 1325 1401 1442 1437; x_wconf 90' lang='lat' dir='ltr'><strong><em>cum</em></strong></span> <span class='ocrx_word' id='word_1_112' title='bbox 1471 1384 1773 1453; x_wconf 67' lang='lat' dir='ltr'><strong><em>futurorum</em></strong></span> <span class='ocrx_word' id='word_1_113' title='bbox 1803 1391 2015 1436; x_wconf 88' lang='lat' dir='ltr'><strong><em>eventus</em></strong></span> <span class='ocrx_word' id='word_1_114' title='bbox 2046 1383 2102 1436; x_wconf 92' lang='lat' dir='ltr'><strong><em>in</em></strong></span> 
     </span>
    </p>
   </div>
   <div class='ocr_carea' id='block_1_18' title="bbox 515 1474 2101 1543">
    <p class='ocr_par' dir='ltr' id='par_1_18' title="bbox 515 1474 2101 1543">
     <span class='ocr_line' id='line_1_18' title="bbox 515 1474 2101 1543; baseline -0.003 -11"><span class='ocrx_word' id='word_1_115' title='bbox 515 1479 723 1532; x_wconf 87' lang='lat' dir='ltr'><strong><em>occulto</em></strong></span> <span class='ocrx_word' id='word_1_116' title='bbox 756 1478 850 1543; x_wconf 85' lang='lat' dir='ltr'><strong><em>sit,</em></strong></span> <span class='ocrx_word' id='word_1_117' title='bbox 889 1477 1120 1531; x_wconf 88' lang='lat' dir='ltr'><strong><em>debitum</em></strong></span> <span class='ocrx_word' id='word_1_118' title='bbox 1153 1479 1292 1530; x_wconf 89' lang='lat' dir='ltr'><strong><em>istuc</em></strong></span> <span class='ocrx_word' id='word_1_119' title='bbox 1326 1492 1477 1530; x_wconf 90' lang='lat' dir='ltr'><strong><em>omne</em></strong></span> <span class='ocrx_word' id='word_1_120' title='bbox 1542 1474 1698 1529; x_wconf 88' lang='lat' dir='ltr'><strong><em>modo</em></strong></span> <span class='ocrx_word' id='word_1_121' title='bbox 1753 1489 1848 1542; x_wconf 89' lang='lat' dir='ltr'><strong><em>pro</em></strong></span> <span class='ocrx_word' id='word_1_122' title='bbox 1903 1475 2101 1528; x_wconf 87' lang='lat' dir='ltr'><strong><em>viribus</em></strong></span> 
     </span>
    </p>
   </div>
   <div class='ocr_carea' id='block_1_19' title="bbox 519 1570 2099 1639">
    <p class='ocr_par' dir='ltr' id='par_1_19' title="bbox 519 1570 2099 1639">
     <span class='ocr_line' id='line_1_19' title="bbox 519 1570 2099 1639; baseline -0.003 -12"><span class='ocrx_word' id='word_1_123' title='bbox 519 1573 722 1627; x_wconf 69' lang='lat' dir='ltr'><strong><em>exsolvi</em></strong></span> <span class='ocrx_word' id='word_1_124' title='bbox 751 1581 994 1639; x_wconf 60' lang='lat' dir='ltr'><strong><em>praestat.</em></strong></span> <span class='ocrx_word' id='word_1_125' title='bbox 1031 1570 1108 1623; x_wconf 86' lang='lat' dir='ltr'><strong><em>Ea</em></strong></span> <span class='ocrx_word' id='word_1_126' title='bbox 1162 1586 1283 1625; x_wconf 79' lang='lat' dir='ltr'><strong><em>vero</em></strong></span> <span class='ocrx_word' id='word_1_127' title='bbox 1327 1572 1667 1638; x_wconf 86' lang='lat' dir='ltr'><strong><em>prolaturum</em></strong></span> <span class='ocrx_word' id='word_1_128' title='bbox 1734 1589 1813 1625; x_wconf 88' lang='lat' dir='ltr'><strong><em>me</em></strong></span> <span class='ocrx_word' id='word_1_129' title='bbox 1843 1573 2099 1635; x_wconf 87' lang='lat' dir='ltr'><strong><em>arbitror,</em></strong></span> 
     </span>
    </p>
   </div>
   <div class='ocr_carea' id='block_1_20' title="bbox 519 1648 2104 1732">
    <p class='ocr_par' dir='ltr' id='par_1_20' title="bbox 519 1648 2104 1732">
     <span class='ocr_line' id='line_1_20' title="bbox 519 1648 2104 1732; baseline 0 -16"><span class='ocrx_word' id='word_1_130' title='bbox 519 1664 626 1716; x_wconf 70' lang='lat' dir='ltr'><strong><em>Deo</em></strong></span> <span class='ocrx_word' id='word_1_131' title='bbox 660 1679 872 1715; x_wconf 88' lang='lat' dir='ltr'><strong><em>cursum</em></strong></span> <span class='ocrx_word' id='word_1_132' title='bbox 902 1648 1157 1718; x_wconf 71' lang='lat' dir='ltr'><strong><em>oratimiis</em></strong></span> <span class='ocrx_word' id='word_1_133' title='bbox 1195 1665 1526 1725; x_wconf 76' lang='lat' dir='ltr'><strong><em>moderante,</em></strong></span> <span class='ocrx_word' id='word_1_134' title='bbox 1560 1678 1676 1732; x_wconf 64' lang='lat' dir='ltr'><strong><em>quas</em></strong></span> <span class='ocrx_word' id='word_1_135' title='bbox 1706 1675 1757 1717; x_wconf 82' lang='lat' dir='ltr'><strong><em>et</em></strong></span> <span class='ocrx_word' id='word_1_136' title='bbox 1789 1681 1927 1718; x_wconf 85' lang='lat' dir='ltr'><strong><em>nunc</em></strong></span> <span class='ocrx_word' id='word_1_137' title='bbox 1963 1672 2012 1717; x_wconf 89' lang='lat' dir='ltr'><strong><em>et</em></strong></span> <span class='ocrx_word' id='word_1_138' title='bbox 2046 1664 2104 1717; x_wconf 81' lang='lat' dir='ltr'><strong><em>in</em></strong></span> 
     </span>
    </p>
   </div>
   <div class='ocr_carea' id='block_1_21' title="bbox 516 1757 2103 1826">
    <p class='ocr_par' dir='ltr' id='par_1_21' title="bbox 516 1757 2103 1826">
     <span class='ocr_line' id='line_1_21' title="bbox 516 1757 2103 1826; baseline 0.002 -19"><span class='ocrx_word' id='word_1_139' title='bbox 516 1766 778 1826; x_wconf 82' lang='lat' dir='ltr'><strong><em>posterum</em></strong></span> <span class='ocrx_word' id='word_1_140' title='bbox 813 1757 1121 1824; x_wconf 83' lang='lat' dir='ltr'><strong><em>proderunt,</em></strong></span> <span class='ocrx_word' id='word_1_141' title='bbox 1147 1772 1362 1824; x_wconf 73' lang='lat' dir='ltr'><strong><em>quaeque</em></strong></span> <span class='ocrx_word' id='word_1_142' title='bbox 1412 1757 1608 1820; x_wconf 85' lang='lat' dir='ltr'><strong><em>inveni,</em></strong></span> <span class='ocrx_word' id='word_1_143' title='bbox 1667 1767 1717 1810; x_wconf 83' lang='lat' dir='ltr'><strong><em>et</em></strong></span> <span class='ocrx_word' id='word_1_144' title='bbox 1748 1759 1882 1820; x_wconf 83' lang='lat' dir='ltr'><strong><em>seni,</em></strong></span> <span class='ocrx_word' id='word_1_145' title='bbox 1931 1759 2103 1826; x_wconf 86' lang='lat' dir='ltr'><strong><em>fortu—</em></strong></span> 
     </span>
    </p>
   </div>
   <div class='ocr_carea' id='block_1_22' title="bbox 2200 826 3788 902">
    <p class='ocr_par' dir='ltr' id='par_1_22' title="bbox 2200 826 3788 902">
     <span class='ocr_line' id='line_1_22' title="bbox 2200 826 3788 902; baseline 0.007 -23"><span class='ocrx_word' id='word_1_146' title='bbox 2200 844 2345 882; x_wconf 89' lang='grc' dir='ltr'><em>νων.</em></span> <span class='ocrx_word' id='word_1_147' title='bbox 2388 826 2578 896; x_wconf 90' lang='grc' dir='ltr'><em>Ὀρῶν</em></span> <span class='ocrx_word' id='word_1_148' title='bbox 2617 829 2686 882; x_wconf 77' lang='grc' dir='ltr'><em>δὲ</em></span> <span class='ocrx_word' id='word_1_149' title='bbox 2720 831 2948 898; x_wconf 82' lang='grc' dir='ltr'><em>ταύτας</em></span> <span class='ocrx_word' id='word_1_150' title='bbox 2965 831 3402 900; x_wconf 77' lang='grc' dir='ltr'><strong><em>ἐπιτεταμένως</em></strong></span> <span class='ocrx_word' id='word_1_151' title='bbox 3449 836 3788 902; x_wconf 70' lang='grc' dir='ltr'><em>χωρούσας.</em></span> 
     </span>
    </p>
   </div>
   <div class='ocr_carea' id='block_1_23' title="bbox 2201 916 3791 996">
    <p class='ocr_par' dir='ltr' id='par_1_23' title="bbox 2201 916 3791 996">
     <span class='ocr_line' id='line_1_23' title="bbox 2201 916 3791 996; baseline 0.008 -26"><span class='ocrx_word' id='word_1_152' title='bbox 2201 916 2414 984; x_wconf 87' lang='grc' dir='ltr'><em>δεδιὼς</em></span> <span class='ocrx_word' id='word_1_153' title='bbox 2453 918 2538 988; x_wconf 81' lang='grc' dir='ltr'><em>μὴ</em></span> <span class='ocrx_word' id='word_1_154' title='bbox 2597 919 3028 992; x_wconf 87' lang='grc' dir='ltr'><em>διαρκέστερον</em></span> <span class='ocrx_word' id='word_1_155' title='bbox 3075 924 3148 977; x_wconf 88' lang='grc' dir='ltr'><em>τὰ</em></span> <span class='ocrx_word' id='word_1_156' title='bbox 3193 925 3610 996; x_wconf 79' lang='grc' dir='ltr'><em>προϊστάμενα</em></span> <span class='ocrx_word' id='word_1_157' title='bbox 3659 929 3791 983; x_wconf 82' lang='grc' dir='ltr'><em>ἐπι-</em></span> 
     </span>
    </p>
   </div>
   <div class='ocr_carea' id='block_1_24' title="bbox 2198 1011 3792 1089">
    <p class='ocr_par' dir='ltr' id='par_1_24' title="bbox 2198 1011 3792 1089">
     <span class='ocr_line' id='line_1_24' title="bbox 2198 1011 3792 1089; baseline -0.003 -10"><span class='ocrx_word' id='word_1_158' title='bbox 2198 1011 2401 1080; x_wconf 69' lang='grc' dir='ltr'><em>μείνῃ.</em></span> <span class='ocrx_word' id='word_1_159' title='bbox 2427 1013 2673 1082; x_wconf 76' lang='grc' dir='ltr'><em>μᾶλλον</em></span> <span class='ocrx_word' id='word_1_160' title='bbox 2698 1015 2768 1070; x_wconf 78' lang='grc' dir='ltr'><em>δὲ</em></span> <span class='ocrx_word' id='word_1_161' title='bbox 2793 1016 3004 1085; x_wconf 72' lang='grc' dir='ltr'><em>σαφῶς</em></span> <span class='ocrx_word' id='word_1_162' title='bbox 3030 1017 3204 1084; x_wconf 74' lang='grc' dir='ltr'><em>εἰδὼς</em></span> <span class='ocrx_word' id='word_1_163' title='bbox 3229 1019 3348 1072; x_wconf 84' lang='grc' dir='ltr'><strong><em>ἀπὸ</em></strong></span> <span class='ocrx_word' id='word_1_164' title='bbox 3375 1018 3495 1072; x_wconf 86' lang='grc' dir='ltr'><strong><em>τῶν</em></strong></span> <span class='ocrx_word' id='word_1_165' title='bbox 3519 1023 3792 1089; x_wconf 74' lang='grc' dir='ltr'><em>φθασάν-</em></span> 
     </span>
    </p>
   </div>
   <div class='ocr_carea' id='block_1_25' title="bbox 2203 1104 3784 1187">
    <p class='ocr_par' dir='ltr' id='par_1_25' title="bbox 2203 1104 3784 1187">
     <span class='ocr_line' id='line_1_25' title="bbox 2203 1104 3784 1187; baseline 0.009 -33"><span class='ocrx_word' id='word_1_166' title='bbox 2203 1120 2324 1158; x_wconf 89' lang='grc' dir='ltr'><strong><em>των</em></strong></span> <span class='ocrx_word' id='word_1_167' title='bbox 2349 1122 2362 1135; x_wconf 89' lang='grc'><strong>·</strong></span> <span class='ocrx_word' id='word_1_168' title='bbox 2389 1104 2520 1159; x_wconf 87' lang='grc' dir='ltr'><em>δεῖν</em></span> <span class='ocrx_word' id='word_1_169' title='bbox 2561 1105 2767 1174; x_wconf 80' lang='grc' dir='ltr'><em>ᾠήθην</em></span> <span class='ocrx_word' id='word_1_170' title='bbox 2803 1110 2892 1174; x_wconf 83' lang='grc' dir='ltr'><strong><em>είς</em></strong></span> <span class='ocrx_word' id='word_1_171' title='bbox 2917 1110 3097 1180; x_wconf 70' lang='grc' dir='ltr'><em>ἔργον</em></span> <span class='ocrx_word' id='word_1_172' title='bbox 3133 1110 3384 1179; x_wconf 75' lang='grc' dir='ltr'><strong><em>ἀγαγεῖν</em></strong></span> <span class='ocrx_word' id='word_1_173' title='bbox 3425 1112 3495 1165; x_wconf 86' lang='grc' dir='ltr'><em>τὰ</em></span> <span class='ocrx_word' id='word_1_174' title='bbox 3525 1116 3784 1187; x_wconf 84' lang='grc' dir='ltr'><em>ὑπεσχη-</em></span> 
     </span>
    </p>
   </div>
   <div class='ocr_carea' id='block_1_26' title="bbox 2201 1196 3781 1273">
    <p class='ocr_par' dir='ltr' id='par_1_26' title="bbox 2201 1196 3781 1273">
     <span class='ocr_line' id='line_1_26' title="bbox 2201 1196 3781 1273; baseline 0.006 -25"><span class='ocrx_word' id='word_1_175' title='bbox 2201 1196 2380 1266; x_wconf 86' lang='grc' dir='ltr'><em>μένα.</em></span> <span class='ocrx_word' id='word_1_176' title='bbox 2424 1197 2505 1263; x_wconf 87' lang='grc' dir='ltr'><em>ὡς</em></span> <span class='ocrx_word' id='word_1_177' title='bbox 2541 1197 2689 1252; x_wconf 78' lang='grc' dir='ltr'><em>ἐνὸν</em></span> <span class='ocrx_word' id='word_1_178' title='bbox 2740 1199 3070 1267; x_wconf 80' lang='grc' dir='ltr'><em>δεχόμενος</em></span> <span class='ocrx_word' id='word_1_179' title='bbox 3118 1201 3228 1267; x_wconf 87' lang='grc' dir='ltr'><em>τὰς</em></span> <span class='ocrx_word' id='word_1_180' title='bbox 3270 1201 3392 1255; x_wconf 89' lang='grc' dir='ltr'><strong><em>τῶν</em></strong></span> <span class='ocrx_word' id='word_1_181' title='bbox 3427 1203 3781 1273; x_wconf 73' lang='grc' dir='ltr'><em>πραγμάτων</em></span> 
     </span>
    </p>
   </div>
   <div class='ocr_carea' id='block_1_27' title="bbox 2203 1281 3790 1360">
    <p class='ocr_par' dir='ltr' id='par_1_27' title="bbox 2203 1281 3790 1360">
     <span class='ocr_line' id='line_1_27' title="bbox 2203 1281 3790 1360; baseline 0.004 -18"><span class='ocrx_word' id='word_1_182' title='bbox 2203 1285 2484 1354; x_wconf 70' lang='grc' dir='ltr'><em>νιφάδας.</em></span> <span class='ocrx_word' id='word_1_183' title='bbox 2518 1281 2641 1342; x_wconf 85' lang='grc' dir='ltr'><em>Ἦν</em></span> <span class='ocrx_word' id='word_1_184' title='bbox 2673 1288 2791 1358; x_wconf 83' lang='grc' dir='ltr'><em>μὲν</em></span> <span class='ocrx_word' id='word_1_185' title='bbox 2821 1284 2938 1344; x_wconf 88' lang='grc' dir='ltr'><em>οὖν</em></span> <span class='ocrx_word' id='word_1_186' title='bbox 2967 1290 3311 1346; x_wconf 82' lang='grc' dir='ltr'><em>ἀκόλουθον</em></span> <span class='ocrx_word' id='word_1_187' title='bbox 3336 1293 3496 1360; x_wconf 80' lang='grc' dir='ltr'><em>μηδὲ</em></span> <span class='ocrx_word' id='word_1_188' title='bbox 3537 1294 3678 1359; x_wconf 83' lang='grc' dir='ltr'><em>νῦν,</em></span> <span class='ocrx_word' id='word_1_189' title='bbox 3717 1295 3790 1348; x_wconf 83' lang='grc' dir='ltr'><em>τὰ</em></span> 
     </span>
    </p>
   </div>
   <div class='ocr_carea' id='block_1_28' title="bbox 2203 1377 3792 1454">
    <p class='ocr_par' dir='ltr' id='par_1_28' title="bbox 2203 1377 3792 1454">
     <span class='ocr_line' id='line_1_28' title="bbox 2203 1377 3792 1454; baseline 0.005 -22"><span class='ocrx_word' id='word_1_190' title='bbox 2203 1377 2323 1432; x_wconf 90' lang='grc' dir='ltr'><strong><em>τῶν</em></strong></span> <span class='ocrx_word' id='word_1_191' title='bbox 2357 1380 2609 1432; x_wconf 88' lang='grc' dir='ltr'><em>τελείων</em></span> <span class='ocrx_word' id='word_1_192' title='bbox 2637 1383 2924 1448; x_wconf 78' lang='grc' dir='ltr'><strong><em>μειρακίῳ</em></strong></span> <span class='ocrx_word' id='word_1_193' title='bbox 2956 1381 3377 1450; x_wconf 86' lang='grc' dir='ltr'><em>γνωμοδοτεῖν.</em></span> <span class='ocrx_word' id='word_1_194' title='bbox 3417 1384 3672 1454; x_wconf 87' lang='grc' dir='ltr'><em>Ἕγνων,</em></span> <span class='ocrx_word' id='word_1_195' title='bbox 3716 1390 3792 1441; x_wconf 84' lang='grc' dir='ltr'><em>οὐ</em></span> 
     </span>
    </p>
   </div>
   <div class='ocr_carea' id='block_1_29' title="bbox 2201 1466 3790 1549">
    <p class='ocr_par' dir='ltr' id='par_1_29' title="bbox 2201 1466 3790 1549">
     <span class='ocr_line' id='line_1_29' title="bbox 2201 1466 3790 1549; baseline 0.006 -25"><span class='ocrx_word' id='word_1_196' title='bbox 2201 1472 2424 1538; x_wconf 86' lang='grc' dir='ltr'><em>λέληθέ</em></span> <span class='ocrx_word' id='word_1_197' title='bbox 2445 1489 2537 1536; x_wconf 87' lang='grc' dir='ltr'><strong><em>με.</em></strong></span> <span class='ocrx_word' id='word_1_198' title='bbox 2557 1474 2659 1526; x_wconf 70' lang='lat' dir='ltr'><strong><em>“Or</em></strong></span> <span class='ocrx_word' id='word_1_199' title='bbox 2679 1473 2749 1526; x_wconf 83' lang='grc' dir='ltr'><em>δὲ</em></span> <span class='ocrx_word' id='word_1_200' title='bbox 2768 1466 2842 1526; x_wconf 73' lang='grc' dir='ltr'><strong><em>τό</em></strong></span> <span class='ocrx_word' id='word_1_201' title='bbox 2855 1476 3089 1542; x_wconf 89' lang='grc' dir='ltr'><em>μέλλον</em></span> <span class='ocrx_word' id='word_1_202' title='bbox 3107 1475 3387 1544; x_wconf 82' lang='grc' dir='ltr'><em>ἀόρατον,</em></span> <span class='ocrx_word' id='word_1_203' title='bbox 3407 1478 3653 1546; x_wconf 77' lang='grc' dir='ltr'><em>ἄμεινον</em></span> <span class='ocrx_word' id='word_1_204' title='bbox 3675 1479 3790 1549; x_wconf 79' lang='grc' dir='ltr'><em>ἤδη</em></span> 
     </span>
    </p>
   </div>
   <div class='ocr_carea' id='block_1_30' title="bbox 2204 1564 3792 1641">
    <p class='ocr_par' dir='ltr' id='par_1_30' title="bbox 2204 1564 3792 1641">
     <span class='ocr_line' id='line_1_30' title="bbox 2204 1564 3792 1641; baseline 0.007 -25"><span class='ocrx_word' id='word_1_205' title='bbox 2204 1564 2570 1618; x_wconf 76' lang='grc' dir='ltr'><em>καταϐαλεῖν</em></span> <span class='ocrx_word' id='word_1_206' title='bbox 2603 1565 2669 1618; x_wconf 90' lang='grc' dir='ltr'><em>τὸ</em></span> <span class='ocrx_word' id='word_1_207' title='bbox 2719 1565 2896 1636; x_wconf 79' lang='grc' dir='ltr'><em>χρέος</em></span> <span class='ocrx_word' id='word_1_208' title='bbox 2945 1565 3109 1620; x_wconf 84' lang='grc' dir='ltr'><em>ἅπαν</em></span> <span class='ocrx_word' id='word_1_209' title='bbox 3133 1569 3223 1635; x_wconf 76' lang='grc' dir='ltr'><em>εἰς</em></span> <span class='ocrx_word' id='word_1_210' title='bbox 3263 1568 3544 1639; x_wconf 88' lang='grc' dir='ltr'><em>δύναμιν.</em></span> <span class='ocrx_word' id='word_1_211' title='bbox 3585 1572 3792 1641; x_wconf 86' lang='grc' dir='ltr'><em>Ἐροῦ-</em></span> 
     </span>
    </p>
   </div>
   <div class='ocr_carea' id='block_1_31' title="bbox 2200 1651 3792 1730">
    <p class='ocr_par' dir='ltr' id='par_1_31' title="bbox 2200 1651 3792 1730">
     <span class='ocr_line' id='line_1_31' title="bbox 2200 1651 3792 1730; baseline 0.007 -23"><span class='ocrx_word' id='word_1_212' title='bbox 2200 1672 2318 1724; x_wconf 87' lang='grc' dir='ltr'><strong><em>μεν</em></strong></span> <span class='ocrx_word' id='word_1_213' title='bbox 2341 1655 2412 1708; x_wconf 78' lang='grc' dir='ltr'><em>δὲ</em></span> <span class='ocrx_word' id='word_1_214' title='bbox 2440 1651 2600 1724; x_wconf 74' lang='grc' dir='ltr'><em>οἶμαι</em></span> <span class='ocrx_word' id='word_1_215' title='bbox 2629 1656 2894 1721; x_wconf 84' lang='grc' dir='ltr'><em>τοιαῦτα,</em></span> <span class='ocrx_word' id='word_1_216' title='bbox 2922 1657 3071 1717; x_wconf 82' lang='grc' dir='ltr'><strong><em>Θεοῦ</em></strong></span> <span class='ocrx_word' id='word_1_217' title='bbox 3103 1659 3211 1714; x_wconf 82' lang='grc' dir='ltr'><strong><em>τόν</em></strong></span> <span class='ocrx_word' id='word_1_218' title='bbox 3239 1662 3429 1730; x_wconf 84' lang='grc' dir='ltr'><em>λόγον</em></span> <span class='ocrx_word' id='word_1_219' title='bbox 3457 1663 3792 1730; x_wconf 81' lang='grc' dir='ltr'><em>ίθύνοντος,</em></span> 
     </span>
    </p>
   </div>
   <div class='ocr_carea' id='block_1_32' title="bbox 2206 1745 3793 1824">
    <p class='ocr_par' dir='ltr' id='par_1_32' title="bbox 2206 1745 3793 1824">
     <span class='ocr_line' id='line_1_32' title="bbox 2206 1745 3793 1824; baseline 0.005 -24"><span class='ocrx_word' id='word_1_220' title='bbox 2206 1745 2244 1800; x_wconf 78' lang='grc' dir='ltr'><em>ἃ</em></span> <span class='ocrx_word' id='word_1_221' title='bbox 2273 1747 2555 1801; x_wconf 74' lang='grc' dir='ltr'><strong><em>συνοίσει</em></strong></span> <span class='ocrx_word' id='word_1_222' title='bbox 2591 1747 2708 1816; x_wconf 76' lang='grc' dir='ltr'><em>μὲν</em></span> <span class='ocrx_word' id='word_1_223' title='bbox 2735 1750 2833 1802; x_wconf 77' lang='grc' dir='ltr'><em>καὶ</em></span> <span class='ocrx_word' id='word_1_224' title='bbox 2865 1747 3004 1814; x_wconf 84' lang='grc' dir='ltr'><em>νῦν,</em></span> <span class='ocrx_word' id='word_1_225' title='bbox 3035 1752 3317 1816; x_wconf 74' lang='grc' dir='ltr'><em>συνοίσει</em></span> <span class='ocrx_word' id='word_1_226' title='bbox 3345 1753 3413 1805; x_wconf 83' lang='grc' dir='ltr'><em>δὲ</em></span> <span class='ocrx_word' id='word_1_227' title='bbox 3451 1754 3517 1820; x_wconf 85' lang='grc' dir='ltr'><em>ἐς</em></span> <span class='ocrx_word' id='word_1_228' title='bbox 3549 1755 3616 1807; x_wconf 89' lang='grc' dir='ltr'><em>τὸ</em></span> <span class='ocrx_word' id='word_1_229' title='bbox 3641 1755 3793 1824; x_wconf 82' lang='grc' dir='ltr'><em>μέλ-</em></span> 
     </span>
    </p>
   </div>
   <div class='ocr_carea' id='block_1_33' title="bbox 519 1804 2104 1919">
    <p class='ocr_par' dir='ltr' id='par_1_33' title="bbox 519 1804 2100 1919">
     <span class='ocr_line' id='line_1_33' title="bbox 519 1804 2072 1826; baseline 0 -6"><span class='ocrx_word' id='word_1_230' title='bbox 519 1804 777 1826; x_wconf 62' lang='grc' dir='ltr'><strong><em>,ην-ν-ν--η</em></strong></span> <span class='ocrx_word' id='word_1_231' title='bbox 1149 1804 1358 1824; x_wconf 54' lang='grc' dir='ltr'><em>,ηπ-,ην</em></span> <span class='ocrx_word' id='word_1_232' title='bbox 1669 1804 1713 1810; x_wconf 81' lang='grc'><strong><em>--</em></strong></span> <span class='ocrx_word' id='word_1_233' title='bbox 1931 1804 2072 1826; x_wconf 74' lang='lat'><strong><em>.---—</em></strong></span> 
     </span>
     <span class='ocr_line' id='line_1_34' title="bbox 519 1849 2100 1919; baseline 0.002 -18"><span class='ocrx_word' id='word_1_234' title='bbox 519 1865 600 1902; x_wconf 68' lang='lat' dir='ltr'><strong><em>na</em></strong></span> <span class='ocrx_word' id='word_1_235' title='bbox 637 1849 822 1910; x_wconf 85' lang='lat' dir='ltr'><strong><em>cuivis,</em></strong></span> <span class='ocrx_word' id='word_1_236' title='bbox 850 1858 899 1902; x_wconf 89' lang='lat' dir='ltr'><strong><em>et</em></strong></span> <span class='ocrx_word' id='word_1_237' title='bbox 938 1849 1134 1913; x_wconf 80' lang='lat' dir='ltr'><strong><em>ordini,</em></strong></span> <span class='ocrx_word' id='word_1_238' title='bbox 1165 1859 1212 1901; x_wconf 89' lang='lat' dir='ltr'><strong><em>et</em></strong></span> <span class='ocrx_word' id='word_1_239' title='bbox 1247 1850 1369 1901; x_wconf 88' lang='lat' dir='ltr'><strong><em>huic</em></strong></span> <span class='ocrx_word' id='word_1_240' title='bbox 1427 1849 1696 1914; x_wconf 74' lang='lat' dir='ltr'><strong><em>pra’senti,</em></strong></span> <span class='ocrx_word' id='word_1_241' title='bbox 1744 1859 2100 1919; x_wconf 73' lang='lat' dir='ltr'><strong><em>secutumque</em></strong></span> 
     </span>
    </p>
   </div>
   <div class='ocr_carea' id='block_1_34' title="bbox 2206 1804 3796 1919">
    <p class='ocr_par' dir='ltr' id='par_1_34' title="bbox 2206 1804 3796 1914">
     <span class='ocr_line' id='line_1_35' title="bbox 2206 1804 3796 1914; baseline 0.005 -22"><span class='ocrx_word' id='word_1_242' title='bbox 2206 1842 2321 1894; x_wconf 84' lang='grc' dir='ltr'><strong><em>λον</em></strong></span> <span class='ocrx_word' id='word_1_243' title='bbox 2376 1840 2476 1893; x_wconf 77' lang='grc' dir='ltr'><strong><em>καὶ</em></strong></span> <span class='ocrx_word' id='word_1_244' title='bbox 2517 1804 2895 1910; x_wconf 62' lang='grc' dir='ltr'><em>συμϐήσεται</em></span> <span class='ocrx_word' id='word_1_245' title='bbox 2946 1804 3047 1896; x_wconf 77' lang='grc' dir='ltr'><em>καὶ</em></span> <span class='ocrx_word' id='word_1_246' title='bbox 3076 1807 3234 1908; x_wconf 42' lang='grc' dir='ltr'><em>νέῳί</em></span> <span class='ocrx_word' id='word_1_247' title='bbox 3407 1804 3670 1914; x_wconf 71' lang='grc' dir='ltr'><em>γέροντιῖ</em></span> <span class='ocrx_word' id='word_1_248' title='bbox 3691 1847 3796 1900; x_wconf 76' lang='grc' dir='ltr'><em>καὶ</em></span> 
     </span>
    </p>
   </div>
   <div class='ocr_carea' id='block_1_35' title="bbox 521 1941 2101 2012">
    <p class='ocr_par' dir='ltr' id='par_1_35' title="bbox 521 1941 2101 2012">
     <span class='ocr_line' id='line_1_36' title="bbox 521 1941 2101 2012; baseline 0.001 -18"><span class='ocrx_word' id='word_1_249' title='bbox 521 1943 640 1995; x_wconf 78' lang='grc' dir='ltr'><em>υἱιιε</em></span> <span class='ocrx_word' id='word_1_250' title='bbox 662 1943 986 1996; x_wconf 81' lang='lat' dir='ltr'><strong><em>convenient.</em></strong></span> <span class='ocrx_word' id='word_1_251' title='bbox 1017 1941 1198 1995; x_wconf 83' lang='lat' dir='ltr'><strong><em>Nolim</em></strong></span> <span class='ocrx_word' id='word_1_252' title='bbox 1236 1951 1411 1995; x_wconf 85' lang='lat' dir='ltr'><strong><em>autem</em></strong></span> <span class='ocrx_word' id='word_1_253' title='bbox 1443 1943 1769 2012; x_wconf 74' lang='lat' dir='ltr'><strong><em>arrogantia:</em></strong></span> <span class='ocrx_word' id='word_1_254' title='bbox 1817 1959 1896 1996; x_wconf 92' lang='lat' dir='ltr'><strong><em>me</em></strong></span> <span class='ocrx_word' id='word_1_255' title='bbox 1954 1944 2101 2010; x_wconf 87' lang='lat' dir='ltr'><strong><em>quis-</em></strong></span> 
     </span>
    </p>
   </div>
   <div class='ocr_carea' id='block_1_36' title="bbox 517 2032 2098 2104">
    <p class='ocr_par' dir='ltr' id='par_1_36' title="bbox 517 2032 2098 2104">
     <span class='ocr_line' id='line_1_37' title="bbox 517 2032 2098 2104; baseline 0.003 -21"><span class='ocrx_word' id='word_1_256' title='bbox 517 2032 662 2101; x_wconf 81' lang='lat' dir='ltr'><strong><em>piam</em></strong></span> <span class='ocrx_word' id='word_1_257' title='bbox 695 2032 988 2098; x_wconf 73' lang='lat' dir='ltr'><strong><em>insimulet,</em></strong></span> <span class='ocrx_word' id='word_1_258' title='bbox 1023 2035 1178 2102; x_wconf 76' lang='lat' dir='ltr'><strong><em>quasi</em></strong></span> <span class='ocrx_word' id='word_1_259' title='bbox 1199 2034 1291 2104; x_wconf 77' lang='lat' dir='ltr'><strong><em>qui</em></strong></span> <span class='ocrx_word' id='word_1_260' title='bbox 1323 2051 1518 2103; x_wconf 74' lang='lat' dir='ltr'><strong><em>magna</em></strong></span> <span class='ocrx_word' id='word_1_261' title='bbox 1545 2033 1795 2104; x_wconf 58' lang='lat' dir='ltr'><strong><em>quedam</em></strong></span> <span class='ocrx_word' id='word_1_262' title='bbox 1820 2035 2098 2100; x_wconf 84' lang='lat' dir='ltr'><strong><em>pollicear.</em></strong></span> 
     </span>
    </p>
   </div>
   <div class='ocr_carea' id='block_1_37' title="bbox 522 2123 2100 2196">
    <p class='ocr_par' dir='ltr' id='par_1_37' title="bbox 522 2123 2100 2196">
     <span class='ocr_line' id='line_1_38' title="bbox 522 2123 2100 2196; baseline 0.001 -19"><span class='ocrx_word' id='word_1_263' title='bbox 522 2123 643 2177; x_wconf 88' lang='lat' dir='ltr'><strong><em>Non</em></strong></span> <span class='ocrx_word' id='word_1_264' title='bbox 672 2127 810 2179; x_wconf 89' lang='lat' dir='ltr'><strong><em>enim</em></strong></span> <span class='ocrx_word' id='word_1_265' title='bbox 836 2126 916 2179; x_wconf 71' lang='lat' dir='ltr'><strong><em>ha:</em></strong></span> <span class='ocrx_word' id='word_1_266' title='bbox 939 2137 1131 2180; x_wconf 75' lang='lat' dir='ltr'><strong><em>nosti-te</em></strong></span> <span class='ocrx_word' id='word_1_267' title='bbox 1157 2128 1498 2196; x_wconf 85' lang='lat' dir='ltr'><strong><em>cogitationes</em></strong></span> <span class='ocrx_word' id='word_1_268' title='bbox 1528 2127 1582 2180; x_wconf 90' lang='lat' dir='ltr'><strong><em>in</em></strong></span> <span class='ocrx_word' id='word_1_269' title='bbox 1617 2129 1920 2186; x_wconf 86' lang='lat' dir='ltr'><strong><em>universum</em></strong></span> <span class='ocrx_word' id='word_1_270' title='bbox 1945 2135 2100 2186; x_wconf 78' lang='lat' dir='ltr'><strong><em>erunt</em></strong></span> 
     </span>
    </p>
   </div>
   <div class='ocr_carea' id='block_1_38' title="bbox 517 2215 2098 2288">
    <p class='ocr_par' dir='ltr' id='par_1_38' title="bbox 517 2215 2098 2288">
     <span class='ocr_line' id='line_1_39' title="bbox 517 2215 2098 2288; baseline 0.001 -20"><span class='ocrx_word' id='word_1_271' title='bbox 517 2215 645 2283; x_wconf 88' lang='lat' dir='ltr'><strong><em>(non</em></strong></span> <span class='ocrx_word' id='word_1_272' title='bbox 677 2218 774 2270; x_wconf 90' lang='lat' dir='ltr'><strong><em>hoc</em></strong></span> <span class='ocrx_word' id='word_1_273' title='bbox 813 2217 1164 2272; x_wconf 87' lang='lat' dir='ltr'><strong><em>dissimulabo</em></strong></span> <span class='ocrx_word' id='word_1_274' title='bbox 1197 2237 1210 2272; x_wconf 91' lang='lat'>:</span> <span class='ocrx_word' id='word_1_275' title='bbox 1254 2235 1344 2272; x_wconf 87' lang='lat' dir='ltr'><strong><em>nec</em></strong></span> <span class='ocrx_word' id='word_1_276' title='bbox 1363 2219 1502 2272; x_wconf 81' lang='lat' dir='ltr'><strong><em>enim</em></strong></span> <span class='ocrx_word' id='word_1_277' title='bbox 1532 2219 1586 2270; x_wconf 90' lang='lat' dir='ltr'><strong><em>id</em></strong></span> <span class='ocrx_word' id='word_1_278' title='bbox 1617 2219 1734 2283; x_wconf 80' lang='lat' dir='ltr'><strong><em>fieri</em></strong></span> <span class='ocrx_word' id='word_1_279' title='bbox 1769 2235 1868 2286; x_wconf 91' lang='lat' dir='ltr'><strong><em>par</em></strong></span> <span class='ocrx_word' id='word_1_280' title='bbox 1914 2219 2098 2288; x_wconf 81' lang='lat' dir='ltr'><strong><em>esset),</em></strong></span> 
     </span>
    </p>
   </div>
   <div class='ocr_carea' id='block_1_39' title="bbox 515 2310 2100 2380">
    <p class='ocr_par' dir='ltr' id='par_1_39' title="bbox 515 2310 2100 2380">
     <span class='ocr_line' id='line_1_40' title="bbox 515 2310 2100 2380; baseline 0.003 -21"><span class='ocrx_word' id='word_1_281' title='bbox 515 2310 606 2361; x_wconf 80' lang='lat' dir='ltr'><strong><em>sed</em></strong></span> <span class='ocrx_word' id='word_1_282' title='bbox 639 2325 763 2376; x_wconf 85' lang='lat' dir='ltr'><strong><em>pars</em></strong></span> <span class='ocrx_word' id='word_1_283' title='bbox 796 2310 970 2378; x_wconf 87' lang='lat' dir='ltr'><strong><em>major</em></strong></span> <span class='ocrx_word' id='word_1_284' title='bbox 997 2311 1061 2363; x_wconf 92' lang='lat' dir='ltr'><strong><em>ab</em></strong></span> <span class='ocrx_word' id='word_1_285' title='bbox 1093 2313 1296 2363; x_wconf 88' lang='lat' dir='ltr'><strong><em>ornatis</em></strong></span> <span class='ocrx_word' id='word_1_286' title='bbox 1338 2312 1534 2365; x_wconf 91' lang='lat' dir='ltr'><strong><em>virtute</em></strong></span> <span class='ocrx_word' id='word_1_287' title='bbox 1566 2311 1693 2368; x_wconf 88' lang='lat' dir='ltr'><strong><em>viris</em></strong></span> <span class='ocrx_word' id='word_1_288' title='bbox 1717 2319 1948 2380; x_wconf 76' lang='lat' dir='ltr'><strong><em>petetur.</em></strong></span> <span class='ocrx_word' id='word_1_289' title='bbox 1968 2327 2100 2380; x_wconf 84' lang='lat' dir='ltr'><strong><em>quo-</em></strong></span> 
     </span>
    </p>
   </div>
   <div class='ocr_carea' id='block_1_40' title="bbox 518 2401 2101 2472">
    <p class='ocr_par' dir='ltr' id='par_1_40' title="bbox 518 2401 2101 2472">
     <span class='ocr_line' id='line_1_41' title="bbox 518 2401 2101 2472; baseline 0.003 -21"><span class='ocrx_word' id='word_1_290' title='bbox 518 2415 637 2453; x_wconf 76' lang='lat' dir='ltr'><strong><em>rum</em></strong></span> <span class='ocrx_word' id='word_1_291' title='bbox 669 2401 976 2453; x_wconf 89' lang='lat' dir='ltr'><strong><em>memoriam</em></strong></span> <span class='ocrx_word' id='word_1_292' title='bbox 1003 2418 1122 2455; x_wconf 89' lang='lat' dir='ltr'><strong><em>cum</em></strong></span> <span class='ocrx_word' id='word_1_293' title='bbox 1165 2403 1528 2464; x_wconf 87' lang='lat' dir='ltr'><strong><em>celebratione,</em></strong></span> <span class='ocrx_word' id='word_1_294' title='bbox 1563 2410 1907 2472; x_wconf 88' lang='lat' dir='ltr'><strong><em>posteaquam</em></strong></span> <span class='ocrx_word' id='word_1_295' title='bbox 1941 2419 2101 2456; x_wconf 82' lang='lat' dir='ltr'><strong><em>scor—</em></strong></span> 
     </span>
    </p>
   </div>
   <div class='ocr_carea' id='block_1_41' title="bbox 518 2494 2104 2564">
    <p class='ocr_par' dir='ltr' id='par_1_41' title="bbox 518 2494 2104 2564">
     <span class='ocr_line' id='line_1_42' title="bbox 518 2494 2104 2564; baseline 0.002 -19"><span class='ocrx_word' id='word_1_296' title='bbox 518 2494 730 2561; x_wconf 87' lang='lat' dir='ltr'><strong><em>poribus</em></strong></span> <span class='ocrx_word' id='word_1_297' title='bbox 763 2494 1086 2562; x_wconf 89' lang='lat' dir='ltr'><strong><em>migrarunt,</em></strong></span> <span class='ocrx_word' id='word_1_298' title='bbox 1113 2495 1160 2547; x_wconf 86' lang='lat' dir='ltr'><strong><em>ei</em></strong></span> <span class='ocrx_word' id='word_1_299' title='bbox 1193 2494 1302 2560; x_wconf 83' lang='lat' dir='ltr'><strong><em>ipsa</em></strong></span> <span class='ocrx_word' id='word_1_300' title='bbox 1332 2511 1538 2547; x_wconf 90' lang='lat' dir='ltr'><strong><em>morum</em></strong></span> <span class='ocrx_word' id='word_1_301' title='bbox 1571 2495 1781 2548; x_wconf 89' lang='lat' dir='ltr'><strong><em>bonitas</em></strong></span> <span class='ocrx_word' id='word_1_302' title='bbox 1812 2504 1860 2548; x_wconf 92' lang='lat' dir='ltr'><strong><em>et</em></strong></span> <span class='ocrx_word' id='word_1_303' title='bbox 1895 2496 2104 2564; x_wconf 89' lang='lat' dir='ltr'><strong><em>sapien-</em></strong></span> 
     </span>
    </p>
   </div>
   <div class='ocr_carea' id='block_1_42' title="bbox 520 2581 2104 2649">
    <p class='ocr_par' dir='ltr' id='par_1_42' title="bbox 520 2581 2104 2649">
     <span class='ocr_line' id='line_1_43' title="bbox 520 2581 2104 2649; baseline 0.002 -14"><span class='ocrx_word' id='word_1_304' title='bbox 520 2583 595 2635; x_wconf 90' lang='lat' dir='ltr'><strong><em>tia</em></strong></span> <span class='ocrx_word' id='word_1_305' title='bbox 624 2591 921 2636; x_wconf 87' lang='lat' dir='ltr'><strong><em>conservat.</em></strong></span> <span class='ocrx_word' id='word_1_306' title='bbox 946 2581 1056 2636; x_wconf 83' lang='lat' dir='ltr'><strong><em>Nec</em></strong></span> <span class='ocrx_word' id='word_1_307' title='bbox 1083 2581 1146 2635; x_wconf 85' lang='lat' dir='ltr'><strong><em>de</em></strong></span> <span class='ocrx_word' id='word_1_308' title='bbox 1177 2584 1372 2636; x_wconf 86' lang='lat' dir='ltr'><strong><em>nostris</em></strong></span> <span class='ocrx_word' id='word_1_309' title='bbox 1409 2584 1672 2636; x_wconf 72' lang='lat' dir='ltr'><strong><em>duntaxat</em></strong></span> <span class='ocrx_word' id='word_1_310' title='bbox 1693 2583 1990 2649; x_wconf 85' lang='lat' dir='ltr'><strong><em>hominibus</em></strong></span> <span class='ocrx_word' id='word_1_311' title='bbox 2025 2585 2104 2638; x_wconf 87' lang='lat' dir='ltr'><strong><em>lo-</em></strong></span> 
     </span>
    </p>
   </div>
   <div class='ocr_carea' id='block_1_43' title="bbox 516 2673 1713 2743">
    <p class='ocr_par' dir='ltr' id='par_1_43' title="bbox 516 2673 1713 2743">
     <span class='ocr_line' id='line_1_44' title="bbox 516 2673 1713 2743; baseline 0.004 -18"><span class='ocrx_word' id='word_1_312' title='bbox 516 2691 672 2738; x_wconf 87' lang='lat' dir='ltr'><strong><em>quor,</em></strong></span> <span class='ocrx_word' id='word_1_313' title='bbox 700 2690 877 2727; x_wconf 88' lang='lat' dir='ltr'><strong><em>verum</em></strong></span> <span class='ocrx_word' id='word_1_314' title='bbox 905 2673 1062 2726; x_wconf 87' lang='lat' dir='ltr'><strong><em>etiam</em></strong></span> <span class='ocrx_word' id='word_1_315' title='bbox 1087 2674 1152 2727; x_wconf 91' lang='lat' dir='ltr'><strong><em>de</em></strong></span> <span class='ocrx_word' id='word_1_316' title='bbox 1167 2673 1428 2743; x_wconf 81' lang='lat' dir='ltr'><strong><em>plerisque</em></strong></span> <span class='ocrx_word' id='word_1_317' title='bbox 1460 2686 1713 2730; x_wconf 86' lang='lat' dir='ltr'><strong><em>veterum.</em></strong></span> 
     </span>
    </p>
   </div>
   <div class='ocr_carea' id='block_1_44' title="bbox 597 2850 2100 2923">
    <p class='ocr_par' dir='ltr' id='par_1_44' title="bbox 597 2850 2100 2923">
     <span class='ocr_line' id='line_1_45' title="bbox 597 2850 2100 2923; baseline 0.005 -21"><span class='ocrx_word' id='word_1_318' title='bbox 597 2850 794 2904; x_wconf 79' lang='lat' dir='ltr'><strong><em>Rursus</em></strong></span> <span class='ocrx_word' id='word_1_319' title='bbox 830 2853 912 2905; x_wconf 88' lang='lat' dir='ltr'><strong><em>hic</em></strong></span> <span class='ocrx_word' id='word_1_320' title='bbox 945 2853 1203 2922; x_wconf 72' lang='lat' dir='ltr'><strong><em>quispiam</em></strong></span> <span class='ocrx_word' id='word_1_321' title='bbox 1237 2855 1387 2908; x_wconf 90' lang='lat' dir='ltr'><strong><em>nobis</em></strong></span> <span class='ocrx_word' id='word_1_322' title='bbox 1427 2855 1657 2923; x_wconf 79' lang='lat' dir='ltr'><strong><em>fortasse</em></strong></span> <span class='ocrx_word' id='word_1_323' title='bbox 1689 2855 1934 2911; x_wconf 87' lang='lat' dir='ltr'><strong><em>dicturus</em></strong></span> <span class='ocrx_word' id='word_1_324' title='bbox 1997 2867 2100 2922; x_wconf 89' lang='lat' dir='ltr'><strong><em>est,</em></strong></span> 
     </span>
    </p>
   </div>
   <div class='ocr_carea' id='block_1_45' title="bbox 521 2943 2106 3019">
    <p class='ocr_par' dir='ltr' id='par_1_45' title="bbox 521 2943 2106 3019">
     <span class='ocr_line' id='line_1_46' title="bbox 521 2943 2106 3019; baseline 0.004 -25"><span class='ocrx_word' id='word_1_325' title='bbox 521 2943 649 2994; x_wconf 88' lang='lat' dir='ltr'><strong><em>satis</em></strong></span> <span class='ocrx_word' id='word_1_326' title='bbox 679 2958 808 3007; x_wconf 88' lang='lat' dir='ltr'><strong><em>esse,</em></strong></span> <span class='ocrx_word' id='word_1_327' title='bbox 835 2945 879 2996; x_wconf 93' lang='lat' dir='ltr'><strong><em>si</em></strong></span> <span class='ocrx_word' id='word_1_328' title='bbox 907 2946 1238 3006; x_wconf 70' lang='lat' dir='ltr'><strong><em>mandemus,</em></strong></span> <span class='ocrx_word' id='word_1_329' title='bbox 1274 2961 1360 2998; x_wconf 86' lang='lat' dir='ltr'><strong><em>eos</em></strong></span> <span class='ocrx_word' id='word_1_330' title='bbox 1394 2955 1449 2997; x_wconf 91' lang='lat' dir='ltr'><strong><em>ut</em></strong></span> <span class='ocrx_word' id='word_1_331' title='bbox 1473 2948 1633 3002; x_wconf 86' lang='lat' dir='ltr'><strong><em>adeas</em></strong></span> <span class='ocrx_word' id='word_1_332' title='bbox 1658 2947 1820 3011; x_wconf 87' lang='lat' dir='ltr'><strong><em>viras,</em></strong></span> <span class='ocrx_word' id='word_1_333' title='bbox 1845 2959 1892 3002; x_wconf 90' lang='lat' dir='ltr'><strong><em>et</em></strong></span> <span class='ocrx_word' id='word_1_334' title='bbox 1919 2965 2106 3019; x_wconf 83' lang='lat' dir='ltr'><strong><em>quam-</em></strong></span> 
     </span>
    </p>
   </div>
   <div class='ocr_carea' id='block_1_46' title="bbox 517 3034 2102 3107">
    <p class='ocr_par' dir='ltr' id='par_1_46' title="bbox 517 3034 2102 3107">
     <span class='ocr_line' id='line_1_47' title="bbox 517 3034 2102 3107; baseline 0.004 -21"><span class='ocrx_word' id='word_1_335' title='bbox 517 3035 749 3103; x_wconf 86' lang='lat' dir='ltr'><strong><em>primum</em></strong></span> <span class='ocrx_word' id='word_1_336' title='bbox 780 3034 1007 3103; x_wconf 80' lang='lat' dir='ltr'><strong><em>pellegas</em></strong></span> <span class='ocrx_word' id='word_1_337' title='bbox 1055 3035 1395 3106; x_wconf 88' lang='lat' dir='ltr'><strong><em>ipsorumque</em></strong></span> <span class='ocrx_word' id='word_1_338' title='bbox 1452 3046 1499 3090; x_wconf 92' lang='lat' dir='ltr'><strong><em>te</em></strong></span> <span class='ocrx_word' id='word_1_339' title='bbox 1554 3040 1830 3107; x_wconf 70' lang='lat' dir='ltr'><strong><em>praeceptis</em></strong></span> <span class='ocrx_word' id='word_1_340' title='bbox 1866 3040 2102 3100; x_wconf 77' lang='lat' dir='ltr'><strong><em>excolas.</em></strong></span> 
     </span>
    </p>
   </div>
   <div class='ocr_carea' id='block_1_47' title="bbox 2203 1928 3797 2007">
    <p class='ocr_par' dir='ltr' id='par_1_47' title="bbox 2203 1928 3797 2007">
     <span class='ocr_line' id='line_1_48' title="bbox 2203 1928 3797 2007; baseline 0.006 -24"><span class='ocrx_word' id='word_1_341' title='bbox 2203 1931 2360 1998; x_wconf 83' lang='grc' dir='ltr'><strong><em>τύχῃ</em></strong></span> <span class='ocrx_word' id='word_1_342' title='bbox 2381 1929 2572 2000; x_wconf 78' lang='grc' dir='ltr'><em>πάσῃ,</em></span> <span class='ocrx_word' id='word_1_343' title='bbox 2603 1933 2699 1985; x_wconf 76' lang='grc' dir='ltr'><em>καὶ</em></span> <span class='ocrx_word' id='word_1_344' title='bbox 2724 1931 2912 1997; x_wconf 80' lang='grc' dir='ltr'><strong><em>τάξει,</em></strong></span> <span class='ocrx_word' id='word_1_345' title='bbox 2944 1928 3023 2002; x_wconf 80' lang='grc' dir='ltr'><em>τῷ</em></span> <span class='ocrx_word' id='word_1_346' title='bbox 3048 1951 3112 1988; x_wconf 89' lang='grc' dir='ltr'><strong><em>τε</em></strong></span> <span class='ocrx_word' id='word_1_347' title='bbox 3137 1934 3285 2000; x_wconf 79' lang='grc' dir='ltr'><em>ὄντι,</em></span> <span class='ocrx_word' id='word_1_348' title='bbox 3319 1935 3400 2002; x_wconf 88' lang='grc' dir='ltr'><em>τῷ</em></span> <span class='ocrx_word' id='word_1_349' title='bbox 3432 1953 3495 1990; x_wconf 89' lang='grc' dir='ltr'><strong><em>τε</em></strong></span> <span class='ocrx_word' id='word_1_350' title='bbox 3524 1938 3797 2007; x_wconf 81' lang='grc' dir='ltr'><em>ἐσομένῳ</em></span> 
     </span>
    </p>
   </div>
   <div class='ocr_carea' id='block_1_48' title="bbox 2202 2023 3797 2100">
    <p class='ocr_par' dir='ltr' id='par_1_48' title="bbox 2202 2023 3797 2100">
     <span class='ocr_line' id='line_1_49' title="bbox 2202 2023 3797 2100; baseline 0.006 -25"><span class='ocrx_word' id='word_1_351' title='bbox 2202 2023 2424 2091; x_wconf 57' lang='lat' dir='ltr'><strong><em>qva-ﬁla).</em></strong></span> <span class='ocrx_word' id='word_1_352' title='bbox 2461 2024 2569 2078; x_wconf 82' lang='lat' dir='ltr'><strong><em>Kal</em></strong></span> <span class='ocrx_word' id='word_1_353' title='bbox 2600 2025 2686 2093; x_wconf 81' lang='grc' dir='ltr'><em>μή</em></span> <span class='ocrx_word' id='word_1_354' title='bbox 2707 2025 2786 2094; x_wconf 81' lang='grc' dir='ltr'><strong><em>μέ</em></strong></span> <span class='ocrx_word' id='word_1_355' title='bbox 2811 2042 2900 2092; x_wconf 83' lang='grc' dir='ltr'><strong><em>τις</em></strong></span> <span class='ocrx_word' id='word_1_356' title='bbox 2925 2025 3279 2092; x_wconf 73' lang='grc' dir='ltr'><strong><em>ἀλαζονείας</em></strong></span> <span class='ocrx_word' id='word_1_357' title='bbox 3311 2029 3662 2097; x_wconf 75' lang='grc' dir='ltr'><em>γραψάσθω,</em></span> <span class='ocrx_word' id='word_1_358' title='bbox 3688 2047 3797 2100; x_wconf 86' lang='grc' dir='ltr'><em>με-</em></span> 
     </span>
    </p>
   </div>
   <div class='ocr_carea' id='block_1_49' title="bbox 2203 2112 3794 2188">
    <p class='ocr_par' dir='ltr' id='par_1_49' title="bbox 2203 2112 3794 2188">
     <span class='ocr_line' id='line_1_50' title="bbox 2203 2112 3794 2188; baseline 0.005 -22"><span class='ocrx_word' id='word_1_359' title='bbox 2203 2113 2360 2186; x_wconf 87' lang='grc' dir='ltr'><em>γάλα</em></span> <span class='ocrx_word' id='word_1_360' title='bbox 2390 2112 2578 2183; x_wconf 81' lang='grc' dir='ltr'><strong><em>δῆθεν</em></strong></span> <span class='ocrx_word' id='word_1_361' title='bbox 2607 2116 3160 2185; x_wconf 82' lang='grc' dir='ltr'><em>ἐπαγγελλόμενον.</em></span> <span class='ocrx_word' id='word_1_362' title='bbox 3189 2120 3272 2172; x_wconf 83' lang='grc' dir='ltr'><strong><em>Οὐ</em></strong></span> <span class='ocrx_word' id='word_1_363' title='bbox 3319 2119 3430 2188; x_wconf 86' lang='grc' dir='ltr'><strong><em>γὰρ</em></strong></span> <span class='ocrx_word' id='word_1_364' title='bbox 3465 2119 3542 2187; x_wconf 75' lang='grc' dir='ltr'><em>δὴ</em></span> <span class='ocrx_word' id='word_1_365' title='bbox 3576 2121 3644 2174; x_wconf 90' lang='grc' dir='ltr'><em>τὸ</em></span> <span class='ocrx_word' id='word_1_366' title='bbox 3668 2121 3794 2176; x_wconf 75' lang='grc' dir='ltr'><em>πᾶν</em></span> 
     </span>
    </p>
   </div>
   <div class='ocr_carea' id='block_1_50' title="bbox 2203 2205 3791 2280">
    <p class='ocr_par' dir='ltr' id='par_1_50' title="bbox 2203 2205 3791 2280">
     <span class='ocr_line' id='line_1_51' title="bbox 2203 2205 3791 2280; baseline 0.005 -21"><span class='ocrx_word' id='word_1_367' title='bbox 2203 2205 2500 2274; x_wconf 72' lang='grc' dir='ltr'><em>ἡμέτερον</em></span> <span class='ocrx_word' id='word_1_368' title='bbox 2528 2205 2702 2276; x_wconf 70' lang='grc' dir='ltr'><em>ἔσται</em></span> <span class='ocrx_word' id='word_1_369' title='bbox 2731 2207 2853 2261; x_wconf 79' lang='grc' dir='ltr'><strong><em>τῶν</em></strong></span> <span class='ocrx_word' id='word_1_370' title='bbox 2884 2207 3204 2276; x_wconf 78' lang='grc' dir='ltr'><em>νοημάτων</em></span> <span class='ocrx_word' id='word_1_371' title='bbox 3227 2209 3330 2280; x_wconf 81' lang='grc' dir='ltr'><strong><em>(οὐ¹</em></strong></span> <span class='ocrx_word' id='word_1_372' title='bbox 3348 2212 3558 2280; x_wconf 73' lang='grc' dir='ltr'><em>κρύψω</em></span> <span class='ocrx_word' id='word_1_373' title='bbox 3590 2212 3791 2277; x_wconf 82' lang='grc' dir='ltr'><em>τοῦτο,</em></span> 
     </span>
    </p>
   </div>
   <div class='ocr_carea' id='block_1_51' title="bbox 2204 2299 3789 2374">
    <p class='ocr_par' dir='ltr' id='par_1_51' title="bbox 2204 2299 3789 2374">
     <span class='ocr_line' id='line_1_52' title="bbox 2204 2299 3789 2374; baseline 0.004 -20"><span class='ocrx_word' id='word_1_374' title='bbox 2204 2299 2348 2355; x_wconf 83' lang='grc' dir='ltr'><em>οὐδὲ</em></span> <span class='ocrx_word' id='word_1_375' title='bbox 2379 2300 2492 2370; x_wconf 82' lang='grc' dir='ltr'><em>γὰρ</em></span> <span class='ocrx_word' id='word_1_376' title='bbox 2541 2300 2761 2370; x_wconf 78' lang='grc' dir='ltr'><em>ἄξιον),</em></span> <span class='ocrx_word' id='word_1_377' title='bbox 2804 2302 2970 2357; x_wconf 76' lang='grc' dir='ltr'><em>ἀλλὰ</em></span> <span class='ocrx_word' id='word_1_378' title='bbox 3017 2304 3116 2357; x_wconf 74' lang='grc' dir='ltr'><em>καὶ</em></span> <span class='ocrx_word' id='word_1_379' title='bbox 3164 2303 3231 2357; x_wconf 91' lang='grc' dir='ltr'><em>τὸ</em></span> <span class='ocrx_word' id='word_1_380' title='bbox 3262 2305 3556 2358; x_wconf 81' lang='grc' dir='ltr'><em>πλεῖστον</em></span> <span class='ocrx_word' id='word_1_381' title='bbox 3588 2305 3789 2374; x_wconf 84' lang='grc' dir='ltr'><em>μέρος,</em></span> 
     </span>
    </p>
   </div>
   <div class='ocr_carea' id='block_1_52' title="bbox 2203 2389 3794 2466">
    <p class='ocr_par' dir='ltr' id='par_1_52' title="bbox 2203 2389 3794 2466">
     <span class='ocr_line' id='line_1_53' title="bbox 2203 2389 3794 2466; baseline 0.002 -19"><span class='ocrx_word' id='word_1_382' title='bbox 2203 2391 2387 2461; x_wconf 81' lang='grc' dir='ltr'><em>ἀρετῇ</em></span> <span class='ocrx_word' id='word_1_383' title='bbox 2409 2392 2892 2463; x_wconf 82' lang='grc' dir='ltr'><em>κεκοσμημένον,</em></span> <span class='ocrx_word' id='word_1_384' title='bbox 2931 2389 3024 2460; x_wconf 82' lang='grc' dir='ltr'><strong><em>οίς</em></strong></span> <span class='ocrx_word' id='word_1_385' title='bbox 3056 2396 3094 2464; x_wconf 80' lang='grc' dir='ltr'><strong><em>ἡ</em></strong></span> <span class='ocrx_word' id='word_1_386' title='bbox 3119 2394 3240 2448; x_wconf 91' lang='grc' dir='ltr'><strong><em>τῶν</em></strong></span> <span class='ocrx_word' id='word_1_387' title='bbox 3262 2397 3497 2464; x_wconf 86' lang='grc' dir='ltr'><em>τρόπων</em></span> <span class='ocrx_word' id='word_1_388' title='bbox 3528 2399 3794 2466; x_wconf 79' lang='grc' dir='ltr'><em>χρηστό-</em></span> 
     </span>
    </p>
   </div>
   <div class='ocr_carea' id='block_1_53' title="bbox 2203 2483 3796 2557">
    <p class='ocr_par' dir='ltr' id='par_1_53' title="bbox 2203 2483 3796 2557">
     <span class='ocr_line' id='line_1_54' title="bbox 2203 2483 3796 2557; baseline 0.003 -20"><span class='ocrx_word' id='word_1_389' title='bbox 2203 2501 2333 2551; x_wconf 87' lang='grc' dir='ltr'><em>της,</em></span> <span class='ocrx_word' id='word_1_390' title='bbox 2372 2483 2472 2538; x_wconf 74' lang='lat' dir='ltr'><strong><em>real</em></strong></span> <span class='ocrx_word' id='word_1_391' title='bbox 2521 2485 2588 2538; x_wconf 91' lang='grc' dir='ltr'><em>τὸ</em></span> <span class='ocrx_word' id='word_1_392' title='bbox 2613 2484 2726 2553; x_wconf 87' lang='grc' dir='ltr'><em>τῆς</em></span> <span class='ocrx_word' id='word_1_393' title='bbox 2783 2488 3006 2554; x_wconf 70' lang='grc' dir='ltr'><em>σοφίας</em></span> <span class='ocrx_word' id='word_1_394' title='bbox 3055 2486 3280 2556; x_wconf 85' lang='grc' dir='ltr'><em>χρῆμα,</em></span> <span class='ocrx_word' id='word_1_395' title='bbox 3329 2485 3450 2540; x_wconf 89' lang='grc' dir='ltr'><strong><em>τῶν</em></strong></span> <span class='ocrx_word' id='word_1_396' title='bbox 3502 2488 3796 2557; x_wconf 90' lang='grc' dir='ltr'><em>σωμάτων</em></span> 
     </span>
    </p>
   </div>
   <div class='ocr_carea' id='block_1_54' title="bbox 2203 2575 3793 2649">
    <p class='ocr_par' dir='ltr' id='par_1_54' title="bbox 2203 2575 3793 2649">
     <span class='ocr_line' id='line_1_55' title="bbox 2203 2575 3793 2649; baseline 0.003 -18"><span class='ocrx_word' id='word_1_397' title='bbox 2203 2575 2597 2631; x_wconf 75' lang='grc' dir='ltr'><em>ἀπελθόντων</em></span> <span class='ocrx_word' id='word_1_398' title='bbox 2619 2577 2749 2646; x_wconf 71' lang='grc' dir='ltr'><em>περὶ</em></span> <span class='ocrx_word' id='word_1_399' title='bbox 2784 2576 2900 2646; x_wconf 77' lang='grc' dir='ltr'><em>τὴν</em></span> <span class='ocrx_word' id='word_1_400' title='bbox 2924 2577 3172 2647; x_wconf 83' lang='grc' dir='ltr'><em>μνήμην</em></span> <span class='ocrx_word' id='word_1_401' title='bbox 3192 2578 3323 2648; x_wconf 86' lang='grc' dir='ltr'><em>μετ’</em></span> <span class='ocrx_word' id='word_1_402' title='bbox 3351 2579 3677 2649; x_wconf 81' lang='grc' dir='ltr'><em>ἐγκωμίων.</em></span> <span class='ocrx_word' id='word_1_403' title='bbox 3707 2582 3793 2635; x_wconf 84' lang='grc' dir='ltr'><strong><em>οὐ</em></strong></span> 
     </span>
    </p>
   </div>
   <div class='ocr_carea' id='block_1_55' title="bbox 2203 2664 3795 2737">
    <p class='ocr_par' dir='ltr' id='par_1_55' title="bbox 2203 2664 3795 2737">
     <span class='ocr_line' id='line_1_56' title="bbox 2203 2664 3795 2737; baseline 0.004 -18"><span class='ocrx_word' id='word_1_404' title='bbox 2203 2664 2360 2735; x_wconf 85' lang='grc' dir='ltr'><em>λέγω</em></span> <span class='ocrx_word' id='word_1_405' title='bbox 2391 2665 2460 2718; x_wconf 86' lang='grc' dir='ltr'><em>δὲ</em></span> <span class='ocrx_word' id='word_1_406' title='bbox 2501 2667 2701 2735; x_wconf 86' lang='grc' dir='ltr'><em>μόνον</em></span> <span class='ocrx_word' id='word_1_407' title='bbox 2737 2667 2880 2732; x_wconf 82' lang='grc' dir='ltr'><em>τοὺς</em></span> <span class='ocrx_word' id='word_1_408' title='bbox 2929 2667 3284 2737; x_wconf 75' lang='grc' dir='ltr'><em>ἡμετέρους,</em></span> <span class='ocrx_word' id='word_1_409' title='bbox 3313 2667 3476 2726; x_wconf 80' lang='grc' dir='ltr'><em>ἀλλὰ</em></span> <span class='ocrx_word' id='word_1_410' title='bbox 3515 2668 3614 2722; x_wconf 72' lang='grc' dir='ltr'><em>καὶ</em></span> <span class='ocrx_word' id='word_1_411' title='bbox 3639 2673 3795 2725; x_wconf 84' lang='grc' dir='ltr'><em>πολ-</em></span> 
     </span>
    </p>
   </div>
   <div class='ocr_carea' id='block_1_56' title="bbox 2204 2757 2974 2826">
    <p class='ocr_par' dir='ltr' id='par_1_56' title="bbox 2204 2757 2974 2826">
     <span class='ocr_line' id='line_1_57' title="bbox 2204 2757 2974 2826; baseline 0 -12"><span class='ocrx_word' id='word_1_412' title='bbox 2204 2759 2356 2824; x_wconf 83' lang='grc' dir='ltr'><em>λοὺς</em></span> <span class='ocrx_word' id='word_1_413' title='bbox 2388 2758 2508 2816; x_wconf 87' lang='grc' dir='ltr'><strong><em>τῶν</em></strong></span> <span class='ocrx_word' id='word_1_414' title='bbox 2535 2757 2974 2826; x_wconf 73' lang='grc' dir='ltr'><em>παλαιοτέρων.</em></span> 
     </span>
    </p>
   </div>
   <div class='ocr_carea' id='block_1_57' title="bbox 2278 2852 3789 2926">
    <p class='ocr_par' dir='ltr' id='par_1_57' title="bbox 2278 2852 3789 2926">
     <span class='ocr_line' id='line_1_58' title="bbox 2278 2852 3789 2926; baseline 0.001 -20"><span class='ocrx_word' id='word_1_415' title='bbox 2278 2853 2474 2906; x_wconf 89' lang='grc' dir='ltr'><em>Πάλιν</em></span> <span class='ocrx_word' id='word_1_416' title='bbox 2504 2852 2634 2922; x_wconf 79' lang='grc' dir='ltr'><em>ἐρεῖ</em></span> <span class='ocrx_word' id='word_1_417' title='bbox 2659 2870 2748 2918; x_wconf 87' lang='grc' dir='ltr'><strong><em>τις</em></strong></span> <span class='ocrx_word' id='word_1_418' title='bbox 2789 2853 2980 2922; x_wconf 80' lang='grc' dir='ltr'><em>τυχὸν</em></span> <span class='ocrx_word' id='word_1_419' title='bbox 3015 2853 3160 2922; x_wconf 77' lang='grc' dir='ltr'><em>ἡμῖν</em></span> <span class='ocrx_word' id='word_1_420' title='bbox 3181 2869 3195 2886; x_wconf 75' lang='grc' dir='ltr'><strong>ο</strong></span> <span class='ocrx_word' id='word_1_421' title='bbox 3236 2855 3441 2924; x_wconf 81' lang='grc' dir='ltr'><em>Ἤρκει</em></span> <span class='ocrx_word' id='word_1_422' title='bbox 3468 2855 3789 2926; x_wconf 82' lang='grc' dir='ltr'><em>τοιγαροῦν</em></span> 
     </span>
    </p>
   </div>
   <div class='ocr_carea' id='block_1_58' title="bbox 2207 2940 3792 3014">
    <p class='ocr_par' dir='ltr' id='par_1_58' title="bbox 2207 2940 3792 3014">
     <span class='ocr_line' id='line_1_59' title="bbox 2207 2940 3792 3014; baseline 0.001 -18"><span class='ocrx_word' id='word_1_423' title='bbox 2207 2941 2501 3006; x_wconf 77' lang='grc' dir='ltr'><em>ἐπιτάξαι,</em></span> <span class='ocrx_word' id='word_1_424' title='bbox 2536 2940 2699 3008; x_wconf 86' lang='grc' dir='ltr'><em>παρὰ</em></span> <span class='ocrx_word' id='word_1_425' title='bbox 2731 2940 3019 2995; x_wconf 80' lang='grc' dir='ltr'><em>τουτουσὶ</em></span> <span class='ocrx_word' id='word_1_426' title='bbox 3049 2941 3192 3009; x_wconf 78' lang='grc' dir='ltr'><em>τοὺς</em></span> <span class='ocrx_word' id='word_1_427' title='bbox 3236 2943 3462 3013; x_wconf 78' lang='grc' dir='ltr'><em>ἄνδρας</em></span> <span class='ocrx_word' id='word_1_428' title='bbox 3499 2945 3792 3014; x_wconf 72' lang='grc' dir='ltr'><em>φοιτῆσαί</em></span> 
     </span>
    </p>
   </div>
   <div class='ocr_carea' id='block_1_59' title="bbox 2208 3030 3793 3102">
    <p class='ocr_par' dir='ltr' id='par_1_59' title="bbox 2208 3030 3793 3102">
     <span class='ocr_line' id='line_1_60' title="bbox 2208 3030 3793 3102; baseline 0.001 -16"><span class='ocrx_word' id='word_1_429' title='bbox 2208 3047 2304 3095; x_wconf 91' lang='grc' dir='ltr'><strong><em>σε,</em></strong></span> <span class='ocrx_word' id='word_1_430' title='bbox 2340 3031 2438 3086; x_wconf 77' lang='grc' dir='ltr'><em>καὶ</em></span> <span class='ocrx_word' id='word_1_431' title='bbox 2466 3030 2582 3098; x_wconf 84' lang='grc' dir='ltr'><em>τὴν</em></span> <span class='ocrx_word' id='word_1_432' title='bbox 2611 3030 2912 3100; x_wconf 82' lang='grc' dir='ltr'><em>ταχίστην</em></span> <span class='ocrx_word' id='word_1_433' title='bbox 2941 3032 3168 3100; x_wconf 85' lang='grc' dir='ltr'><em>αὐτοὺς</em></span> <span class='ocrx_word' id='word_1_434' title='bbox 3213 3033 3495 3101; x_wconf 78' lang='grc' dir='ltr'><em>διελθεῖν,</em></span> <span class='ocrx_word' id='word_1_435' title='bbox 3536 3035 3634 3090; x_wconf 76' lang='grc' dir='ltr'><em>καὶ</em></span> <span class='ocrx_word' id='word_1_436' title='bbox 3665 3033 3793 3102; x_wconf 87' lang='grc' dir='ltr'><em>ταῖς</em></span> 
     </span>
    </p>
   </div>
   <div class='ocr_carea' id='block_1_60' title="bbox 521 3121 2104 3224">
    <p class='ocr_par' dir='ltr' id='par_1_60' title="bbox 521 3127 2104 3200">
     <span class='ocr_line' id='line_1_61' title="bbox 521 3127 2104 3200; baseline 0.004 -21"><span class='ocrx_word' id='word_1_437' title='bbox 521 3127 914 3182; x_wconf 73' lang='grc' dir='ltr'><em>ηοὺὶεοίηιει·ἱηι</em></span> <span class='ocrx_word' id='word_1_438' title='bbox 950 3127 1045 3181; x_wconf 87' lang='lat' dir='ltr'><strong><em>hoc</em></strong></span> <span class='ocrx_word' id='word_1_439' title='bbox 1068 3129 1246 3183; x_wconf 85' lang='lat' dir='ltr'><strong><em>labore</em></strong></span> <span class='ocrx_word' id='word_1_440' title='bbox 1277 3129 1622 3200; x_wconf 87' lang='lat' dir='ltr'><strong><em>molestiaque</em></strong></span> <span class='ocrx_word' id='word_1_441' title='bbox 1647 3131 1906 3188; x_wconf 88' lang='lat' dir='ltr'><strong><em>liberatis.</em></strong></span> <span class='ocrx_word' id='word_1_442' title='bbox 1952 3131 2104 3186; x_wconf 85' lang='lat' dir='ltr'><strong><em>Nihil</em></strong></span> 
     </span>
    </p>
   </div>
   <div class='ocr_carea' id='block_1_61' title="bbox 2206 3121 3787 3224">
    <p class='ocr_par' dir='ltr' id='par_1_61' title="bbox 2208 3121 3787 3196">
     <span class='ocr_line' id='line_1_62' title="bbox 2208 3121 3787 3196; baseline 0.003 -19"><span class='ocrx_word' id='word_1_443' title='bbox 2208 3122 2382 3192; x_wconf 74' lang='grc' dir='ltr'><em>σφῶν</em></span> <span class='ocrx_word' id='word_1_444' title='bbox 2405 3121 2828 3188; x_wconf 79' lang='grc' dir='ltr'><em>διδασκαλίαις</em></span> <span class='ocrx_word' id='word_1_445' title='bbox 2859 3121 3093 3178; x_wconf 84' lang='grc' dir='ltr'><em>σαυτὸν</em></span> <span class='ocrx_word' id='word_1_446' title='bbox 3111 3123 3563 3196; x_wconf 57' lang='grc' dir='ltr'><em>κοσμῆσαιριαὶ</em></span> <span class='ocrx_word' id='word_1_447' title='bbox 3595 3141 3787 3196; x_wconf 85' lang='grc' dir='ltr'><em>πραγ-</em></span> 
     </span>
    </p>
   </div>
   <div class='ocr_carea' id='block_1_62' title="bbox 518 3213 2104 3294">
    <p class='ocr_par' dir='ltr' id='par_1_62' title="bbox 518 3219 2104 3294">
     <span class='ocr_line' id='line_1_63' title="bbox 518 3219 2104 3294; baseline 0.004 -23"><span class='ocrx_word' id='word_1_448' title='bbox 518 3219 760 3284; x_wconf 85' lang='lat' dir='ltr'><strong><em>equidem</em></strong></span> <span class='ocrx_word' id='word_1_449' title='bbox 794 3219 1016 3271; x_wconf 85' lang='lat' dir='ltr'><strong><em>absurdi</em></strong></span> <span class='ocrx_word' id='word_1_450' title='bbox 1036 3219 1099 3272; x_wconf 92' lang='lat' dir='ltr'><strong><em>ab</em></strong></span> <span class='ocrx_word' id='word_1_451' title='bbox 1129 3221 1225 3274; x_wconf 91' lang='lat' dir='ltr'><strong><em>hoc</em></strong></span> <span class='ocrx_word' id='word_1_452' title='bbox 1272 3222 1480 3276; x_wconf 86' lang='lat' dir='ltr'><strong><em>homine</em></strong></span> <span class='ocrx_word' id='word_1_453' title='bbox 1507 3223 1736 3292; x_wconf 87' lang='lat' dir='ltr'><strong><em>proferri</em></strong></span> <span class='ocrx_word' id='word_1_454' title='bbox 1756 3224 1931 3294; x_wconf 88' lang='lat' dir='ltr'><strong><em>fateor</em></strong></span> <span class='ocrx_word' id='word_1_455' title='bbox 1955 3239 1973 3276; x_wconf 91' lang='lat'><strong><em>:</em></strong></span> <span class='ocrx_word' id='word_1_456' title='bbox 1996 3240 2104 3278; x_wconf 86' lang='lat' dir='ltr'><strong><em>esse</em></strong></span> 
     </span>
    </p>
   </div>
   <div class='ocr_carea' id='block_1_63' title="bbox 2206 3213 3791 3294">
    <p class='ocr_par' dir='ltr' id='par_1_63' title="bbox 2206 3213 3791 3287">
     <span class='ocr_line' id='line_1_64' title="bbox 2206 3213 3791 3287; baseline 0.003 -18"><span class='ocrx_word' id='word_1_457' title='bbox 2206 3216 2409 3286; x_wconf 85' lang='grc' dir='ltr'><em>μάτων</em></span> <span class='ocrx_word' id='word_1_458' title='bbox 2451 3213 2610 3285; x_wconf 62' lang='grc' dir='ltr'><em>’ἡμᾶς</em></span> <span class='ocrx_word' id='word_1_459' title='bbox 2657 3215 3068 3285; x_wconf 78' lang='grc' dir='ltr'><em>ἀπηλλάχθαι.</em></span> <span class='ocrx_word' id='word_1_460' title='bbox 3093 3217 3203 3272; x_wconf 87' lang='lat' dir='ltr'><strong><em>Kal</em></strong></span> <span class='ocrx_word' id='word_1_461' title='bbox 3224 3217 3395 3287; x_wconf 67' lang='grc' dir='ltr'><em>φημὶ,</em></span> <span class='ocrx_word' id='word_1_462' title='bbox 3418 3217 3614 3287; x_wconf 86' lang='grc' dir='ltr'><em>μηδὲν</em></span> <span class='ocrx_word' id='word_1_463' title='bbox 3638 3218 3791 3287; x_wconf 78' lang='grc' dir='ltr'><em>ἀπᾷ-</em></span> 
     </span>
    </p>
   </div>
   <div class='ocr_carea' id='block_1_64' title="bbox 525 3311 2103 3386">
    <p class='ocr_par' dir='ltr' id='par_1_64' title="bbox 525 3311 2103 3386">
     <span class='ocr_line' id='line_1_65' title="bbox 525 3311 2103 3386; baseline 0.006 -24"><span class='ocrx_word' id='word_1_464' title='bbox 525 3311 776 3364; x_wconf 85' lang='lat' dir='ltr'><strong><em>nimirnm</em></strong></span> <span class='ocrx_word' id='word_1_465' title='bbox 844 3326 1162 3386; x_wconf 65' lang='lat' dir='ltr'><strong><em>magnopere</em></strong></span> <span class='ocrx_word' id='word_1_466' title='bbox 1209 3315 1588 3374; x_wconf 87' lang='lat' dir='ltr'><strong><em>necessarium.</em></strong></span> <span class='ocrx_word' id='word_1_467' title='bbox 1647 3326 1702 3368; x_wconf 87' lang='lat' dir='ltr'><strong><em>ut</em></strong></span> <span class='ocrx_word' id='word_1_468' title='bbox 1755 3316 2103 3371; x_wconf 88' lang='lat' dir='ltr'><strong><em>admirabiles</em></strong></span> 
     </span>
    </p>
   </div>
   <div class='ocr_carea' id='block_1_65' title="bbox 523 3402 2107 3478">
    <p class='ocr_par' dir='ltr' id='par_1_65' title="bbox 523 3402 2107 3478">
     <span class='ocr_line' id='line_1_66' title="bbox 523 3402 2107 3478; baseline 0.006 -25"><span class='ocrx_word' id='word_1_469' title='bbox 523 3402 676 3454; x_wconf 89' lang='lat' dir='ltr'><strong><em>hos’ce</em></strong></span> <span class='ocrx_word' id='word_1_470' title='bbox 701 3405 840 3454; x_wconf 88' lang='lat' dir='ltr'><strong><em>viros</em></strong></span> <span class='ocrx_word' id='word_1_471' title='bbox 869 3402 1143 3470; x_wconf 86' lang='lat' dir='ltr'><strong><em>inspicias,</em></strong></span> <span class='ocrx_word' id='word_1_472' title='bbox 1205 3421 1393 3474; x_wconf 84' lang='lat' dir='ltr'><strong><em>eosque</em></strong></span> <span class='ocrx_word' id='word_1_473' title='bbox 1452 3405 1547 3458; x_wconf 92' lang='lat' dir='ltr'><strong><em>tibi</em></strong></span> <span class='ocrx_word' id='word_1_474' title='bbox 1570 3407 1847 3478; x_wconf 71' lang='lat' dir='ltr'><strong><em>prarfectos</em></strong></span> <span class='ocrx_word' id='word_1_475' title='bbox 1900 3425 2107 3462; x_wconf 83' lang='lat' dir='ltr'><strong><em>morum</em></strong></span> 
     </span>
    </p>
   </div>
   <div class='ocr_carea' id='block_1_66' title="bbox 524 3492 2104 3563">
    <p class='ocr_par' dir='ltr' id='par_1_66' title="bbox 524 3492 2104 3563">
     <span class='ocr_line' id='line_1_67' title="bbox 524 3492 2104 3563; baseline 0.006 -21"><span class='ocrx_word' id='word_1_476' title='bbox 524 3493 822 3562; x_wconf 84' lang='lat' dir='ltr'><strong><em>magistros,</em></strong></span> <span class='ocrx_word' id='word_1_477' title='bbox 861 3492 993 3557; x_wconf 85' lang='lat' dir='ltr'><strong><em>illis,</em></strong></span> <span class='ocrx_word' id='word_1_478' title='bbox 1022 3509 1138 3563; x_wconf 74' lang='lat' dir='ltr'><strong><em>qua:</em></strong></span> <span class='ocrx_word' id='word_1_479' title='bbox 1181 3493 1276 3548; x_wconf 88' lang='lat' dir='ltr'><strong><em>tibi</em></strong></span> <span class='ocrx_word' id='word_1_480' title='bbox 1323 3512 1459 3547; x_wconf 86' lang='lat' dir='ltr'><strong><em>nunc</em></strong></span> <span class='ocrx_word' id='word_1_481' title='bbox 1485 3497 1703 3562; x_wconf 86' lang='lat' dir='ltr'><strong><em>adsunt,</em></strong></span> <span class='ocrx_word' id='word_1_482' title='bbox 1758 3500 2104 3554; x_wconf 62' lang='lat' dir='ltr'><strong><em>auxiliatores</em></strong></span> 
     </span>
    </p>
   </div>
   <div class='ocr_carea' id='block_1_67' title="bbox 524 3581 2101 3658">
    <p class='ocr_par' dir='ltr' id='par_1_67' title="bbox 524 3581 2101 3658">
     <span class='ocr_line' id='line_1_68' title="bbox 524 3581 2101 3658; baseline 0.007 -25"><span class='ocrx_word' id='word_1_483' title='bbox 524 3581 805 3652; x_wconf 71' lang='lat' dir='ltr'><strong><em>adjungas,</em></strong></span> <span class='ocrx_word' id='word_1_484' title='bbox 827 3583 896 3636; x_wconf 90' lang='lat' dir='ltr'><strong><em>ad</em></strong></span> <span class='ocrx_word' id='word_1_485' title='bbox 927 3600 1100 3638; x_wconf 89' lang='lat' dir='ltr'><strong><em>rerum</em></strong></span> <span class='ocrx_word' id='word_1_486' title='bbox 1134 3585 1518 3653; x_wconf 75' lang='lat' dir='ltr'><strong><em>prtcclararum</em></strong></span> <span class='ocrx_word' id='word_1_487' title='bbox 1557 3589 1976 3658; x_wconf 88' lang='lat' dir='ltr'><strong><em>iudagationem,</em></strong></span> <span class='ocrx_word' id='word_1_488' title='bbox 2029 3593 2101 3644; x_wconf 89' lang='lat' dir='ltr'><strong><em>si-</em></strong></span> 
     </span>
    </p>
   </div>
   <div class='ocr_carea' id='block_1_68' title="bbox 519 3661 2106 3756">
    <p class='ocr_par' dir='ltr' id='par_1_68' title="bbox 519 3661 2106 3756">
     <span class='ocr_line' id='line_1_69' title="bbox 519 3661 2106 3756; baseline 0.007 -30"><span class='ocrx_word' id='word_1_489' title='bbox 519 3661 734 3744; x_wconf 74' lang='lat' dir='ltr'><strong><em>quizlein</em></strong></span> <span class='ocrx_word' id='word_1_490' title='bbox 767 3676 844 3729; x_wconf 89' lang='lat' dir='ltr'><strong><em>vir</em></strong></span> <span class='ocrx_word' id='word_1_491' title='bbox 884 3663 1045 3730; x_wconf 82' lang='lat' dir='ltr'><strong><em>bonus</em></strong></span> <span class='ocrx_word' id='word_1_492' title='bbox 1075 3686 1124 3731; x_wconf 92' lang='lat' dir='ltr'><strong><em>et</em></strong></span> <span class='ocrx_word' id='word_1_493' title='bbox 1153 3679 1391 3748; x_wconf 83' lang='lat' dir='ltr'><strong><em>egregius</em></strong></span> <span class='ocrx_word' id='word_1_494' title='bbox 1423 3679 1542 3748; x_wconf 80' lang='lat' dir='ltr'><strong><em>ﬁeri</em></strong></span> <span class='ocrx_word' id='word_1_495' title='bbox 1577 3683 1760 3756; x_wconf 34' lang='lat' dir='ltr'><strong><em>.velis.</em></strong></span> <span class='ocrx_word' id='word_1_496' title='bbox 1795 3680 1938 3736; x_wconf 84' lang='lat' dir='ltr'><strong><em>Nam</em></strong></span> <span class='ocrx_word' id='word_1_497' title='bbox 1990 3684 2106 3753; x_wconf 88' lang='lat' dir='ltr'><strong><em>quis</em></strong></span> 
     </span>
    </p>
   </div>
   <div class='ocr_carea' id='block_1_69' title="bbox 520 3766 2107 3842">
    <p class='ocr_par' dir='ltr' id='par_1_69' title="bbox 520 3766 2107 3842">
     <span class='ocr_line' id='line_1_70' title="bbox 520 3766 2107 3842; baseline 0.009 -27"><span class='ocrx_word' id='word_1_498' title='bbox 520 3766 846 3833; x_wconf 78' lang='lat' dir='ltr'><strong><em>juventutem</em></strong></span> <span class='ocrx_word' id='word_1_499' title='bbox 883 3769 1069 3822; x_wconf 87' lang='lat' dir='ltr'><strong><em>melius</em></strong></span> <span class='ocrx_word' id='word_1_500' title='bbox 1101 3769 1171 3822; x_wconf 90' lang='lat' dir='ltr'><strong><em>ad</em></strong></span> <span class='ocrx_word' id='word_1_501' title='bbox 1203 3771 1448 3824; x_wconf 88' lang='lat' dir='ltr'><strong><em>virtutem</em></strong></span> <span class='ocrx_word' id='word_1_502' title='bbox 1512 3789 1677 3826; x_wconf 87' lang='lat' dir='ltr'><strong><em>manu</em></strong></span> <span class='ocrx_word' id='word_1_503' title='bbox 1721 3775 1875 3842; x_wconf 90' lang='lat' dir='ltr'><strong><em>quasi</em></strong></span> <span class='ocrx_word' id='word_1_504' title='bbox 1918 3775 2107 3829; x_wconf 89' lang='lat' dir='ltr'><strong><em>ducere</em></strong></span> 
     </span>
    </p>
   </div>
   <div class='ocr_carea' id='block_1_70' title="bbox 527 3859 2106 3938">
    <p class='ocr_par' dir='ltr' id='par_1_70' title="bbox 527 3859 2106 3938">
     <span class='ocr_line' id='line_1_71' title="bbox 527 3859 2106 3938; baseline 0.008 -30"><span class='ocrx_word' id='word_1_505' title='bbox 527 3861 666 3912; x_wconf 87' lang='lat' dir='ltr'><strong><em>norit</em></strong></span> <span class='ocrx_word' id='word_1_506' title='bbox 692 3859 940 3914; x_wconf 83' lang='lat' dir='ltr'><strong><em>iudicatis</em></strong></span> <span class='ocrx_word' id='word_1_507' title='bbox 969 3861 1110 3915; x_wconf 88' lang='lat' dir='ltr'><strong><em>hisce</em></strong></span> <span class='ocrx_word' id='word_1_508' title='bbox 1133 3863 1285 3928; x_wconf 87' lang='lat' dir='ltr'><strong><em>viris,</em></strong></span> <span class='ocrx_word' id='word_1_509' title='bbox 1312 3866 1402 3934; x_wconf 85' lang='lat' dir='ltr'><strong><em>qui</em></strong></span> <span class='ocrx_word' id='word_1_510' title='bbox 1428 3875 1473 3918; x_wconf 90' lang='lat' dir='ltr'><strong><em>et</em></strong></span> <span class='ocrx_word' id='word_1_511' title='bbox 1496 3869 1802 3934; x_wconf 88' lang='lat' dir='ltr'><strong><em>prudenter,</em></strong></span> <span class='ocrx_word' id='word_1_512' title='bbox 1836 3879 1882 3920; x_wconf 90' lang='lat' dir='ltr'><strong><em>et</em></strong></span> <span class='ocrx_word' id='word_1_513' title='bbox 1921 3869 2106 3938; x_wconf 85' lang='lat' dir='ltr'><strong><em>perite,</em></strong></span> 
     </span>
    </p>
   </div>
   <div class='ocr_carea' id='block_1_71' title="bbox 526 3951 2110 4027">
    <p class='ocr_par' dir='ltr' id='par_1_71' title="bbox 526 3951 2110 4027">
     <span class='ocr_line' id='line_1_72' title="bbox 526 3951 2110 4027; baseline 0.007 -24"><span class='ocrx_word' id='word_1_514' title='bbox 526 3959 576 4003; x_wconf 87' lang='lat' dir='ltr'><strong><em>et</em></strong></span> <span class='ocrx_word' id='word_1_515' title='bbox 602 3951 854 4015; x_wconf 88' lang='lat' dir='ltr'><strong><em>studiose,</em></strong></span> <span class='ocrx_word' id='word_1_516' title='bbox 882 3963 930 4005; x_wconf 93' lang='lat' dir='ltr'><strong><em>et</em></strong></span> <span class='ocrx_word' id='word_1_517' title='bbox 957 3953 1248 4023; x_wconf 84' lang='lat' dir='ltr'><strong><em>ingeniose,</em></strong></span> <span class='ocrx_word' id='word_1_518' title='bbox 1275 3963 1324 4008; x_wconf 89' lang='lat' dir='ltr'><strong><em>et</em></strong></span> <span class='ocrx_word' id='word_1_519' title='bbox 1351 3955 1599 4021; x_wconf 89' lang='lat' dir='ltr'><strong><em>sollicite,</em></strong></span> <span class='ocrx_word' id='word_1_520' title='bbox 1626 3955 1885 4027; x_wconf 88' lang='lat' dir='ltr'><strong><em>quidquid</em></strong></span> <span class='ocrx_word' id='word_1_521' title='bbox 1907 3957 1977 4012; x_wconf 92' lang='lat' dir='ltr'><strong><em>ad</em></strong></span> <span class='ocrx_word' id='word_1_522' title='bbox 1998 3959 2110 4014; x_wconf 88' lang='lat' dir='ltr'><strong><em>dis-</em></strong></span> 
     </span>
    </p>
   </div>
   <div class='ocr_carea' id='block_1_72' title="bbox 529 4040 2110 4115">
    <p class='ocr_par' dir='ltr' id='par_1_72' title="bbox 529 4040 2110 4115">
     <span class='ocr_line' id='line_1_73' title="bbox 529 4040 2110 4115; baseline 0.006 -22"><span class='ocrx_word' id='word_1_523' title='bbox 529 4040 738 4093; x_wconf 84' lang='lat' dir='ltr'><strong><em>serendi</em></strong></span> <span class='ocrx_word' id='word_1_524' title='bbox 771 4043 1075 4112; x_wconf 81' lang='lat' dir='ltr'><strong><em>civilemque</em></strong></span> <span class='ocrx_word' id='word_1_525' title='bbox 1093 4045 1390 4099; x_wconf 77' lang='lat' dir='ltr'><strong><em>doctrinam</em></strong></span> <span class='ocrx_word' id='word_1_526' title='bbox 1408 4045 1605 4115; x_wconf 82' lang='lat' dir='ltr'><strong><em>confert</em></strong></span> <span class='ocrx_word' id='word_1_527' title='bbox 1634 4085 1649 4111; x_wconf 91' lang='lat'><strong><em>,</em></strong></span> <span class='ocrx_word' id='word_1_528' title='bbox 1679 4047 2110 4114; x_wconf 82' lang='lat' dir='ltr'><strong><em>investigarunt?</em></strong></span> 
     </span>
    </p>
   </div>
   <div class='ocr_carea' id='block_1_73' title="bbox 530 4129 2111 4206">
    <p class='ocr_par' dir='ltr' id='par_1_73' title="bbox 530 4129 2111 4206">
     <span class='ocr_line' id='line_1_74' title="bbox 530 4129 2111 4206; baseline 0.004 -24"><span class='ocrx_word' id='word_1_529' title='bbox 530 4131 622 4182; x_wconf 87' lang='lat' dir='ltr'><strong><em>sed</em></strong></span> <span class='ocrx_word' id='word_1_530' title='bbox 653 4129 1031 4186; x_wconf 88' lang='lat' dir='ltr'><strong><em>arbitrabarid</em></strong></span> <span class='ocrx_word' id='word_1_531' title='bbox 1061 4134 1202 4204; x_wconf 90' lang='lat' dir='ltr'><strong><em>quod</em></strong></span> <span class='ocrx_word' id='word_1_532' title='bbox 1247 4151 1419 4188; x_wconf 86' lang='lat' dir='ltr'><strong><em>meum</em></strong></span> <span class='ocrx_word' id='word_1_533' title='bbox 1443 4146 1542 4199; x_wconf 88' lang='lat' dir='ltr'><strong><em>est,</em></strong></span> <span class='ocrx_word' id='word_1_534' title='bbox 1588 4135 1704 4188; x_wconf 91' lang='lat' dir='ltr'><strong><em>licet</em></strong></span> <span class='ocrx_word' id='word_1_535' title='bbox 1760 4136 1964 4206; x_wconf 89' lang='lat' dir='ltr'><strong><em>alioqui</em></strong></span> <span class='ocrx_word' id='word_1_536' title='bbox 2008 4151 2111 4189; x_wconf 91' lang='lat' dir='ltr'><strong><em>non</em></strong></span> 
     </span>
    </p>
   </div>
   <div class='ocr_carea' id='block_1_74' title="bbox 531 4223 2108 4295">
    <p class='ocr_par' dir='ltr' id='par_1_74' title="bbox 531 4223 2108 4295">
     <span class='ocr_line' id='line_1_75' title="bbox 531 4223 2108 4295; baseline 0.006 -22"><span class='ocrx_word' id='word_1_537' title='bbox 531 4223 710 4291; x_wconf 89' lang='lat' dir='ltr'><strong><em>magni</em></strong></span> <span class='ocrx_word' id='word_1_538' title='bbox 729 4226 975 4278; x_wconf 89' lang='lat' dir='ltr'><strong><em>momenti</em></strong></span> <span class='ocrx_word' id='word_1_539' title='bbox 1016 4227 1104 4288; x_wconf 89' lang='lat' dir='ltr'><strong><em>sit,</em></strong></span> <span class='ocrx_word' id='word_1_540' title='bbox 1135 4227 1219 4280; x_wconf 85' lang='lat' dir='ltr'><strong><em>hic</em></strong></span> <span class='ocrx_word' id='word_1_541' title='bbox 1249 4239 1424 4281; x_wconf 89' lang='lat' dir='ltr'><strong><em>tamen</em></strong></span> <span class='ocrx_word' id='word_1_542' title='bbox 1467 4229 1586 4295; x_wconf 87' lang='lat' dir='ltr'><strong><em>plus</em></strong></span> <span class='ocrx_word' id='word_1_543' title='bbox 1615 4227 1724 4280; x_wconf 92' lang='lat' dir='ltr'><strong><em>illis</em></strong></span> <span class='ocrx_word' id='word_1_544' title='bbox 1777 4229 2065 4281; x_wconf 86' lang='lat' dir='ltr'><strong><em>valiturum</em></strong></span> <span class='ocrx_word' id='word_1_545' title='bbox 2093 4245 2108 4282; x_wconf 92' lang='lat'><strong>:</strong></span> 
     </span>
    </p>
   </div>
   <div class='ocr_carea' id='block_1_75' title="bbox 528 4315 2110 4388">
    <p class='ocr_par' dir='ltr' id='par_1_75' title="bbox 528 4315 2110 4388">
     <span class='ocr_line' id='line_1_76' title="bbox 528 4315 2110 4388; baseline 0.004 -22"><span class='ocrx_word' id='word_1_546' title='bbox 528 4315 852 4384; x_wconf 79' lang='lat' dir='ltr'><strong><em>affectionem</em></strong></span> <span class='ocrx_word' id='word_1_547' title='bbox 880 4317 1093 4387; x_wconf 89' lang='lat' dir='ltr'><strong><em>inquam</em></strong></span> <span class='ocrx_word' id='word_1_548' title='bbox 1121 4331 1419 4386; x_wconf 89' lang='lat' dir='ltr'><strong><em>poternam,</em></strong></span> <span class='ocrx_word' id='word_1_549' title='bbox 1450 4319 1602 4388; x_wconf 86' lang='lat' dir='ltr'><strong><em>cujus</em></strong></span> <span class='ocrx_word' id='word_1_550' title='bbox 1654 4319 1792 4387; x_wconf 87' lang='lat' dir='ltr'><strong><em>ignis</em></strong></span> <span class='ocrx_word' id='word_1_551' title='bbox 1822 4318 2110 4372; x_wconf 88' lang='lat' dir='ltr'><strong><em>admodum</em></strong></span> 
     </span>
    </p>
   </div>
   <div class='ocr_carea' id='block_1_76' title="bbox 527 4408 2112 4480">
    <p class='ocr_par' dir='ltr' id='par_1_76' title="bbox 527 4408 2112 4480">
     <span class='ocr_line' id='line_1_77' title="bbox 527 4408 2112 4480; baseline 0.002 -20"><span class='ocrx_word' id='word_1_552' title='bbox 527 4408 734 4476; x_wconf 75' lang='lat' dir='ltr'><strong><em>efﬁcax&#39;</em></strong></span> <span class='ocrx_word' id='word_1_553' title='bbox 770 4410 1092 4463; x_wconf 84' lang='lat' dir='ltr'><strong><em>vehementer</em></strong></span> <span class='ocrx_word' id='word_1_554' title='bbox 1123 4411 1415 4478; x_wconf 77' lang='lat' dir='ltr'><strong><em>ampliﬁcat</em></strong></span> <span class='ocrx_word' id='word_1_555' title='bbox 1448 4427 1530 4472; x_wconf 83' lang='lat' dir='ltr'><strong><em>ea.</em></strong></span> <span class='ocrx_word' id='word_1_556' title='bbox 1560 4426 1677 4480; x_wconf 75' lang='lat' dir='ltr'><strong><em>qua:</em></strong></span> <span class='ocrx_word' id='word_1_557' title='bbox 1701 4420 1755 4462; x_wconf 91' lang='lat' dir='ltr'><strong><em>tu</em></strong></span> <span class='ocrx_word' id='word_1_558' title='bbox 1781 4410 1908 4463; x_wconf 88' lang='lat' dir='ltr'><strong><em>mihi</em></strong></span> <span class='ocrx_word' id='word_1_559' title='bbox 1940 4411 2112 4464; x_wconf 89' lang='lat' dir='ltr'><strong><em>detua</em></strong></span> 
     </span>
    </p>
   </div>
   <div class='ocr_carea' id='block_1_77' title="bbox 2207 3305 3790 3384">
    <p class='ocr_par' dir='ltr' id='par_1_77' title="bbox 2207 3305 3790 3384">
     <span class='ocr_line' id='line_1_78' title="bbox 2207 3305 3790 3384; baseline 0 -20"><span class='ocrx_word' id='word_1_560' title='bbox 2207 3307 2318 3364; x_wconf 77' lang='grc' dir='ltr'><strong><em>δον</em></strong></span> <span class='ocrx_word' id='word_1_561' title='bbox 2350 3306 2592 3364; x_wconf 76' lang='grc' dir='ltr'><em>τουτονὶ</em></span> <span class='ocrx_word' id='word_1_562' title='bbox 2624 3308 2733 3364; x_wconf 87' lang='grc' dir='ltr'><em>τὸν</em></span> <span class='ocrx_word' id='word_1_563' title='bbox 2767 3307 2959 3376; x_wconf 78' lang='grc' dir='ltr'><em>ἄνδρα</em></span> <span class='ocrx_word' id='word_1_564' title='bbox 2989 3307 3171 3377; x_wconf 84' lang='grc' dir='ltr'><em>ἐρεῖν.</em></span> <span class='ocrx_word' id='word_1_565' title='bbox 3192 3305 3358 3368; x_wconf 78' lang='grc' dir='ltr'><em>Εἶναι</em></span> <span class='ocrx_word' id='word_1_566' title='bbox 3393 3309 3508 3384; x_wconf 85' lang='grc' dir='ltr'><strong><em>γὰρ</em></strong></span> <span class='ocrx_word' id='word_1_567' title='bbox 3546 3309 3790 3379; x_wconf 79' lang='grc' dir='ltr'><em>πολλὴν</em></span> 
     </span>
    </p>
   </div>
   <div class='ocr_carea' id='block_1_78' title="bbox 2207 3397 3786 3470">
    <p class='ocr_par' dir='ltr' id='par_1_78' title="bbox 2207 3397 3786 3470">
     <span class='ocr_line' id='line_1_79' title="bbox 2207 3397 3786 3470; baseline 0.001 -16"><span class='ocrx_word' id='word_1_568' title='bbox 2207 3399 2482 3468; x_wconf 82' lang='grc' dir='ltr'><em>ἀνάγκην</em></span> <span class='ocrx_word' id='word_1_569' title='bbox 2507 3399 2793 3458; x_wconf 77' lang='grc' dir='ltr'><em>τουτουσὶ</em></span> <span class='ocrx_word' id='word_1_570' title='bbox 2820 3397 2962 3466; x_wconf 83' lang='grc' dir='ltr'><em>τοὺς</em></span> <span class='ocrx_word' id='word_1_571' title='bbox 2987 3401 3367 3470; x_wconf 85' lang='grc' dir='ltr'><em>θαυμασίους</em></span> <span class='ocrx_word' id='word_1_572' title='bbox 3391 3401 3539 3456; x_wconf 75' lang='grc' dir='ltr'><strong><em>ἰδεῖν</em></strong></span> <span class='ocrx_word' id='word_1_573' title='bbox 3561 3418 3656 3468; x_wconf 91' lang='grc' dir='ltr'><strong><em>σε,</em></strong></span> <span class='ocrx_word' id='word_1_574' title='bbox 3687 3403 3786 3456; x_wconf 75' lang='grc' dir='ltr'><em>καὶ</em></span> 
     </span>
    </p>
   </div>
   <div class='ocr_carea' id='block_1_79' title="bbox 2208 3487 3784 3562">
    <p class='ocr_par' dir='ltr' id='par_1_79' title="bbox 2208 3487 3784 3562">
     <span class='ocr_line' id='line_1_80' title="bbox 2208 3487 3784 3562; baseline 0.004 -20"><span class='ocrx_word' id='word_1_575' title='bbox 2208 3489 2329 3543; x_wconf 90' lang='grc' dir='ltr'><strong><em>τῶν</em></strong></span> <span class='ocrx_word' id='word_1_576' title='bbox 2361 3490 2494 3542; x_wconf 86' lang='grc' dir='ltr'><em>σῶν</em></span> <span class='ocrx_word' id='word_1_577' title='bbox 2519 3487 2684 3555; x_wconf 78' lang='grc' dir='ltr'><em>ἠθῶν</em></span> <span class='ocrx_word' id='word_1_578' title='bbox 2713 3489 3127 3557; x_wconf 80' lang='grc' dir='ltr'><em>διδασκάλους</em></span> <span class='ocrx_word' id='word_1_579' title='bbox 3169 3491 3394 3559; x_wconf 84' lang='grc' dir='ltr'><em>αὐτοὺς</em></span> <span class='ocrx_word' id='word_1_580' title='bbox 3419 3493 3784 3562; x_wconf 80' lang='grc' dir='ltr'><em>ποιήσαντα,</em></span> 
     </span>
    </p>
   </div>
   <div class='ocr_carea' id='block_1_80' title="bbox 2208 3577 3790 3653">
    <p class='ocr_par' dir='ltr' id='par_1_80' title="bbox 2208 3577 3790 3653">
     <span class='ocr_line' id='line_1_81' title="bbox 2208 3577 3790 3653; baseline 0.003 -17"><span class='ocrx_word' id='word_1_581' title='bbox 2208 3583 2333 3648; x_wconf 85' lang='grc' dir='ltr'><em>τοῖς</em></span> <span class='ocrx_word' id='word_1_582' title='bbox 2366 3582 2482 3636; x_wconf 87' lang='grc' dir='ltr'><em>νῦν</em></span> <span class='ocrx_word' id='word_1_583' title='bbox 2513 3577 2653 3640; x_wconf 83' lang='grc' dir='ltr'><em>οὖσι</em></span> <span class='ocrx_word' id='word_1_584' title='bbox 2697 3581 3202 3650; x_wconf 73' lang='grc' dir='ltr'><em>προσκτήσασθαι</em></span> <span class='ocrx_word' id='word_1_585' title='bbox 3241 3585 3510 3651; x_wconf 80' lang='grc' dir='ltr'><em>,ϐοηθοὺς</em></span> <span class='ocrx_word' id='word_1_586' title='bbox 3556 3588 3644 3652; x_wconf 72' lang='grc' dir='ltr'><strong><em>εις</em></strong></span> <span class='ocrx_word' id='word_1_587' title='bbox 3675 3586 3790 3653; x_wconf 79' lang='grc' dir='ltr'><em>τὴν</em></span> 
     </span>
    </p>
   </div>
   <div class='ocr_carea' id='block_1_81' title="bbox 2208 3675 3788 3749">
    <p class='ocr_par' dir='ltr' id='par_1_81' title="bbox 2208 3675 3788 3749">
     <span class='ocr_line' id='line_1_82' title="bbox 2208 3675 3788 3749; baseline 0.003 -19"><span class='ocrx_word' id='word_1_588' title='bbox 2208 3676 2328 3731; x_wconf 90' lang='grc' dir='ltr'><strong><em>τῶν</em></strong></span> <span class='ocrx_word' id='word_1_589' title='bbox 2349 3675 2553 3731; x_wconf 87' lang='grc' dir='ltr'><em>καλῶν</em></span> <span class='ocrx_word' id='word_1_590' title='bbox 2572 3676 2784 3749; x_wconf 70' lang='grc' dir='ltr'><em>θήραν,</em></span> <span class='ocrx_word' id='word_1_591' title='bbox 2806 3677 2859 3728; x_wconf 81' lang='grc' dir='ltr'><em>εὶ</em></span> <span class='ocrx_word' id='word_1_592' title='bbox 2884 3675 3128 3741; x_wconf 82' lang='grc' dir='ltr'><em>μέλλεις</em></span> <span class='ocrx_word' id='word_1_593' title='bbox 3149 3677 3338 3742; x_wconf 85' lang='grc' dir='ltr'><em>καλὸς</em></span> <span class='ocrx_word' id='word_1_594' title='bbox 3366 3677 3626 3745; x_wconf 77' lang='grc' dir='ltr'><em>κάγαθὸς</em></span> <span class='ocrx_word' id='word_1_595' title='bbox 3659 3679 3788 3734; x_wconf 80' lang='grc' dir='ltr'><em>ἐσε·</em></span> 
     </span>
    </p>
   </div>
   <div class='ocr_carea' id='block_1_82' title="bbox 2211 3766 3788 3839">
    <p class='ocr_par' dir='ltr' id='par_1_82' title="bbox 2211 3766 3788 3839">
     <span class='ocr_line' id='line_1_83' title="bbox 2211 3766 3788 3839; baseline 0.002 -18"><span class='ocrx_word' id='word_1_596' title='bbox 2211 3772 2372 3823; x_wconf 85' lang='grc' dir='ltr'><em>σθαι.</em></span> <span class='ocrx_word' id='word_1_597' title='bbox 2415 3772 2509 3834; x_wconf 86' lang='grc' dir='ltr'><strong><em>Τίς</em></strong></span> <span class='ocrx_word' id='word_1_598' title='bbox 2539 3767 2651 3837; x_wconf 86' lang='grc' dir='ltr'><strong><em>γάρ</em></strong></span> <span class='ocrx_word' id='word_1_599' title='bbox 2673 3782 2791 3820; x_wconf 90' lang='grc' dir='ltr'><strong><em>που</em></strong></span> <span class='ocrx_word' id='word_1_600' title='bbox 2817 3766 3074 3822; x_wconf 88' lang='grc' dir='ltr'><em>κάλλιον</em></span> <span class='ocrx_word' id='word_1_601' title='bbox 3099 3769 3267 3838; x_wconf 77' lang='grc' dir='ltr'><em>γνοίη</em></span> <span class='ocrx_word' id='word_1_602' title='bbox 3293 3769 3440 3836; x_wconf 83' lang='grc' dir='ltr'><em>πρὸς</em></span> <span class='ocrx_word' id='word_1_603' title='bbox 3461 3769 3530 3822; x_wconf 78' lang='grc' dir='ltr'><em>τὸ</em></span> <span class='ocrx_word' id='word_1_604' title='bbox 3559 3770 3788 3839; x_wconf 77' lang='grc' dir='ltr'><em>ἀγαθὸν</em></span> 
     </span>
    </p>
   </div>
   <div class='ocr_carea' id='block_1_83' title="bbox 2212 3859 3784 3932">
    <p class='ocr_par' dir='ltr' id='par_1_83' title="bbox 2212 3859 3784 3932">
     <span class='ocr_line' id='line_1_84' title="bbox 2212 3859 3784 3932; baseline 0.001 -17"><span class='ocrx_word' id='word_1_605' title='bbox 2212 3859 2649 3932; x_wconf 84' lang='grc' dir='ltr'><em>χειραγωγῆσαι</em></span> <span class='ocrx_word' id='word_1_606' title='bbox 2699 3863 2955 3928; x_wconf 83' lang='grc' dir='ltr'><em>νεότητα</em></span> <span class='ocrx_word' id='word_1_607' title='bbox 2997 3860 3248 3914; x_wconf 79' lang='grc' dir='ltr'><em>τουτωνὶ</em></span> <span class='ocrx_word' id='word_1_608' title='bbox 3295 3861 3416 3920; x_wconf 83' lang='grc' dir='ltr'><strong><em>τῶν</em></strong></span> <span class='ocrx_word' id='word_1_609' title='bbox 3460 3863 3784 3930; x_wconf 55' lang='grc' dir='ltr'><em>εἰρημένων</em></span> 
     </span>
    </p>
   </div>
   <div class='ocr_carea' id='block_1_84' title="bbox 2210 3951 3781 4024">
    <p class='ocr_par' dir='ltr' id='par_1_84' title="bbox 2210 3951 3781 4024">
     <span class='ocr_line' id='line_1_85' title="bbox 2210 3951 3781 4024; baseline 0.014 -29"><span class='ocrx_word' id='word_1_610' title='bbox 2210 3952 2469 4021; x_wconf 62' lang='grc' dir='ltr'><em>ἀνδρῶν,</em></span> <span class='ocrx_word' id='word_1_611' title='bbox 2498 3952 2796 4023; x_wconf 75' lang='grc' dir='ltr'><em>φρονήσει</em></span> <span class='ocrx_word' id='word_1_612' title='bbox 2824 3969 2888 4006; x_wconf 92' lang='grc' dir='ltr'><strong><em>τε</em></strong></span> <span class='ocrx_word' id='word_1_613' title='bbox 2913 3951 3013 4006; x_wconf 78' lang='grc' dir='ltr'><em>καὶ</em></span> <span class='ocrx_word' id='word_1_614' title='bbox 3040 3952 3366 4024; x_wconf 75' lang='grc' dir='ltr'><em>ἐπιστήμῃ,</em></span> <span class='ocrx_word' id='word_1_615' title='bbox 3399 3955 3492 4008; x_wconf 79' lang='grc' dir='ltr'><em>καὶ</em></span> <span class='ocrx_word' id='word_1_616' title='bbox 3520 3953 3781 4022; x_wconf 73' lang='grc' dir='ltr'><strong><em>σπουδᾶ,</em></strong></span> 
     </span>
    </p>
   </div>
   <div class='ocr_carea' id='block_1_85' title="bbox 2213 4042 3782 4116">
    <p class='ocr_par' dir='ltr' id='par_1_85' title="bbox 2213 4042 3782 4116">
     <span class='ocr_line' id='line_1_86' title="bbox 2213 4042 3782 4116; baseline 0.001 -20"><span class='ocrx_word' id='word_1_617' title='bbox 2213 4045 2311 4097; x_wconf 78' lang='grc' dir='ltr'><em>καὶ</em></span> <span class='ocrx_word' id='word_1_618' title='bbox 2344 4045 2582 4113; x_wconf 69' lang='grc' dir='ltr'><em>εὐφυΐᾳ,</em></span> <span class='ocrx_word' id='word_1_619' title='bbox 2619 4043 2718 4097; x_wconf 79' lang='grc' dir='ltr'><em>καὶ</em></span> <span class='ocrx_word' id='word_1_620' title='bbox 2760 4042 3088 4112; x_wconf 70' lang='grc' dir='ltr'><em>φιλοτιμίᾳ,</em></span> <span class='ocrx_word' id='word_1_621' title='bbox 3119 4042 3266 4112; x_wconf 84' lang='grc' dir='ltr'><em>πρὸς</em></span> <span class='ocrx_word' id='word_1_622' title='bbox 3303 4042 3557 4116; x_wconf 73' lang='grc' dir='ltr'><em>λογικήν</em></span> <span class='ocrx_word' id='word_1_623' title='bbox 3594 4060 3657 4099; x_wconf 87' lang='grc' dir='ltr'><strong><em>τε</em></strong></span> <span class='ocrx_word' id='word_1_624' title='bbox 3684 4046 3782 4098; x_wconf 77' lang='grc' dir='ltr'><em>καὶ</em></span> 
     </span>
    </p>
   </div>
   <div class='ocr_carea' id='block_1_86' title="bbox 2213 4132 3786 4204">
    <p class='ocr_par' dir='ltr' id='par_1_86' title="bbox 2213 4132 3786 4204">
     <span class='ocr_line' id='line_1_87' title="bbox 2213 4132 3786 4204; baseline -0.003 -12"><span class='ocrx_word' id='word_1_625' title='bbox 2213 4135 2533 4202; x_wconf 80' lang='grc' dir='ltr'><em>πολιτικὴν</em></span> <span class='ocrx_word' id='word_1_626' title='bbox 2573 4135 2846 4204; x_wconf 86' lang='grc' dir='ltr'><em>μάθησιν</em></span> <span class='ocrx_word' id='word_1_627' title='bbox 2891 4134 2958 4187; x_wconf 87' lang='grc' dir='ltr'><em>τὸ</em></span> <span class='ocrx_word' id='word_1_628' title='bbox 3000 4135 3322 4201; x_wconf 78' lang='grc' dir='ltr'><em>λυσιτελὲς</em></span> <span class='ocrx_word' id='word_1_629' title='bbox 3368 4132 3786 4202; x_wconf 83' lang='grc' dir='ltr'><em>ζητησάντων;</em></span> 
     </span>
    </p>
   </div>
   <div class='ocr_carea' id='block_1_87' title="bbox 2227 4225 3784 4296">
    <p class='ocr_par' dir='ltr' id='par_1_87' title="bbox 2227 4225 3784 4296">
     <span class='ocr_line' id='line_1_88' title="bbox 2227 4225 3784 4296; baseline -0.002 -16"><span class='ocrx_word' id='word_1_630' title='bbox 2227 4225 2584 4296; x_wconf 84' lang='grc' dir='ltr'><em>Ἠγησάμην</em></span> <span class='ocrx_word' id='word_1_631' title='bbox 2623 4225 2692 4280; x_wconf 87' lang='grc' dir='ltr'><em>δὲ</em></span> <span class='ocrx_word' id='word_1_632' title='bbox 2725 4225 2970 4296; x_wconf 82' lang='grc' dir='ltr'><em>τούμὸν,</em></span> <span class='ocrx_word' id='word_1_633' title='bbox 3005 4225 3199 4278; x_wconf 86' lang='grc' dir='ltr'><em>καίτοι</em></span> <span class='ocrx_word' id='word_1_634' title='bbox 3247 4225 3443 4278; x_wconf 80' lang='grc' dir='ltr'><em>τᾶλλα</em></span> <span class='ocrx_word' id='word_1_635' title='bbox 3491 4225 3784 4290; x_wconf 78' lang='grc' dir='ltr'><em>ταπεινῶς</em></span> 
     </span>
    </p>
   </div>
   <div class='ocr_carea' id='block_1_88' title="bbox 2213 4314 3783 4386">
    <p class='ocr_par' dir='ltr' id='par_1_88' title="bbox 2213 4314 3783 4386">
     <span class='ocr_line' id='line_1_89' title="bbox 2213 4314 3783 4386; baseline -0.003 -14"><span class='ocrx_word' id='word_1_636' title='bbox 2213 4318 2376 4386; x_wconf 80' lang='grc' dir='ltr'><em>ἕχον,</em></span> <span class='ocrx_word' id='word_1_637' title='bbox 2399 4316 2545 4373; x_wconf 80' lang='grc' dir='ltr'><em>ἔνθα</em></span> <span class='ocrx_word' id='word_1_638' title='bbox 2571 4316 2718 4385; x_wconf 77' lang='grc' dir='ltr'><em>δήτι</em></span> <span class='ocrx_word' id='word_1_639' title='bbox 2749 4314 2938 4370; x_wconf 82' lang='grc' dir='ltr'><em>πλέον</em></span> <span class='ocrx_word' id='word_1_640' title='bbox 2963 4316 3228 4386; x_wconf 79' lang='grc' dir='ltr'><em>σχήσειν</em></span> <span class='ocrx_word' id='word_1_641' title='bbox 3255 4317 3600 4371; x_wconf 79' lang='grc' dir='ltr'><em>τούκείνων.</em></span> <span class='ocrx_word' id='word_1_642' title='bbox 3621 4316 3783 4383; x_wconf 83' lang='grc' dir='ltr'><em>Λέγω</em></span> 
     </span>
    </p>
   </div>
   <div class='ocr_carea' id='block_1_89' title="bbox 2215 4403 3787 4479">
    <p class='ocr_par' dir='ltr' id='par_1_89' title="bbox 2215 4403 3787 4479">
     <span class='ocr_line' id='line_1_90' title="bbox 2215 4403 3787 4479; baseline 0 -17"><span class='ocrx_word' id='word_1_643' title='bbox 2215 4409 2291 4478; x_wconf 74' lang='grc' dir='ltr'><em>δὴ</em></span> <span class='ocrx_word' id='word_1_644' title='bbox 2332 4411 2447 4475; x_wconf 82' lang='grc' dir='ltr'><em>τὴν</em></span> <span class='ocrx_word' id='word_1_645' title='bbox 2482 4407 2783 4476; x_wconf 84' lang='grc' dir='ltr'><em>πατρικὴν</em></span> <span class='ocrx_word' id='word_1_646' title='bbox 2817 4406 3056 4476; x_wconf 80' lang='grc' dir='ltr'><em>σχέσιν,</em></span> <span class='ocrx_word' id='word_1_647' title='bbox 3093 4403 3167 4479; x_wconf 84' lang='grc' dir='ltr'><em>ἧς</em></span> <span class='ocrx_word' id='word_1_648' title='bbox 3196 4411 3262 4462; x_wconf 83' lang='grc' dir='ltr'><em>τὸ</em></span> <span class='ocrx_word' id='word_1_649' title='bbox 3303 4408 3422 4476; x_wconf 86' lang='grc' dir='ltr'><em>πῦρ</em></span> <span class='ocrx_word' id='word_1_650' title='bbox 3443 4409 3596 4478; x_wconf 83' lang='grc' dir='ltr'><em>μέγα</em></span> <span class='ocrx_word' id='word_1_651' title='bbox 3639 4407 3787 4462; x_wconf 83' lang='grc' dir='ltr'><em>ἀνά-</em></span> 
     </span>
    </p>
   </div>
   <div class='ocr_carea' id='block_1_90' title="bbox 527 4497 2104 4571">
    <p class='ocr_par' dir='ltr' id='par_1_90' title="bbox 527 4497 2104 4570">
     <span class='ocr_line' id='line_1_91' title="bbox 527 4497 2104 4570; baseline 0.002 -20"><span class='ocrx_word' id='word_1_652' title='bbox 527 4507 722 4550; x_wconf 91' lang='lat' dir='ltr'><strong><em>natura</em></strong></span> <span class='ocrx_word' id='word_1_653' title='bbox 744 4497 840 4551; x_wconf 89' lang='lat' dir='ltr'><strong><em>das</em></strong></span> <span class='ocrx_word' id='word_1_654' title='bbox 881 4499 1159 4561; x_wconf 76' lang='lat' dir='ltr'><strong><em>vaticinari</em></strong></span> <span class='ocrx_word' id='word_1_655' title='bbox 1193 4517 1205 4551; x_wconf 90' lang='lat'>:</span> <span class='ocrx_word' id='word_1_656' title='bbox 1237 4516 1338 4570; x_wconf 90' lang='lat' dir='ltr'><strong><em>quo</em></strong></span> <span class='ocrx_word' id='word_1_657' title='bbox 1360 4499 1568 4570; x_wconf 89' lang='lat' dir='ltr'><strong><em>quidem</em></strong></span> <span class='ocrx_word' id='word_1_658' title='bbox 1623 4500 1679 4553; x_wconf 88' lang='lat' dir='ltr'><strong><em>in</em></strong></span> <span class='ocrx_word' id='word_1_659' title='bbox 1704 4501 1956 4553; x_wconf 82' lang='lat' dir='ltr'><strong><em>vaticinia</em></strong></span> <span class='ocrx_word' id='word_1_660' title='bbox 2023 4515 2104 4554; x_wconf 87' lang='lat' dir='ltr'><strong><em>me</em></strong></span> 
     </span>
    </p>
   </div>
   <div class='ocr_carea' id='block_1_91' title="bbox 2206 4497 3789 4571">
    <p class='ocr_par' dir='ltr' id='par_1_91' title="bbox 2212 4497 3789 4570">
     <span class='ocr_line' id='line_1_92' title="bbox 2212 4497 3789 4570; baseline -0.003 -15"><span class='ocrx_word' id='word_1_661' title='bbox 2212 4518 2386 4566; x_wconf 89' lang='grc' dir='ltr'><em>πτον,</em></span> <span class='ocrx_word' id='word_1_662' title='bbox 2416 4499 2653 4568; x_wconf 74' lang='grc' dir='ltr'><em>σφόδρα</em></span> <span class='ocrx_word' id='word_1_663' title='bbox 2693 4516 2759 4568; x_wconf 91' lang='grc' dir='ltr'><strong><em>γε</em></strong></span> <span class='ocrx_word' id='word_1_664' title='bbox 2805 4500 2956 4569; x_wconf 90' lang='grc' dir='ltr'><em>πρὸς</em></span> <span class='ocrx_word' id='word_1_665' title='bbox 2988 4498 3190 4570; x_wconf 81' lang='grc' dir='ltr'><em>μεῖζον</em></span> <span class='ocrx_word' id='word_1_666' title='bbox 3224 4500 3469 4570; x_wconf 77' lang='grc' dir='ltr'><em>ἐξαίρει,</em></span> <span class='ocrx_word' id='word_1_667' title='bbox 3508 4497 3546 4554; x_wconf 80' lang='grc' dir='ltr'><strong><em>ά</em></strong></span> <span class='ocrx_word' id='word_1_668' title='bbox 3574 4499 3653 4552; x_wconf 88' lang='grc' dir='ltr'><strong><em>σύ</em></strong></span> <span class='ocrx_word' id='word_1_669' title='bbox 3685 4515 3789 4566; x_wconf 85' lang='grc' dir='ltr'><strong><em>μοι</em></strong></span> 
     </span>
    </p>
   </div>
   <div class='ocr_carea' id='block_1_92' title="bbox 531 4589 2105 4659">
    <p class='ocr_par' dir='ltr' id='par_1_92' title="bbox 531 4589 2105 4659">
     <span class='ocr_line' id='line_1_93' title="bbox 531 4589 2105 4659; baseline 0.002 -19"><span class='ocrx_word' id='word_1_670' title='bbox 531 4589 672 4642; x_wconf 88' lang='lat' dir='ltr'><strong><em>Deus</em></strong></span> <span class='ocrx_word' id='word_1_671' title='bbox 705 4591 851 4656; x_wconf 87' lang='lat' dir='ltr'><strong><em>(utar</em></strong></span> <span class='ocrx_word' id='word_1_672' title='bbox 879 4602 1054 4642; x_wconf 79' lang='lat' dir='ltr'><strong><em>autem</em></strong></span> <span class='ocrx_word' id='word_1_673' title='bbox 1091 4591 1271 4659; x_wconf 84' lang='lat' dir='ltr'><strong><em>petitis</em></strong></span> <span class='ocrx_word' id='word_1_674' title='bbox 1301 4605 1365 4644; x_wconf 74' lang='lat' dir='ltr'><strong><em>ex</em></strong></span> <span class='ocrx_word' id='word_1_675' title='bbox 1430 4600 1708 4657; x_wconf 84' lang='lat' dir='ltr'><strong><em>poetarum</em></strong></span> <span class='ocrx_word' id='word_1_676' title='bbox 1768 4590 1942 4656; x_wconf 86' lang='lat' dir='ltr'><strong><em>libris,</em></strong></span> <span class='ocrx_word' id='word_1_677' title='bbox 2003 4606 2105 4643; x_wconf 89' lang='lat' dir='ltr'><strong><em>non</em></strong></span> 
     </span>
    </p>
   </div>
   <div class='ocr_carea' id='block_1_93' title="bbox 527 4682 2104 4753">
    <p class='ocr_par' dir='ltr' id='par_1_93' title="bbox 527 4682 2104 4753">
     <span class='ocr_line' id='line_1_94' title="bbox 527 4682 2104 4753; baseline 0.002 -19"><span class='ocrx_word' id='word_1_678' title='bbox 527 4682 668 4751; x_wconf 88' lang='lat' dir='ltr'><strong><em>quod</em></strong></span> <span class='ocrx_word' id='word_1_679' title='bbox 699 4699 760 4737; x_wconf 90' lang='lat' dir='ltr'><strong><em>ea</em></strong></span> <span class='ocrx_word' id='word_1_680' title='bbox 797 4699 892 4752; x_wconf 93' lang='lat' dir='ltr'><strong><em>pro</em></strong></span> <span class='ocrx_word' id='word_1_681' title='bbox 920 4683 1136 4753; x_wconf 86' lang='lat' dir='ltr'><strong><em>placitis</em></strong></span> <span class='ocrx_word' id='word_1_682' title='bbox 1168 4683 1410 4747; x_wconf 83' lang='lat' dir='ltr'><strong><em>habeam,</em></strong></span> <span class='ocrx_word' id='word_1_683' title='bbox 1445 4685 1534 4737; x_wconf 87' lang='lat' dir='ltr'><strong><em>sed</em></strong></span> <span class='ocrx_word' id='word_1_684' title='bbox 1566 4683 1807 4738; x_wconf 70' lang='lat' dir='ltr'><strong><em>historice</em></strong></span> <span class='ocrx_word' id='word_1_685' title='bbox 1849 4683 2104 4752; x_wconf 84' lang='lat' dir='ltr'><strong><em>simplici-</em></strong></span> 
     </span>
    </p>
   </div>
   <div class='ocr_carea' id='block_1_94' title="bbox 531 4776 2106 4848">
    <p class='ocr_par' dir='ltr' id='par_1_94' title="bbox 531 4776 2106 4848">
     <span class='ocr_line' id='line_1_95' title="bbox 531 4776 2106 4848; baseline 0.003 -22"><span class='ocrx_word' id='word_1_686' title='bbox 531 4784 609 4826; x_wconf 89' lang='lat' dir='ltr'><strong><em>ter</em></strong></span> <span class='ocrx_word' id='word_1_687' title='bbox 640 4779 824 4842; x_wconf 88' lang='lat' dir='ltr'><strong><em>cansa)</em></strong></span> <span class='ocrx_word' id='word_1_688' title='bbox 850 4787 959 4830; x_wconf 89' lang='lat' dir='ltr'><strong><em>tam</em></strong></span> <span class='ocrx_word' id='word_1_689' title='bbox 984 4776 1210 4841; x_wconf 84' lang='lat' dir='ltr'><strong><em>Tiresia,</em></strong></span> <span class='ocrx_word' id='word_1_690' title='bbox 1244 4794 1402 4848; x_wconf 89' lang='lat' dir='ltr'><strong><em>quam</em></strong></span> <span class='ocrx_word' id='word_1_691' title='bbox 1443 4776 1734 4831; x_wconf 82' lang='lat' dir='ltr'><strong><em>Calchante</em></strong></span> <span class='ocrx_word' id='word_1_692' title='bbox 1785 4778 2106 4831; x_wconf 83' lang='lat' dir='ltr'><strong><em>veraciorem</em></strong></span> 
     </span>
    </p>
   </div>
   <div class='ocr_carea' id='block_1_95' title="bbox 531 4865 2104 4939">
    <p class='ocr_par' dir='ltr' id='par_1_95' title="bbox 531 4865 2104 4939">
     <span class='ocr_line' id='line_1_96' title="bbox 531 4865 2104 4939; baseline 0.004 -22"><span class='ocrx_word' id='word_1_693' title='bbox 531 4865 692 4932; x_wconf 71' lang='lat' dir='ltr'><strong><em>faxit;</em></strong></span> <span class='ocrx_word' id='word_1_694' title='bbox 728 4865 916 4921; x_wconf 83' lang='lat' dir='ltr'><strong><em>Itidem</em></strong></span> <span class='ocrx_word' id='word_1_695' title='bbox 939 4869 1111 4922; x_wconf 89' lang='lat' dir='ltr'><strong><em>omnis</em></strong></span> <span class='ocrx_word' id='word_1_696' title='bbox 1151 4885 1275 4938; x_wconf 91' lang='lat' dir='ltr'><strong><em>erga</em></strong></span> <span class='ocrx_word' id='word_1_697' title='bbox 1309 4886 1400 4922; x_wconf 92' lang='lat' dir='ltr'><strong><em>nos</em></strong></span> <span class='ocrx_word' id='word_1_698' title='bbox 1444 4870 1599 4938; x_wconf 76' lang='lat' dir='ltr'><strong><em>officii</em></strong></span> <span class='ocrx_word' id='word_1_699' title='bbox 1650 4871 1924 4939; x_wconf 78' lang='lat' dir='ltr'><strong><em>prtestatio</em></strong></span> <span class='ocrx_word' id='word_1_700' title='bbox 1990 4881 2104 4935; x_wconf 90' lang='lat' dir='ltr'><strong><em>tua,</em></strong></span> 
     </span>
    </p>
   </div>
   <div class='ocr_carea' id='block_1_96' title="bbox 534 4957 2106 5028">
    <p class='ocr_par' dir='ltr' id='par_1_96' title="bbox 534 4957 2106 5028">
     <span class='ocr_line' id='line_1_97' title="bbox 534 4957 2106 5028; baseline 0.006 -21"><span class='ocrx_word' id='word_1_701' title='bbox 534 4957 793 5023; x_wconf 76' lang='lat' dir='ltr'><strong><em>ineffabili</em></strong></span> <span class='ocrx_word' id='word_1_702' title='bbox 813 4962 1044 5028; x_wconf 92' lang='lat' dir='ltr'><strong><em>quadam</em></strong></span> <span class='ocrx_word' id='word_1_703' title='bbox 1067 4960 1366 5015; x_wconf 89' lang='lat' dir='ltr'><strong><em>obedientia</em></strong></span> <span class='ocrx_word' id='word_1_704' title='bbox 1415 4961 1689 5022; x_wconf 85' lang='lat' dir='ltr'><strong><em>decorata.</em></strong></span> <span class='ocrx_word' id='word_1_705' title='bbox 1715 4963 1861 5016; x_wconf 89' lang='lat' dir='ltr'><strong><em>nobis</em></strong></span> <span class='ocrx_word' id='word_1_706' title='bbox 1913 4963 2106 5016; x_wconf 86' lang='lat' dir='ltr'><strong><em>incita-</em></strong></span> 
     </span>
    </p>
   </div>
   <div class='ocr_carea' id='block_1_97' title="bbox 536 5053 2108 5122">
    <p class='ocr_par' dir='ltr' id='par_1_97' title="bbox 536 5053 2108 5122">
     <span class='ocr_line' id='line_1_98' title="bbox 536 5053 2108 5122; baseline 0.004 -23"><span class='ocrx_word' id='word_1_707' title='bbox 536 5056 704 5100; x_wconf 86' lang='lat' dir='ltr'><strong><em>mento</em></strong></span> <span class='ocrx_word' id='word_1_708' title='bbox 742 5063 853 5102; x_wconf 88' lang='lat' dir='ltr'><strong><em>esse</em></strong></span> <span class='ocrx_word' id='word_1_709' title='bbox 881 5053 1069 5118; x_wconf 83' lang='lat' dir='ltr'><strong><em>possit,</em></strong></span> <span class='ocrx_word' id='word_1_710' title='bbox 1095 5060 1151 5104; x_wconf 92' lang='lat' dir='ltr'><strong><em>ut</em></strong></span> <span class='ocrx_word' id='word_1_711' title='bbox 1169 5053 1372 5122; x_wconf 87' lang='lat' dir='ltr'><strong><em>agenda</em></strong></span> <span class='ocrx_word' id='word_1_712' title='bbox 1402 5054 1496 5106; x_wconf 92' lang='lat' dir='ltr'><strong><em>tibi</em></strong></span> <span class='ocrx_word' id='word_1_713' title='bbox 1523 5055 1919 5122; x_wconf 65' lang='lat' dir='ltr'><strong><em>praecipiamus.</em></strong></span> <span class='ocrx_word' id='word_1_714' title='bbox 1947 5053 2108 5106; x_wconf 90' lang='lat' dir='ltr'><strong><em>Pater</em></strong></span> 
     </span>
    </p>
   </div>
   <div class='ocr_carea' id='block_1_98' title="bbox 535 5139 2106 5215">
    <p class='ocr_par' dir='ltr' id='par_1_98' title="bbox 535 5139 2106 5215">
     <span class='ocr_line' id='line_1_99' title="bbox 535 5139 2106 5215; baseline 0.004 -25"><span class='ocrx_word' id='word_1_715' title='bbox 535 5139 722 5205; x_wconf 84' lang='lat' dir='ltr'><strong><em>igitur,</em></strong></span> <span class='ocrx_word' id='word_1_716' title='bbox 757 5148 808 5192; x_wconf 92' lang='lat' dir='ltr'><strong><em>et</em></strong></span> <span class='ocrx_word' id='word_1_717' title='bbox 838 5141 930 5210; x_wconf 91' lang='lat' dir='ltr'><strong><em>qui</em></strong></span> <span class='ocrx_word' id='word_1_718' title='bbox 961 5158 1123 5212; x_wconf 87' lang='lat' dir='ltr'><strong><em>supra</em></strong></span> <span class='ocrx_word' id='word_1_719' title='bbox 1157 5161 1352 5199; x_wconf 88' lang='lat' dir='ltr'><strong><em>morem</em></strong></span> <span class='ocrx_word' id='word_1_720' title='bbox 1416 5155 1697 5214; x_wconf 90' lang='lat' dir='ltr'><strong><em>paternum</em></strong></span> <span class='ocrx_word' id='word_1_721' title='bbox 1735 5145 1933 5215; x_wconf 80' lang='lat' dir='ltr'><strong><em>diligit,</em></strong></span> <span class='ocrx_word' id='word_1_722' title='bbox 1992 5145 2106 5214; x_wconf 79' lang='lat' dir='ltr'><strong><em>ﬁlio</em></strong></span> 
     </span>
    </p>
   </div>
   <div class='ocr_carea' id='block_1_99' title="bbox 534 5230 2105 5304">
    <p class='ocr_par' dir='ltr' id='par_1_99' title="bbox 534 5230 2105 5304">
     <span class='ocr_line' id='line_1_100' title="bbox 534 5230 2105 5304; baseline 0.001 -21"><span class='ocrx_word' id='word_1_723' title='bbox 534 5230 796 5299; x_wconf 85' lang='lat' dir='ltr'><strong><em>diligenti,</em></strong></span> <span class='ocrx_word' id='word_1_724' title='bbox 827 5239 875 5284; x_wconf 90' lang='lat' dir='ltr'><strong><em>et</em></strong></span> <span class='ocrx_word' id='word_1_725' title='bbox 903 5231 1175 5286; x_wconf 87' lang='lat' dir='ltr'><strong><em>ardentius</em></strong></span> <span class='ocrx_word' id='word_1_726' title='bbox 1228 5235 1459 5303; x_wconf 87' lang='lat' dir='ltr'><strong><em>quidem,</em></strong></span> <span class='ocrx_word' id='word_1_727' title='bbox 1497 5252 1654 5304; x_wconf 89' lang='lat' dir='ltr'><strong><em>quam</em></strong></span> <span class='ocrx_word' id='word_1_728' title='bbox 1711 5235 1816 5303; x_wconf 83' lang='lat' dir='ltr'><strong><em>filii</em></strong></span> <span class='ocrx_word' id='word_1_729' title='bbox 1879 5235 2105 5300; x_wconf 87' lang='lat' dir='ltr'><strong><em>soleant,</em></strong></span> 
     </span>
    </p>
   </div>
   <div class='ocr_carea' id='block_1_100' title="bbox 533 5323 2106 5396">
    <p class='ocr_par' dir='ltr' id='par_1_100' title="bbox 533 5323 2106 5396">
     <span class='ocr_line' id='line_1_101' title="bbox 533 5323 2106 5396; baseline 0.001 -19"><span class='ocrx_word' id='word_1_730' title='bbox 533 5339 594 5377; x_wconf 85' lang='lat' dir='ltr'><strong><em>ea</em></strong></span> <span class='ocrx_word' id='word_1_731' title='bbox 628 5323 931 5393; x_wconf 80' lang='lat' dir='ltr'><strong><em>prteciptens</em></strong></span> <span class='ocrx_word' id='word_1_732' title='bbox 960 5331 1008 5374; x_wconf 90' lang='lat' dir='ltr'><strong><em>et</em></strong></span> <span class='ocrx_word' id='word_1_733' title='bbox 1044 5339 1327 5391; x_wconf 76' lang='lat' dir='ltr'><strong><em>exponens,</em></strong></span> <span class='ocrx_word' id='word_1_734' title='bbox 1363 5344 1478 5389; x_wconf 78' lang='lat' dir='ltr'><strong><em>qua:</em></strong></span> <span class='ocrx_word' id='word_1_735' title='bbox 1499 5343 1562 5380; x_wconf 70' lang='lat' dir='ltr'><strong><em>es:</em></strong></span> <span class='ocrx_word' id='word_1_736' title='bbox 1597 5344 1694 5380; x_wconf 88' lang='lat' dir='ltr'><strong><em>usu</em></strong></span> <span class='ocrx_word' id='word_1_737' title='bbox 1728 5327 1914 5396; x_wconf 87' lang='lat' dir='ltr'><strong><em>futura</em></strong></span> <span class='ocrx_word' id='word_1_738' title='bbox 1959 5336 2106 5393; x_wconf 89' lang='lat' dir='ltr'><strong><em>sunt,</em></strong></span> 
     </span>
    </p>
   </div>
   <div class='ocr_carea' id='block_1_101' title="bbox 534 5416 2111 5487">
    <p class='ocr_par' dir='ltr' id='par_1_101' title="bbox 534 5416 2111 5487">
     <span class='ocr_line' id='line_1_102' title="bbox 534 5416 2111 5487; baseline 0.003 -20"><span class='ocrx_word' id='word_1_739' title='bbox 534 5431 762 5484; x_wconf 87' lang='lat' dir='ltr'><strong><em>quonam</em></strong></span> <span class='ocrx_word' id='word_1_740' title='bbox 794 5425 1079 5487; x_wconf 76' lang='lat' dir='ltr'><strong><em>pacto_non</em></strong></span> <span class='ocrx_word' id='word_1_741' title='bbox 1113 5416 1404 5484; x_wconf 90' lang='lat' dir='ltr'><strong><em>plurimum</em></strong></span> <span class='ocrx_word' id='word_1_742' title='bbox 1440 5419 1666 5487; x_wconf 60' lang='lat' dir='ltr'><strong><em>efficiet?</em></strong></span> <span class='ocrx_word' id='word_1_743' title='bbox 1729 5418 1836 5472; x_wconf 85' lang='lat' dir='ltr'><strong><em>Nec</em></strong></span> <span class='ocrx_word' id='word_1_744' title='bbox 1882 5421 2022 5473; x_wconf 89' lang='lat' dir='ltr'><strong><em>enim</em></strong></span> <span class='ocrx_word' id='word_1_745' title='bbox 2046 5420 2111 5486; x_wconf 87' lang='lat' dir='ltr'><strong><em>fi-</em></strong></span> 
     </span>
    </p>
   </div>
   <div class='ocr_carea' id='block_1_102' title="bbox 537 5507 2110 5582">
    <p class='ocr_par' dir='ltr' id='par_1_102' title="bbox 537 5507 2110 5582">
     <span class='ocr_line' id='line_1_103' title="bbox 537 5507 2110 5582; baseline 0.003 -23"><span class='ocrx_word' id='word_1_746' title='bbox 537 5509 653 5561; x_wconf 89' lang='lat' dir='ltr'><strong><em>dem</em></strong></span> <span class='ocrx_word' id='word_1_747' title='bbox 684 5507 781 5561; x_wconf 92' lang='lat' dir='ltr'><strong><em>ulli</em></strong></span> <span class='ocrx_word' id='word_1_748' title='bbox 805 5517 1061 5575; x_wconf 68' lang='lat' dir='ltr'><strong><em>pracepto</em></strong></span> <span class='ocrx_word' id='word_1_749' title='bbox 1091 5508 1345 5582; x_wconf 88' lang='lat' dir='ltr'><strong><em>derogare</em></strong></span> <span class='ocrx_word' id='word_1_750' title='bbox 1387 5512 1471 5578; x_wconf 89' lang='lat' dir='ltr'><strong><em>fas</em></strong></span> <span class='ocrx_word' id='word_1_751' title='bbox 1500 5523 1598 5575; x_wconf 88' lang='lat' dir='ltr'><strong><em>est,</em></strong></span> <span class='ocrx_word' id='word_1_752' title='bbox 1663 5527 1754 5564; x_wconf 86' lang='lat' dir='ltr'><strong><em>nec</em></strong></span> <span class='ocrx_word' id='word_1_753' title='bbox 1809 5511 2110 5565; x_wconf 89' lang='lat' dir='ltr'><strong><em>detrectare</em></strong></span> 
     </span>
    </p>
   </div>
   <div class='ocr_carea' id='block_1_103' title="bbox 537 5601 2111 5673">
    <p class='ocr_par' dir='ltr' id='par_1_103' title="bbox 537 5601 2111 5673">
     <span class='ocr_line' id='line_1_104' title="bbox 537 5601 2111 5673; baseline 0.002 -20"><span class='ocrx_word' id='word_1_754' title='bbox 537 5601 837 5670; x_wconf 84' lang='lat' dir='ltr'><strong><em>imperium,</em></strong></span> <span class='ocrx_word' id='word_1_755' title='bbox 861 5601 1072 5655; x_wconf 87' lang='lat' dir='ltr'><strong><em>etiamsi</em></strong></span> <span class='ocrx_word' id='word_1_756' title='bbox 1101 5601 1230 5670; x_wconf 87' lang='lat' dir='ltr'><strong><em>quid</em></strong></span> <span class='ocrx_word' id='word_1_757' title='bbox 1257 5603 1445 5671; x_wconf 87' lang='lat' dir='ltr'><strong><em>o/ferat</em></strong></span> <span class='ocrx_word' id='word_1_758' title='bbox 1499 5621 1630 5668; x_wconf 88' lang='lat' dir='ltr'><strong><em>sese,</em></strong></span> <span class='ocrx_word' id='word_1_759' title='bbox 1682 5605 1824 5673; x_wconf 88' lang='lat' dir='ltr'><strong><em>quod</em></strong></span> <span class='ocrx_word' id='word_1_760' title='bbox 1869 5603 2111 5657; x_wconf 87' lang='lat' dir='ltr'><strong><em>mordere</em></strong></span> 
     </span>
    </p>
   </div>
   <div class='ocr_carea' id='block_1_104' title="bbox 536 5691 2109 5763">
    <p class='ocr_par' dir='ltr' id='par_1_104' title="bbox 536 5691 2109 5763">
     <span class='ocr_line' id='line_1_105' title="bbox 536 5691 2109 5763; baseline 0.003 -21"><span class='ocrx_word' id='word_1_761' title='bbox 536 5691 797 5756; x_wconf 85' lang='lat' dir='ltr'><strong><em>videatur,</em></strong></span> <span class='ocrx_word' id='word_1_762' title='bbox 822 5707 913 5746; x_wconf 91' lang='lat' dir='ltr'><strong><em>nec</em></strong></span> <span class='ocrx_word' id='word_1_763' title='bbox 946 5707 1215 5756; x_wconf 86' lang='lat' dir='ltr'><strong><em>recusare,</em></strong></span> <span class='ocrx_word' id='word_1_764' title='bbox 1258 5709 1359 5763; x_wconf 89' lang='lat' dir='ltr'><strong><em>quo</em></strong></span> <span class='ocrx_word' id='word_1_765' title='bbox 1399 5695 1572 5746; x_wconf 87' lang='lat' dir='ltr'><strong><em>minus</em></strong></span> <span class='ocrx_word' id='word_1_766' title='bbox 1603 5695 1714 5759; x_wconf 89' lang='lat' dir='ltr'><strong><em>ipso</em></strong></span> <span class='ocrx_word' id='word_1_767' title='bbox 1764 5695 1906 5762; x_wconf 89' lang='lat' dir='ltr'><strong><em>facto</em></strong></span> <span class='ocrx_word' id='word_1_768' title='bbox 1943 5695 2109 5747; x_wconf 86' lang='lat' dir='ltr'><strong><em>verbis</em></strong></span> 
     </span>
    </p>
   </div>
   <div class='ocr_carea' id='block_1_105' title="bbox 539 5781 2108 5856">
    <p class='ocr_par' dir='ltr' id='par_1_105' title="bbox 539 5781 2108 5856">
     <span class='ocr_line' id='line_1_106' title="bbox 539 5781 2108 5856; baseline 0.003 -21"><span class='ocrx_word' id='word_1_769' title='bbox 539 5781 873 5848; x_wconf 83' lang='lat' dir='ltr'><strong><em>obtemperes.</em></strong></span> <span class='ocrx_word' id='word_1_770' title='bbox 915 5784 1178 5841; x_wconf 78' lang='lat' dir='ltr'><strong><em>Prwtciea</em></strong></span> <span class='ocrx_word' id='word_1_771' title='bbox 1208 5786 1460 5856; x_wconf 85' lang='lat' dir='ltr'><strong><em>quiddam</em></strong></span> <span class='ocrx_word' id='word_1_772' title='bbox 1493 5785 1638 5838; x_wconf 83' lang='lat' dir='ltr'><strong><em>aliud</em></strong></span> <span class='ocrx_word' id='word_1_773' title='bbox 1658 5799 1759 5852; x_wconf 75' lang='lat' dir='ltr'><strong><em>est,</em></strong></span> <span class='ocrx_word' id='word_1_774' title='bbox 1789 5804 1888 5855; x_wconf 84' lang='lat' dir='ltr'><strong><em>quo</em></strong></span> <span class='ocrx_word' id='word_1_775' title='bbox 1922 5805 2012 5841; x_wconf 89' lang='lat' dir='ltr'><strong><em>nos</em></strong></span> <span class='ocrx_word' id='word_1_776' title='bbox 2047 5787 2108 5840; x_wconf 90' lang='lat' dir='ltr'><strong><em>il-</em></strong></span> 
     </span>
    </p>
   </div>
   <div class='ocr_carea' id='block_1_106' title="bbox 2207 4589 3789 4661">
    <p class='ocr_par' dir='ltr' id='par_1_106' title="bbox 2207 4589 3789 4661">
     <span class='ocr_line' id='line_1_107' title="bbox 2207 4589 3789 4661; baseline -0.003 -15"><span class='ocrx_word' id='word_1_777' title='bbox 2207 4593 2386 4658; x_wconf 86' lang='grc' dir='ltr'><em>διδως</em></span> <span class='ocrx_word' id='word_1_778' title='bbox 2431 4591 2838 4660; x_wconf 84' lang='grc' dir='ltr'><em>μαντεύεσθαι</em></span> <span class='ocrx_word' id='word_1_779' title='bbox 2893 4590 3025 4658; x_wconf 77' lang='grc' dir='ltr'><em>περὶ</em></span> <span class='ocrx_word' id='word_1_780' title='bbox 3059 4589 3171 4658; x_wconf 83' lang='grc' dir='ltr'><em>τῆς</em></span> <span class='ocrx_word' id='word_1_781' title='bbox 3210 4590 3331 4657; x_wconf 82' lang='grc' dir='ltr'><em>σῆς</em></span> <span class='ocrx_word' id='word_1_782' title='bbox 3383 4591 3643 4661; x_wconf 68' lang='grc' dir='ltr'><em>φύσεως.</em></span> <span class='ocrx_word' id='word_1_783' title='bbox 3679 4589 3789 4642; x_wconf 84' lang='grc' dir='ltr'><strong><em>Καί</em></strong></span> 
     </span>
    </p>
   </div>
   <div class='ocr_carea' id='block_1_107' title="bbox 2208 4677 3788 4756">
    <p class='ocr_par' dir='ltr' id='par_1_107' title="bbox 2208 4677 3788 4756">
     <span class='ocr_line' id='line_1_108' title="bbox 2208 4677 3788 4756; baseline -0.004 -20"><span class='ocrx_word' id='word_1_784' title='bbox 2208 4700 2274 4752; x_wconf 87' lang='grc' dir='ltr'><strong><em>γε</em></strong></span> <span class='ocrx_word' id='word_1_785' title='bbox 2314 4682 2456 4746; x_wconf 67' lang='grc' dir='ltr'><em>Θεὸς</em></span> <span class='ocrx_word' id='word_1_786' title='bbox 2509 4680 2820 4744; x_wconf 77' lang='grc' dir='ltr'><em>ἀναδεῖξαι</em></span> <span class='ocrx_word' id='word_1_787' title='bbox 2867 4697 2945 4750; x_wconf 88' lang='grc' dir='ltr'><strong><em>με</em></strong></span> <span class='ocrx_word' id='word_1_788' title='bbox 2997 4680 3322 4756; x_wconf 81' lang='grc' dir='ltr'><em>(χρήσομαι</em></span> <span class='ocrx_word' id='word_1_789' title='bbox 3369 4679 3439 4737; x_wconf 80' lang='grc' dir='ltr'><em>δὲ</em></span> <span class='ocrx_word' id='word_1_790' title='bbox 3492 4679 3617 4745; x_wconf 81' lang='grc' dir='ltr'><em>τοῖς</em></span> <span class='ocrx_word' id='word_1_791' title='bbox 3669 4677 3788 4730; x_wconf 90' lang='grc' dir='ltr'><strong><em>τῶν</em></strong></span> 
     </span>
    </p>
   </div>
   <div class='ocr_carea' id='block_1_108' title="bbox 2208 4769 3789 4840">
    <p class='ocr_par' dir='ltr' id='par_1_108' title="bbox 2208 4769 3789 4840">
     <span class='ocr_line' id='line_1_109' title="bbox 2208 4769 3789 4840; baseline -0.003 -14"><span class='ocrx_word' id='word_1_792' title='bbox 2208 4770 2493 4839; x_wconf 88' lang='grc' dir='ltr'><em>ποιητῶν,</em></span> <span class='ocrx_word' id='word_1_793' title='bbox 2526 4773 2638 4840; x_wconf 80' lang='grc' dir='ltr'><strong><em>οὐχ</em></strong></span> <span class='ocrx_word' id='word_1_794' title='bbox 2681 4771 2761 4836; x_wconf 89' lang='grc' dir='ltr'><em>ὡς</em></span> <span class='ocrx_word' id='word_1_795' title='bbox 2791 4770 3110 4840; x_wconf 86' lang='grc' dir='ltr'><em>δόγμασιν,</em></span> <span class='ocrx_word' id='word_1_796' title='bbox 3141 4770 3302 4825; x_wconf 84' lang='grc' dir='ltr'><em>ἀλλὰ</em></span> <span class='ocrx_word' id='word_1_797' title='bbox 3341 4770 3438 4824; x_wconf 87' lang='grc' dir='ltr'><strong><em>διὰ</em></strong></span> <span class='ocrx_word' id='word_1_798' title='bbox 3469 4769 3584 4838; x_wconf 79' lang='grc' dir='ltr'><em>τὴν</em></span> <span class='ocrx_word' id='word_1_799' title='bbox 3627 4771 3789 4822; x_wconf 84' lang='grc' dir='ltr'><em>ίστο-</em></span> 
     </span>
    </p>
   </div>
   <div class='ocr_carea' id='block_1_109' title="bbox 2199 4862 3790 4946">
    <p class='ocr_par' dir='ltr' id='par_1_109' title="bbox 2199 4862 3790 4946">
     <span class='ocr_line' id='line_1_110' title="bbox 2199 4862 3790 4946; baseline -0.003 -26"><span class='ocrx_word' id='word_1_800' title='bbox 2199 4867 2344 4936; x_wconf 87' lang='grc' dir='ltr'><em>ρίαν</em></span> <span class='ocrx_word' id='word_1_801' title='bbox 2371 4863 2598 4936; x_wconf 80' lang='grc' dir='ltr'><em>ἁπλῶς)</em></span> <span class='ocrx_word' id='word_1_802' title='bbox 2633 4863 2732 4920; x_wconf 77' lang='grc' dir='ltr'><em>καὶ</em></span> <span class='ocrx_word' id='word_1_803' title='bbox 2767 4864 3092 4930; x_wconf 85' lang='grc' dir='ltr'><em>Τειρεσίου,</em></span> <span class='ocrx_word' id='word_1_804' title='bbox 3130 4864 3227 4946; x_wconf 71' lang='grc' dir='ltr'><em>καὶ</em></span> <span class='ocrx_word' id='word_1_805' title='bbox 3261 4863 3613 4932; x_wconf 82' lang='grc' dir='ltr'><em>Κάλχαντος</em></span> <span class='ocrx_word' id='word_1_806' title='bbox 3640 4862 3790 4929; x_wconf 81' lang='grc' dir='ltr'><em>άλη-</em></span> 
     </span>
    </p>
   </div>
   <div class='ocr_carea' id='block_1_110' title="bbox 2209 4953 3787 5025">
    <p class='ocr_par' dir='ltr' id='par_1_110' title="bbox 2209 4953 3787 5025">
     <span class='ocr_line' id='line_1_111' title="bbox 2209 4953 3787 5025; baseline -0.005 -11"><span class='ocrx_word' id='word_1_807' title='bbox 2209 4959 2496 5025; x_wconf 88' lang='grc' dir='ltr'><em>θέστερον</em></span> <span class='ocrx_word' id='word_1_808' title='bbox 2527 4958 2614 5024; x_wconf 82' lang='grc' dir='ltr'><em>εὶς</em></span> <span class='ocrx_word' id='word_1_809' title='bbox 2643 4954 2899 5022; x_wconf 74' lang='grc' dir='ltr'><em>ταυτηνὶ</em></span> <span class='ocrx_word' id='word_1_810' title='bbox 2930 4954 3046 5022; x_wconf 83' lang='grc' dir='ltr'><em>τὴν</em></span> <span class='ocrx_word' id='word_1_811' title='bbox 3066 4958 3382 5022; x_wconf 87' lang='grc' dir='ltr'><em>μαντείαν.</em></span> <span class='ocrx_word' id='word_1_812' title='bbox 3425 4955 3531 5014; x_wconf 83' lang='lat' dir='ltr'><strong><em>Kal</em></strong></span> <span class='ocrx_word' id='word_1_813' title='bbox 3566 4953 3691 5023; x_wconf 81' lang='grc' dir='ltr'><em>μήν</em></span> <span class='ocrx_word' id='word_1_814' title='bbox 3719 4970 3787 5022; x_wconf 87' lang='grc' dir='ltr'><strong><em>γε</em></strong></span> 
     </span>
    </p>
   </div>
   <div class='ocr_carea' id='block_1_111' title="bbox 2208 5045 3784 5118">
    <p class='ocr_par' dir='ltr' id='par_1_111' title="bbox 2208 5045 3784 5118">
     <span class='ocr_line' id='line_1_112' title="bbox 2208 5045 3784 5118; baseline -0.004 -14"><span class='ocrx_word' id='word_1_815' title='bbox 2208 5052 2308 5105; x_wconf 80' lang='grc' dir='ltr'><em>καὶ</em></span> <span class='ocrx_word' id='word_1_816' title='bbox 2340 5051 2402 5104; x_wconf 89' lang='grc' dir='ltr'><em>τὸ</em></span> <span class='ocrx_word' id='word_1_817' title='bbox 2432 5051 2550 5104; x_wconf 86' lang='grc' dir='ltr'><em>σὸν</em></span> <span class='ocrx_word' id='word_1_818' title='bbox 2583 5050 2732 5117; x_wconf 86' lang='grc' dir='ltr'><em>πρὸς</em></span> <span class='ocrx_word' id='word_1_819' title='bbox 2783 5045 2939 5118; x_wconf 74' lang='grc' dir='ltr'><em>ἡμᾶς</em></span> <span class='ocrx_word' id='word_1_820' title='bbox 2971 5047 3156 5114; x_wconf 83' lang='grc' dir='ltr'><em>ἅπαν,</em></span> <span class='ocrx_word' id='word_1_821' title='bbox 3193 5045 3472 5114; x_wconf 76' lang='grc' dir='ltr'><em>ὑποταγῇ</em></span> <span class='ocrx_word' id='word_1_822' title='bbox 3520 5046 3784 5114; x_wconf 82' lang='grc' dir='ltr'><em>κοσμού-</em></span> 
     </span>
    </p>
   </div>
   <div class='ocr_carea' id='block_1_112' title="bbox 2204 5138 3785 5214">
    <p class='ocr_par' dir='ltr' id='par_1_112' title="bbox 2204 5138 3785 5214">
     <span class='ocr_line' id='line_1_113' title="bbox 2204 5138 3785 5214; baseline -0.004 -20"><span class='ocrx_word' id='word_1_823' title='bbox 2204 5158 2394 5214; x_wconf 84' lang='grc' dir='ltr'><em>μενον</em></span> <span class='ocrx_word' id='word_1_824' title='bbox 2417 5139 2719 5209; x_wconf 79' lang='grc' dir='ltr'><em>άμυθήτῳ,</em></span> <span class='ocrx_word' id='word_1_825' title='bbox 2747 5138 3130 5207; x_wconf 83' lang='grc' dir='ltr'><em>παράκλησις</em></span> <span class='ocrx_word' id='word_1_826' title='bbox 3169 5138 3247 5193; x_wconf 82' lang='grc' dir='ltr'><em>ἂν</em></span> <span class='ocrx_word' id='word_1_827' title='bbox 3275 5140 3504 5207; x_wconf 85' lang='grc' dir='ltr'><em>γένοιτο</em></span> <span class='ocrx_word' id='word_1_828' title='bbox 3546 5138 3649 5190; x_wconf 83' lang='grc' dir='ltr'><em>τοῦ</em></span> <span class='ocrx_word' id='word_1_829' title='bbox 3677 5153 3785 5189; x_wconf 84' lang='grc' dir='ltr'><em>πα-</em></span> 
     </span>
    </p>
   </div>
   <div class='ocr_carea' id='block_1_113' title="bbox 2203 5225 3784 5300">
    <p class='ocr_par' dir='ltr' id='par_1_113' title="bbox 2203 5225 3784 5300">
     <span class='ocr_line' id='line_1_114' title="bbox 2203 5225 3784 5300; baseline -0.004 -16"><span class='ocrx_word' id='word_1_830' title='bbox 2203 5231 2437 5300; x_wconf 77' lang='grc' dir='ltr'><em>ραινεῖν</em></span> <span class='ocrx_word' id='word_1_831' title='bbox 2498 5230 2572 5284; x_wconf 89' lang='grc' dir='ltr'><strong><em>τὰ</em></strong></span> <span class='ocrx_word' id='word_1_832' title='bbox 2628 5230 2862 5284; x_wconf 85' lang='grc' dir='ltr'><em>δέοντα.</em></span> <span class='ocrx_word' id='word_1_833' title='bbox 2917 5230 3119 5298; x_wconf 79' lang='grc' dir='ltr'><em>Πατὴρ</em></span> <span class='ocrx_word' id='word_1_834' title='bbox 3178 5225 3314 5289; x_wconf 83' lang='grc' dir='ltr'><em>οὖν,</em></span> <span class='ocrx_word' id='word_1_835' title='bbox 3365 5229 3462 5284; x_wconf 79' lang='grc' dir='ltr'><em>καὶ</em></span> <span class='ocrx_word' id='word_1_836' title='bbox 3519 5229 3707 5282; x_wconf 85' lang='grc' dir='ltr'><em>πλέον</em></span> <span class='ocrx_word' id='word_1_837' title='bbox 3746 5228 3784 5295; x_wconf 80' lang='grc' dir='ltr'><em>ἢ</em></span> 
     </span>
    </p>
   </div>
   <div class='ocr_carea' id='block_1_114' title="bbox 2210 5314 3788 5391">
    <p class='ocr_par' dir='ltr' id='par_1_114' title="bbox 2210 5314 3788 5391">
     <span class='ocr_line' id='line_1_115' title="bbox 2210 5314 3788 5391; baseline -0.003 -16"><span class='ocrx_word' id='word_1_838' title='bbox 2210 5323 2362 5377; x_wconf 85' lang='grc' dir='ltr'><em>κατὰ</em></span> <span class='ocrx_word' id='word_1_839' title='bbox 2398 5322 2660 5390; x_wconf 85' lang='grc' dir='ltr'><em>πατέρας</em></span> <span class='ocrx_word' id='word_1_840' title='bbox 2715 5320 2935 5391; x_wconf 66' lang='grc' dir='ltr'><em>φιλῶν,</em></span> <span class='ocrx_word' id='word_1_841' title='bbox 2963 5319 3072 5386; x_wconf 83' lang='grc' dir='ltr'><em>υίῷ</em></span> <span class='ocrx_word' id='word_1_842' title='bbox 3111 5321 3410 5388; x_wconf 68' lang='grc' dir='ltr'><em>φιλοῦντι,</em></span> <span class='ocrx_word' id='word_1_843' title='bbox 3448 5320 3546 5373; x_wconf 77' lang='grc' dir='ltr'><em>καὶ</em></span> <span class='ocrx_word' id='word_1_844' title='bbox 3598 5314 3788 5372; x_wconf 85' lang='grc' dir='ltr'><em>πλέον</em></span> 
     </span>
    </p>
   </div>
   <div class='ocr_carea' id='block_1_115' title="bbox 2210 5409 3788 5485">
    <p class='ocr_par' dir='ltr' id='par_1_115' title="bbox 2210 5409 3788 5485">
     <span class='ocr_line' id='line_1_116' title="bbox 2210 5409 3788 5485; baseline -0.004 -16"><span class='ocrx_word' id='word_1_845' title='bbox 2210 5413 2248 5485; x_wconf 81' lang='grc' dir='ltr'><strong><em>ἣ</em></strong></span> <span class='ocrx_word' id='word_1_846' title='bbox 2278 5418 2407 5469; x_wconf 87' lang='grc' dir='ltr'><em>καθ’</em></span> <span class='ocrx_word' id='word_1_847' title='bbox 2438 5415 2611 5482; x_wconf 82' lang='grc' dir='ltr'><em>υἱεῖς,</em></span> <span class='ocrx_word' id='word_1_848' title='bbox 2649 5412 3038 5483; x_wconf 75' lang='grc' dir='ltr'><em>προστάττων</em></span> <span class='ocrx_word' id='word_1_849' title='bbox 3065 5429 3128 5465; x_wconf 82' lang='grc' dir='ltr'><strong><em>τε</em></strong></span> <span class='ocrx_word' id='word_1_850' title='bbox 3167 5410 3263 5464; x_wconf 73' lang='grc' dir='ltr'><em>καὶ</em></span> <span class='ocrx_word' id='word_1_851' title='bbox 3289 5412 3730 5479; x_wconf 64' lang='grc' dir='ltr'><em>εἰσηγούμενος</em></span> <span class='ocrx_word' id='word_1_852' title='bbox 3749 5409 3788 5462; x_wconf 79' lang='grc' dir='ltr'><strong><em>ά</em></strong></span> 
     </span>
    </p>
   </div>
   <div class='ocr_carea' id='block_1_116' title="bbox 2211 5503 3790 5574">
    <p class='ocr_par' dir='ltr' id='par_1_116' title="bbox 2211 5503 3790 5574">
     <span class='ocr_line' id='line_1_117' title="bbox 2211 5503 3790 5574; baseline -0.004 -11"><span class='ocrx_word' id='word_1_853' title='bbox 2211 5508 2512 5571; x_wconf 89' lang='grc' dir='ltr'><em>συνοίσει,</em></span> <span class='ocrx_word' id='word_1_854' title='bbox 2562 5508 2689 5574; x_wconf 85' lang='grc' dir='ltr'><strong><em>πῶς</em></strong></span> <span class='ocrx_word' id='word_1_855' title='bbox 2727 5509 2838 5560; x_wconf 83' lang='grc' dir='ltr'><em>οὑκ</em></span> <span class='ocrx_word' id='word_1_856' title='bbox 2866 5505 3127 5568; x_wconf 69' lang='grc' dir='ltr'><em>ἀνύσεις</em></span> <span class='ocrx_word' id='word_1_857' title='bbox 3171 5505 3309 5557; x_wconf 83' lang='grc' dir='ltr'><em>οὔτε</em></span> <span class='ocrx_word' id='word_1_858' title='bbox 3356 5506 3466 5572; x_wconf 83' lang='grc' dir='ltr'><strong><em>γὰρ</em></strong></span> <span class='ocrx_word' id='word_1_859' title='bbox 3505 5503 3790 5558; x_wconf 82' lang='grc' dir='ltr'><em>άπιστεῖν</em></span> 
     </span>
    </p>
   </div>
   <div class='ocr_carea' id='block_1_117' title="bbox 2211 5593 3786 5667">
    <p class='ocr_par' dir='ltr' id='par_1_117' title="bbox 2211 5593 3786 5667">
     <span class='ocr_line' id='line_1_118' title="bbox 2211 5593 3786 5667; baseline -0.006 -13"><span class='ocrx_word' id='word_1_860' title='bbox 2211 5601 2342 5655; x_wconf 81' lang='grc' dir='ltr'><em>ἐστι</em></span> <span class='ocrx_word' id='word_1_861' title='bbox 2389 5599 2507 5653; x_wconf 77' lang='grc' dir='ltr'><em>τινὶ</em></span> <span class='ocrx_word' id='word_1_862' title='bbox 2556 5599 2678 5652; x_wconf 90' lang='grc' dir='ltr'><strong><em>τῶν</em></strong></span> <span class='ocrx_word' id='word_1_863' title='bbox 2719 5597 3081 5667; x_wconf 85' lang='grc' dir='ltr'><em>λεγομένων,</em></span> <span class='ocrx_word' id='word_1_864' title='bbox 3119 5595 3258 5650; x_wconf 79' lang='grc' dir='ltr'><em>οὔτε</em></span> <span class='ocrx_word' id='word_1_865' title='bbox 3301 5595 3457 5661; x_wconf 83' lang='grc' dir='ltr'><em>ὅλως</em></span> <span class='ocrx_word' id='word_1_866' title='bbox 3495 5593 3786 5659; x_wconf 79' lang='grc' dir='ltr'><em>ἀπειθεῖν,</em></span> 
     </span>
    </p>
   </div>
   <div class='ocr_carea' id='block_1_118' title="bbox 2214 5686 3782 5758">
    <p class='ocr_par' dir='ltr' id='par_1_118' title="bbox 2214 5686 3782 5758">
     <span class='ocr_line' id='line_1_119' title="bbox 2214 5686 3782 5758; baseline -0.003 -14"><span class='ocrx_word' id='word_1_867' title='bbox 2214 5692 2446 5745; x_wconf 85' lang='grc' dir='ltr'><em>όπόταν</em></span> <span class='ocrx_word' id='word_1_868' title='bbox 2469 5692 2572 5744; x_wconf 84' lang='grc' dir='ltr'><strong><em>καί</em></strong></span> <span class='ocrx_word' id='word_1_869' title='bbox 2594 5708 2648 5743; x_wconf 91' lang='grc' dir='ltr'><strong><em>τι</em></strong></span> <span class='ocrx_word' id='word_1_870' title='bbox 2679 5689 2908 5743; x_wconf 82' lang='grc' dir='ltr'><em>δάκνον</em></span> <span class='ocrx_word' id='word_1_871' title='bbox 2948 5687 3134 5758; x_wconf 67' lang='grc' dir='ltr'><em>φανῇ,</em></span> <span class='ocrx_word' id='word_1_872' title='bbox 3166 5688 3305 5741; x_wconf 84' lang='grc' dir='ltr'><em>οὔτε</em></span> <span class='ocrx_word' id='word_1_873' title='bbox 3338 5686 3424 5756; x_wconf 76' lang='grc' dir='ltr'><em>μὴ</em></span> <span class='ocrx_word' id='word_1_874' title='bbox 3456 5687 3655 5747; x_wconf 78' lang='grc' dir='ltr'><em>θέλειν</em></span> <span class='ocrx_word' id='word_1_875' title='bbox 3683 5705 3782 5756; x_wconf 77' lang='grc' dir='ltr'><strong><em>χαο</em></strong></span> 
     </span>
    </p>
   </div>
   <div class='ocr_carea' id='block_1_119' title="bbox 2207 5780 3756 5856">
    <p class='ocr_par' dir='ltr' id='par_1_119' title="bbox 2207 5780 3756 5856">
     <span class='ocr_line' id='line_1_120' title="bbox 2207 5780 3756 5856; baseline -0.003 -21"><span class='ocrx_word' id='word_1_876' title='bbox 2207 5782 2496 5856; x_wconf 78' lang='grc' dir='ltr'><em>ρίζεσθιιι,</em></span> <span class='ocrx_word' id='word_1_877' title='bbox 2562 5783 2637 5848; x_wconf 86' lang='grc' dir='ltr'><em>τῷ</em></span> <span class='ocrx_word' id='word_1_878' title='bbox 2689 5780 3086 5849; x_wconf 78' lang='grc' dir='ltr'><em>ὑποτετάχθαι</em></span> <span class='ocrx_word' id='word_1_879' title='bbox 3138 5781 3260 5847; x_wconf 81' lang='grc' dir='ltr'><em>τοῖς</em></span> <span class='ocrx_word' id='word_1_880' title='bbox 3311 5782 3514 5849; x_wconf 82' lang='grc' dir='ltr'><em>λόγοις</em></span> <span class='ocrx_word' id='word_1_881' title='bbox 3565 5780 3756 5846; x_wconf 61' lang='grc' dir='ltr'><em>ἔργοις</em></span> 
     </span>
    </p>
   </div>
  </div>
