  <div class='ocr_page' id='page_1' title='image "/cluster/home/n/w/nwhite01/storage/ocr_20150623/156/mdp.39015078384719/166.png"; bbox 0 0 4166 6270; ppageno 0'>
   <div class='ocr_carea' id='block_1_1' title="bbox 431 377 533 438">
    <p class='ocr_par' dir='ltr' id='par_1_1' title="bbox 431 377 533 438">
     <span class='ocr_line' id='line_1_1' title="bbox 431 377 533 438; baseline 0 -1"><span class='ocrx_word' id='word_1_1' title='bbox 431 377 533 438; x_wconf 63' lang='grc'><strong><em>327</em></strong></span> 
     </span>
    </p>
   </div>
   <div class='ocr_carea' id='block_1_2' title="bbox 1355 381 2654 450">
    <p class='ocr_par' dir='ltr' id='par_1_2' title="bbox 1355 381 2654 450">
     <span class='ocr_line' id='line_1_2' title="bbox 1355 381 2654 450; baseline 0.008 -10"><span class='ocrx_word' id='word_1_2' title='bbox 1355 381 1768 442; x_wconf 71' lang='grc' dir='ltr'><strong><em>ΡΙίίΕΕΕΡΤΑ</em></strong></span> <span class='ocrx_word' id='word_1_3' title='bbox 1813 381 2256 445; x_wconf 81' lang='lat' dir='ltr'><strong><em>EDUCATION</em></strong></span> <span class='ocrx_word' id='word_1_4' title='bbox 2274 386 2345 444; x_wconf 83' lang='lat' dir='ltr'><strong><em>lS</em></strong></span> <span class='ocrx_word' id='word_1_5' title='bbox 2376 387 2423 445; x_wconf 80' lang='grc' dir='ltr'><strong>Β</strong></span> <span class='ocrx_word' id='word_1_6' title='bbox 2437 387 2654 450; x_wconf 82' lang='lat' dir='ltr'><strong><em>EGLE.</em></strong></span> 
     </span>
    </p>
   </div>
   <div class='ocr_carea' id='block_1_3' title="bbox 3569 388 3673 447">
    <p class='ocr_par' dir='ltr' id='par_1_3' title="bbox 3569 388 3673 447">
     <span class='ocr_line' id='line_1_3' title="bbox 3569 388 3673 447; baseline -0.01 0"><span class='ocrx_word' id='word_1_7' title='bbox 3569 388 3673 447; x_wconf 76' lang='grc'><strong><em>318</em></strong></span> 
     </span>
    </p>
   </div>
   <div class='ocr_carea' id='block_1_4' title="bbox 434 491 1998 570">
    <p class='ocr_par' dir='ltr' id='par_1_4' title="bbox 434 491 1998 566">
     <span class='ocr_line' id='line_1_4' title="bbox 434 491 1998 566; baseline 0.005 -22"><span class='ocrx_word' id='word_1_8' title='bbox 434 495 515 546; x_wconf 83' lang='grc' dir='ltr'><strong><em>Οὐ</em></strong></span> <span class='ocrx_word' id='word_1_9' title='bbox 538 491 667 560; x_wconf 75' lang='grc' dir='ltr'><em>μὴν</em></span> <span class='ocrx_word' id='word_1_10' title='bbox 695 495 832 548; x_wconf 71' lang='grc' dir='ltr'><em>ἀλλ’</em></span> <span class='ocrx_word' id='word_1_11' title='bbox 861 495 993 549; x_wconf 69' lang='grc' dir='ltr'><em>ἐστι</em></span> <span class='ocrx_word' id='word_1_12' title='bbox 1025 496 1121 550; x_wconf 76' lang='grc' dir='ltr'><strong><em>καὶ</em></strong></span> <span class='ocrx_word' id='word_1_13' title='bbox 1157 496 1384 566; x_wconf 77' lang='grc' dir='ltr'><em>ἕτερον,</em></span> <span class='ocrx_word' id='word_1_14' title='bbox 1416 498 1487 552; x_wconf 84' lang='grc' dir='ltr'><em>ἐν</em></span> <span class='ocrx_word' id='word_1_15' title='bbox 1515 493 1564 564; x_wconf 82' lang='grc' dir='ltr'>ᾧ</span> <span class='ocrx_word' id='word_1_16' title='bbox 1610 498 1998 552; x_wconf 75' lang='grc' dir='ltr'><em>πλεονεκτοῦ·</em></span> 
     </span>
    </p>
   </div>
   <div class='ocr_carea' id='block_1_5' title="bbox 2099 491 3671 570">
    <p class='ocr_par' dir='ltr' id='par_1_5' title="bbox 2109 501 3671 570">
     <span class='ocr_line' id='line_1_5' title="bbox 2109 501 3671 570; baseline 0.004 -20"><span class='ocrx_word' id='word_1_17' title='bbox 2109 501 2173 553; x_wconf 86' lang='lat' dir='ltr'><strong><em>lis</em></strong></span> <span class='ocrx_word' id='word_1_18' title='bbox 2205 504 2722 569; x_wconf 78' lang='lat' dir='ltr'><strong><em>superioressumus.</em></strong></span> <span class='ocrx_word' id='word_1_19' title='bbox 2771 504 2912 558; x_wconf 88' lang='lat' dir='ltr'><strong><em>Nam</em></strong></span> <span class='ocrx_word' id='word_1_20' title='bbox 2965 521 3082 558; x_wconf 88' lang='lat' dir='ltr'><strong><em>cum</em></strong></span> <span class='ocrx_word' id='word_1_21' title='bbox 3135 504 3453 556; x_wconf 84' lang='lat' dir='ltr'><strong><em>auctoritate</em></strong></span> <span class='ocrx_word' id='word_1_22' title='bbox 3507 503 3671 570; x_wconf 81' lang='lat' dir='ltr'><strong><em>loqui,</em></strong></span> 
     </span>
    </p>
   </div>
   <div class='ocr_carea' id='block_1_6' title="bbox 423 588 1999 662">
    <p class='ocr_par' dir='ltr' id='par_1_6' title="bbox 423 588 1999 662">
     <span class='ocr_line' id='line_1_6' title="bbox 423 588 1999 662; baseline 0.005 -23"><span class='ocrx_word' id='word_1_23' title='bbox 423 603 540 656; x_wconf 78' lang='grc' dir='ltr'><strong><em>μεν</em></strong></span> <span class='ocrx_word' id='word_1_24' title='bbox 571 588 841 644; x_wconf 74' lang='grc' dir='ltr'><em>ἐκείνων.</em></span> <span class='ocrx_word' id='word_1_25' title='bbox 881 591 950 643; x_wconf 75' lang='grc' dir='ltr'><strong><em>Τὸ</em></strong></span> <span class='ocrx_word' id='word_1_26' title='bbox 995 591 1106 658; x_wconf 78' lang='grc' dir='ltr'><strong><em>γὰρ</em></strong></span> <span class='ocrx_word' id='word_1_27' title='bbox 1144 592 1224 660; x_wconf 71' lang='grc' dir='ltr'><em>δὴ</em></span> <span class='ocrx_word' id='word_1_28' title='bbox 1240 593 1370 662; x_wconf 79' lang='grc' dir='ltr'><em>μετ’</em></span> <span class='ocrx_word' id='word_1_29' title='bbox 1401 594 1690 660; x_wconf 70' lang='grc' dir='ltr'><em>ἔξουσίας</em></span> <span class='ocrx_word' id='word_1_30' title='bbox 1721 594 1934 657; x_wconf 83' lang='grc' dir='ltr'><em>ειπεῖν,</em></span> <span class='ocrx_word' id='word_1_31' title='bbox 1968 594 1999 647; x_wconf 76' lang='lat' dir='ltr'><strong><em>s</em></strong></span> 
     </span>
    </p>
   </div>
   <div class='ocr_carea' id='block_1_7' title="bbox 428 677 2002 754">
    <p class='ocr_par' dir='ltr' id='par_1_7' title="bbox 428 677 2002 754">
     <span class='ocr_line' id='line_1_7' title="bbox 428 677 2002 754; baseline 0.006 -23"><span class='ocrx_word' id='word_1_32' title='bbox 428 677 673 745; x_wconf 76' lang='grc' dir='ltr'><em>πολλὴν</em></span> <span class='ocrx_word' id='word_1_33' title='bbox 721 679 835 746; x_wconf 75' lang='grc' dir='ltr'><em>τὴν</em></span> <span class='ocrx_word' id='word_1_34' title='bbox 884 681 1142 751; x_wconf 80' lang='grc' dir='ltr'><em>δύναμιν</em></span> <span class='ocrx_word' id='word_1_35' title='bbox 1171 685 1294 752; x_wconf 75' lang='grc' dir='ltr'><em>ἔχει</em></span> <span class='ocrx_word' id='word_1_36' title='bbox 1333 686 1432 738; x_wconf 74' lang='grc' dir='ltr'><strong><em>καὶ</em></strong></span> <span class='ocrx_word' id='word_1_37' title='bbox 1479 685 1853 754; x_wconf 68' lang='grc' dir='ltr'><em>παιδοτρίϐῃ,</em></span> <span class='ocrx_word' id='word_1_38' title='bbox 1902 687 2002 739; x_wconf 70' lang='grc' dir='ltr'><em>καὶ</em></span> 
     </span>
    </p>
   </div>
   <div class='ocr_carea' id='block_1_8' title="bbox 427 767 1999 844">
    <p class='ocr_par' dir='ltr' id='par_1_8' title="bbox 427 767 1999 844">
     <span class='ocr_line' id='line_1_8' title="bbox 427 767 1999 844; baseline 0.006 -26"><span class='ocrx_word' id='word_1_39' title='bbox 427 767 800 836; x_wconf 74' lang='grc' dir='ltr'><em>διδασκάλῳ,</em></span> <span class='ocrx_word' id='word_1_40' title='bbox 820 773 916 826; x_wconf 70' lang='grc' dir='ltr'><em>καὶ</em></span> <span class='ocrx_word' id='word_1_41' title='bbox 939 773 1122 827; x_wconf 70' lang='grc' dir='ltr'><em>παντὶ</em></span> <span class='ocrx_word' id='word_1_42' title='bbox 1149 775 1552 844; x_wconf 72' lang='grc' dir='ltr'><em>διορθουμένῳ</em></span> <span class='ocrx_word' id='word_1_43' title='bbox 1584 777 1802 844; x_wconf 74' lang='grc' dir='ltr'><em>φύσεις</em></span> <span class='ocrx_word' id='word_1_44' title='bbox 1823 779 1999 837; x_wconf 79' lang='grc' dir='ltr'><em>νέων,</em></span> 
     </span>
    </p>
   </div>
   <div class='ocr_carea' id='block_1_9' title="bbox 429 857 1999 934">
    <p class='ocr_par' dir='ltr' id='par_1_9' title="bbox 429 857 1999 934">
     <span class='ocr_line' id='line_1_9' title="bbox 429 857 1999 934; baseline 0.001 -14"><span class='ocrx_word' id='word_1_45' title='bbox 429 857 468 925; x_wconf 69' lang='grc' dir='ltr'><strong><em>’ἦ</em></strong></span> <span class='ocrx_word' id='word_1_46' title='bbox 503 860 854 926; x_wconf 70' lang='grc' dir='ltr'><strong><em>πλάττοντι,</em></strong></span> <span class='ocrx_word' id='word_1_47' title='bbox 905 866 1034 932; x_wconf 67' lang='grc' dir='ltr'><em>ἐμοὶ</em></span> <span class='ocrx_word' id='word_1_48' title='bbox 1073 867 1192 934; x_wconf 73' lang='grc' dir='ltr'><em>μὲν</em></span> <span class='ocrx_word' id='word_1_49' title='bbox 1219 868 1423 928; x_wconf 70' lang='grc' dir='ltr'><em>ἔξεστι</em></span> <span class='ocrx_word' id='word_1_50' title='bbox 1475 868 1806 933; x_wconf 73' lang='grc' dir='ltr'><strong><em>παντελῶς,</em></strong></span> <span class='ocrx_word' id='word_1_51' title='bbox 1851 867 1999 921; x_wconf 63' lang='lat' dir='ltr'><strong><em>exel-</em></strong></span> 
     </span>
    </p>
   </div>
   <div class='ocr_carea' id='block_1_10' title="bbox 429 949 2003 1028">
    <p class='ocr_par' dir='ltr' id='par_1_10' title="bbox 429 949 2003 1028">
     <span class='ocr_line' id='line_1_10' title="bbox 429 949 2003 1028; baseline 0.008 -29"><span class='ocrx_word' id='word_1_52' title='bbox 429 964 559 1014; x_wconf 84' lang='grc' dir='ltr'><em>νοις</em></span> <span class='ocrx_word' id='word_1_53' title='bbox 589 949 659 1002; x_wconf 73' lang='grc' dir='ltr'><em>δὲ</em></span> <span class='ocrx_word' id='word_1_54' title='bbox 702 952 995 1020; x_wconf 77' lang='grc' dir='ltr'><em>οὐδαμῶς,</em></span> <span class='ocrx_word' id='word_1_55' title='bbox 1035 957 1163 1010; x_wconf 81' lang='grc' dir='ltr'><em>οὐδ’</em></span> <span class='ocrx_word' id='word_1_56' title='bbox 1210 956 1292 1012; x_wconf 80' lang='grc' dir='ltr'><em>ἂν</em></span> <span class='ocrx_word' id='word_1_57' title='bbox 1323 958 1361 1025; x_wconf 80' lang='grc' dir='ltr'><strong><em>ἡ</em></strong></span> <span class='ocrx_word' id='word_1_58' title='bbox 1397 956 1640 1014; x_wconf 73' lang='grc' dir='ltr'><em>πάντων</em></span> <span class='ocrx_word' id='word_1_59' title='bbox 1689 961 1878 1028; x_wconf 67' lang='grc' dir='ltr'><em>σοφία</em></span> <span class='ocrx_word' id='word_1_60' title='bbox 1913 961 2003 1026; x_wconf 76' lang='grc' dir='ltr'><em>εἰς</em></span> 
     </span>
    </p>
   </div>
   <div class='ocr_carea' id='block_1_11' title="bbox 429 1039 2002 1120">
    <p class='ocr_par' dir='ltr' id='par_1_11' title="bbox 429 1039 2002 1120">
     <span class='ocr_line' id='line_1_11' title="bbox 429 1039 2002 1120; baseline 0.008 -29"><span class='ocrx_word' id='word_1_61' title='bbox 429 1039 497 1092; x_wconf 79' lang='grc' dir='ltr'><em>ἓν</em></span> <span class='ocrx_word' id='word_1_62' title='bbox 519 1057 584 1107; x_wconf 78' lang='grc' dir='ltr'><em>γε</em></span> <span class='ocrx_word' id='word_1_63' title='bbox 618 1044 853 1111; x_wconf 81' lang='grc' dir='ltr'><strong><em>τούτοις</em></strong></span> <span class='ocrx_word' id='word_1_64' title='bbox 877 1047 1170 1115; x_wconf 71' lang='grc' dir='ltr'><em>συνέλθῃ.</em></span> <span class='ocrx_word' id='word_1_65' title='bbox 1205 1050 1337 1114; x_wconf 82' lang='grc' dir='ltr'><strong><em>Πῶς</em></strong></span> <span class='ocrx_word' id='word_1_66' title='bbox 1359 1050 1478 1120; x_wconf 70' lang='grc' dir='ltr'><em>μὲν</em></span> <span class='ocrx_word' id='word_1_67' title='bbox 1509 1051 1617 1116; x_wconf 73' lang='grc' dir='ltr'><strong><em>γὰρ</em></strong></span> <span class='ocrx_word' id='word_1_68' title='bbox 1640 1050 1716 1104; x_wconf 78' lang='grc' dir='ltr'><em>ἂν</em></span> <span class='ocrx_word' id='word_1_69' title='bbox 1742 1051 2002 1118; x_wconf 80' lang='grc' dir='ltr'><em>προστάο</em></span> 
     </span>
    </p>
   </div>
   <div class='ocr_carea' id='block_1_12' title="bbox 431 1130 1998 1211">
    <p class='ocr_par' dir='ltr' id='par_1_12' title="bbox 431 1130 1998 1211">
     <span class='ocr_line' id='line_1_12' title="bbox 431 1130 1998 1211; baseline 0.009 -29"><span class='ocrx_word' id='word_1_70' title='bbox 431 1130 465 1193; x_wconf 83' lang='grc' dir='ltr'><em>ξ</em></span> <span class='ocrx_word' id='word_1_71' title='bbox 469 1148 600 1185; x_wconf 87' lang='grc' dir='ltr'><em>αιεν</em></span> <span class='ocrx_word' id='word_1_72' title='bbox 621 1134 832 1202; x_wconf 81' lang='grc' dir='ltr'><em>ἀδεῶς,</em></span> <span class='ocrx_word' id='word_1_73' title='bbox 859 1138 986 1206; x_wconf 85' lang='grc' dir='ltr'><strong><em>πῶς</em></strong></span> <span class='ocrx_word' id='word_1_74' title='bbox 1007 1140 1074 1193; x_wconf 80' lang='grc' dir='ltr'><em>δὲ</em></span> <span class='ocrx_word' id='word_1_75' title='bbox 1094 1141 1346 1207; x_wconf 81' lang='grc' dir='ltr'><em>πιστῶς,</em></span> <span class='ocrx_word' id='word_1_76' title='bbox 1369 1140 1496 1208; x_wconf 84' lang='grc' dir='ltr'><strong><em>πῶς</em></strong></span> <span class='ocrx_word' id='word_1_77' title='bbox 1510 1143 1581 1196; x_wconf 76' lang='grc' dir='ltr'><em>δὲ</em></span> <span class='ocrx_word' id='word_1_78' title='bbox 1600 1144 1998 1211; x_wconf 65' lang='grc' dir='ltr'><em>θαρρούντως,</em></span> 
     </span>
    </p>
   </div>
   <div class='ocr_carea' id='block_1_13' title="bbox 430 1227 2002 1304">
    <p class='ocr_par' dir='ltr' id='par_1_13' title="bbox 430 1227 2002 1304">
     <span class='ocr_line' id='line_1_13' title="bbox 430 1227 2002 1304; baseline 0.015 -28"><span class='ocrx_word' id='word_1_79' title='bbox 430 1227 580 1280; x_wconf 77' lang='grc' dir='ltr'><em>κατὰ</em></span> <span class='ocrx_word' id='word_1_80' title='bbox 609 1227 900 1294; x_wconf 76' lang='grc' dir='ltr'><strong><em>βασιλέα,</em></strong></span> <span class='ocrx_word' id='word_1_81' title='bbox 956 1234 1054 1285; x_wconf 75' lang='grc' dir='ltr'><strong><em>καὶ</em></strong></span> <span class='ocrx_word' id='word_1_82' title='bbox 1115 1235 1362 1302; x_wconf 74' lang='grc' dir='ltr'><em>πατέρα,</em></span> <span class='ocrx_word' id='word_1_83' title='bbox 1397 1237 1495 1290; x_wconf 76' lang='grc' dir='ltr'><em>καὶ</em></span> <span class='ocrx_word' id='word_1_84' title='bbox 1544 1237 1750 1304; x_wconf 75' lang='grc' dir='ltr'><em>φίλον,</em></span> <span class='ocrx_word' id='word_1_85' title='bbox 1783 1236 2002 1299; x_wconf 77' lang='grc' dir='ltr'><em>οἵτινες</em></span> 
     </span>
    </p>
   </div>
   <div class='ocr_carea' id='block_1_14' title="bbox 311 1318 2000 1395">
    <p class='ocr_par' dir='ltr' id='par_1_14' title="bbox 311 1318 2000 1395">
     <span class='ocr_line' id='line_1_14' title="bbox 311 1318 2000 1395; baseline -0.002 -15"><span class='ocrx_word' id='word_1_86' title='bbox 311 1375 318 1380; x_wconf 91' lang='grc'>.</span> <span class='ocrx_word' id='word_1_87' title='bbox 427 1318 786 1388; x_wconf 68' lang='grc' dir='ltr'><strong><em>ἐστέρηνται</em></strong></span> <span class='ocrx_word' id='word_1_88' title='bbox 817 1324 918 1380; x_wconf 67' lang='grc' dir='ltr'><strong><em>καὶ</em></strong></span> <span class='ocrx_word' id='word_1_89' title='bbox 946 1325 1260 1393; x_wconf 73' lang='grc' dir='ltr'><em>σχήματος</em></span> <span class='ocrx_word' id='word_1_90' title='bbox 1293 1321 1552 1395; x_wconf 70' lang='grc' dir='ltr'><em>ἀφοϐίαν</em></span> <span class='ocrx_word' id='word_1_91' title='bbox 1580 1328 1874 1392; x_wconf 76' lang='grc' dir='ltr'><em>διδόντος,</em></span> <span class='ocrx_word' id='word_1_92' title='bbox 1901 1327 2000 1379; x_wconf 76' lang='grc' dir='ltr'><strong><em>καὶ</em></strong></span> 
     </span>
    </p>
   </div>
   <div class='ocr_carea' id='block_1_15' title="bbox 429 1409 2003 1486">
    <p class='ocr_par' dir='ltr' id='par_1_15' title="bbox 429 1409 2003 1486">
     <span class='ocr_line' id='line_1_15' title="bbox 429 1409 2003 1486; baseline -0.003 -12"><span class='ocrx_word' id='word_1_93' title='bbox 429 1409 698 1476; x_wconf 68' lang='grc' dir='ltr'><em>σχέσεως</em></span> <span class='ocrx_word' id='word_1_94' title='bbox 734 1416 952 1472; x_wconf 81' lang='grc' dir='ltr'><em>πασῶν</em></span> <span class='ocrx_word' id='word_1_95' title='bbox 977 1417 1427 1484; x_wconf 71' lang='grc' dir='ltr'><em>κρατούσης-τῷ</em></span> <span class='ocrx_word' id='word_1_96' title='bbox 1466 1417 1576 1485; x_wconf 79' lang='grc' dir='ltr'><em>τῆς</em></span> <span class='ocrx_word' id='word_1_97' title='bbox 1603 1419 1845 1486; x_wconf 75' lang='grc' dir='ltr'><em>φύσεως</em></span> <span class='ocrx_word' id='word_1_98' title='bbox 1867 1418 2003 1485; x_wconf 68' lang='grc' dir='ltr'><em>φίλ-</em></span> 
     </span>
    </p>
   </div>
   <div class='ocr_carea' id='block_1_16' title="bbox 429 1506 2006 1578">
    <p class='ocr_par' dir='ltr' id='par_1_16' title="bbox 429 1506 2006 1578">
     <span class='ocr_line' id='line_1_16' title="bbox 429 1506 2006 1578; baseline 0.01 -26"><span class='ocrx_word' id='word_1_99' title='bbox 429 1516 566 1567; x_wconf 68' lang='grc' dir='ltr'><em>τρῳ,</em></span> <span class='ocrx_word' id='word_1_100' title='bbox 621 1506 722 1558; x_wconf 81' lang='grc' dir='ltr'><em>καὶ</em></span> <span class='ocrx_word' id='word_1_101' title='bbox 771 1508 981 1574; x_wconf 71' lang='grc' dir='ltr'><em>φιλίας</em></span> <span class='ocrx_word' id='word_1_102' title='bbox 1023 1510 1320 1577; x_wconf 79' lang='grc' dir='ltr'><em>συνηθείᾳ</em></span> <span class='ocrx_word' id='word_1_103' title='bbox 1377 1509 1839 1578; x_wconf 70' lang='grc' dir='ltr'><em>θαρρυνούσηςς</em></span> <span class='ocrx_word' id='word_1_104' title='bbox 1897 1509 2006 1575; x_wconf 82' lang='grc' dir='ltr'><strong><em>Δη-</em></strong></span> 
     </span>
    </p>
   </div>
   <div class='ocr_carea' id='block_1_17' title="bbox 428 1590 2006 1668">
    <p class='ocr_par' dir='ltr' id='par_1_17' title="bbox 428 1590 2006 1668">
     <span class='ocr_line' id='line_1_17' title="bbox 428 1590 2006 1668; baseline 0.006 -26"><span class='ocrx_word' id='word_1_105' title='bbox 428 1590 611 1644; x_wconf 82' lang='grc' dir='ltr'><em>λοῦσι</em></span> <span class='ocrx_word' id='word_1_106' title='bbox 639 1592 707 1646; x_wconf 75' lang='grc' dir='ltr'><em>δὲ</em></span> <span class='ocrx_word' id='word_1_107' title='bbox 757 1598 930 1660; x_wconf 80' lang='grc' dir='ltr'><em>Δίων,</em></span> <span class='ocrx_word' id='word_1_108' title='bbox 985 1598 1348 1667; x_wconf 72' lang='grc' dir='ltr'><em>Ἰσοκράτης,</em></span> <span class='ocrx_word' id='word_1_109' title='bbox 1379 1600 1597 1653; x_wconf 82' lang='grc' dir='ltr'><em>πολλοὶ</em></span> <span class='ocrx_word' id='word_1_110' title='bbox 1636 1599 1845 1668; x_wconf 77' lang='grc' dir='ltr'><em>ἕτεροι,</em></span> <span class='ocrx_word' id='word_1_111' title='bbox 1890 1600 2006 1663; x_wconf 80' lang='grc' dir='ltr'><strong><em>βα-</em></strong></span> 
     </span>
    </p>
   </div>
   <div class='ocr_carea' id='block_1_18' title="bbox 429 1685 2005 1760">
    <p class='ocr_par' dir='ltr' id='par_1_18' title="bbox 429 1685 2005 1760">
     <span class='ocr_line' id='line_1_18' title="bbox 429 1685 2005 1760; baseline 0.006 -26"><span class='ocrx_word' id='word_1_112' title='bbox 429 1685 710 1750; x_wconf 72' lang='grc' dir='ltr'><em>σιλικοὺς</em></span> <span class='ocrx_word' id='word_1_113' title='bbox 754 1688 869 1756; x_wconf 82' lang='grc' dir='ltr'><em>μὲν</em></span> <span class='ocrx_word' id='word_1_114' title='bbox 917 1693 1140 1758; x_wconf 71' lang='grc' dir='ltr'><em>λόγους</em></span> <span class='ocrx_word' id='word_1_115' title='bbox 1187 1691 1654 1760; x_wconf 71' lang='grc' dir='ltr'><em>ὀνομασθέντας,</em></span> <span class='ocrx_word' id='word_1_116' title='bbox 1707 1691 1806 1744; x_wconf 77' lang='grc' dir='ltr'><strong><em>καὶ</em></strong></span> <span class='ocrx_word' id='word_1_117' title='bbox 1855 1692 2005 1757; x_wconf 79' lang='grc' dir='ltr'><em>πρὸς</em></span> 
     </span>
    </p>
   </div>
   <div class='ocr_carea' id='block_1_19' title="bbox 429 1777 2000 1852">
    <p class='ocr_par' dir='ltr' id='par_1_19' title="bbox 429 1777 2000 1852">
     <span class='ocr_line' id='line_1_19' title="bbox 429 1777 2000 1852; baseline 0.006 -25"><span class='ocrx_word' id='word_1_118' title='bbox 429 1777 654 1843; x_wconf 77' lang='grc' dir='ltr'><em>αὐτοὺς</em></span> <span class='ocrx_word' id='word_1_119' title='bbox 697 1781 1026 1850; x_wconf 71' lang='grc' dir='ltr'><em>βασιλέας,</em></span> <span class='ocrx_word' id='word_1_120' title='bbox 1070 1786 1341 1850; x_wconf 81' lang='grc' dir='ltr'><em>πολλούς</em></span> <span class='ocrx_word' id='word_1_121' title='bbox 1393 1801 1562 1848; x_wconf 86' lang='grc' dir='ltr'><em>τινας</em></span> <span class='ocrx_word' id='word_1_122' title='bbox 1599 1783 1959 1852; x_wconf 68' lang='grc' dir='ltr'><em>τετραφότες</em></span> <span class='ocrx_word' id='word_1_123' title='bbox 1985 1797 2000 1814; x_wconf 87' lang='grc'><strong>·</strong></span> 
     </span>
    </p>
   </div>
   <div class='ocr_carea' id='block_1_20' title="bbox 429 1865 2070 1944">
    <p class='ocr_par' dir='ltr' id='par_1_20' title="bbox 429 1865 2070 1944">
     <span class='ocr_line' id='line_1_20' title="bbox 429 1865 2070 1944; baseline -0.002 -19"><span class='ocrx_word' id='word_1_124' title='bbox 429 1871 632 1936; x_wconf 79' lang='grc' dir='ltr'><em>τηρεῖν</em></span> <span class='ocrx_word' id='word_1_125' title='bbox 661 1873 730 1928; x_wconf 73' lang='grc' dir='ltr'><em>δὲ</em></span> <span class='ocrx_word' id='word_1_126' title='bbox 767 1876 928 1944; x_wconf 74' lang='grc' dir='ltr'><em>ὅμως</em></span> <span class='ocrx_word' id='word_1_127' title='bbox 968 1877 1285 1942; x_wconf 75' lang='grc' dir='ltr'><em>ἐθέλοντες</em></span> <span class='ocrx_word' id='word_1_128' title='bbox 1325 1876 1396 1930; x_wconf 77' lang='grc' dir='ltr'><em>τὰ</em></span> <span class='ocrx_word' id='word_1_129' title='bbox 1434 1873 1741 1942; x_wconf 71' lang='grc' dir='ltr'><em>πρέποντα</em></span> <span class='ocrx_word' id='word_1_130' title='bbox 1776 1874 1996 1943; x_wconf 72' lang='grc' dir='ltr'><em>σφίσιν</em></span> <span class='ocrx_word' id='word_1_131' title='bbox 2027 1865 2070 1920; x_wconf 80' lang='grc' dir='ltr'><strong>Β</strong></span> 
     </span>
    </p>
   </div>
   <div class='ocr_carea' id='block_1_21' title="bbox 428 1964 2000 2036">
    <p class='ocr_par' dir='ltr' id='par_1_21' title="bbox 428 1964 2000 2036">
     <span class='ocr_line' id='line_1_21' title="bbox 428 1964 2000 2036; baseline 0.013 -22"><span class='ocrx_word' id='word_1_132' title='bbox 428 1964 657 2029; x_wconf 74' lang='grc' dir='ltr'><em>αὐτοῖς,</em></span> <span class='ocrx_word' id='word_1_133' title='bbox 687 1967 784 2020; x_wconf 66' lang='grc' dir='ltr'><strong><em>καὶ</em></strong></span> <span class='ocrx_word' id='word_1_134' title='bbox 815 1969 942 2033; x_wconf 84' lang='grc' dir='ltr'><em>τοῖς</em></span> <span class='ocrx_word' id='word_1_135' title='bbox 983 1969 1346 2033; x_wconf 78' lang='grc' dir='ltr'><em>βασιλεῦσι,</em></span> <span class='ocrx_word' id='word_1_136' title='bbox 1375 1967 1473 2023; x_wconf 77' lang='grc' dir='ltr'><em>καὶ</em></span> <span class='ocrx_word' id='word_1_137' title='bbox 1496 1969 1589 2036; x_wconf 77' lang='grc' dir='ltr'><em>μὴ</em></span> <span class='ocrx_word' id='word_1_138' title='bbox 1621 1966 1825 2023; x_wconf 76' lang='grc' dir='ltr'><em>δοκεῖν</em></span> <span class='ocrx_word' id='word_1_139' title='bbox 1859 1969 2000 2033; x_wconf 80' lang='grc' dir='ltr'><strong><em>θρα·</em></strong></span> 
     </span>
    </p>
   </div>
   <div class='ocr_carea' id='block_1_22' title="bbox 427 2056 1999 2129">
    <p class='ocr_par' dir='ltr' id='par_1_22' title="bbox 427 2056 1999 2129">
     <span class='ocr_line' id='line_1_22' title="bbox 427 2056 1999 2129; baseline 0.004 -21"><span class='ocrx_word' id='word_1_140' title='bbox 427 2056 746 2118; x_wconf 84' lang='grc' dir='ltr'><em>σύνεσθαι,</em></span> <span class='ocrx_word' id='word_1_141' title='bbox 784 2059 941 2126; x_wconf 85' lang='grc' dir='ltr'><em>μηδὲ</em></span> <span class='ocrx_word' id='word_1_142' title='bbox 979 2061 1291 2126; x_wconf 78' lang='grc' dir='ltr'><em>προπετῶς</em></span> <span class='ocrx_word' id='word_1_143' title='bbox 1331 2060 1515 2129; x_wconf 77' lang='grc' dir='ltr'><em>ἔχειν,</em></span> <span class='ocrx_word' id='word_1_144' title='bbox 1570 2060 1755 2127; x_wconf 82' lang='grc' dir='ltr'><em>τέχνῃ</em></span> <span class='ocrx_word' id='word_1_145' title='bbox 1801 2056 1999 2127; x_wconf 76' lang='grc' dir='ltr'><em>μακρᾷ</em></span> 
     </span>
    </p>
   </div>
   <div class='ocr_carea' id='block_1_23' title="bbox 425 2147 2001 2221">
    <p class='ocr_par' dir='ltr' id='par_1_23' title="bbox 425 2147 2001 2221">
     <span class='ocr_line' id='line_1_23' title="bbox 425 2147 2001 2221; baseline 0.003 -22"><span class='ocrx_word' id='word_1_146' title='bbox 425 2147 800 2217; x_wconf 73' lang='grc' dir='ltr'><em>δεξιούμενοι</em></span> <span class='ocrx_word' id='word_1_147' title='bbox 847 2152 1152 2221; x_wconf 82' lang='grc' dir='ltr'><em>ὑπεροχὰς</em></span> <span class='ocrx_word' id='word_1_148' title='bbox 1184 2152 1304 2206; x_wconf 86' lang='grc' dir='ltr'><strong><em>τῶν</em></strong></span> <span class='ocrx_word' id='word_1_149' title='bbox 1340 2155 1743 2220; x_wconf 74' lang='grc' dir='ltr'><em>κρατούντων,</em></span> <span class='ocrx_word' id='word_1_150' title='bbox 1795 2150 2001 2204; x_wconf 75' lang='grc' dir='ltr'><em>ἔπειτα</em></span> 
     </span>
    </p>
   </div>
   <div class='ocr_carea' id='block_1_24' title="bbox 424 2240 1998 2313">
    <p class='ocr_par' dir='ltr' id='par_1_24' title="bbox 424 2240 1998 2313">
     <span class='ocr_line' id='line_1_24' title="bbox 424 2240 1998 2313; baseline 0.002 -21"><span class='ocrx_word' id='word_1_151' title='bbox 424 2240 525 2292; x_wconf 80' lang='grc' dir='ltr'><em>καὶ</em></span> <span class='ocrx_word' id='word_1_152' title='bbox 557 2243 741 2310; x_wconf 81' lang='grc' dir='ltr'><em>ταύτῃ</em></span> <span class='ocrx_word' id='word_1_153' title='bbox 785 2242 1289 2312; x_wconf 73' lang='grc' dir='ltr'><em>συνεσταλμένως</em></span> <span class='ocrx_word' id='word_1_154' title='bbox 1317 2245 1384 2296; x_wconf 88' lang='grc' dir='ltr'><em>τὸ</em></span> <span class='ocrx_word' id='word_1_155' title='bbox 1422 2245 1564 2298; x_wconf 84' lang='grc' dir='ltr'><em>δέον</em></span> <span class='ocrx_word' id='word_1_156' title='bbox 1591 2244 1998 2313; x_wconf 68' lang='grc' dir='ltr'><em>ἀποφαινόμε-</em></span> 
     </span>
    </p>
   </div>
   <div class='ocr_carea' id='block_1_25' title="bbox 366 2333 1999 2406">
    <p class='ocr_par' dir='ltr' id='par_1_25' title="bbox 366 2333 1999 2406">
     <span class='ocr_line' id='line_1_25' title="bbox 366 2333 1999 2406; baseline 0.001 -20"><span class='ocrx_word' id='word_1_157' title='bbox 366 2397 370 2402; x_wconf 33' lang='grc'><strong><em>,</em></strong></span> <span class='ocrx_word' id='word_1_158' title='bbox 423 2350 538 2386; x_wconf 91' lang='grc' dir='ltr'><em>νοι.</em></span> <span class='ocrx_word' id='word_1_159' title='bbox 569 2333 714 2402; x_wconf 85' lang='grc' dir='ltr'><em>Παρ⁹</em></span> <span class='ocrx_word' id='word_1_160' title='bbox 756 2334 958 2389; x_wconf 82' lang='grc' dir='ltr'><em>αὐτῶν</em></span> <span class='ocrx_word' id='word_1_161' title='bbox 988 2335 1103 2403; x_wconf 80' lang='grc' dir='ltr'><strong><em>ἐγὼ</em></strong></span> <span class='ocrx_word' id='word_1_162' title='bbox 1133 2337 1237 2402; x_wconf 85' lang='grc' dir='ltr'><strong><em>τὰς</em></strong></span> <span class='ocrx_word' id='word_1_163' title='bbox 1275 2337 1510 2406; x_wconf 78' lang='grc' dir='ltr'><em>γνώμας</em></span> <span class='ocrx_word' id='word_1_164' title='bbox 1544 2337 1766 2402; x_wconf 86' lang='grc' dir='ltr'><em>ταύτας</em></span> <span class='ocrx_word' id='word_1_165' title='bbox 1807 2336 1999 2403; x_wconf 82' lang='grc' dir='ltr'><em>ἐρανι-</em></span> 
     </span>
    </p>
   </div>
   <div class='ocr_carea' id='block_1_26' title="bbox 424 2424 2000 2496">
    <p class='ocr_par' dir='ltr' id='par_1_26' title="bbox 424 2424 2000 2496">
     <span class='ocr_line' id='line_1_26' title="bbox 424 2424 2000 2496; baseline 0.003 -20"><span class='ocrx_word' id='word_1_166' title='bbox 424 2424 710 2490; x_wconf 84' lang='grc' dir='ltr'><em>σὰμενος,</em></span> <span class='ocrx_word' id='word_1_167' title='bbox 752 2428 847 2479; x_wconf 79' lang='grc' dir='ltr'><em>καὶ</em></span> <span class='ocrx_word' id='word_1_168' title='bbox 884 2426 1131 2494; x_wconf 81' lang='grc' dir='ltr'><em>προσέτι</em></span> <span class='ocrx_word' id='word_1_169' title='bbox 1181 2428 1490 2496; x_wconf 85' lang='grc' dir='ltr'><em>θειοτέρων</em></span> <span class='ocrx_word' id='word_1_170' title='bbox 1517 2427 1771 2494; x_wconf 83' lang='grc' dir='ltr'><em>ἀνδρῶν,</em></span> <span class='ocrx_word' id='word_1_171' title='bbox 1811 2441 2000 2494; x_wconf 78' lang='grc' dir='ltr'><em>πρεσ-</em></span> 
     </span>
    </p>
   </div>
   <div class='ocr_carea' id='block_1_27' title="bbox 424 2518 1998 2591">
    <p class='ocr_par' dir='ltr' id='par_1_27' title="bbox 424 2518 1998 2591">
     <span class='ocr_line' id='line_1_27' title="bbox 424 2518 1998 2591; baseline 0.003 -21"><span class='ocrx_word' id='word_1_172' title='bbox 424 2518 548 2581; x_wconf 83' lang='grc' dir='ltr'><em>θείς</em></span> <span class='ocrx_word' id='word_1_173' title='bbox 600 2534 655 2569; x_wconf 91' lang='grc' dir='ltr'><strong><em>τι</em></strong></span> <span class='ocrx_word' id='word_1_174' title='bbox 707 2520 803 2570; x_wconf 69' lang='grc' dir='ltr'><em>καὶ</em></span> <span class='ocrx_word' id='word_1_175' title='bbox 832 2518 967 2585; x_wconf 80' lang='grc' dir='ltr'><em>παρ’</em></span> <span class='ocrx_word' id='word_1_176' title='bbox 1000 2519 1283 2587; x_wconf 83' lang='grc' dir='ltr'><em>ἐμαυτοῦ,</em></span> <span class='ocrx_word' id='word_1_177' title='bbox 1318 2520 1467 2586; x_wconf 80' lang='grc' dir='ltr'><em>ῑσως</em></span> <span class='ocrx_word' id='word_1_178' title='bbox 1508 2521 1581 2573; x_wconf 85' lang='grc' dir='ltr'><em>οὐ</em></span> <span class='ocrx_word' id='word_1_179' title='bbox 1614 2520 1810 2586; x_wconf 81' lang='grc' dir='ltr'><em>πάντη</em></span> <span class='ocrx_word' id='word_1_180' title='bbox 1847 2519 1998 2591; x_wconf 71' lang='grc' dir='ltr'><em>φαῦ-</em></span> 
     </span>
    </p>
   </div>
   <div class='ocr_carea' id='block_1_28' title="bbox 424 2609 2000 2680">
    <p class='ocr_par' dir='ltr' id='par_1_28' title="bbox 424 2609 2000 2680">
     <span class='ocr_line' id='line_1_28' title="bbox 424 2609 2000 2680; baseline 0.004 -19"><span class='ocrx_word' id='word_1_181' title='bbox 424 2613 563 2673; x_wconf 89' lang='grc' dir='ltr'><em>λον,</em></span> <span class='ocrx_word' id='word_1_182' title='bbox 592 2609 784 2674; x_wconf 84' lang='grc' dir='ltr'><em>οὕτως</em></span> <span class='ocrx_word' id='word_1_183' title='bbox 810 2611 1140 2680; x_wconf 75' lang='grc' dir='ltr'><strong><em>ἐλευθέρως</em></strong></span> <span class='ocrx_word' id='word_1_184' title='bbox 1168 2613 1265 2665; x_wconf 76' lang='grc' dir='ltr'><em>καὶ</em></span> <span class='ocrx_word' id='word_1_185' title='bbox 1292 2611 1590 2678; x_wconf 85' lang='grc' dir='ltr'><em>πατρικῶς</em></span> <span class='ocrx_word' id='word_1_186' title='bbox 1617 2612 1715 2679; x_wconf 86' lang='grc' dir='ltr'><strong><em>(ὡς</em></strong></span> <span class='ocrx_word' id='word_1_187' title='bbox 1745 2611 1821 2668; x_wconf 84' lang='grc' dir='ltr'><em>ἂν</em></span> <span class='ocrx_word' id='word_1_188' title='bbox 1842 2613 2000 2668; x_wconf 81' lang='grc' dir='ltr'><em>εἴποι</em></span> 
     </span>
    </p>
   </div>
   <div class='ocr_carea' id='block_1_29' title="bbox 423 2703 2002 2773">
    <p class='ocr_par' dir='ltr' id='par_1_29' title="bbox 423 2703 2002 2773">
     <span class='ocr_line' id='line_1_29' title="bbox 423 2703 2002 2773; baseline 0.002 -20"><span class='ocrx_word' id='word_1_189' title='bbox 423 2703 536 2770; x_wconf 87' lang='grc' dir='ltr'><em>τις)</em></span> <span class='ocrx_word' id='word_1_190' title='bbox 567 2703 940 2764; x_wconf 76' lang='grc' dir='ltr'><em>ἀποδέδωκα.</em></span> <span class='ocrx_word' id='word_1_191' title='bbox 968 2703 1266 2773; x_wconf 71' lang='grc' dir='ltr'><em>ὀφείλημα</em></span> <span class='ocrx_word' id='word_1_192' title='bbox 1290 2722 1354 2758; x_wconf 90' lang='grc' dir='ltr'><strong><em>τε</em></strong></span> <span class='ocrx_word' id='word_1_193' title='bbox 1372 2705 1468 2758; x_wconf 72' lang='grc' dir='ltr'><strong><em>καὶ</em></strong></span> <span class='ocrx_word' id='word_1_194' title='bbox 1493 2703 1707 2772; x_wconf 88' lang='grc' dir='ltr'><em>δῶρον,</em></span> <span class='ocrx_word' id='word_1_195' title='bbox 1727 2705 1796 2757; x_wconf 83' lang='grc' dir='ltr'><em>ἐν</em></span> <span class='ocrx_word' id='word_1_196' title='bbox 1821 2721 2002 2772; x_wconf 70' lang='grc' dir='ltr'><em>κεφα-</em></span> 
     </span>
    </p>
   </div>
   <div class='ocr_carea' id='block_1_30' title="bbox 424 2794 2000 2866">
    <p class='ocr_par' dir='ltr' id='par_1_30' title="bbox 424 2794 2000 2866">
     <span class='ocr_line' id='line_1_30' title="bbox 424 2794 2000 2866; baseline 0.002 -20"><span class='ocrx_word' id='word_1_197' title='bbox 424 2796 615 2848; x_wconf 87' lang='grc' dir='ltr'><em>λαίων</em></span> <span class='ocrx_word' id='word_1_198' title='bbox 633 2794 1006 2859; x_wconf 78' lang='grc' dir='ltr'><em>έκατσντάδι,</em></span> <span class='ocrx_word' id='word_1_199' title='bbox 1032 2797 1410 2865; x_wconf 78' lang='grc' dir='ltr'><em>ἀκροστιχίδι</em></span> <span class='ocrx_word' id='word_1_200' title='bbox 1449 2797 1567 2849; x_wconf 77' lang='grc' dir='ltr'><em>τινὶ</em></span> <span class='ocrx_word' id='word_1_201' title='bbox 1601 2796 2000 2866; x_wconf 83' lang='grc' dir='ltr'><em>ταττομένων,</em></span> 
     </span>
    </p>
   </div>
   <div class='ocr_carea' id='block_1_31' title="bbox 424 2881 2001 2958">
    <p class='ocr_par' dir='ltr' id='par_1_31' title="bbox 424 2881 2001 2958">
     <span class='ocr_line' id='line_1_31' title="bbox 424 2881 2001 2958; baseline 0.002 -20"><span class='ocrx_word' id='word_1_202' title='bbox 424 2885 496 2938; x_wconf 87' lang='grc' dir='ltr'><em>ἑν</em></span> <span class='ocrx_word' id='word_1_203' title='bbox 547 2881 643 2958; x_wconf 79' lang='grc' dir='ltr'><em>ᾖτι</em></span> <span class='ocrx_word' id='word_1_204' title='bbox 683 2885 866 2955; x_wconf 82' lang='grc' dir='ltr'><em>μέρος</em></span> <span class='ocrx_word' id='word_1_205' title='bbox 896 2886 1069 2941; x_wconf 75' lang='grc' dir='ltr'><em>ἐστιν</em></span> <span class='ocrx_word' id='word_1_206' title='bbox 1112 2886 1326 2956; x_wconf 83' lang='grc' dir='ltr'><em>εὐχῆς,</em></span> <span class='ocrx_word' id='word_1_207' title='bbox 1357 2886 1438 2955; x_wconf 74' lang='grc' dir='ltr'><em>ἣν</em></span> <span class='ocrx_word' id='word_1_208' title='bbox 1469 2886 1612 2953; x_wconf 77' lang='grc' dir='ltr'><em>Θεὸς</em></span> <span class='ocrx_word' id='word_1_209' title='bbox 1640 2889 1750 2941; x_wconf 83' lang='grc' dir='ltr'><strong><em>οὐκ</em></strong></span> <span class='ocrx_word' id='word_1_210' title='bbox 1795 2886 2001 2955; x_wconf 86' lang='grc' dir='ltr'><em>ἀτιμά-</em></span> 
     </span>
    </p>
   </div>
   <div class='ocr_carea' id='block_1_32' title="bbox 425 2978 1997 3048">
    <p class='ocr_par' dir='ltr' id='par_1_32' title="bbox 425 2978 1997 3048">
     <span class='ocr_line' id='line_1_32' title="bbox 425 2978 1997 3048; baseline 0 -16"><span class='ocrx_word' id='word_1_211' title='bbox 425 2992 552 3044; x_wconf 89' lang='grc' dir='ltr'><em>σαι,</em></span> <span class='ocrx_word' id='word_1_212' title='bbox 587 2982 640 3032; x_wconf 81' lang='lat' dir='ltr'><strong><em>et</em></strong></span> <span class='ocrx_word' id='word_1_213' title='bbox 668 2978 764 3033; x_wconf 87' lang='grc' dir='ltr'><em>δεῖ</em></span> <span class='ocrx_word' id='word_1_214' title='bbox 815 2996 869 3032; x_wconf 89' lang='grc' dir='ltr'><strong><em>τι</em></strong></span> <span class='ocrx_word' id='word_1_215' title='bbox 920 2979 1019 3034; x_wconf 77' lang='grc' dir='ltr'><strong><em>και</em></strong></span> <span class='ocrx_word' id='word_1_216' title='bbox 1059 2979 1212 3048; x_wconf 81' lang='grc' dir='ltr'><em>ὑπὲρ</em></span> <span class='ocrx_word' id='word_1_217' title='bbox 1256 2979 1447 3048; x_wconf 82' lang='grc' dir='ltr'><em>εὐχῆς</em></span> <span class='ocrx_word' id='word_1_218' title='bbox 1481 2979 1639 3048; x_wconf 74' lang='grc' dir='ltr'><em>ἡμᾶς</em></span> <span class='ocrx_word' id='word_1_219' title='bbox 1683 2980 1997 3043; x_wconf 79' lang='grc' dir='ltr'><em>εὔξασθαι,</em></span> 
     </span>
    </p>
   </div>
   <div class='ocr_carea' id='block_1_33' title="bbox 424 3071 2001 3142">
    <p class='ocr_par' dir='ltr' id='par_1_33' title="bbox 424 3071 2001 3142">
     <span class='ocr_line' id='line_1_33' title="bbox 424 3071 2001 3142; baseline 0.001 -18"><span class='ocrx_word' id='word_1_220' title='bbox 424 3073 574 3125; x_wconf 83' lang='grc' dir='ltr'><em>κατὰ</em></span> <span class='ocrx_word' id='word_1_221' title='bbox 606 3073 714 3125; x_wconf 86' lang='grc' dir='ltr'><strong><em>τὸν</em></strong></span> <span class='ocrx_word' id='word_1_222' title='bbox 742 3074 990 3126; x_wconf 72' lang='grc' dir='ltr'><em>εἰπόντα</em></span> <span class='ocrx_word' id='word_1_223' title='bbox 1021 3072 1360 3141; x_wconf 60' lang='grc' dir='ltr'><strong><em>θαυμάσιον⁹</em></strong></span> <span class='ocrx_word' id='word_1_224' title='bbox 1387 3071 1702 3142; x_wconf 75' lang='grc' dir='ltr'><em>προφήτην</em></span> <span class='ocrx_word' id='word_1_225' title='bbox 1742 3071 1841 3126; x_wconf 68' lang='grc' dir='ltr'><em>καὶ</em></span> <span class='ocrx_word' id='word_1_226' title='bbox 1879 3074 2001 3136; x_wconf 80' lang='grc' dir='ltr'><em>,βα-</em></span> 
     </span>
    </p>
   </div>
   <div class='ocr_carea' id='block_1_34' title="bbox 425 3154 1995 3233">
    <p class='ocr_par' dir='ltr' id='par_1_34' title="bbox 425 3154 1995 3233">
     <span class='ocr_line' id='line_1_34' title="bbox 425 3154 1995 3233; baseline 0 -19"><span class='ocrx_word' id='word_1_227' title='bbox 425 3161 637 3215; x_wconf 63' lang='grc' dir='ltr'><em>σιλέοιν</em></span> <span class='ocrx_word' id='word_1_228' title='bbox 693 3162 1050 3226; x_wconf 77' lang='grc' dir='ltr'><em>Εῑσάκουσον,</em></span> <span class='ocrx_word' id='word_1_229' title='bbox 1105 3163 1300 3233; x_wconf 77' lang='grc' dir='ltr'><em>Κύριε,</em></span> <span class='ocrx_word' id='word_1_230' title='bbox 1350 3165 1450 3232; x_wconf 76' lang='grc' dir='ltr'><em>τῆς</em></span> <span class='ocrx_word' id='word_1_231' title='bbox 1481 3154 1796 3232; x_wconf 80' lang='grc' dir='ltr'><em>προσευχῆς</em></span> <span class='ocrx_word' id='word_1_232' title='bbox 1854 3178 1995 3232; x_wconf 77' lang='grc' dir='ltr'><em>μουο</em></span> 
     </span>
    </p>
   </div>
   <div class='ocr_carea' id='block_1_35' title="bbox 424 3249 1996 3323">
    <p class='ocr_par' dir='ltr' id='par_1_35' title="bbox 424 3249 1996 3323">
     <span class='ocr_line' id='line_1_35' title="bbox 424 3249 1996 3323; baseline -0.001 -16"><span class='ocrx_word' id='word_1_233' title='bbox 424 3249 496 3309; x_wconf 82' lang='grc' dir='ltr'><em>οὗ</em></span> <span class='ocrx_word' id='word_1_234' title='bbox 521 3254 649 3320; x_wconf 74' lang='grc' dir='ltr'><em>ταῖς</em></span> <span class='ocrx_word' id='word_1_235' title='bbox 672 3255 1045 3323; x_wconf 78' lang='grc' dir='ltr'><em>συμϐουλαῖς</em></span> <span class='ocrx_word' id='word_1_236' title='bbox 1069 3256 1124 3308; x_wconf 87' lang='grc' dir='ltr'><strong><em>ει</em></strong></span> <span class='ocrx_word' id='word_1_237' title='bbox 1153 3255 1508 3322; x_wconf 77' lang='grc' dir='ltr'><em>προσχοίης,</em></span> <span class='ocrx_word' id='word_1_238' title='bbox 1536 3253 1703 3322; x_wconf 83' lang='grc' dir='ltr'><em>μάλα</em></span> <span class='ocrx_word' id='word_1_239' title='bbox 1733 3255 1996 3307; x_wconf 81' lang='grc' dir='ltr'><em>σεαυτὸν</em></span> 
     </span>
    </p>
   </div>
   <div class='ocr_carea' id='block_1_36' title="bbox 421 3331 1996 3416">
    <p class='ocr_par' dir='ltr' id='par_1_36' title="bbox 421 3331 1996 3416">
     <span class='ocr_line' id='line_1_36' title="bbox 421 3331 1996 3416; baseline 0.001 -18"><span class='ocrx_word' id='word_1_240' title='bbox 421 3346 781 3416; x_wconf 70' lang='grc' dir='ltr'><em>ὠφελήσεις.</em></span> <span class='ocrx_word' id='word_1_241' title='bbox 837 3331 1022 3416; x_wconf 74' lang='grc' dir='ltr'><strong><em>Ἐξῆν</em></strong></span> <span class='ocrx_word' id='word_1_242' title='bbox 1047 3347 1163 3416; x_wconf 81' lang='grc' dir='ltr'><em>μὲν</em></span> <span class='ocrx_word' id='word_1_243' title='bbox 1209 3343 1326 3402; x_wconf 80' lang='grc' dir='ltr'><em>οὖν</em></span> <span class='ocrx_word' id='word_1_244' title='bbox 1363 3347 1744 3416; x_wconf 69' lang='grc' dir='ltr'><em>σαφέστερον</em></span> <span class='ocrx_word' id='word_1_245' title='bbox 1796 3345 1996 3400; x_wconf 81' lang='grc' dir='ltr'><em>πάντα</em></span> 
     </span>
    </p>
   </div>
   <div class='ocr_carea' id='block_1_37' title="bbox 423 3435 1995 3508">
    <p class='ocr_par' dir='ltr' id='par_1_37' title="bbox 423 3435 1995 3508">
     <span class='ocr_line' id='line_1_37' title="bbox 423 3435 1995 3508; baseline -0.016 -6"><span class='ocrx_word' id='word_1_246' title='bbox 423 3439 683 3507; x_wconf 66' lang='grc' dir='ltr'><em>φράζὲιν,</em></span> <span class='ocrx_word' id='word_1_247' title='bbox 721 3439 915 3508; x_wconf 76' lang='grc' dir='ltr'><em>ἔγνων</em></span> <span class='ocrx_word' id='word_1_248' title='bbox 943 3438 1014 3491; x_wconf 78' lang='grc' dir='ltr'><em>δὲ</em></span> <span class='ocrx_word' id='word_1_249' title='bbox 1048 3438 1296 3507; x_wconf 73' lang='grc' dir='ltr'><em>ἆμεινον</em></span> <span class='ocrx_word' id='word_1_250' title='bbox 1331 3435 1503 3497; x_wconf 76' lang='grc' dir='ltr'><em>εἶναι,</em></span> <span class='ocrx_word' id='word_1_251' title='bbox 1530 3438 1616 3506; x_wconf 77' lang='grc' dir='ltr'><em>μὴ</em></span> <span class='ocrx_word' id='word_1_252' title='bbox 1667 3439 1736 3490; x_wconf 81' lang='grc' dir='ltr'><em>τὸ</em></span> <span class='ocrx_word' id='word_1_253' title='bbox 1768 3437 1995 3490; x_wconf 76' lang='grc' dir='ltr'><em>ὀστοῦν</em></span> 
     </span>
    </p>
   </div>
   <div class='ocr_carea' id='block_1_38' title="bbox 425 3528 1998 3598">
    <p class='ocr_par' dir='ltr' id='par_1_38' title="bbox 425 3528 1998 3598">
     <span class='ocr_line' id='line_1_38' title="bbox 425 3528 1998 3598; baseline -0.003 -15"><span class='ocrx_word' id='word_1_254' title='bbox 425 3530 774 3584; x_wconf 84' lang='grc' dir='ltr'><em>παντάπασι</em></span> <span class='ocrx_word' id='word_1_255' title='bbox 811 3531 923 3598; x_wconf 80' lang='grc' dir='ltr'><em>τῆς</em></span> <span class='ocrx_word' id='word_1_256' title='bbox 953 3547 1020 3597; x_wconf 81' lang='grc' dir='ltr'><strong><em>τε</em></strong></span> <span class='ocrx_word' id='word_1_257' title='bbox 1052 3531 1278 3597; x_wconf 78' lang='grc' dir='ltr'><em>σαρκὸς</em></span> <span class='ocrx_word' id='word_1_258' title='bbox 1325 3529 1678 3597; x_wconf 72' lang='grc' dir='ltr'><em>ἀφελέσθαι,</em></span> <span class='ocrx_word' id='word_1_259' title='bbox 1720 3529 1799 3594; x_wconf 78' lang='grc' dir='ltr'><em>ὥς</em></span> <span class='ocrx_word' id='word_1_260' title='bbox 1841 3528 1998 3581; x_wconf 81' lang='grc' dir='ltr'><em>εἷναί</em></span> 
     </span>
    </p>
   </div>
   <div class='ocr_carea' id='block_1_39' title="bbox 425 3613 1998 3688">
    <p class='ocr_par' dir='ltr' id='par_1_39' title="bbox 425 3613 1998 3688">
     <span class='ocr_line' id='line_1_39' title="bbox 425 3613 1998 3688; baseline -0.004 -15"><span class='ocrx_word' id='word_1_261' title='bbox 425 3637 479 3673; x_wconf 89' lang='grc' dir='ltr'><strong><em>τι</em></strong></span> <span class='ocrx_word' id='word_1_262' title='bbox 509 3621 694 3687; x_wconf 82' lang='grc' dir='ltr'><em>ταύτῃ</em></span> <span class='ocrx_word' id='word_1_263' title='bbox 745 3620 818 3687; x_wconf 74' lang='grc' dir='ltr'><strong><em>τῇ</em></strong></span> <span class='ocrx_word' id='word_1_264' title='bbox 857 3622 1029 3688; x_wconf 82' lang='grc' dir='ltr'><em>θοίνῃ</em></span> <span class='ocrx_word' id='word_1_265' title='bbox 1068 3619 1148 3684; x_wconf 86' lang='grc' dir='ltr'><em>τῷ</em></span> <span class='ocrx_word' id='word_1_266' title='bbox 1185 3619 1495 3686; x_wconf 83' lang='grc' dir='ltr'><em>δαιτυμόνι</em></span> <span class='ocrx_word' id='word_1_267' title='bbox 1545 3615 1834 3683; x_wconf 75' lang='grc' dir='ltr'><em>διεγεῖρον</em></span> <span class='ocrx_word' id='word_1_268' title='bbox 1881 3613 1998 3681; x_wconf 77' lang='grc' dir='ltr'><em>τὴν</em></span> 
     </span>
    </p>
   </div>
   <div class='ocr_carea' id='block_1_40' title="bbox 425 3703 1995 3787">
    <p class='ocr_par' dir='ltr' id='par_1_40' title="bbox 425 3703 1995 3787">
     <span class='ocr_line' id='line_1_40' title="bbox 425 3703 1995 3787; baseline -0.005 -23"><span class='ocrx_word' id='word_1_269' title='bbox 425 3711 644 3779; x_wconf 81' lang='grc' dir='ltr'><em>ὄρεξιν,</em></span> <span class='ocrx_word' id='word_1_270' title='bbox 681 3710 1160 3779; x_wconf 86' lang='grc' dir='ltr'><em>σπουδαιοτέραν</em></span> <span class='ocrx_word' id='word_1_271' title='bbox 1186 3709 1383 3787; x_wconf 71' lang='grc' dir='ltr'><em>ζητεῖν</em></span> <span class='ocrx_word' id='word_1_272' title='bbox 1425 3708 1676 3778; x_wconf 63' lang='grc' dir='ltr'><em>τροφήν.</em></span> <span class='ocrx_word' id='word_1_273' title='bbox 1709 3706 1862 3758; x_wconf 62' lang='lat' dir='ltr'><strong><em>osse</em></strong></span> <span class='ocrx_word' id='word_1_274' title='bbox 1886 3703 1995 3773; x_wconf 80' lang='grc' dir='ltr'><strong><em>γὰρ</em></strong></span> 
     </span>
    </p>
   </div>
   <div class='ocr_carea' id='block_1_41' title="bbox 421 3798 1995 3874">
    <p class='ocr_par' dir='ltr' id='par_1_41' title="bbox 421 3798 1995 3874">
     <span class='ocr_line' id='line_1_41' title="bbox 421 3798 1995 3874; baseline -0.015 -2"><span class='ocrx_word' id='word_1_275' title='bbox 421 3802 612 3874; x_wconf 71' lang='grc' dir='ltr'><strong><em>ἐχρῆν</em></strong></span> <span class='ocrx_word' id='word_1_276' title='bbox 650 3801 807 3870; x_wconf 72' lang='grc' dir='ltr'><strong><em>ἡμᾶς</em></strong></span> <span class='ocrx_word' id='word_1_277' title='bbox 852 3803 1002 3868; x_wconf 80' lang='grc' dir='ltr'><em>πρὸς</em></span> <span class='ocrx_word' id='word_1_278' title='bbox 1029 3800 1419 3870; x_wconf 78' lang='grc' dir='ltr'><em>γενναιότητά</em></span> <span class='ocrx_word' id='word_1_279' title='bbox 1451 3817 1527 3854; x_wconf 87' lang='grc' dir='ltr'><strong><em>σε</em></strong></span> <span class='ocrx_word' id='word_1_280' title='bbox 1568 3798 1995 3870; x_wconf 82' lang='grc' dir='ltr'><em>παρακαλοῦν-</em></span> 
     </span>
    </p>
   </div>
   <div class='ocr_carea' id='block_1_42' title="bbox 419 3889 1994 3966">
    <p class='ocr_par' dir='ltr' id='par_1_42' title="bbox 419 3889 1994 3966">
     <span class='ocr_line' id='line_1_42' title="bbox 419 3889 1994 3966; baseline -0.006 -16"><span class='ocrx_word' id='word_1_281' title='bbox 419 3895 788 3966; x_wconf 16' lang='grc' dir='ltr'><em>τας,ννωθρὰ</em></span> <span class='ocrx_word' id='word_1_282' title='bbox 821 3893 984 3948; x_wconf 85' lang='grc' dir='ltr'><em>σιτία</em></span> <span class='ocrx_word' id='word_1_283' title='bbox 1034 3895 1132 3949; x_wconf 79' lang='grc' dir='ltr'><em>καὶ</em></span> <span class='ocrx_word' id='word_1_284' title='bbox 1177 3893 1460 3959; x_wconf 83' lang='grc' dir='ltr'><em>ἀνειμένα</em></span> <span class='ocrx_word' id='word_1_285' title='bbox 1498 3908 1596 3944; x_wconf 91' lang='grc' dir='ltr'><strong><em>σοι</em></strong></span> <span class='ocrx_word' id='word_1_286' title='bbox 1635 3889 1994 3957; x_wconf 76' lang='grc' dir='ltr'><em>παρασχεῖν.</em></span> 
     </span>
    </p>
   </div>
   <div class='ocr_carea' id='block_1_43' title="bbox 418 3981 1998 4052">
    <p class='ocr_par' dir='ltr' id='par_1_43' title="bbox 418 3981 1998 4052">
     <span class='ocr_line' id='line_1_43' title="bbox 418 3981 1998 4052; baseline -0.009 -8"><span class='ocrx_word' id='word_1_287' title='bbox 418 3989 502 4044; x_wconf 84' lang='grc' dir='ltr'><strong><em>Σὺ</em></strong></span> <span class='ocrx_word' id='word_1_288' title='bbox 547 3986 615 4040; x_wconf 89' lang='grc' dir='ltr'><em>δὲ</em></span> <span class='ocrx_word' id='word_1_289' title='bbox 668 3986 944 4051; x_wconf 79' lang='grc' dir='ltr'><em>διανοίας</em></span> <span class='ocrx_word' id='word_1_290' title='bbox 999 3986 1352 4052; x_wconf 74' lang='grc' dir='ltr'><em>στερρότητι</em></span> <span class='ocrx_word' id='word_1_291' title='bbox 1391 3983 1458 4036; x_wconf 87' lang='grc' dir='ltr'><em>τὸ</em></span> <span class='ocrx_word' id='word_1_292' title='bbox 1509 3981 1998 4049; x_wconf 83' lang='grc' dir='ltr'><em>δυσχερέστερον</em></span> 
     </span>
    </p>
   </div>
   <div class='ocr_carea' id='block_1_44' title="bbox 415 4073 1995 4146">
    <p class='ocr_par' dir='ltr' id='par_1_44' title="bbox 415 4073 1995 4146">
     <span class='ocr_line' id='line_1_44' title="bbox 415 4073 1995 4146; baseline -0.006 -13"><span class='ocrx_word' id='word_1_293' title='bbox 415 4080 601 4143; x_wconf 72' lang='grc' dir='ltr'><em>λύων,</em></span> <span class='ocrx_word' id='word_1_294' title='bbox 629 4078 946 4146; x_wconf 76' lang='grc' dir='ltr'><em>,βρώσιμον</em></span> <span class='ocrx_word' id='word_1_295' title='bbox 979 4075 1184 4141; x_wconf 85' lang='grc' dir='ltr'><em>σαυτῷ</em></span> <span class='ocrx_word' id='word_1_296' title='bbox 1212 4075 1412 4140; x_wconf 80' lang='grc' dir='ltr'><em>καλῶς</em></span> <span class='ocrx_word' id='word_1_297' title='bbox 1438 4074 1547 4128; x_wconf 86' lang='grc' dir='ltr'><em>τὸν</em></span> <span class='ocrx_word' id='word_1_298' title='bbox 1574 4073 1808 4146; x_wconf 83' lang='grc' dir='ltr'><em>μυελὸν</em></span> <span class='ocrx_word' id='word_1_299' title='bbox 1847 4073 1995 4126; x_wconf 80' lang='grc' dir='ltr'><em>ἁπο-</em></span> 
     </span>
    </p>
   </div>
   <div class='ocr_carea' id='block_1_45' title="bbox 417 4166 1996 4242">
    <p class='ocr_par' dir='ltr' id='par_1_45' title="bbox 417 4166 1996 4242">
     <span class='ocr_line' id='line_1_45' title="bbox 417 4166 1996 4242; baseline -0.017 -2"><span class='ocrx_word' id='word_1_300' title='bbox 417 4171 657 4242; x_wconf 69' lang='grc' dir='ltr'><strong><em>ςοήναζς.</em></strong></span> <span class='ocrx_word' id='word_1_301' title='bbox 689 4170 758 4235; x_wconf 78' lang='grc' dir='ltr'><em>ὃς</em></span> <span class='ocrx_word' id='word_1_302' title='bbox 794 4170 870 4238; x_wconf 83' lang='grc' dir='ltr'><em>δὴ</em></span> <span class='ocrx_word' id='word_1_303' title='bbox 912 4169 1124 4234; x_wconf 88' lang='grc' dir='ltr'><em>πολλῷ</em></span> <span class='ocrx_word' id='word_1_304' title='bbox 1151 4185 1266 4222; x_wconf 88' lang='grc' dir='ltr'><strong><em>σου</em></strong></span> <span class='ocrx_word' id='word_1_305' title='bbox 1298 4169 1400 4236; x_wconf 70' lang='grc' dir='ltr'><em>τὴν</em></span> <span class='ocrx_word' id='word_1_306' title='bbox 1439 4166 1657 4238; x_wconf 69' lang='grc' dir='ltr'><em>ψυχὴν</em></span> <span class='ocrx_word' id='word_1_307' title='bbox 1685 4167 1906 4236; x_wconf 81' lang='grc' dir='ltr'><em>ἀμείνω</em></span> <span class='ocrx_word' id='word_1_308' title='bbox 1932 4182 1996 4234; x_wconf 79' lang='grc' dir='ltr'><em>γε</em></span> 
     </span>
    </p>
   </div>
   <div class='ocr_carea' id='block_1_46' title="bbox 416 4258 1995 4332">
    <p class='ocr_par' dir='ltr' id='par_1_46' title="bbox 416 4258 1995 4332">
     <span class='ocr_line' id='line_1_46' title="bbox 416 4258 1995 4332; baseline -0.004 -14"><span class='ocrx_word' id='word_1_309' title='bbox 416 4265 654 4329; x_wconf 80' lang='grc' dir='ltr'><em>πάντως</em></span> <span class='ocrx_word' id='word_1_310' title='bbox 687 4264 890 4328; x_wconf 80' lang='grc' dir='ltr'><em>δείξει,</em></span> <span class='ocrx_word' id='word_1_311' title='bbox 932 4261 964 4332; x_wconf 77' lang='grc' dir='ltr'><em>ἢ</em></span> <span class='ocrx_word' id='word_1_312' title='bbox 996 4261 1064 4314; x_wconf 87' lang='grc' dir='ltr'><em>τὸ</em></span> <span class='ocrx_word' id='word_1_313' title='bbox 1107 4261 1419 4328; x_wconf 80' lang='grc' dir='ltr'><em>Ἀχιλλέως</em></span> <span class='ocrx_word' id='word_1_314' title='bbox 1451 4260 1623 4329; x_wconf 87' lang='grc' dir='ltr'><em>σῶμα</em></span> <span class='ocrx_word' id='word_1_315' title='bbox 1653 4263 1708 4319; x_wconf 80' lang='grc' dir='ltr'><em>οἱ</em></span> <span class='ocrx_word' id='word_1_316' title='bbox 1751 4258 1995 4328; x_wconf 76' lang='grc' dir='ltr'><em>μυθικοὶ</em></span> 
     </span>
    </p>
   </div>
   <div class='ocr_carea' id='block_1_47' title="bbox 417 4349 1998 4424">
    <p class='ocr_par' dir='ltr' id='par_1_47' title="bbox 417 4349 1998 4424">
     <span class='ocr_line' id='line_1_47' title="bbox 417 4349 1998 4424; baseline -0.003 -17"><span class='ocrx_word' id='word_1_317' title='bbox 417 4357 534 4409; x_wconf 87' lang='grc' dir='ltr'><strong><em>τῶν</em></strong></span> <span class='ocrx_word' id='word_1_318' title='bbox 580 4359 867 4410; x_wconf 79' lang='grc' dir='ltr'><em>λεόντων.</em></span> <span class='ocrx_word' id='word_1_319' title='bbox 915 4356 1198 4424; x_wconf 86' lang='grc' dir='ltr'><em>Πείθομαι</em></span> <span class='ocrx_word' id='word_1_320' title='bbox 1233 4353 1344 4422; x_wconf 77' lang='grc' dir='ltr'><strong><em>γὰρ</em></strong></span> <span class='ocrx_word' id='word_1_321' title='bbox 1381 4349 1534 4408; x_wconf 72' lang='grc' dir='ltr'><em>εἶναι</em></span> <span class='ocrx_word' id='word_1_322' title='bbox 1561 4352 1872 4406; x_wconf 86' lang='grc' dir='ltr'><em>τοσοῦτον.</em></span> <span class='ocrx_word' id='word_1_323' title='bbox 1903 4353 1998 4406; x_wconf 76' lang='grc' dir='ltr'><strong><em>ἐν-</em></strong></span> 
     </span>
    </p>
   </div>
   <div class='ocr_carea' id='block_1_48' title="bbox 417 4443 1994 4516">
    <p class='ocr_par' dir='ltr' id='par_1_48' title="bbox 417 4443 1994 4516">
     <span class='ocr_line' id='line_1_48' title="bbox 417 4443 1994 4516; baseline -0.003 -16"><span class='ocrx_word' id='word_1_324' title='bbox 417 4448 629 4502; x_wconf 83' lang='grc' dir='ltr'><em>ταυθοῖ</em></span> <span class='ocrx_word' id='word_1_325' title='bbox 651 4448 714 4501; x_wconf 86' lang='grc' dir='ltr'><em>τὸ</em></span> <span class='ocrx_word' id='word_1_326' title='bbox 749 4446 1067 4507; x_wconf 84' lang='grc' dir='ltr'><em>συνοῖσον,</em></span> <span class='ocrx_word' id='word_1_327' title='bbox 1092 4447 1246 4500; x_wconf 85' lang='grc' dir='ltr'><em>ὅσον</em></span> <span class='ocrx_word' id='word_1_328' title='bbox 1272 4462 1357 4514; x_wconf 72' lang='grc' dir='ltr'><em>γε,</em></span> <span class='ocrx_word' id='word_1_329' title='bbox 1383 4446 1436 4498; x_wconf 79' lang='grc' dir='ltr'><strong><em>εί</em></strong></span> <span class='ocrx_word' id='word_1_330' title='bbox 1473 4445 1818 4516; x_wconf 70' lang='grc' dir='ltr'><em>φιλοπόνως</em></span> <span class='ocrx_word' id='word_1_331' title='bbox 1847 4443 1994 4497; x_wconf 78' lang='grc' dir='ltr'><em>αὐτὸ</em></span> 
     </span>
    </p>
   </div>
   <div class='ocr_carea' id='block_1_49' title="bbox 2102 593 3671 665">
    <p class='ocr_par' dir='ltr' id='par_1_49' title="bbox 2102 593 3671 665">
     <span class='ocr_line' id='line_1_49' title="bbox 2102 593 3671 665; baseline 0.003 -21"><span class='ocrx_word' id='word_1_332' title='bbox 2102 593 2242 662; x_wconf 84' lang='lat' dir='ltr'><strong><em>quod</em></strong></span> <span class='ocrx_word' id='word_1_333' title='bbox 2272 610 2398 646; x_wconf 87' lang='lat' dir='ltr'><strong><em>sane</em></strong></span> <span class='ocrx_word' id='word_1_334' title='bbox 2429 611 2768 664; x_wconf 80' lang='lat' dir='ltr'><strong><em>permagnam</em></strong></span> <span class='ocrx_word' id='word_1_335' title='bbox 2802 598 2854 649; x_wconf 91' lang='lat' dir='ltr'><strong><em>in</em></strong></span> <span class='ocrx_word' id='word_1_336' title='bbox 2905 595 3020 648; x_wconf 88' lang='lat' dir='ltr'><strong><em>ludi</em></strong></span> <span class='ocrx_word' id='word_1_337' title='bbox 3087 595 3363 665; x_wconf 82' lang='lat' dir='ltr'><strong><em>magistro,</em></strong></span> <span class='ocrx_word' id='word_1_338' title='bbox 3436 595 3671 654; x_wconf 84' lang='lat' dir='ltr'><strong><em>doctore.</em></strong></span> 
     </span>
    </p>
   </div>
   <div class='ocr_carea' id='block_1_50' title="bbox 2102 689 3674 759">
    <p class='ocr_par' dir='ltr' id='par_1_50' title="bbox 2102 689 3674 759">
     <span class='ocr_line' id='line_1_50' title="bbox 2102 689 3674 759; baseline -0.001 -18"><span class='ocrx_word' id='word_1_339' title='bbox 2102 689 2284 757; x_wconf 80' lang='lat' dir='ltr'><strong><em>quovis</em></strong></span> <span class='ocrx_word' id='word_1_340' title='bbox 2315 689 2422 742; x_wconf 87' lang='lat' dir='ltr'><strong><em>alio</em></strong></span> <span class='ocrx_word' id='word_1_341' title='bbox 2455 692 2532 745; x_wconf 81' lang='lat' dir='ltr'><strong><em>vel</em></strong></span> <span class='ocrx_word' id='word_1_342' title='bbox 2564 692 2890 755; x_wconf 71' lang='lat' dir='ltr'><strong><em>moderante,</em></strong></span> <span class='ocrx_word' id='word_1_343' title='bbox 2926 691 3006 743; x_wconf 84' lang='lat' dir='ltr'><strong><em>vel</em></strong></span> <span class='ocrx_word' id='word_1_344' title='bbox 3037 691 3260 759; x_wconf 79' lang='lat' dir='ltr'><strong><em>ﬁngente</em></strong></span> <span class='ocrx_word' id='word_1_345' title='bbox 3287 689 3540 757; x_wconf 87' lang='lat' dir='ltr'><strong><em>juvenum</em></strong></span> <span class='ocrx_word' id='word_1_346' title='bbox 3590 691 3674 741; x_wconf 88' lang='lat' dir='ltr'><strong><em>in-</em></strong></span> 
     </span>
    </p>
   </div>
   <div class='ocr_carea' id='block_1_51' title="bbox 2102 779 3677 850">
    <p class='ocr_par' dir='ltr' id='par_1_51' title="bbox 2102 779 3677 850">
     <span class='ocr_line' id='line_1_51' title="bbox 2102 779 3677 850; baseline 0 -20"><span class='ocrx_word' id='word_1_347' title='bbox 2102 779 2275 845; x_wconf 79' lang='lat' dir='ltr'><strong><em>genia,</em></strong></span> <span class='ocrx_word' id='word_1_348' title='bbox 2315 780 2416 832; x_wconf 83' lang='lat' dir='ltr'><strong><em>vim</em></strong></span> <span class='ocrx_word' id='word_1_349' title='bbox 2440 780 2613 845; x_wconf 84' lang='lat' dir='ltr'><strong><em>habet,</em></strong></span> <span class='ocrx_word' id='word_1_350' title='bbox 2637 782 2766 834; x_wconf 82' lang='lat' dir='ltr'><strong><em>mihi</em></strong></span> <span class='ocrx_word' id='word_1_351' title='bbox 2806 781 3015 850; x_wconf 79' lang='lat' dir='ltr'><strong><em>quidem</em></strong></span> <span class='ocrx_word' id='word_1_352' title='bbox 3048 781 3257 832; x_wconf 80' lang='lat' dir='ltr'><strong><em>omnino</em></strong></span> <span class='ocrx_word' id='word_1_353' title='bbox 3302 780 3462 832; x_wconf 88' lang='lat' dir='ltr'><strong><em>licet:</em></strong></span> <span class='ocrx_word' id='word_1_354' title='bbox 3495 779 3546 830; x_wconf 84' lang='lat' dir='ltr'><strong><em>a&#39;t</em></strong></span> <span class='ocrx_word' id='word_1_355' title='bbox 3575 796 3677 840; x_wconf 80' lang='lat' dir='ltr'><strong><em>non</em></strong></span> 
     </span>
    </p>
   </div>
   <div class='ocr_carea' id='block_1_52' title="bbox 2103 870 3671 936">
    <p class='ocr_par' dir='ltr' id='par_1_52' title="bbox 2103 870 3671 936">
     <span class='ocr_line' id='line_1_52' title="bbox 2103 870 3671 936; baseline 0.001 -15"><span class='ocrx_word' id='word_1_356' title='bbox 2103 870 2286 923; x_wconf 66' lang='lat' dir='ltr'><strong><em>itidem</em></strong></span> <span class='ocrx_word' id='word_1_357' title='bbox 2317 872 2449 936; x_wconf 79' lang='lat' dir='ltr'><strong><em>illis,</em></strong></span> <span class='ocrx_word' id='word_1_358' title='bbox 2480 874 2693 926; x_wconf 87' lang='lat' dir='ltr'><strong><em>etiamsi</em></strong></span> <span class='ocrx_word' id='word_1_359' title='bbox 2719 873 2802 928; x_wconf 84' lang='lat' dir='ltr'><strong><em>vel</em></strong></span> <span class='ocrx_word' id='word_1_360' title='bbox 2854 876 3219 927; x_wconf 74' lang='lat' dir='ltr'><strong><em>universorum</em></strong></span> <span class='ocrx_word' id='word_1_361' title='bbox 3253 872 3305 924; x_wconf 89' lang='lat' dir='ltr'><strong><em>in</em></strong></span> <span class='ocrx_word' id='word_1_362' title='bbox 3366 888 3530 924; x_wconf 84' lang='lat' dir='ltr'><strong><em>unum</em></strong></span> <span class='ocrx_word' id='word_1_363' title='bbox 3588 889 3671 923; x_wconf 88' lang='lat' dir='ltr'><strong><em>sa-</em></strong></span> 
     </span>
    </p>
   </div>
   <div class='ocr_carea' id='block_1_53' title="bbox 2101 962 3678 1035">
    <p class='ocr_par' dir='ltr' id='par_1_53' title="bbox 2101 962 3678 1035">
     <span class='ocr_line' id='line_1_53' title="bbox 2101 962 3678 1035; baseline -0.001 -19"><span class='ocrx_word' id='word_1_364' title='bbox 2101 965 2298 1032; x_wconf 85' lang='lat' dir='ltr'><strong><em>pientia</em></strong></span> <span class='ocrx_word' id='word_1_365' title='bbox 2333 974 2501 1018; x_wconf 91' lang='lat' dir='ltr'><strong><em>coeat.</em></strong></span> <span class='ocrx_word' id='word_1_366' title='bbox 2530 966 2645 1030; x_wconf 83' lang='lat' dir='ltr'><strong><em>Quo</em></strong></span> <span class='ocrx_word' id='word_1_367' title='bbox 2667 969 2805 1019; x_wconf 89' lang='lat' dir='ltr'><strong><em>enim</em></strong></span> <span class='ocrx_word' id='word_1_368' title='bbox 2848 975 3004 1035; x_wconf 89' lang='lat' dir='ltr'><strong><em>pacta</em></strong></span> <span class='ocrx_word' id='word_1_369' title='bbox 3049 965 3126 1018; x_wconf 86' lang='lat' dir='ltr'><strong><em>vel</em></strong></span> <span class='ocrx_word' id='word_1_370' title='bbox 3151 965 3335 1029; x_wconf 86' lang='lat' dir='ltr'><strong><em>libere,</em></strong></span> <span class='ocrx_word' id='word_1_371' title='bbox 3369 963 3450 1016; x_wconf 80' lang='lat' dir='ltr'><strong><em>vel</em></strong></span> <span class='ocrx_word' id='word_1_372' title='bbox 3505 962 3678 1031; x_wconf 80' lang='lat' dir='ltr'><strong><em>ﬁdeli-</em></strong></span> 
     </span>
    </p>
   </div>
   <div class='ocr_carea' id='block_1_54' title="bbox 2106 1057 3678 1128">
    <p class='ocr_par' dir='ltr' id='par_1_54' title="bbox 2106 1057 3678 1128">
     <span class='ocr_line' id='line_1_54' title="bbox 2106 1057 3678 1128; baseline -0.001 -19"><span class='ocrx_word' id='word_1_373' title='bbox 2106 1066 2204 1118; x_wconf 80' lang='lat' dir='ltr'><strong><em>ter,</em></strong></span> <span class='ocrx_word' id='word_1_374' title='bbox 2233 1057 2310 1110; x_wconf 88' lang='lat' dir='ltr'><strong><em>vel</em></strong></span> <span class='ocrx_word' id='word_1_375' title='bbox 2327 1059 2648 1126; x_wconf 84' lang='lat' dir='ltr'><strong><em>confidenter</em></strong></span> <span class='ocrx_word' id='word_1_376' title='bbox 2664 1060 2821 1128; x_wconf 86' lang='lat' dir='ltr'><strong><em>regis,</em></strong></span> <span class='ocrx_word' id='word_1_377' title='bbox 2839 1059 3030 1124; x_wconf 90' lang='lat' dir='ltr'><strong><em>patris,</em></strong></span> <span class='ocrx_word' id='word_1_378' title='bbox 3053 1059 3212 1110; x_wconf 80' lang='lat' dir='ltr'><strong><em>amici</em></strong></span> <span class='ocrx_word' id='word_1_379' title='bbox 3231 1074 3394 1118; x_wconf 90' lang='lat' dir='ltr'><strong><em>more,</em></strong></span> <span class='ocrx_word' id='word_1_380' title='bbox 3420 1071 3678 1125; x_wconf 52' lang='lat' dir='ltr'><strong><em>prmcepe.</em></strong></span> 
     </span>
    </p>
   </div>
   <div class='ocr_carea' id='block_1_55' title="bbox 2104 1149 3678 1219">
    <p class='ocr_par' dir='ltr' id='par_1_55' title="bbox 2104 1149 3678 1219">
     <span class='ocr_line' id='line_1_55' title="bbox 2104 1149 3678 1219; baseline -0.001 -20"><span class='ocrx_word' id='word_1_381' title='bbox 2104 1149 2217 1200; x_wconf 81' lang='lat' dir='ltr'><strong><em>rint</em></strong></span> <span class='ocrx_word' id='word_1_382' title='bbox 2243 1149 2300 1210; x_wconf 90' lang='lat' dir='ltr'><strong><em>ii,</em></strong></span> <span class='ocrx_word' id='word_1_383' title='bbox 2329 1151 2421 1218; x_wconf 89' lang='lat' dir='ltr'><strong><em>qui</em></strong></span> <span class='ocrx_word' id='word_1_384' title='bbox 2443 1160 2490 1202; x_wconf 87' lang='lat' dir='ltr'><strong><em>et</em></strong></span> <span class='ocrx_word' id='word_1_385' title='bbox 2513 1151 2720 1217; x_wconf 90' lang='lat' dir='ltr'><strong><em>imperii</em></strong></span> <span class='ocrx_word' id='word_1_386' title='bbox 2750 1151 3046 1219; x_wconf 80' lang='lat' dir='ltr'><strong><em>majestate.</em></strong></span> <span class='ocrx_word' id='word_1_387' title='bbox 3076 1149 3382 1202; x_wconf 84' lang='lat' dir='ltr'><strong><em>interritum</em></strong></span> <span class='ocrx_word' id='word_1_388' title='bbox 3441 1149 3678 1201; x_wconf 72' lang='lat' dir='ltr'><strong><em>animum</em></strong></span> 
     </span>
    </p>
   </div>
   <div class='ocr_carea' id='block_1_56' title="bbox 2080 1240 3684 1308">
    <p class='ocr_par' dir='ltr' id='par_1_56' title="bbox 2080 1240 3684 1308">
     <span class='ocr_line' id='line_1_56' title="bbox 2080 1240 3684 1308; baseline 0.001 -20"><span class='ocrx_word' id='word_1_389' title='bbox 2080 1241 2483 1308; x_wconf 76' lang='lat' dir='ltr'><strong><em>suppeditante,</em></strong></span> <span class='ocrx_word' id='word_1_390' title='bbox 2503 1252 2706 1306; x_wconf 78' lang='lat' dir='ltr'><strong><em>carent,</em></strong></span> <span class='ocrx_word' id='word_1_391' title='bbox 2739 1254 2788 1294; x_wconf 88' lang='lat' dir='ltr'><strong><em>et</em></strong></span> <span class='ocrx_word' id='word_1_392' title='bbox 2829 1243 3130 1308; x_wconf 77' lang='lat' dir='ltr'><strong><em>affectione,</em></strong></span> <span class='ocrx_word' id='word_1_393' title='bbox 3158 1241 3206 1293; x_wconf 87' lang='lat' dir='ltr'><strong><em>vi</em></strong></span> <span class='ocrx_word' id='word_1_394' title='bbox 3235 1240 3504 1292; x_wconf 80' lang='lat' dir='ltr'><strong><em>naturalis</em></strong></span> <span class='ocrx_word' id='word_1_395' title='bbox 3531 1255 3684 1290; x_wconf 83' lang='lat' dir='ltr'><strong><em>amo-</em></strong></span> 
     </span>
    </p>
   </div>
   <div class='ocr_carea' id='block_1_57' title="bbox 2105 1326 3680 1400">
    <p class='ocr_par' dir='ltr' id='par_1_57' title="bbox 2105 1326 3680 1400">
     <span class='ocr_line' id='line_1_57' title="bbox 2105 1326 3680 1400; baseline -0.001 -16"><span class='ocrx_word' id='word_1_396' title='bbox 2105 1333 2180 1384; x_wconf 88' lang='lat' dir='ltr'><strong><em>ris</em></strong></span> <span class='ocrx_word' id='word_1_397' title='bbox 2201 1333 2476 1384; x_wconf 86' lang='lat' dir='ltr'><strong><em>universas</em></strong></span> <span class='ocrx_word' id='word_1_398' title='bbox 2500 1333 2638 1386; x_wconf 86' lang='lat' dir='ltr'><strong><em>alias</em></strong></span> <span class='ocrx_word' id='word_1_399' title='bbox 2683 1342 2962 1400; x_wconf 88' lang='lat' dir='ltr'><strong><em>superante</em></strong></span> <span class='ocrx_word' id='word_1_400' title='bbox 3011 1341 3057 1385; x_wconf 92' lang='lat' dir='ltr'><strong><em>et</em></strong></span> <span class='ocrx_word' id='word_1_401' title='bbox 3111 1333 3369 1392; x_wconf 82' lang='lat' dir='ltr'><strong><em>amicitia,</em></strong></span> <span class='ocrx_word' id='word_1_402' title='bbox 3425 1326 3680 1398; x_wconf 82' lang='lat' dir='ltr'><strong><em>ﬁduciam</em></strong></span> 
     </span>
    </p>
   </div>
   <div class='ocr_carea' id='block_1_58' title="bbox 2104 1423 3677 1497">
    <p class='ocr_par' dir='ltr' id='par_1_58' title="bbox 2104 1423 3677 1497">
     <span class='ocr_line' id='line_1_58' title="bbox 2104 1423 3677 1497; baseline 0 -23"><span class='ocrx_word' id='word_1_403' title='bbox 2104 1432 2368 1491; x_wconf 78' lang='lat' dir='ltr'><strong><em>prcctexru</em></strong></span> <span class='ocrx_word' id='word_1_404' title='bbox 2394 1423 2788 1497; x_wconf 78' lang='lat' dir='ltr'><strong><em>familiaritatis</em></strong></span> <span class='ocrx_word' id='word_1_405' title='bbox 2816 1431 3035 1491; x_wconf 84' lang='lat' dir='ltr'><strong><em>augente</em></strong></span> <span class='ocrx_word' id='word_1_406' title='bbox 3055 1424 3080 1476; x_wconf 72' lang='lat'><strong><em>.7</em></strong></span> <span class='ocrx_word' id='word_1_407' title='bbox 3121 1423 3375 1490; x_wconf 75' lang='lat' dir='ltr'><strong><em>Exemplo</em></strong></span> <span class='ocrx_word' id='word_1_408' title='bbox 3415 1433 3535 1474; x_wconf 89' lang='lat' dir='ltr'><strong><em>sunt</em></strong></span> <span class='ocrx_word' id='word_1_409' title='bbox 3561 1423 3677 1484; x_wconf 89' lang='lat' dir='ltr'><strong><em>Dio,</em></strong></span> 
     </span>
    </p>
   </div>
   <div class='ocr_carea' id='block_1_59' title="bbox 2107 1513 3732 1585">
    <p class='ocr_par' dir='ltr' id='par_1_59' title="bbox 2107 1513 3732 1585">
     <span class='ocr_line' id='line_1_59' title="bbox 2107 1513 3732 1585; baseline 0 -16"><span class='ocrx_word' id='word_1_410' title='bbox 2107 1514 2398 1581; x_wconf 78' lang='lat' dir='ltr'><strong><em>Isocrates,</em></strong></span> <span class='ocrx_word' id='word_1_411' title='bbox 2433 1513 2725 1582; x_wconf 78' lang='lat' dir='ltr'><strong><em>complures</em></strong></span> <span class='ocrx_word' id='word_1_412' title='bbox 2756 1515 2876 1577; x_wconf 61' lang='lat' dir='ltr'><strong><em>alii,</em></strong></span> <span class='ocrx_word' id='word_1_413' title='bbox 2900 1517 2992 1585; x_wconf 86' lang='lat' dir='ltr'><strong><em>qui</em></strong></span> <span class='ocrx_word' id='word_1_414' title='bbox 3019 1518 3276 1585; x_wconf 85' lang='lat' dir='ltr'><strong><em>scripsere</em></strong></span> <span class='ocrx_word' id='word_1_415' title='bbox 3340 1514 3547 1582; x_wconf 83' lang='lat' dir='ltr'><strong><em>quidem</em></strong></span> <span class='ocrx_word' id='word_1_416' title='bbox 3595 1515 3679 1569; x_wconf 85' lang='lat' dir='ltr'><strong><em>illi</em></strong></span> <span class='ocrx_word' id='word_1_417' title='bbox 3720 1553 3732 1564; x_wconf 87' lang='lat'>.</span> 
     </span>
    </p>
   </div>
   <div class='ocr_carea' id='block_1_60' title="bbox 2105 1605 3682 1676">
    <p class='ocr_par' dir='ltr' id='par_1_60' title="bbox 2105 1605 3682 1676">
     <span class='ocr_line' id='line_1_60' title="bbox 2105 1605 3682 1676; baseline -0.001 -18"><span class='ocrx_word' id='word_1_418' title='bbox 2105 1605 2308 1659; x_wconf 78' lang='lat' dir='ltr'><strong><em>multas</em></strong></span> <span class='ocrx_word' id='word_1_419' title='bbox 2327 1606 2498 1674; x_wconf 79' lang='lat' dir='ltr'><strong><em>regias</em></strong></span> <span class='ocrx_word' id='word_1_420' title='bbox 2526 1606 2623 1675; x_wconf 87' lang='lat' dir='ltr'><strong><em>(sic</em></strong></span> <span class='ocrx_word' id='word_1_421' title='bbox 2649 1607 2782 1658; x_wconf 83' lang='lat' dir='ltr'><strong><em>enim</em></strong></span> <span class='ocrx_word' id='word_1_422' title='bbox 2815 1607 3098 1676; x_wconf 70' lang='lat' dir='ltr'><strong><em>appellata:</em></strong></span> <span class='ocrx_word' id='word_1_423' title='bbox 3117 1606 3263 1675; x_wconf 89' lang='lat' dir='ltr'><strong><em>sunt)</em></strong></span> <span class='ocrx_word' id='word_1_424' title='bbox 3291 1607 3582 1666; x_wconf 77' lang='lat' dir='ltr'><strong><em>orationes,</em></strong></span> <span class='ocrx_word' id='word_1_425' title='bbox 3613 1605 3682 1658; x_wconf 89' lang='lat' dir='ltr'><strong><em>ad</em></strong></span> 
     </span>
    </p>
   </div>
   <div class='ocr_carea' id='block_1_61' title="bbox 2104 1697 3680 1766">
    <p class='ocr_par' dir='ltr' id='par_1_61' title="bbox 2104 1697 3680 1766">
     <span class='ocr_line' id='line_1_61' title="bbox 2104 1697 3680 1766; baseline -0.001 -17"><span class='ocrx_word' id='word_1_426' title='bbox 2104 1698 2251 1765; x_wconf 69' lang='lat' dir='ltr'><strong><em>ipsos</em></strong></span> <span class='ocrx_word' id='word_1_427' title='bbox 2274 1697 2431 1750; x_wconf 86' lang='lat' dir='ltr'><strong><em>etiam</em></strong></span> <span class='ocrx_word' id='word_1_428' title='bbox 2459 1714 2601 1766; x_wconf 87' lang='lat' dir='ltr'><strong><em>reges</em></strong></span> <span class='ocrx_word' id='word_1_429' title='bbox 2633 1714 2653 1750; x_wconf 90' lang='lat'><strong><em>:</em></strong></span> <span class='ocrx_word' id='word_1_430' title='bbox 2677 1697 2766 1750; x_wconf 88' lang='lat' dir='ltr'><strong><em>sed</em></strong></span> <span class='ocrx_word' id='word_1_431' title='bbox 2783 1698 2923 1766; x_wconf 91' lang='lat' dir='ltr'><strong><em>quod</em></strong></span> <span class='ocrx_word' id='word_1_432' title='bbox 2949 1713 3187 1766; x_wconf 70' lang='lat' dir='ltr'><strong><em>personae</em></strong></span> <span class='ocrx_word' id='word_1_433' title='bbox 3219 1707 3327 1749; x_wconf 90' lang='lat' dir='ltr'><strong><em>tam</em></strong></span> <span class='ocrx_word' id='word_1_434' title='bbox 3361 1713 3491 1758; x_wconf 67' lang='lat' dir='ltr'><strong><em>sure,</em></strong></span> <span class='ocrx_word' id='word_1_435' title='bbox 3521 1713 3680 1765; x_wconf 89' lang='lat' dir='ltr'><strong><em>quam</em></strong></span> 
     </span>
    </p>
   </div>
   <div class='ocr_carea' id='block_1_62' title="bbox 2105 1790 3706 1860">
    <p class='ocr_par' dir='ltr' id='par_1_62' title="bbox 2105 1790 3706 1860">
     <span class='ocr_line' id='line_1_62' title="bbox 2105 1790 3706 1860; baseline 0 -16"><span class='ocrx_word' id='word_1_436' title='bbox 2105 1791 2264 1858; x_wconf 78' lang='lat' dir='ltr'><strong><em>regia:</em></strong></span> <span class='ocrx_word' id='word_1_437' title='bbox 2291 1792 2537 1843; x_wconf 89' lang='lat' dir='ltr'><strong><em>decorum</em></strong></span> <span class='ocrx_word' id='word_1_438' title='bbox 2568 1807 2776 1845; x_wconf 89' lang='lat' dir='ltr'><strong><em>servare</em></strong></span> <span class='ocrx_word' id='word_1_439' title='bbox 2829 1801 3097 1860; x_wconf 87' lang='lat' dir='ltr'><strong><em>cuperent,</em></strong></span> <span class='ocrx_word' id='word_1_440' title='bbox 3133 1808 3224 1844; x_wconf 88' lang='lat' dir='ltr'><strong><em>nec</em></strong></span> <span class='ocrx_word' id='word_1_441' title='bbox 3255 1792 3331 1844; x_wconf 88' lang='lat' dir='ltr'><strong><em>vel</em></strong></span> <span class='ocrx_word' id='word_1_442' title='bbox 3389 1790 3706 1844; x_wconf 68' lang='lat' dir='ltr'><strong><em>insolentes-</em></strong></span> 
     </span>
    </p>
   </div>
   <div class='ocr_carea' id='block_1_63' title="bbox 2100 1881 3680 1953">
    <p class='ocr_par' dir='ltr' id='par_1_63' title="bbox 2100 1881 3680 1953">
     <span class='ocr_line' id='line_1_63' title="bbox 2100 1881 3680 1953; baseline -0.001 -20"><span class='ocrx_word' id='word_1_443' title='bbox 2100 1881 2181 1933; x_wconf 70' lang='grc' dir='ltr'><strong><em>τοί</em></strong></span> <span class='ocrx_word' id='word_1_444' title='bbox 2203 1881 2432 1948; x_wconf 79' lang='lat' dir='ltr'><strong><em>protervi</em></strong></span> <span class='ocrx_word' id='word_1_445' title='bbox 2496 1883 2662 1936; x_wconf 81' lang='lat' dir='ltr'><strong><em>videri</em></strong></span> <span class='ocrx_word' id='word_1_446' title='bbox 2689 1900 2702 1935; x_wconf 92' lang='lat'>:</span> <span class='ocrx_word' id='word_1_447' title='bbox 2732 1883 2946 1950; x_wconf 85' lang='lat' dir='ltr'><strong><em>prolixa</em></strong></span> <span class='ocrx_word' id='word_1_448' title='bbox 2981 1884 3179 1953; x_wconf 85' lang='lat' dir='ltr'><strong><em>regiam</em></strong></span> <span class='ocrx_word' id='word_1_449' title='bbox 3208 1882 3550 1935; x_wconf 87' lang='lat' dir='ltr'><strong><em>eminentiam</em></strong></span> <span class='ocrx_word' id='word_1_450' title='bbox 3591 1898 3680 1933; x_wconf 85' lang='lat' dir='ltr'><strong><em>ar-</em></strong></span> 
     </span>
    </p>
   </div>
   <div class='ocr_carea' id='block_1_64' title="bbox 2104 1974 3678 2043">
    <p class='ocr_par' dir='ltr' id='par_1_64' title="bbox 2104 1974 3678 2043">
     <span class='ocr_line' id='line_1_64' title="bbox 2104 1974 3678 2043; baseline 0 -17"><span class='ocrx_word' id='word_1_451' title='bbox 2104 1983 2159 2028; x_wconf 81' lang='lat' dir='ltr'><strong><em>te</em></strong></span> <span class='ocrx_word' id='word_1_452' title='bbox 2177 1974 2492 2038; x_wconf 79' lang='lat' dir='ltr'><strong><em>demulcent,</em></strong></span> <span class='ocrx_word' id='word_1_453' title='bbox 2525 1994 2586 2030; x_wconf 91' lang='lat' dir='ltr'><strong><em>ac</em></strong></span> <span class='ocrx_word' id='word_1_454' title='bbox 2611 1977 2800 2030; x_wconf 81' lang='lat' dir='ltr'><strong><em>deinde</em></strong></span> <span class='ocrx_word' id='word_1_455' title='bbox 2827 1994 2888 2031; x_wconf 83' lang='lat' dir='ltr'><strong><em>ne</em></strong></span> <span class='ocrx_word' id='word_1_456' title='bbox 2918 1977 2993 2030; x_wconf 91' lang='lat' dir='ltr'><strong><em>sic</em></strong></span> <span class='ocrx_word' id='word_1_457' title='bbox 3013 1977 3222 2043; x_wconf 89' lang='lat' dir='ltr'><strong><em>quidem</em></strong></span> <span class='ocrx_word' id='word_1_458' title='bbox 3248 1976 3406 2028; x_wconf 80' lang='lat' dir='ltr'><strong><em>libere</em></strong></span> <span class='ocrx_word' id='word_1_459' title='bbox 3445 1975 3578 2028; x_wconf 83' lang='lat' dir='ltr'><strong><em>satis</em></strong></span> <span class='ocrx_word' id='word_1_460' title='bbox 3600 1975 3678 2037; x_wconf 88' lang='lat' dir='ltr'><strong><em>id,</em></strong></span> 
     </span>
    </p>
   </div>
   <div class='ocr_carea' id='block_1_65' title="bbox 2099 2065 3678 2134">
    <p class='ocr_par' dir='ltr' id='par_1_65' title="bbox 2099 2065 3678 2134">
     <span class='ocr_line' id='line_1_65' title="bbox 2099 2065 3678 2134; baseline -0.001 -16"><span class='ocrx_word' id='word_1_461' title='bbox 2099 2066 2238 2134; x_wconf 84' lang='lat' dir='ltr'><strong><em>quod</em></strong></span> <span class='ocrx_word' id='word_1_462' title='bbox 2272 2068 2551 2120; x_wconf 89' lang='lat' dir='ltr'><strong><em>dicendum</em></strong></span> <span class='ocrx_word' id='word_1_463' title='bbox 2571 2077 2708 2133; x_wconf 86' lang='lat' dir='ltr'><strong><em>erat,</em></strong></span> <span class='ocrx_word' id='word_1_464' title='bbox 2756 2068 3128 2134; x_wconf 81' lang='lat' dir='ltr'><strong><em>pronuntiant.</em></strong></span> <span class='ocrx_word' id='word_1_465' title='bbox 3186 2066 3272 2118; x_wconf 78' lang='lat' dir='ltr'><strong><em>Ex</em></strong></span> <span class='ocrx_word' id='word_1_466' title='bbox 3319 2065 3401 2117; x_wconf 88' lang='lat' dir='ltr'><strong><em>his</em></strong></span> <span class='ocrx_word' id='word_1_467' title='bbox 3440 2065 3678 2134; x_wconf 84' lang='lat' dir='ltr'><strong><em>equidem</em></strong></span> 
     </span>
    </p>
   </div>
   <div class='ocr_carea' id='block_1_66' title="bbox 2100 2158 3676 2228">
    <p class='ocr_par' dir='ltr' id='par_1_66' title="bbox 2100 2158 3676 2228">
     <span class='ocr_line' id='line_1_66' title="bbox 2100 2158 3676 2228; baseline -0.001 -16"><span class='ocrx_word' id='word_1_468' title='bbox 2100 2160 2324 2228; x_wconf 79' lang='lat' dir='ltr'><strong><em>virisque</em></strong></span> <span class='ocrx_word' id='word_1_469' title='bbox 2349 2171 2606 2226; x_wconf 64' lang='lat' dir='ltr'><strong><em>peterea</em></strong></span> <span class='ocrx_word' id='word_1_470' title='bbox 2641 2160 3016 2220; x_wconf 85' lang='lat' dir='ltr'><strong><em>divinioribus,</em></strong></span> <span class='ocrx_word' id='word_1_471' title='bbox 3075 2159 3323 2212; x_wconf 87' lang='lat' dir='ltr'><strong><em>collectas</em></strong></span> <span class='ocrx_word' id='word_1_472' title='bbox 3351 2158 3506 2210; x_wconf 82' lang='lat' dir='ltr'><strong><em>hasce</em></strong></span> <span class='ocrx_word' id='word_1_473' title='bbox 3556 2174 3676 2210; x_wconf 89' lang='lat' dir='ltr'><strong><em>sen-</em></strong></span> 
     </span>
    </p>
   </div>
   <div class='ocr_carea' id='block_1_67' title="bbox 2102 2249 3679 2319">
    <p class='ocr_par' dir='ltr' id='par_1_67' title="bbox 2102 2249 3679 2319">
     <span class='ocr_line' id='line_1_67' title="bbox 2102 2249 3679 2319; baseline 0.001 -20"><span class='ocrx_word' id='word_1_474' title='bbox 2102 2249 2315 2312; x_wconf 84' lang='lat' dir='ltr'><strong><em>tentias,</em></strong></span> <span class='ocrx_word' id='word_1_475' title='bbox 2341 2250 2524 2319; x_wconf 85' lang='lat' dir='ltr'><strong><em>quibus</em></strong></span> <span class='ocrx_word' id='word_1_476' title='bbox 2555 2258 2604 2303; x_wconf 89' lang='lat' dir='ltr'><strong><em>et</em></strong></span> <span class='ocrx_word' id='word_1_477' title='bbox 2641 2267 2672 2302; x_wconf 93' lang='lat' dir='ltr'><strong><em>a</em></strong></span> <span class='ocrx_word' id='word_1_478' title='bbox 2706 2250 2855 2303; x_wconf 88' lang='lat' dir='ltr'><strong><em>nobis</em></strong></span> <span class='ocrx_word' id='word_1_479' title='bbox 2894 2249 3132 2319; x_wconf 78' lang='lat' dir='ltr'><strong><em>fortasse</em></strong></span> <span class='ocrx_word' id='word_1_480' title='bbox 3172 2265 3274 2302; x_wconf 92' lang='lat' dir='ltr'><strong><em>non</em></strong></span> <span class='ocrx_word' id='word_1_481' title='bbox 3342 2259 3679 2301; x_wconf 88' lang='lat' dir='ltr'><strong><em>contemnen-</em></strong></span> 
     </span>
    </p>
   </div>
   <div class='ocr_carea' id='block_1_68' title="bbox 2099 2340 3679 2412">
    <p class='ocr_par' dir='ltr' id='par_1_68' title="bbox 2099 2340 3679 2412">
     <span class='ocr_line' id='line_1_68' title="bbox 2099 2340 3679 2412; baseline 0 -18"><span class='ocrx_word' id='word_1_482' title='bbox 2099 2341 2231 2394; x_wconf 86' lang='lat' dir='ltr'><strong><em>dum</em></strong></span> <span class='ocrx_word' id='word_1_483' title='bbox 2248 2342 2451 2412; x_wconf 88' lang='lat' dir='ltr'><strong><em>aliquid</em></strong></span> <span class='ocrx_word' id='word_1_484' title='bbox 2482 2343 2748 2411; x_wconf 88' lang='lat' dir='ltr'><strong><em>adjectum</em></strong></span> <span class='ocrx_word' id='word_1_485' title='bbox 2777 2353 2875 2406; x_wconf 89' lang='lat' dir='ltr'><strong><em>est,</em></strong></span> <span class='ocrx_word' id='word_1_486' title='bbox 2926 2343 3088 2395; x_wconf 88' lang='lat' dir='ltr'><strong><em>libere</em></strong></span> <span class='ocrx_word' id='word_1_487' title='bbox 3113 2359 3176 2394; x_wconf 88' lang='lat' dir='ltr'><strong><em>ac</em></strong></span> <span class='ocrx_word' id='word_1_488' title='bbox 3226 2353 3448 2411; x_wconf 89' lang='lat' dir='ltr'><strong><em>paterne</em></strong></span> <span class='ocrx_word' id='word_1_489' title='bbox 3478 2340 3558 2394; x_wconf 82' lang='grc' dir='ltr'><em>(ιιι</em></span> <span class='ocrx_word' id='word_1_490' title='bbox 3599 2341 3679 2394; x_wconf 85' lang='lat' dir='ltr'><strong><em>ita</em></strong></span> 
     </span>
    </p>
   </div>
   <div class='ocr_carea' id='block_1_69' title="bbox 2100 2434 3677 2504">
    <p class='ocr_par' dir='ltr' id='par_1_69' title="bbox 2100 2434 3677 2504">
     <span class='ocr_line' id='line_1_69' title="bbox 2100 2434 3677 2504; baseline -0.002 -18"><span class='ocrx_word' id='word_1_491' title='bbox 2100 2434 2306 2504; x_wconf 82' lang='lat' dir='ltr'><strong><em>loquar.)</em></strong></span> <span class='ocrx_word' id='word_1_492' title='bbox 2335 2435 2522 2504; x_wconf 76' lang='lat' dir='ltr'><strong><em>offerre</em></strong></span> <span class='ocrx_word' id='word_1_493' title='bbox 2554 2436 2648 2487; x_wconf 84' lang='lat' dir='ltr'><strong><em>tibi</em></strong></span> <span class='ocrx_word' id='word_1_494' title='bbox 2676 2436 2840 2498; x_wconf 92' lang='lat' dir='ltr'><strong><em>volui,</em></strong></span> <span class='ocrx_word' id='word_1_495' title='bbox 2866 2451 2956 2488; x_wconf 84' lang='lat' dir='ltr'><strong><em>ceu</em></strong></span> <span class='ocrx_word' id='word_1_496' title='bbox 2988 2436 3216 2488; x_wconf 81' lang='lat' dir='ltr'><strong><em>debitum</em></strong></span> <span class='ocrx_word' id='word_1_497' title='bbox 3237 2435 3441 2502; x_wconf 87' lang='lat' dir='ltr'><strong><em>pariter</em></strong></span> <span class='ocrx_word' id='word_1_498' title='bbox 3473 2449 3535 2486; x_wconf 79' lang='lat' dir='ltr'><strong><em>ac</em></strong></span> <span class='ocrx_word' id='word_1_499' title='bbox 3563 2447 3677 2483; x_wconf 83' lang='lat' dir='ltr'><strong><em>mu-</em></strong></span> 
     </span>
    </p>
   </div>
   <div class='ocr_carea' id='block_1_70' title="bbox 2103 2525 3680 2596">
    <p class='ocr_par' dir='ltr' id='par_1_70' title="bbox 2103 2525 3680 2596">
     <span class='ocr_line' id='line_1_70' title="bbox 2103 2525 3680 2596; baseline 0.001 -18"><span class='ocrx_word' id='word_1_500' title='bbox 2103 2542 2220 2587; x_wconf 82' lang='lat' dir='ltr'><strong><em>nus,</em></strong></span> <span class='ocrx_word' id='word_1_501' title='bbox 2249 2539 2454 2583; x_wconf 78' lang='lat' dir='ltr'><strong><em>centum</em></strong></span> <span class='ocrx_word' id='word_1_502' title='bbox 2487 2525 2750 2594; x_wconf 79' lang='lat' dir='ltr'><strong><em>capitibus</em></strong></span> <span class='ocrx_word' id='word_1_503' title='bbox 2803 2527 3090 2587; x_wconf 81' lang='lat' dir='ltr'><strong><em>inclusum,</em></strong></span> <span class='ocrx_word' id='word_1_504' title='bbox 3151 2543 3267 2596; x_wconf 74' lang='lat' dir='ltr'><strong><em>qua:</em></strong></span> <span class='ocrx_word' id='word_1_505' title='bbox 3311 2525 3680 2590; x_wconf 74' lang='lat' dir='ltr'><strong><em>Acrosticltide</em></strong></span> 
     </span>
    </p>
   </div>
   <div class='ocr_carea' id='block_1_71' title="bbox 2101 2618 3778 2686">
    <p class='ocr_par' dir='ltr' id='par_1_71' title="bbox 2101 2618 3778 2686">
     <span class='ocr_line' id='line_1_71' title="bbox 2101 2618 3778 2686; baseline -0.001 -16"><span class='ocrx_word' id='word_1_506' title='bbox 2101 2618 2331 2685; x_wconf 87' lang='lat' dir='ltr'><strong><em>quadam</em></strong></span> <span class='ocrx_word' id='word_1_507' title='bbox 2363 2618 2694 2686; x_wconf 78' lang='lat' dir='ltr'><strong><em>digeruntur,</em></strong></span> <span class='ocrx_word' id='word_1_508' title='bbox 2732 2620 2782 2671; x_wconf 88' lang='lat' dir='ltr'><strong><em>in</em></strong></span> <span class='ocrx_word' id='word_1_509' title='bbox 2822 2635 2925 2685; x_wconf 87' lang='lat' dir='ltr'><strong><em>qua</em></strong></span> <span class='ocrx_word' id='word_1_510' title='bbox 2978 2619 3092 2686; x_wconf 89' lang='lat' dir='ltr'><strong><em>ipsa</em></strong></span> <span class='ocrx_word' id='word_1_511' title='bbox 3126 2633 3250 2685; x_wconf 83' lang='lat' dir='ltr'><strong><em>pars</em></strong></span> <span class='ocrx_word' id='word_1_512' title='bbox 3310 2619 3554 2686; x_wconf 67' lang='lat' dir='ltr'><strong><em>qua’dam</em></strong></span> <span class='ocrx_word' id='word_1_513' title='bbox 3601 2626 3676 2669; x_wconf 91' lang='lat' dir='ltr'><strong><em>est</em></strong></span> <span class='ocrx_word' id='word_1_514' title='bbox 3767 2652 3778 2658; x_wconf 67' lang='grc'><strong><em>«-</em></strong></span> 
     </span>
    </p>
   </div>
   <div class='ocr_carea' id='block_1_72' title="bbox 2101 2707 3762 2786">
    <p class='ocr_par' dir='ltr' id='par_1_72' title="bbox 2101 2707 3762 2786">
     <span class='ocr_line' id='line_1_72' title="bbox 2101 2707 3762 2786; baseline 0 -26"><span class='ocrx_word' id='word_1_515' title='bbox 2101 2708 2229 2767; x_wconf 87' lang='lat' dir='ltr'><strong><em>voti.</em></strong></span> <span class='ocrx_word' id='word_1_516' title='bbox 2262 2707 2399 2775; x_wconf 88' lang='lat' dir='ltr'><strong><em>quod</em></strong></span> <span class='ocrx_word' id='word_1_517' title='bbox 2433 2724 2464 2760; x_wconf 91' lang='lat' dir='ltr'><strong><em>a</em></strong></span> <span class='ocrx_word' id='word_1_518' title='bbox 2498 2707 2604 2760; x_wconf 91' lang='lat' dir='ltr'><strong><em>Deo</em></strong></span> <span class='ocrx_word' id='word_1_519' title='bbox 2641 2707 2857 2761; x_wconf 89' lang='lat' dir='ltr'><strong><em>minime</em></strong></span> <span class='ocrx_word' id='word_1_520' title='bbox 2888 2709 3037 2776; x_wconf 87' lang='lat' dir='ltr'><strong><em>rejici</em></strong></span> <span class='ocrx_word' id='word_1_521' title='bbox 3091 2717 3236 2773; x_wconf 87' lang='lat' dir='ltr'><strong><em>opto,</em></strong></span> <span class='ocrx_word' id='word_1_522' title='bbox 3279 2708 3325 2760; x_wconf 88' lang='lat' dir='ltr'><strong><em>si</em></strong></span> <span class='ocrx_word' id='word_1_523' title='bbox 3361 2707 3574 2769; x_wconf 89' lang='lat' dir='ltr'><strong><em>quidem</em></strong></span> <span class='ocrx_word' id='word_1_524' title='bbox 3626 2717 3676 2760; x_wconf 92' lang='lat' dir='ltr'><strong><em>et</em></strong></span> <span class='ocrx_word' id='word_1_525' title='bbox 3754 2777 3762 2786; x_wconf 81' lang='lat'>_</span> 
     </span>
    </p>
   </div>
   <div class='ocr_carea' id='block_1_73' title="bbox 2101 2793 3676 2868">
    <p class='ocr_par' dir='ltr' id='par_1_73' title="bbox 2101 2793 3676 2868">
     <span class='ocr_line' id='line_1_73' title="bbox 2101 2793 3676 2868; baseline 0 -18"><span class='ocrx_word' id='word_1_526' title='bbox 2101 2816 2197 2868; x_wconf 88' lang='lat' dir='ltr'><strong><em>pro</em></strong></span> <span class='ocrx_word' id='word_1_527' title='bbox 2229 2809 2342 2852; x_wconf 88' lang='lat' dir='ltr'><strong><em>voto</em></strong></span> <span class='ocrx_word' id='word_1_528' title='bbox 2371 2815 2546 2865; x_wconf 83' lang='lat' dir='ltr'><strong><em>preces</em></strong></span> <span class='ocrx_word' id='word_1_529' title='bbox 2578 2793 2934 2867; x_wconf 77' lang='lat' dir='ltr'><strong><em>concipiendte</em></strong></span> <span class='ocrx_word' id='word_1_530' title='bbox 2959 2809 3105 2860; x_wconf 82' lang='lat' dir='ltr'><strong><em>sunt,</em></strong></span> <span class='ocrx_word' id='word_1_531' title='bbox 3126 2814 3268 2851; x_wconf 92' lang='lat' dir='ltr'><strong><em>more</em></strong></span> <span class='ocrx_word' id='word_1_532' title='bbox 3293 2799 3428 2851; x_wconf 81' lang='lat' dir='ltr'><strong><em>uatis</em></strong></span> <span class='ocrx_word' id='word_1_533' title='bbox 3451 2808 3500 2851; x_wconf 91' lang='lat' dir='ltr'><strong><em>et</em></strong></span> <span class='ocrx_word' id='word_1_534' title='bbox 3541 2798 3676 2866; x_wconf 78' lang='lat' dir='ltr'><strong><em>regis</em></strong></span> 
     </span>
    </p>
   </div>
   <div class='ocr_carea' id='block_1_74' title="bbox 2102 2891 3676 2961">
    <p class='ocr_par' dir='ltr' id='par_1_74' title="bbox 2102 2891 3676 2961">
     <span class='ocr_line' id='line_1_74' title="bbox 2102 2891 3676 2961; baseline 0.001 -19"><span class='ocrx_word' id='word_1_535' title='bbox 2102 2891 2250 2946; x_wconf 90' lang='lat' dir='ltr'><strong><em>illius</em></strong></span> <span class='ocrx_word' id='word_1_536' title='bbox 2279 2891 2607 2958; x_wconf 86' lang='lat' dir='ltr'><strong><em>admirandi,</em></strong></span> <span class='ocrx_word' id='word_1_537' title='bbox 2640 2893 2732 2961; x_wconf 86' lang='lat' dir='ltr'><strong><em>qui</em></strong></span> <span class='ocrx_word' id='word_1_538' title='bbox 2763 2892 2938 2945; x_wconf 88' lang='lat' dir='ltr'><strong><em>dixit:</em></strong></span> <span class='ocrx_word' id='word_1_539' title='bbox 2975 2891 3204 2957; x_wconf 76' lang='lat' dir='ltr'><strong><em>Exaudi,</em></strong></span> <span class='ocrx_word' id='word_1_540' title='bbox 3247 2891 3500 2955; x_wconf 80' lang='lat' dir='ltr'><strong><em>Domine,</em></strong></span> <span class='ocrx_word' id='word_1_541' title='bbox 3545 2906 3676 2960; x_wconf 83' lang='lat' dir='ltr'><strong><em>pre-</em></strong></span> 
     </span>
    </p>
   </div>
   <div class='ocr_carea' id='block_1_75' title="bbox 2103 2983 3677 3052">
    <p class='ocr_par' dir='ltr' id='par_1_75' title="bbox 2103 2983 3677 3052">
     <span class='ocr_line' id='line_1_75' title="bbox 2103 2983 3677 3052; baseline -0.001 -16"><span class='ocrx_word' id='word_1_542' title='bbox 2103 2983 2376 3037; x_wconf 81' lang='lat' dir='ltr'><strong><em>cationem</em></strong></span> <span class='ocrx_word' id='word_1_543' title='bbox 2423 2998 2624 3037; x_wconf 84' lang='lat' dir='ltr'><strong><em>meam.</em></strong></span> <span class='ocrx_word' id='word_1_544' title='bbox 2663 2983 2740 3037; x_wconf 85' lang='lat' dir='ltr'><strong><em>Tu</em></strong></span> <span class='ocrx_word' id='word_1_545' title='bbox 2775 2985 2824 3037; x_wconf 90' lang='lat' dir='ltr'><strong><em>si</em></strong></span> <span class='ocrx_word' id='word_1_546' title='bbox 2847 2985 3085 3036; x_wconf 86' lang='lat' dir='ltr'><strong><em>animum</em></strong></span> <span class='ocrx_word' id='word_1_547' title='bbox 3115 2984 3335 3052; x_wconf 75' lang='lat' dir='ltr'><strong><em>iis,quaz</em></strong></span> <span class='ocrx_word' id='word_1_548' title='bbox 3393 2984 3677 3036; x_wconf 72' lang='lat' dir='ltr'><strong><em>consulun—</em></strong></span> 
     </span>
    </p>
   </div>
   <div class='ocr_carea' id='block_1_76' title="bbox 2105 3075 3682 3144">
    <p class='ocr_par' dir='ltr' id='par_1_76' title="bbox 2105 3075 3682 3144">
     <span class='ocr_line' id='line_1_76' title="bbox 2105 3075 3682 3144; baseline -0.001 -15"><span class='ocrx_word' id='word_1_549' title='bbox 2105 3085 2213 3137; x_wconf 87' lang='lat' dir='ltr'><strong><em>tur,</em></strong></span> <span class='ocrx_word' id='word_1_550' title='bbox 2245 3075 2554 3142; x_wconf 86' lang='lat' dir='ltr'><strong><em>adverteris,</em></strong></span> <span class='ocrx_word' id='word_1_551' title='bbox 2588 3093 2835 3143; x_wconf 86' lang='lat' dir='ltr'><strong><em>magnum</em></strong></span> <span class='ocrx_word' id='word_1_552' title='bbox 2868 3077 2979 3144; x_wconf 80' lang='lat' dir='ltr'><strong><em>ipse</em></strong></span> <span class='ocrx_word' id='word_1_553' title='bbox 3009 3077 3106 3129; x_wconf 87' lang='lat' dir='ltr'><strong><em>tibi</em></strong></span> <span class='ocrx_word' id='word_1_554' title='bbox 3127 3076 3529 3130; x_wconf 82' lang='lat' dir='ltr'><strong><em>emolumentum</em></strong></span> <span class='ocrx_word' id='word_1_555' title='bbox 3553 3075 3682 3144; x_wconf 72' lang='lat' dir='ltr'><strong><em>affe-</em></strong></span> 
     </span>
    </p>
   </div>
   <div class='ocr_carea' id='block_1_77' title="bbox 2105 3167 3680 3237">
    <p class='ocr_par' dir='ltr' id='par_1_77' title="bbox 2105 3167 3680 3237">
     <span class='ocr_line' id='line_1_77' title="bbox 2105 3167 3680 3237; baseline 0.001 -18"><span class='ocrx_word' id='word_1_556' title='bbox 2105 3183 2205 3222; x_wconf 89' lang='lat' dir='ltr'><strong><em>res.</em></strong></span> <span class='ocrx_word' id='word_1_557' title='bbox 2241 3167 2491 3223; x_wconf 85' lang='lat' dir='ltr'><strong><em>Poterant</em></strong></span> <span class='ocrx_word' id='word_1_558' title='bbox 2528 3178 2713 3221; x_wconf 83' lang='lat' dir='ltr'><strong><em>autem</em></strong></span> <span class='ocrx_word' id='word_1_559' title='bbox 2737 3169 2914 3221; x_wconf 88' lang='lat' dir='ltr'><strong><em>omnia</em></strong></span> <span class='ocrx_word' id='word_1_560' title='bbox 2940 3168 3122 3234; x_wconf 86' lang='lat' dir='ltr'><strong><em>paullo</em></strong></span> <span class='ocrx_word' id='word_1_561' title='bbox 3167 3167 3455 3222; x_wconf 88' lang='lat' dir='ltr'><strong><em>dilucidius</em></strong></span> <span class='ocrx_word' id='word_1_562' title='bbox 3520 3184 3680 3237; x_wconf 85' lang='lat' dir='ltr'><strong><em>expo-</em></strong></span> 
     </span>
    </p>
   </div>
   <div class='ocr_carea' id='block_1_78' title="bbox 2101 3260 3680 3330">
    <p class='ocr_par' dir='ltr' id='par_1_78' title="bbox 2101 3260 3680 3330">
     <span class='ocr_line' id='line_1_78' title="bbox 2101 3260 3680 3330; baseline 0.001 -17"><span class='ocrx_word' id='word_1_563' title='bbox 2101 3261 2175 3320; x_wconf 84' lang='lat' dir='ltr'><strong><em>ni,</em></strong></span> <span class='ocrx_word' id='word_1_564' title='bbox 2205 3262 2294 3314; x_wconf 88' lang='lat' dir='ltr'><strong><em>sed</em></strong></span> <span class='ocrx_word' id='word_1_565' title='bbox 2319 3260 2686 3314; x_wconf 73' lang='lat' dir='ltr'><strong><em>existimabam</em></strong></span> <span class='ocrx_word' id='word_1_566' title='bbox 2718 3261 2978 3329; x_wconf 88' lang='lat' dir='ltr'><strong><em>equidem,</em></strong></span> <span class='ocrx_word' id='word_1_567' title='bbox 3013 3261 3198 3314; x_wconf 88' lang='lat' dir='ltr'><strong><em>melius</em></strong></span> <span class='ocrx_word' id='word_1_568' title='bbox 3237 3277 3369 3323; x_wconf 90' lang='lat' dir='ltr'><strong><em>esse,</em></strong></span> <span class='ocrx_word' id='word_1_569' title='bbox 3408 3277 3507 3314; x_wconf 89' lang='lat' dir='ltr'><strong><em>non</em></strong></span> <span class='ocrx_word' id='word_1_570' title='bbox 3525 3263 3680 3330; x_wconf 87' lang='lat' dir='ltr'><strong><em>quid-</em></strong></span> 
     </span>
    </p>
   </div>
   <div class='ocr_carea' id='block_1_79' title="bbox 2097 3345 3677 3420">
    <p class='ocr_par' dir='ltr' id='par_1_79' title="bbox 2097 3345 3677 3420">
     <span class='ocr_line' id='line_1_79' title="bbox 2097 3345 3677 3420; baseline 0.001 -17"><span class='ocrx_word' id='word_1_571' title='bbox 2097 3350 2223 3420; x_wconf 84' lang='lat' dir='ltr'><strong><em>quid</em></strong></span> <span class='ocrx_word' id='word_1_572' title='bbox 2244 3361 2374 3403; x_wconf 83' lang='lat' dir='ltr'><strong><em>esset</em></strong></span> <span class='ocrx_word' id='word_1_573' title='bbox 2406 3366 2633 3420; x_wconf 86' lang='lat' dir='ltr'><strong><em>osseum,</em></strong></span> <span class='ocrx_word' id='word_1_574' title='bbox 2652 3367 2677 3403; x_wconf 94' lang='lat' dir='ltr'><strong><em>e</em></strong></span> <span class='ocrx_word' id='word_1_575' title='bbox 2709 3366 2868 3404; x_wconf 76' lang='lat' dir='ltr'><strong><em>carne</em></strong></span> <span class='ocrx_word' id='word_1_576' title='bbox 2890 3367 3108 3417; x_wconf 80' lang='lat' dir='ltr'><strong><em>prorsus</em></strong></span> <span class='ocrx_word' id='word_1_577' title='bbox 3136 3345 3300 3403; x_wconf 85' lang='lat' dir='ltr'><strong><em>eximi</em></strong></span> <span class='ocrx_word' id='word_1_578' title='bbox 3335 3367 3352 3402; x_wconf 93' lang='lat'><em>:</em></span> <span class='ocrx_word' id='word_1_579' title='bbox 3372 3361 3426 3404; x_wconf 90' lang='lat' dir='ltr'><strong><em>ut</em></strong></span> <span class='ocrx_word' id='word_1_580' title='bbox 3452 3361 3677 3404; x_wconf 90' lang='lat' dir='ltr'><strong><em>restaret</em></strong></span> 
     </span>
    </p>
   </div>
   <div class='ocr_carea' id='block_1_80' title="bbox 2098 3441 3683 3512">
    <p class='ocr_par' dir='ltr' id='par_1_80' title="bbox 2098 3441 3683 3512">
     <span class='ocr_line' id='line_1_80' title="bbox 2098 3441 3683 3512; baseline -0.001 -16"><span class='ocrx_word' id='word_1_581' title='bbox 2098 3443 2302 3510; x_wconf 88' lang='lat' dir='ltr'><strong><em>aliquid</em></strong></span> <span class='ocrx_word' id='word_1_582' title='bbox 2315 3444 2368 3494; x_wconf 88' lang='lat' dir='ltr'><strong><em>in</em></strong></span> <span class='ocrx_word' id='word_1_583' title='bbox 2386 3443 2481 3494; x_wconf 84' lang='lat' dir='ltr'><strong><em>hoc</em></strong></span> <span class='ocrx_word' id='word_1_584' title='bbox 2500 3442 2674 3509; x_wconf 84' lang='lat' dir='ltr'><strong><em>epulo,</em></strong></span> <span class='ocrx_word' id='word_1_585' title='bbox 2695 3443 2834 3511; x_wconf 79' lang='lat' dir='ltr'><strong><em>quod</em></strong></span> <span class='ocrx_word' id='word_1_586' title='bbox 2862 3444 2930 3495; x_wconf 90' lang='lat' dir='ltr'><strong><em>ad</em></strong></span> <span class='ocrx_word' id='word_1_587' title='bbox 2954 3442 3291 3512; x_wconf 63' lang='lat' dir='ltr'><strong><em>qua&#39;rendum</em></strong></span> <span class='ocrx_word' id='word_1_588' title='bbox 3321 3441 3542 3510; x_wconf 85' lang='lat' dir='ltr'><strong><em>majoris</em></strong></span> <span class='ocrx_word' id='word_1_589' title='bbox 3571 3458 3683 3495; x_wconf 89' lang='lat' dir='ltr'><strong><em>mo-</em></strong></span> 
     </span>
    </p>
   </div>
   <div class='ocr_carea' id='block_1_81' title="bbox 2099 3530 3682 3600">
    <p class='ocr_par' dir='ltr' id='par_1_81' title="bbox 2099 3530 3682 3600">
     <span class='ocr_line' id='line_1_81' title="bbox 2099 3530 3682 3600; baseline -0.001 -13"><span class='ocrx_word' id='word_1_590' title='bbox 2099 3534 2262 3588; x_wconf 88' lang='lat' dir='ltr'><strong><em>menti</em></strong></span> <span class='ocrx_word' id='word_1_591' title='bbox 2281 3533 2454 3586; x_wconf 85' lang='lat' dir='ltr'><strong><em>cibum</em></strong></span> <span class='ocrx_word' id='word_1_592' title='bbox 2472 3534 2698 3587; x_wconf 73' lang='lat' dir='ltr'><strong><em>convivw</em></strong></span> <span class='ocrx_word' id='word_1_593' title='bbox 2732 3535 2967 3585; x_wconf 77' lang='lat' dir='ltr'><strong><em>animum</em></strong></span> <span class='ocrx_word' id='word_1_594' title='bbox 2987 3534 3258 3586; x_wconf 82' lang='lat' dir='ltr'><strong><em>excitaret.</em></strong></span> <span class='ocrx_word' id='word_1_595' title='bbox 3275 3530 3386 3584; x_wconf 88' lang='lat' dir='ltr'><strong><em>Nec</em></strong></span> <span class='ocrx_word' id='word_1_596' title='bbox 3405 3534 3541 3585; x_wconf 85' lang='lat' dir='ltr'><strong><em>enim</em></strong></span> <span class='ocrx_word' id='word_1_597' title='bbox 3581 3549 3682 3600; x_wconf 88' lang='lat' dir='ltr'><strong><em>par</em></strong></span> 
     </span>
    </p>
   </div>
   <div class='ocr_carea' id='block_1_82' title="bbox 2096 3626 3679 3694">
    <p class='ocr_par' dir='ltr' id='par_1_82' title="bbox 2096 3626 3679 3694">
     <span class='ocr_line' id='line_1_82' title="bbox 2096 3626 3679 3694; baseline -0.001 -14"><span class='ocrx_word' id='word_1_598' title='bbox 2096 3636 2210 3680; x_wconf 91' lang='lat' dir='ltr'><strong><em>erat</em></strong></span> <span class='ocrx_word' id='word_1_599' title='bbox 2241 3645 2270 3680; x_wconf 90' lang='lat' dir='ltr'><strong><em>a</em></strong></span> <span class='ocrx_word' id='word_1_600' title='bbox 2295 3627 2464 3691; x_wconf 89' lang='lat' dir='ltr'><strong><em>nobis,</em></strong></span> <span class='ocrx_word' id='word_1_601' title='bbox 2489 3629 2558 3680; x_wconf 91' lang='lat' dir='ltr'><strong><em>ad</em></strong></span> <span class='ocrx_word' id='word_1_602' title='bbox 2582 3629 2954 3680; x_wconf 87' lang='lat' dir='ltr'><strong><em>strenuitatem</em></strong></span> <span class='ocrx_word' id='word_1_603' title='bbox 2972 3636 3020 3680; x_wconf 89' lang='lat' dir='ltr'><strong><em>te</em></strong></span> <span class='ocrx_word' id='word_1_604' title='bbox 3050 3626 3470 3689; x_wconf 84' lang='lat' dir='ltr'><strong><em>cohortantibus,</em></strong></span> <span class='ocrx_word' id='word_1_605' title='bbox 3512 3627 3679 3694; x_wconf 63' lang='lat' dir='ltr'><strong><em>ineffi-</em></strong></span> 
     </span>
    </p>
   </div>
   <div class='ocr_carea' id='block_1_83' title="bbox 2097 3718 3682 3787">
    <p class='ocr_par' dir='ltr' id='par_1_83' title="bbox 2097 3718 3682 3787">
     <span class='ocr_line' id='line_1_83' title="bbox 2097 3718 3682 3787; baseline -0.001 -15"><span class='ocrx_word' id='word_1_606' title='bbox 2097 3737 2242 3776; x_wconf 85' lang='lat' dir='ltr'><strong><em>caces</em></strong></span> <span class='ocrx_word' id='word_1_607' title='bbox 2270 3737 2332 3773; x_wconf 89' lang='lat' dir='ltr'><strong><em>ac</em></strong></span> <span class='ocrx_word' id='word_1_608' title='bbox 2363 3719 2545 3774; x_wconf 87' lang='lat' dir='ltr'><strong><em>molles</em></strong></span> <span class='ocrx_word' id='word_1_609' title='bbox 2565 3719 2659 3771; x_wconf 86' lang='lat' dir='ltr'><strong><em>tibi</em></strong></span> <span class='ocrx_word' id='word_1_610' title='bbox 2694 3719 2838 3773; x_wconf 80' lang='lat' dir='ltr'><strong><em>cibos</em></strong></span> <span class='ocrx_word' id='word_1_611' title='bbox 2884 3720 3089 3787; x_wconf 71' lang='lat' dir='ltr'><strong><em>offerri.</em></strong></span> <span class='ocrx_word' id='word_1_612' title='bbox 3117 3719 3194 3775; x_wconf 88' lang='lat' dir='ltr'><strong><em>Tu</em></strong></span> <span class='ocrx_word' id='word_1_613' title='bbox 3257 3721 3442 3773; x_wconf 83' lang='lat' dir='ltr'><strong><em>mentis</em></strong></span> <span class='ocrx_word' id='word_1_614' title='bbox 3496 3718 3682 3775; x_wconf 79' lang='lat' dir='ltr'><strong><em>robore</em></strong></span> 
     </span>
    </p>
   </div>
   <div class='ocr_carea' id='block_1_84' title="bbox 2097 3808 3682 3878">
    <p class='ocr_par' dir='ltr' id='par_1_84' title="bbox 2097 3808 3682 3878">
     <span class='ocr_line' id='line_1_84' title="bbox 2097 3808 3682 3878; baseline -0.003 -14"><span class='ocrx_word' id='word_1_615' title='bbox 2097 3811 2351 3878; x_wconf 86' lang='lat' dir='ltr'><strong><em>quidquid</em></strong></span> <span class='ocrx_word' id='word_1_616' title='bbox 2407 3811 2684 3878; x_wconf 88' lang='lat' dir='ltr'><strong><em>dif/icilius</em></strong></span> <span class='ocrx_word' id='word_1_617' title='bbox 2737 3821 2836 3871; x_wconf 85' lang='lat' dir='ltr'><strong><em>est,</em></strong></span> <span class='ocrx_word' id='word_1_618' title='bbox 2894 3811 3138 3878; x_wconf 83' lang='lat' dir='ltr'><strong><em>digerens</em></strong></span> <span class='ocrx_word' id='word_1_619' title='bbox 3189 3820 3326 3865; x_wconf 81' lang='lat' dir='ltr'><strong><em>recte</em></strong></span> <span class='ocrx_word' id='word_1_620' title='bbox 3391 3808 3682 3864; x_wconf 82' lang='lat' dir='ltr'><strong><em>medullam</em></strong></span> 
     </span>
    </p>
   </div>
   <div class='ocr_carea' id='block_1_85' title="bbox 2097 3901 3682 3970">
    <p class='ocr_par' dir='ltr' id='par_1_85' title="bbox 2097 3901 3682 3970">
     <span class='ocr_line' id='line_1_85' title="bbox 2097 3901 3682 3970; baseline 0.001 -18"><span class='ocrx_word' id='word_1_621' title='bbox 2097 3901 2270 3970; x_wconf 86' lang='lat' dir='ltr'><strong><em>ipsam</em></strong></span> <span class='ocrx_word' id='word_1_622' title='bbox 2302 3901 2625 3956; x_wconf 81' lang='lat' dir='ltr'><strong><em>esculentam</em></strong></span> <span class='ocrx_word' id='word_1_623' title='bbox 2658 3901 2753 3954; x_wconf 88' lang='lat' dir='ltr'><strong><em>tibi</em></strong></span> <span class='ocrx_word' id='word_1_624' title='bbox 2782 3901 3010 3964; x_wconf 90' lang='lat' dir='ltr'><strong><em>reddito,</em></strong></span> <span class='ocrx_word' id='word_1_625' title='bbox 3073 3918 3188 3970; x_wconf 76' lang='lat' dir='ltr'><strong><em>quea</em></strong></span> <span class='ocrx_word' id='word_1_626' title='bbox 3235 3901 3470 3955; x_wconf 86' lang='lat' dir='ltr'><strong><em>animum</em></strong></span> <span class='ocrx_word' id='word_1_627' title='bbox 3533 3909 3682 3954; x_wconf 84' lang='lat' dir='ltr'><strong><em>tuum</em></strong></span> 
     </span>
    </p>
   </div>
   <div class='ocr_carea' id='block_1_86' title="bbox 2101 3991 3682 4062">
    <p class='ocr_par' dir='ltr' id='par_1_86' title="bbox 2101 3991 3682 4062">
     <span class='ocr_line' id='line_1_86' title="bbox 2101 3991 3682 4062; baseline 0.001 -16"><span class='ocrx_word' id='word_1_628' title='bbox 2101 3991 2264 4046; x_wconf 88' lang='lat' dir='ltr'><strong><em>multo</em></strong></span> <span class='ocrx_word' id='word_1_629' title='bbox 2293 4008 2418 4045; x_wconf 86' lang='lat' dir='ltr'><strong><em>sane</em></strong></span> <span class='ocrx_word' id='word_1_630' title='bbox 2442 3992 2708 4047; x_wconf 88' lang='lat' dir='ltr'><strong><em>meliorem</em></strong></span> <span class='ocrx_word' id='word_1_631' title='bbox 2761 3993 2963 4061; x_wconf 72' lang='lat' dir='ltr'><strong><em>efficiet,</em></strong></span> <span class='ocrx_word' id='word_1_632' title='bbox 3023 4009 3182 4062; x_wconf 89' lang='lat' dir='ltr'><strong><em>quam</em></strong></span> <span class='ocrx_word' id='word_1_633' title='bbox 3228 4009 3414 4060; x_wconf 88' lang='lat' dir='ltr'><strong><em>corpus</em></strong></span> <span class='ocrx_word' id='word_1_634' title='bbox 3452 3992 3682 4048; x_wconf 79' lang='lat' dir='ltr'><strong><em>Achillis</em></strong></span> 
     </span>
    </p>
   </div>
   <div class='ocr_carea' id='block_1_87' title="bbox 2101 4068 3682 4154">
    <p class='ocr_par' dir='ltr' id='par_1_87' title="bbox 2101 4068 3682 4154">
     <span class='ocr_line' id='line_1_87' title="bbox 2101 4068 3682 4154; baseline 0.004 -20"><span class='ocrx_word' id='word_1_635' title='bbox 2101 4081 2330 4148; x_wconf 84' lang='lat' dir='ltr'><strong><em>leonum,</em></strong></span> <span class='ocrx_word' id='word_1_636' title='bbox 2355 4084 2494 4136; x_wconf 73' lang='lat' dir='ltr'><strong><em>utin</em></strong></span> <span class='ocrx_word' id='word_1_637' title='bbox 2516 4082 2716 4153; x_wconf 89' lang='lat' dir='ltr'><strong><em>fabulis</em></strong></span> <span class='ocrx_word' id='word_1_638' title='bbox 2739 4093 2839 4146; x_wconf 88' lang='lat' dir='ltr'><strong><em>est,</em></strong></span> <span class='ocrx_word' id='word_1_639' title='bbox 2865 4083 3129 4140; x_wconf 64' lang='lat' dir='ltr'><strong><em>medullas.</em></strong></span> <span class='ocrx_word' id='word_1_640' title='bbox 3156 4068 3294 4137; x_wconf 84' lang='lat' dir='ltr'><strong><em>Nam</em></strong></span> <span class='ocrx_word' id='word_1_641' title='bbox 3324 4085 3452 4137; x_wconf 81' lang='lat' dir='ltr'><strong><em>mitti</em></strong></span> <span class='ocrx_word' id='word_1_642' title='bbox 3472 4083 3682 4154; x_wconf 79' lang='lat' dir='ltr'><strong><em>quidem</em></strong></span> 
     </span>
    </p>
   </div>
   <div class='ocr_carea' id='block_1_88' title="bbox 2097 4175 3680 4246">
    <p class='ocr_par' dir='ltr' id='par_1_88' title="bbox 2097 4175 3680 4246">
     <span class='ocr_line' id='line_1_88' title="bbox 2097 4175 3680 4246; baseline 0 -18"><span class='ocrx_word' id='word_1_643' title='bbox 2097 4190 2407 4244; x_wconf 86' lang='lat' dir='ltr'><strong><em>persuasum</em></strong></span> <span class='ocrx_word' id='word_1_644' title='bbox 2425 4185 2525 4240; x_wconf 82' lang='lat' dir='ltr'><strong><em>est,</em></strong></span> <span class='ocrx_word' id='word_1_645' title='bbox 2552 4184 2754 4228; x_wconf 87' lang='lat' dir='ltr'><strong><em>tantum</em></strong></span> <span class='ocrx_word' id='word_1_646' title='bbox 2768 4175 2851 4230; x_wconf 85' lang='lat' dir='ltr'><strong><em>hic</em></strong></span> <span class='ocrx_word' id='word_1_647' title='bbox 2867 4176 3036 4229; x_wconf 83' lang='lat' dir='ltr'><strong><em>inesse</em></strong></span> <span class='ocrx_word' id='word_1_648' title='bbox 3059 4179 3286 4246; x_wconf 83' lang='lat' dir='ltr'><strong><em>fructus,</em></strong></span> <span class='ocrx_word' id='word_1_649' title='bbox 3317 4177 3456 4240; x_wconf 84' lang='lat' dir='ltr'><strong><em>ut,si</em></strong></span> <span class='ocrx_word' id='word_1_650' title='bbox 3471 4177 3680 4244; x_wconf 78' lang='lat' dir='ltr'><strong><em>quidem</em></strong></span> 
     </span>
    </p>
   </div>
   <div class='ocr_carea' id='block_1_89' title="bbox 2096 4267 3680 4336">
    <p class='ocr_par' dir='ltr' id='par_1_89' title="bbox 2096 4267 3680 4336">
     <span class='ocr_line' id='line_1_89' title="bbox 2096 4267 3680 4336; baseline -0.001 -15"><span class='ocrx_word' id='word_1_651' title='bbox 2096 4282 2216 4321; x_wconf 88' lang='lat' dir='ltr'><strong><em>eum</em></strong></span> <span class='ocrx_word' id='word_1_652' title='bbox 2249 4267 2482 4322; x_wconf 83' lang='lat' dir='ltr'><strong><em>studiose</em></strong></span> <span class='ocrx_word' id='word_1_653' title='bbox 2511 4267 2853 4334; x_wconf 88' lang='lat' dir='ltr'><strong><em>decerpseris,</em></strong></span> <span class='ocrx_word' id='word_1_654' title='bbox 2898 4267 3057 4336; x_wconf 81' lang='lat' dir='ltr'><strong><em>facile</em></strong></span> <span class='ocrx_word' id='word_1_655' title='bbox 3074 4267 3564 4334; x_wconf 76' lang='lat' dir='ltr'><strong><em>prwstaatissimus</em></strong></span> <span class='ocrx_word' id='word_1_656' title='bbox 3631 4278 3680 4319; x_wconf 85' lang='lat' dir='ltr'><strong><em>et</em></strong></span> 
     </span>
    </p>
   </div>
   <div class='ocr_carea' id='block_1_90' title="bbox 2097 4357 3684 4430">
    <p class='ocr_par' dir='ltr' id='par_1_90' title="bbox 2097 4357 3684 4430">
     <span class='ocr_line' id='line_1_90' title="bbox 2097 4357 3684 4430; baseline -0.001 -19"><span class='ocrx_word' id='word_1_657' title='bbox 2097 4358 2368 4411; x_wconf 84' lang='lat' dir='ltr'><strong><em>hominum</em></strong></span> <span class='ocrx_word' id='word_1_658' title='bbox 2393 4359 2465 4412; x_wconf 86' lang='lat' dir='ltr'><strong><em>sis</em></strong></span> <span class='ocrx_word' id='word_1_659' title='bbox 2488 4374 2744 4415; x_wconf 87' lang='lat' dir='ltr'><strong><em>evasurus</em></strong></span> <span class='ocrx_word' id='word_1_660' title='bbox 2779 4369 2826 4413; x_wconf 89' lang='lat' dir='ltr'><strong><em>et</em></strong></span> <span class='ocrx_word' id='word_1_661' title='bbox 2847 4375 3048 4429; x_wconf 82' lang='lat' dir='ltr'><strong><em>regum.</em></strong></span> <span class='ocrx_word' id='word_1_662' title='bbox 3075 4359 3229 4430; x_wconf 81' lang='lat' dir='ltr'><strong><em>Quod</em></strong></span> <span class='ocrx_word' id='word_1_663' title='bbox 3259 4361 3304 4416; x_wconf 90' lang='lat' dir='ltr'><strong><em>si</em></strong></span> <span class='ocrx_word' id='word_1_664' title='bbox 3336 4367 3522 4416; x_wconf 85' lang='lat' dir='ltr'><strong><em>auctor</em></strong></span> <span class='ocrx_word' id='word_1_665' title='bbox 3586 4357 3684 4410; x_wconf 76' lang='lat' dir='ltr'><strong><em>Ito-</em></strong></span> 
     </span>
    </p>
   </div>
   <div class='ocr_carea' id='block_1_91' title="bbox 2099 4453 3682 4523">
    <p class='ocr_par' dir='ltr' id='par_1_91' title="bbox 2099 4453 3682 4523">
     <span class='ocr_line' id='line_1_91' title="bbox 2099 4453 3682 4523; baseline -0.002 -17"><span class='ocrx_word' id='word_1_666' title='bbox 2099 4468 2216 4506; x_wconf 87' lang='lat' dir='ltr'><strong><em>rum</em></strong></span> <span class='ocrx_word' id='word_1_667' title='bbox 2238 4468 2332 4520; x_wconf 90' lang='lat' dir='ltr'><strong><em>ego</em></strong></span> <span class='ocrx_word' id='word_1_668' title='bbox 2365 4454 2530 4510; x_wconf 88' lang='lat' dir='ltr'><strong><em>multo</em></strong></span> <span class='ocrx_word' id='word_1_669' title='bbox 2552 4469 2668 4508; x_wconf 86' lang='lat' dir='ltr'><strong><em>sum</em></strong></span> <span class='ocrx_word' id='word_1_670' title='bbox 2705 4454 2930 4523; x_wconf 81' lang='lat' dir='ltr'><strong><em>inferior</em></strong></span> <span class='ocrx_word' id='word_1_671' title='bbox 2957 4455 3046 4517; x_wconf 87' lang='lat' dir='ltr'><strong><em>iis,</em></strong></span> <span class='ocrx_word' id='word_1_672' title='bbox 3084 4469 3201 4522; x_wconf 67' lang='lat' dir='ltr'><strong><em>quae</em></strong></span> <span class='ocrx_word' id='word_1_673' title='bbox 3240 4453 3324 4506; x_wconf 80' lang='lat' dir='ltr'><strong><em>hic</em></strong></span> <span class='ocrx_word' id='word_1_674' title='bbox 3360 4469 3392 4505; x_wconf 92' lang='lat' dir='ltr'><strong><em>a</em></strong></span> <span class='ocrx_word' id='word_1_675' title='bbox 3427 4468 3506 4505; x_wconf 85' lang='lat' dir='ltr'><strong><em>me</em></strong></span> <span class='ocrx_word' id='word_1_676' title='bbox 3562 4467 3682 4519; x_wconf 79' lang='lat' dir='ltr'><strong><em>per-</em></strong></span> 
     </span>
    </p>
   </div>
   <div class='ocr_carea' id='block_1_92' title="bbox 417 4533 1998 4616">
    <p class='ocr_par' dir='ltr' id='par_1_92' title="bbox 417 4533 1990 4606">
     <span class='ocr_line' id='line_1_92' title="bbox 417 4533 1990 4606; baseline -0.001 -17"><span class='ocrx_word' id='word_1_677' title='bbox 417 4537 686 4606; x_wconf 63' lang='grc' dir='ltr'><em>δρέψαιο,</em></span> <span class='ocrx_word' id='word_1_678' title='bbox 732 4537 956 4604; x_wconf 80' lang='grc' dir='ltr'><em>ῥᾳδίως</em></span> <span class='ocrx_word' id='word_1_679' title='bbox 983 4535 1293 4604; x_wconf 69' lang='grc' dir='ltr'><em>ἀποφήναι</em></span> <span class='ocrx_word' id='word_1_680' title='bbox 1332 4550 1406 4590; x_wconf 90' lang='grc' dir='ltr'><strong><em>σε</em></strong></span> <span class='ocrx_word' id='word_1_681' title='bbox 1454 4534 1706 4601; x_wconf 81' lang='grc' dir='ltr'><em>ἄριστον</em></span> <span class='ocrx_word' id='word_1_682' title='bbox 1753 4533 1990 4601; x_wconf 84' lang='grc' dir='ltr'><em>ἀνδρῶν</em></span> 
     </span>
    </p>
   </div>
   <div class='ocr_carea' id='block_1_93' title="bbox 2099 4533 3671 4616">
    <p class='ocr_par' dir='ltr' id='par_1_93' title="bbox 2099 4544 3671 4616">
     <span class='ocr_line' id='line_1_93' title="bbox 2099 4544 3671 4616; baseline -0.002 -19"><span class='ocrx_word' id='word_1_683' title='bbox 2099 4546 2293 4614; x_wconf 76' lang='grc' dir='ltr'><em>ιςνίρια</em></span> <span class='ocrx_word' id='word_1_684' title='bbox 2327 4553 2490 4600; x_wconf 86' lang='lat' dir='ltr'><strong><em>sunt:</em></strong></span> <span class='ocrx_word' id='word_1_685' title='bbox 2525 4547 2742 4603; x_wconf 87' lang='lat' dir='ltr'><strong><em>minime</em></strong></span> <span class='ocrx_word' id='word_1_686' title='bbox 2793 4545 2848 4600; x_wconf 88' lang='lat' dir='ltr'><strong><em>id</em></strong></span> <span class='ocrx_word' id='word_1_687' title='bbox 2883 4546 3093 4616; x_wconf 85' lang='lat' dir='ltr'><strong><em>quidem</em></strong></span> <span class='ocrx_word' id='word_1_688' title='bbox 3149 4544 3520 4612; x_wconf 83' lang='lat' dir='ltr'><strong><em>impedimento</em></strong></span> <span class='ocrx_word' id='word_1_689' title='bbox 3572 4544 3671 4597; x_wconf 89' lang='lat' dir='ltr'><strong><em>tibi</em></strong></span> 
     </span>
    </p>
   </div>
   <div class='ocr_carea' id='block_1_94' title="bbox 417 4623 1992 4698">
    <p class='ocr_par' dir='ltr' id='par_1_94' title="bbox 417 4623 1992 4698">
     <span class='ocr_line' id='line_1_94' title="bbox 417 4623 1992 4698; baseline -0.004 -16"><span class='ocrx_word' id='word_1_690' title='bbox 417 4646 482 4682; x_wconf 91' lang='grc' dir='ltr'><strong><em>τε</em></strong></span> <span class='ocrx_word' id='word_1_691' title='bbox 508 4627 604 4681; x_wconf 78' lang='grc' dir='ltr'><em>καὶ</em></span> <span class='ocrx_word' id='word_1_692' title='bbox 618 4629 945 4690; x_wconf 70' lang='grc' dir='ltr'><em>βασιλέων.</em></span> <span class='ocrx_word' id='word_1_693' title='bbox 970 4629 1038 4680; x_wconf 88' lang='lat' dir='ltr'><strong><em>El</em></strong></span> <span class='ocrx_word' id='word_1_694' title='bbox 1058 4627 1108 4683; x_wconf 85' lang='grc' dir='ltr'><em>δ’</em></span> <span class='ocrx_word' id='word_1_695' title='bbox 1134 4630 1165 4679; x_wconf 85' lang='grc' dir='ltr'><em>ὀ</em></span> <span class='ocrx_word' id='word_1_696' title='bbox 1188 4627 1372 4679; x_wconf 83' lang='grc' dir='ltr'><em>ταῦτα</em></span> <span class='ocrx_word' id='word_1_697' title='bbox 1393 4625 1632 4698; x_wconf 65' lang='grc' dir='ltr'><em>γράφων</em></span> <span class='ocrx_word' id='word_1_698' title='bbox 1651 4625 1764 4696; x_wconf 77' lang='grc' dir='ltr'><strong><em>ἐγὼ</em></strong></span> <span class='ocrx_word' id='word_1_699' title='bbox 1784 4623 1992 4690; x_wconf 82' lang='grc' dir='ltr'><em>πολλῷ</em></span> 
     </span>
    </p>
   </div>
   <div class='ocr_carea' id='block_1_95' title="bbox 416 4715 1992 4788">
    <p class='ocr_par' dir='ltr' id='par_1_95' title="bbox 416 4715 1992 4788">
     <span class='ocr_line' id='line_1_95' title="bbox 416 4715 1992 4788; baseline -0.002 -17"><span class='ocrx_word' id='word_1_700' title='bbox 416 4718 620 4787; x_wconf 83' lang='grc' dir='ltr'><em>χεῖρον</em></span> <span class='ocrx_word' id='word_1_701' title='bbox 637 4719 754 4788; x_wconf 75' lang='grc' dir='ltr'><strong><em>ἔχω</em></strong></span> <span class='ocrx_word' id='word_1_702' title='bbox 784 4717 902 4770; x_wconf 86' lang='grc' dir='ltr'><strong><em>τῶν</em></strong></span> <span class='ocrx_word' id='word_1_703' title='bbox 921 4717 1363 4786; x_wconf 72' lang='grc' dir='ltr'><em>τεγραμμένων,</em></span> <span class='ocrx_word' id='word_1_704' title='bbox 1392 4718 1554 4772; x_wconf 81' lang='grc' dir='ltr'><em>ἀλλά</em></span> <span class='ocrx_word' id='word_1_705' title='bbox 1580 4730 1678 4774; x_wconf 89' lang='grc' dir='ltr'><strong><em>σοι</em></strong></span> <span class='ocrx_word' id='word_1_706' title='bbox 1706 4715 1792 4788; x_wconf 84' lang='grc' dir='ltr'><em>μὴ</em></span> <span class='ocrx_word' id='word_1_707' title='bbox 1816 4715 1992 4768; x_wconf 81' lang='grc' dir='ltr'><em>τοῦτο</em></span> 
     </span>
    </p>
   </div>
   <div class='ocr_carea' id='block_1_96' title="bbox 414 4805 1993 4881">
    <p class='ocr_par' dir='ltr' id='par_1_96' title="bbox 414 4805 1993 4881">
     <span class='ocr_line' id='line_1_96' title="bbox 414 4805 1993 4881; baseline 0 -19"><span class='ocrx_word' id='word_1_708' title='bbox 414 4812 570 4862; x_wconf 76' lang='grc' dir='ltr'><em>ἔστω</em></span> <span class='ocrx_word' id='word_1_709' title='bbox 602 4809 751 4875; x_wconf 85' lang='grc' dir='ltr'><em>πρὸς</em></span> <span class='ocrx_word' id='word_1_710' title='bbox 779 4809 846 4860; x_wconf 84' lang='grc' dir='ltr'><em>τὸ</em></span> <span class='ocrx_word' id='word_1_711' title='bbox 872 4810 1066 4862; x_wconf 73' lang='grc' dir='ltr'><em>καλὸν</em></span> <span class='ocrx_word' id='word_1_712' title='bbox 1105 4808 1368 4877; x_wconf 85' lang='grc' dir='ltr'><em>κώλυμα,</em></span> <span class='ocrx_word' id='word_1_713' title='bbox 1402 4807 1440 4876; x_wconf 82' lang='grc' dir='ltr'><em>ἢ</em></span> <span class='ocrx_word' id='word_1_714' title='bbox 1474 4805 1677 4881; x_wconf 72' lang='grc' dir='ltr'><em>εἶργόν</em></span> <span class='ocrx_word' id='word_1_715' title='bbox 1703 4827 1756 4865; x_wconf 90' lang='grc' dir='ltr'><strong><em>τι</em></strong></span> <span class='ocrx_word' id='word_1_716' title='bbox 1813 4824 1993 4862; x_wconf 82' lang='grc' dir='ltr'><em>τοπα-</em></span> 
     </span>
    </p>
   </div>
   <div class='ocr_carea' id='block_1_97' title="bbox 408 4900 1992 4971">
    <p class='ocr_par' dir='ltr' id='par_1_97' title="bbox 408 4900 1992 4971">
     <span class='ocr_line' id='line_1_97' title="bbox 408 4900 1992 4971; baseline 0.001 -16"><span class='ocrx_word' id='word_1_717' title='bbox 408 4902 613 4970; x_wconf 84' lang='grc' dir='ltr'><em>ράπαν</em></span> <span class='ocrx_word' id='word_1_718' title='bbox 640 4919 651 4930; x_wconf 93' lang='grc'><strong>·</strong></span> <span class='ocrx_word' id='word_1_719' title='bbox 686 4901 824 4956; x_wconf 81' lang='grc' dir='ltr'><em>ἀλλ’</em></span> <span class='ocrx_word' id='word_1_720' title='bbox 849 4902 905 4952; x_wconf 81' lang='grc' dir='ltr'><em>ει</em></span> <span class='ocrx_word' id='word_1_721' title='bbox 938 4902 1053 4955; x_wconf 88' lang='grc' dir='ltr'><em>πού</em></span> <span class='ocrx_word' id='word_1_722' title='bbox 1083 4918 1139 4954; x_wconf 90' lang='grc' dir='ltr'><strong><em>τι</em></strong></span> <span class='ocrx_word' id='word_1_723' title='bbox 1169 4903 1263 4954; x_wconf 75' lang='grc' dir='ltr'><em>καὶ</em></span> <span class='ocrx_word' id='word_1_724' title='bbox 1296 4900 1548 4965; x_wconf 77' lang='grc' dir='ltr'><em>βέλτιον</em></span> <span class='ocrx_word' id='word_1_725' title='bbox 1576 4903 1821 4971; x_wconf 83' lang='grc' dir='ltr'><em>εὓρηται</em></span> <span class='ocrx_word' id='word_1_726' title='bbox 1853 4902 1992 4970; x_wconf 83' lang='grc' dir='ltr'><em>παρ’</em></span> 
     </span>
    </p>
   </div>
   <div class='ocr_carea' id='block_1_98' title="bbox 412 4993 1993 5063">
    <p class='ocr_par' dir='ltr' id='par_1_98' title="bbox 412 4993 1993 5063">
     <span class='ocr_line' id='line_1_98' title="bbox 412 4993 1993 5063; baseline -0.001 -15"><span class='ocrx_word' id='word_1_727' title='bbox 412 4995 563 5063; x_wconf 77' lang='grc' dir='ltr'><em>ἐμοὶ,</em></span> <span class='ocrx_word' id='word_1_728' title='bbox 599 4993 728 5048; x_wconf 79' lang='grc' dir='ltr'><em>ἐπεὶ</em></span> <span class='ocrx_word' id='word_1_729' title='bbox 771 4993 984 5062; x_wconf 71' lang='grc' dir='ltr'><em>μηδεὶς</em></span> <span class='ocrx_word' id='word_1_730' title='bbox 1029 4994 1344 5061; x_wconf 80' lang='grc' dir='ltr'><em>ἐστέρηται</em></span> <span class='ocrx_word' id='word_1_731' title='bbox 1397 4995 1640 5049; x_wconf 84' lang='grc' dir='ltr'><em>πάντων</em></span> <span class='ocrx_word' id='word_1_732' title='bbox 1686 4994 1832 5063; x_wconf 78' lang='grc' dir='ltr'><em>ἑξῆς</em></span> <span class='ocrx_word' id='word_1_733' title='bbox 1873 4995 1993 5047; x_wconf 82' lang='grc' dir='ltr'><strong><em>τῶν</em></strong></span> 
     </span>
    </p>
   </div>
   <div class='ocr_carea' id='block_1_99' title="bbox 413 5085 1987 5156">
    <p class='ocr_par' dir='ltr' id='par_1_99' title="bbox 413 5085 1987 5156">
     <span class='ocr_line' id='line_1_99' title="bbox 413 5085 1987 5156; baseline -0.001 -17"><span class='ocrx_word' id='word_1_734' title='bbox 413 5085 642 5145; x_wconf 82' lang='grc' dir='ltr'><em>καλῶν,</em></span> <span class='ocrx_word' id='word_1_735' title='bbox 684 5085 836 5152; x_wconf 75' lang='grc' dir='ltr'><strong><em>ἡγοῦ</em></strong></span> <span class='ocrx_word' id='word_1_736' title='bbox 879 5099 977 5138; x_wconf 91' lang='grc' dir='ltr'><strong><em>σοι</em></strong></span> <span class='ocrx_word' id='word_1_737' title='bbox 1016 5085 1269 5150; x_wconf 87' lang='grc' dir='ltr'><em>πρέπειν</em></span> <span class='ocrx_word' id='word_1_738' title='bbox 1294 5087 1472 5140; x_wconf 84' lang='grc' dir='ltr'><em>τοῦτο</em></span> <span class='ocrx_word' id='word_1_739' title='bbox 1503 5087 1987 5156; x_wconf 83' lang='grc' dir='ltr'><em>κληρονομῆσαι,</em></span> 
     </span>
    </p>
   </div>
   <div class='ocr_carea' id='block_1_100' title="bbox 412 5175 1991 5250">
    <p class='ocr_par' dir='ltr' id='par_1_100' title="bbox 412 5175 1991 5250">
     <span class='ocr_line' id='line_1_100' title="bbox 412 5175 1991 5250; baseline 0.001 -20"><span class='ocrx_word' id='word_1_740' title='bbox 412 5176 692 5243; x_wconf 78' lang='grc' dir='ltr'><em>καὶπρὸς</em></span> <span class='ocrx_word' id='word_1_741' title='bbox 741 5175 1022 5232; x_wconf 80' lang='grc' dir='ltr'><em>ἐπίδοσιν</em></span> <span class='ocrx_word' id='word_1_742' title='bbox 1066 5177 1313 5248; x_wconf 69' lang='grc' dir='ltr'><em>ἀγαγεῖν</em></span> <span class='ocrx_word' id='word_1_743' title='bbox 1351 5178 1563 5242; x_wconf 87' lang='grc' dir='ltr'><em>πολλῷ</em></span> <span class='ocrx_word' id='word_1_744' title='bbox 1606 5195 1682 5250; x_wconf 75' lang='grc' dir='ltr'><strong><em>τε.</em></strong></span> <span class='ocrx_word' id='word_1_745' title='bbox 1725 5181 1991 5246; x_wconf 84' lang='grc' dir='ltr'><em>κρείσσω</em></span> 
     </span>
    </p>
   </div>
   <div class='ocr_carea' id='block_1_101' title="bbox 411 5257 1988 5339">
    <p class='ocr_par' dir='ltr' id='par_1_101' title="bbox 411 5257 1988 5339">
     <span class='ocr_line' id='line_1_101' title="bbox 411 5257 1988 5339; baseline 0.002 -17"><span class='ocrx_word' id='word_1_746' title='bbox 411 5267 922 5338; x_wconf 68' lang='grc' dir='ltr'><em>φιλοτιμήσεσθαι</em></span> <span class='ocrx_word' id='word_1_747' title='bbox 954 5269 990 5337; x_wconf 81' lang='grc' dir='ltr'><strong><em>ἣ</em></strong></span> <span class='ocrx_word' id='word_1_748' title='bbox 1020 5269 1136 5335; x_wconf 81' lang='grc' dir='ltr'><em>τὴν</em></span> <span class='ocrx_word' id='word_1_749' title='bbox 1167 5270 1389 5323; x_wconf 86' lang='grc' dir='ltr'><em>οὐσίαν</em></span> <span class='ocrx_word' id='word_1_750' title='bbox 1423 5271 1537 5338; x_wconf 81' lang='grc' dir='ltr'><em>τὴν</em></span> <span class='ocrx_word' id='word_1_751' title='bbox 1558 5275 1856 5339; x_wconf 77' lang='grc' dir='ltr'><em>πατρικὴν</em></span> <span class='ocrx_word' id='word_1_752' title='bbox 1882 5257 1988 5325; x_wconf 26' lang='grc' dir='ltr'><em>’καὶ</em></span> 
     </span>
    </p>
   </div>
   <div class='ocr_carea' id='block_1_102' title="bbox 406 5361 1991 5433">
    <p class='ocr_par' dir='ltr' id='par_1_102' title="bbox 406 5361 1991 5433">
     <span class='ocr_line' id='line_1_102' title="bbox 406 5361 1991 5433; baseline 0.003 -18"><span class='ocrx_word' id='word_1_753' title='bbox 406 5362 739 5425; x_wconf 78' lang='grc' dir='ltr'><em>,ϐασιλείαν</em></span> <span class='ocrx_word' id='word_1_754' title='bbox 787 5361 1000 5429; x_wconf 81' lang='grc' dir='ltr'><em>αὑτήν.</em></span> <span class='ocrx_word' id='word_1_755' title='bbox 1057 5361 1216 5430; x_wconf 83' lang='grc' dir='ltr'><em>Τάμὰ</em></span> <span class='ocrx_word' id='word_1_756' title='bbox 1257 5362 1325 5414; x_wconf 85' lang='grc' dir='ltr'><em>δὲ</em></span> <span class='ocrx_word' id='word_1_757' title='bbox 1355 5362 1738 5430; x_wconf 57' lang='grc' dir='ltr'><em>ἐλαττώματα</em></span> <span class='ocrx_word' id='word_1_758' title='bbox 1773 5364 1991 5433; x_wconf 89' lang='grc' dir='ltr'><em>διορῶν</em></span> 
     </span>
    </p>
   </div>
   <div class='ocr_carea' id='block_1_103' title="bbox 417 5451 1991 5525">
    <p class='ocr_par' dir='ltr' id='par_1_103' title="bbox 417 5451 1991 5525">
     <span class='ocr_line' id='line_1_103' title="bbox 417 5451 1991 5525; baseline 0.003 -19"><span class='ocrx_word' id='word_1_759' title='bbox 417 5451 640 5524; x_wconf 83' lang='grc' dir='ltr'><em>(πολλὰ</em></span> <span class='ocrx_word' id='word_1_760' title='bbox 693 5452 746 5504; x_wconf 88' lang='grc' dir='ltr'><em>δ’</em></span> <span class='ocrx_word' id='word_1_761' title='bbox 795 5452 948 5516; x_wconf 75' lang='grc' dir='ltr'><em>ἐστὶ,</em></span> <span class='ocrx_word' id='word_1_762' title='bbox 985 5455 1081 5507; x_wconf 79' lang='grc' dir='ltr'><em>καὶ</em></span> <span class='ocrx_word' id='word_1_763' title='bbox 1122 5455 1377 5524; x_wconf 65' lang='grc' dir='ltr'><em>μεγάλα)</em></span> <span class='ocrx_word' id='word_1_764' title='bbox 1407 5454 1546 5509; x_wconf 87' lang='grc' dir='ltr'><em>θέλε</em></span> <span class='ocrx_word' id='word_1_765' title='bbox 1596 5473 1648 5508; x_wconf 90' lang='grc' dir='ltr'><strong><em>τι</em></strong></span> <span class='ocrx_word' id='word_1_766' title='bbox 1686 5457 1785 5509; x_wconf 75' lang='grc' dir='ltr'><em>καὶ</em></span> <span class='ocrx_word' id='word_1_767' title='bbox 1830 5458 1991 5525; x_wconf 83' lang='grc' dir='ltr'><em>παρὰ</em></span> 
     </span>
    </p>
   </div>
   <div class='ocr_carea' id='block_1_104' title="bbox 413 5545 1988 5620">
    <p class='ocr_par' dir='ltr' id='par_1_104' title="bbox 413 5545 1988 5620">
     <span class='ocr_line' id='line_1_104' title="bbox 413 5545 1988 5620; baseline 0.003 -21"><span class='ocrx_word' id='word_1_768' title='bbox 413 5548 641 5602; x_wconf 85' lang='grc' dir='ltr'><em>τούτων</em></span> <span class='ocrx_word' id='word_1_769' title='bbox 692 5545 994 5615; x_wconf 75' lang='grc' dir='ltr'><em>κερδᾶναι,</em></span> <span class='ocrx_word' id='word_1_770' title='bbox 1026 5546 1406 5602; x_wconf 76' lang='grc' dir='ltr'><em>διδάσκαλον</em></span> <span class='ocrx_word' id='word_1_771' title='bbox 1451 5550 1606 5604; x_wconf 83' lang='grc' dir='ltr'><em>αὐτὰ</em></span> <span class='ocrx_word' id='word_1_772' title='bbox 1636 5549 1988 5620; x_wconf 78' lang='grc' dir='ltr'><em>προστησά-</em></span> 
     </span>
    </p>
   </div>
   <div class='ocr_carea' id='block_1_105' title="bbox 407 5641 1991 5715">
    <p class='ocr_par' dir='ltr' id='par_1_105' title="bbox 407 5641 1991 5715">
     <span class='ocr_line' id='line_1_105' title="bbox 407 5641 1991 5715; baseline 0.005 -24"><span class='ocrx_word' id='word_1_773' title='bbox 407 5657 596 5707; x_wconf 85' lang='grc' dir='ltr'><em>μενος</em></span> <span class='ocrx_word' id='word_1_774' title='bbox 616 5641 762 5704; x_wconf 80' lang='grc' dir='ltr'><em>,βίου</em></span> <span class='ocrx_word' id='word_1_775' title='bbox 791 5659 854 5696; x_wconf 88' lang='grc' dir='ltr'><strong><em>τε</em></strong></span> <span class='ocrx_word' id='word_1_776' title='bbox 887 5642 1231 5710; x_wconf 81' lang='grc' dir='ltr'><em>ἀμείνονος,</em></span> <span class='ocrx_word' id='word_1_777' title='bbox 1259 5642 1357 5698; x_wconf 73' lang='grc' dir='ltr'><em>καὶ</em></span> <span class='ocrx_word' id='word_1_778' title='bbox 1389 5646 1697 5714; x_wconf 79' lang='grc' dir='ltr'><em>πολιτείας</em></span> <span class='ocrx_word' id='word_1_779' title='bbox 1725 5646 1991 5715; x_wconf 78' lang='grc' dir='ltr'><em>ἀσφαλε-</em></span> 
     </span>
    </p>
   </div>
   <div class='ocr_carea' id='block_1_106' title="bbox 411 5731 1990 5805">
    <p class='ocr_par' dir='ltr' id='par_1_106' title="bbox 411 5731 1990 5805">
     <span class='ocr_line' id='line_1_106' title="bbox 411 5731 1990 5805; baseline 0.005 -23"><span class='ocrx_word' id='word_1_780' title='bbox 411 5731 648 5798; x_wconf 89' lang='grc' dir='ltr'><em>στέρας.</em></span> <span class='ocrx_word' id='word_1_781' title='bbox 682 5733 885 5788; x_wconf 84' lang='grc' dir='ltr'><em>Καλόν</em></span> <span class='ocrx_word' id='word_1_782' title='bbox 908 5749 1008 5788; x_wconf 90' lang='grc' dir='ltr'><strong><em>σοι</em></strong></span> <span class='ocrx_word' id='word_1_783' title='bbox 1043 5734 1152 5803; x_wconf 79' lang='grc' dir='ltr'><strong><em>γὰρ</em></strong></span> <span class='ocrx_word' id='word_1_784' title='bbox 1194 5735 1470 5801; x_wconf 74' lang='grc' dir='ltr'><em>ἐκείνους·</em></span> <span class='ocrx_word' id='word_1_785' title='bbox 1491 5737 1895 5805; x_wconf 84' lang='grc' dir='ltr'><em>μιμήσασθαι,</em></span> <span class='ocrx_word' id='word_1_786' title='bbox 1933 5738 1990 5792; x_wconf 83' lang='grc' dir='ltr'><em>οἳ</em></span> 
     </span>
    </p>
   </div>
   <div class='ocr_carea' id='block_1_107' title="bbox 411 5819 1986 5898">
    <p class='ocr_par' dir='ltr' id='par_1_107' title="bbox 411 5819 1986 5898">
     <span class='ocr_line' id='line_1_107' title="bbox 411 5819 1986 5898; baseline 0.009 -26"><span class='ocrx_word' id='word_1_787' title='bbox 411 5819 531 5887; x_wconf 83' lang='grc' dir='ltr'><em>τοῖς</em></span> <span class='ocrx_word' id='word_1_788' title='bbox 553 5821 766 5892; x_wconf 80' lang='grc' dir='ltr'><em>ἑτέρων</em></span> <span class='ocrx_word' id='word_1_789' title='bbox 786 5827 1096 5898; x_wconf 49' lang='grc' dir='ltr'><em>ναυαγίοις</em></span> <span class='ocrx_word' id='word_1_790' title='bbox 1119 5825 1529 5894; x_wconf 77' lang='grc' dir='ltr'><em>διασώζονται,</em></span> <span class='ocrx_word' id='word_1_791' title='bbox 1557 5829 1672 5884; x_wconf 69' lang='grc' dir='ltr'><strong><em>ἀπὸ</em></strong></span> <span class='ocrx_word' id='word_1_792' title='bbox 1693 5829 1810 5884; x_wconf 81' lang='grc' dir='ltr'><strong><em>τῶν</em></strong></span> <span class='ocrx_word' id='word_1_793' title='bbox 1836 5831 1986 5886; x_wconf 69' lang='grc' dir='ltr'><em>ἑκεί-</em></span> 
     </span>
    </p>
   </div>
   <div class='ocr_carea' id='block_1_108' title="bbox 2099 4640 3681 4710">
    <p class='ocr_par' dir='ltr' id='par_1_108' title="bbox 2099 4640 3681 4710">
     <span class='ocr_line' id='line_1_108' title="bbox 2099 4640 3681 4710; baseline -0.001 -15"><span class='ocrx_word' id='word_1_794' title='bbox 2099 4644 2169 4696; x_wconf 91' lang='lat' dir='ltr'><strong><em>sit</em></strong></span> <span class='ocrx_word' id='word_1_795' title='bbox 2201 4643 2270 4696; x_wconf 89' lang='lat' dir='ltr'><strong><em>ad</em></strong></span> <span class='ocrx_word' id='word_1_796' title='bbox 2285 4644 2554 4705; x_wconf 85' lang='lat' dir='ltr'><strong><em>virtutem,</em></strong></span> <span class='ocrx_word' id='word_1_797' title='bbox 2584 4642 2657 4700; x_wconf 86' lang='lat' dir='ltr'><strong><em>vel</em></strong></span> <span class='ocrx_word' id='word_1_798' title='bbox 2678 4641 2794 4695; x_wconf 86' lang='lat' dir='ltr'><strong><em>ulla</em></strong></span> <span class='ocrx_word' id='word_1_799' title='bbox 2810 4643 2862 4694; x_wconf 90' lang='lat' dir='ltr'><strong><em>in</em></strong></span> <span class='ocrx_word' id='word_1_800' title='bbox 2895 4652 3046 4710; x_wconf 87' lang='lat' dir='ltr'><strong><em>parte</em></strong></span> <span class='ocrx_word' id='word_1_801' title='bbox 3096 4643 3263 4695; x_wconf 84' lang='lat' dir='ltr'><strong><em>obstet</em></strong></span> <span class='ocrx_word' id='word_1_802' title='bbox 3298 4643 3426 4698; x_wconf 82' lang='lat' dir='ltr'><strong><em>:sed</em></strong></span> <span class='ocrx_word' id='word_1_803' title='bbox 3458 4641 3506 4697; x_wconf 84' lang='lat' dir='ltr'><strong><em>si</em></strong></span> <span class='ocrx_word' id='word_1_804' title='bbox 3555 4640 3681 4708; x_wconf 70' lang='lat' dir='ltr'><strong><em>quid</em></strong></span> 
     </span>
    </p>
   </div>
   <div class='ocr_carea' id='block_1_109' title="bbox 2099 4733 3674 4804">
    <p class='ocr_par' dir='ltr' id='par_1_109' title="bbox 2099 4733 3674 4804">
     <span class='ocr_line' id='line_1_109' title="bbox 2099 4733 3674 4804; baseline -0.002 -15"><span class='ocrx_word' id='word_1_805' title='bbox 2099 4737 2241 4804; x_wconf 83' lang='lat' dir='ltr'><strong><em>apud</em></strong></span> <span class='ocrx_word' id='word_1_806' title='bbox 2264 4753 2342 4790; x_wconf 87' lang='lat' dir='ltr'><strong><em>me</em></strong></span> <span class='ocrx_word' id='word_1_807' title='bbox 2375 4737 2451 4790; x_wconf 82' lang='lat' dir='ltr'><strong><em>rei</em></strong></span> <span class='ocrx_word' id='word_1_808' title='bbox 2492 4736 2722 4792; x_wconf 84' lang='lat' dir='ltr'><strong><em>melioris</em></strong></span> <span class='ocrx_word' id='word_1_809' title='bbox 2747 4736 2906 4804; x_wconf 83' lang='lat' dir='ltr'><strong><em>fuerit</em></strong></span> <span class='ocrx_word' id='word_1_810' title='bbox 2939 4736 3206 4790; x_wconf 71' lang='lat' dir='ltr'><strong><em>inventum</em></strong></span> <span class='ocrx_word' id='word_1_811' title='bbox 3239 4739 3259 4803; x_wconf 82' lang='lat'>(</span> <span class='ocrx_word' id='word_1_812' title='bbox 3288 4733 3500 4799; x_wconf 86' lang='lat' dir='ltr'><strong><em>quando</em></strong></span> <span class='ocrx_word' id='word_1_813' title='bbox 3522 4750 3674 4788; x_wconf 85' lang='lat' dir='ltr'><strong><em>nemo</em></strong></span> 
     </span>
    </p>
   </div>
   <div class='ocr_carea' id='block_1_110' title="bbox 2097 4825 3681 4894">
    <p class='ocr_par' dir='ltr' id='par_1_110' title="bbox 2097 4825 3681 4894">
     <span class='ocr_line' id='line_1_110' title="bbox 2097 4825 3681 4894; baseline -0.001 -14"><span class='ocrx_word' id='word_1_814' title='bbox 2097 4829 2352 4884; x_wconf 85' lang='lat' dir='ltr'><strong><em>bonorum</em></strong></span> <span class='ocrx_word' id='word_1_815' title='bbox 2376 4845 2594 4894; x_wconf 83' lang='lat' dir='ltr'><strong><em>prorsus</em></strong></span> <span class='ocrx_word' id='word_1_816' title='bbox 2628 4828 2873 4884; x_wconf 88' lang='lat' dir='ltr'><strong><em>omnium.</em></strong></span> <span class='ocrx_word' id='word_1_817' title='bbox 2896 4842 3078 4882; x_wconf 77' lang='lat' dir='ltr'><strong><em>exsors</em></strong></span> <span class='ocrx_word' id='word_1_818' title='bbox 3113 4825 3238 4894; x_wconf 87' lang='lat' dir='ltr'><strong><em>est),</em></strong></span> <span class='ocrx_word' id='word_1_819' title='bbox 3259 4825 3314 4878; x_wconf 88' lang='lat' dir='ltr'><strong><em>id</em></strong></span> <span class='ocrx_word' id='word_1_820' title='bbox 3346 4826 3424 4879; x_wconf 89' lang='lat' dir='ltr'><strong><em>uti</em></strong></span> <span class='ocrx_word' id='word_1_821' title='bbox 3445 4825 3681 4882; x_wconf 72' lang='lat' dir='ltr'><strong><em>hancdi-</em></strong></span> 
     </span>
    </p>
   </div>
   <div class='ocr_carea' id='block_1_111' title="bbox 2097 4916 3685 4990">
    <p class='ocr_par' dir='ltr' id='par_1_111' title="bbox 2097 4916 3685 4990">
     <span class='ocr_line' id='line_1_111' title="bbox 2097 4916 3685 4990; baseline -0.001 -20"><span class='ocrx_word' id='word_1_822' title='bbox 2097 4926 2206 4972; x_wconf 87' lang='lat' dir='ltr'><strong><em>tate</em></strong></span> <span class='ocrx_word' id='word_1_823' title='bbox 2224 4917 2412 4983; x_wconf 87' lang='lat' dir='ltr'><strong><em>adeas,</em></strong></span> <span class='ocrx_word' id='word_1_824' title='bbox 2446 4928 2492 4972; x_wconf 90' lang='lat' dir='ltr'><strong><em>et</em></strong></span> <span class='ocrx_word' id='word_1_825' title='bbox 2512 4919 2734 4970; x_wconf 77' lang='lat' dir='ltr'><strong><em>multant</em></strong></span> <span class='ocrx_word' id='word_1_826' title='bbox 2757 4916 3354 4990; x_wconf 82' lang='lat' dir='ltr'><strong><em>adaugcas.studiosius</em></strong></span> <span class='ocrx_word' id='word_1_827' title='bbox 3375 4931 3438 4970; x_wconf 82' lang='lat' dir='ltr'><strong><em>ex</em></strong></span> <span class='ocrx_word' id='word_1_828' title='bbox 3477 4918 3685 4970; x_wconf 81' lang='lat' dir='ltr'><strong><em>ratione</em></strong></span> 
     </span>
    </p>
   </div>
   <div class='ocr_carea' id='block_1_112' title="bbox 2095 5005 3674 5078">
    <p class='ocr_par' dir='ltr' id='par_1_112' title="bbox 2095 5005 3674 5078">
     <span class='ocr_line' id='line_1_112' title="bbox 2095 5005 3674 5078; baseline -0.003 -17"><span class='ocrx_word' id='word_1_829' title='bbox 2095 5010 2273 5063; x_wconf 87' lang='lat' dir='ltr'><strong><em>decori</em></strong></span> <span class='ocrx_word' id='word_1_830' title='bbox 2295 5008 2509 5078; x_wconf 90' lang='lat' dir='ltr'><strong><em>putabis</em></strong></span> <span class='ocrx_word' id='word_1_831' title='bbox 2534 5007 2916 5061; x_wconf 87' lang='lat' dir='ltr'><strong><em>elaborandum</em></strong></span> <span class='ocrx_word' id='word_1_832' title='bbox 2945 5022 3104 5076; x_wconf 89' lang='lat' dir='ltr'><strong><em>quam</em></strong></span> <span class='ocrx_word' id='word_1_833' title='bbox 3137 5005 3225 5062; x_wconf 86' lang='lat' dir='ltr'><strong><em>vel</em></strong></span> <span class='ocrx_word' id='word_1_834' title='bbox 3259 5005 3394 5058; x_wconf 81' lang='lat' dir='ltr'><strong><em>bona</em></strong></span> <span class='ocrx_word' id='word_1_835' title='bbox 3445 5016 3674 5073; x_wconf 84' lang='lat' dir='ltr'><strong><em>paterna</em></strong></span> 
     </span>
    </p>
   </div>
   <div class='ocr_carea' id='block_1_113' title="bbox 2094 5084 3678 5170">
    <p class='ocr_par' dir='ltr' id='par_1_113' title="bbox 2094 5084 3678 5170">
     <span class='ocr_line' id='line_1_113' title="bbox 2094 5084 3678 5170; baseline -0.003 -15"><span class='ocrx_word' id='word_1_836' title='bbox 2094 5102 2172 5156; x_wconf 88' lang='lat' dir='ltr'><strong><em>vel</em></strong></span> <span class='ocrx_word' id='word_1_837' title='bbox 2201 5103 2372 5170; x_wconf 87' lang='lat' dir='ltr'><strong><em>ipsum</em></strong></span> <span class='ocrx_word' id='word_1_838' title='bbox 2403 5115 2639 5170; x_wconf 85' lang='lat' dir='ltr'><strong><em>regnum.</em></strong></span> <span class='ocrx_word' id='word_1_839' title='bbox 2680 5099 2825 5154; x_wconf 86' lang='lat' dir='ltr'><strong><em>Vitia</em></strong></span> <span class='ocrx_word' id='word_1_840' title='bbox 2848 5084 2967 5156; x_wconf 76' lang='lat' dir='ltr'><strong><em>vero</em></strong></span> <span class='ocrx_word' id='word_1_841' title='bbox 2998 5114 3111 5152; x_wconf 90' lang='lat' dir='ltr'><strong><em>mea</em></strong></span> <span class='ocrx_word' id='word_1_842' title='bbox 3162 5100 3481 5167; x_wconf 85' lang='lat' dir='ltr'><strong><em>perspiciens</em></strong></span> <span class='ocrx_word' id='word_1_843' title='bbox 3539 5098 3678 5166; x_wconf 69' lang='lat' dir='ltr'><strong><em>(quis</em></strong></span> 
     </span>
    </p>
   </div>
   <div class='ocr_carea' id='block_1_114' title="bbox 2095 5189 3677 5264">
    <p class='ocr_par' dir='ltr' id='par_1_114' title="bbox 2095 5189 3677 5264">
     <span class='ocr_line' id='line_1_114' title="bbox 2095 5189 3677 5264; baseline -0.005 -16"><span class='ocrx_word' id='word_1_844' title='bbox 2095 5211 2223 5253; x_wconf 85' lang='lat' dir='ltr'><strong><em>sane</em></strong></span> <span class='ocrx_word' id='word_1_845' title='bbox 2255 5193 2518 5264; x_wconf 88' lang='lat' dir='ltr'><strong><em>permulta</em></strong></span> <span class='ocrx_word' id='word_1_846' title='bbox 2550 5200 2599 5246; x_wconf 85' lang='lat' dir='ltr'><strong><em>et</em></strong></span> <span class='ocrx_word' id='word_1_847' title='bbox 2640 5208 2834 5263; x_wconf 84' lang='lat' dir='ltr'><strong><em>magna</em></strong></span> <span class='ocrx_word' id='word_1_848' title='bbox 2859 5193 3029 5257; x_wconf 85' lang='lat' dir='ltr'><strong><em>sunt),</em></strong></span> <span class='ocrx_word' id='word_1_849' title='bbox 3051 5206 3113 5244; x_wconf 84' lang='lat' dir='ltr'><strong><em>ex</em></strong></span> <span class='ocrx_word' id='word_1_850' title='bbox 3141 5191 3207 5245; x_wconf 87' lang='lat' dir='ltr'><strong><em>iis</em></strong></span> <span class='ocrx_word' id='word_1_851' title='bbox 3235 5207 3442 5262; x_wconf 85' lang='lat' dir='ltr'><strong><em>quoque</em></strong></span> <span class='ocrx_word' id='word_1_852' title='bbox 3465 5189 3677 5242; x_wconf 86' lang='lat' dir='ltr'><strong><em>lucrum</em></strong></span> 
     </span>
    </p>
   </div>
   <div class='ocr_carea' id='block_1_115' title="bbox 2095 5281 3668 5359">
    <p class='ocr_par' dir='ltr' id='par_1_115' title="bbox 2095 5281 3668 5359">
     <span class='ocr_line' id='line_1_115' title="bbox 2095 5281 3668 5359; baseline -0.008 -13"><span class='ocrx_word' id='word_1_853' title='bbox 2095 5286 2311 5359; x_wconf 84' lang='lat' dir='ltr'><strong><em>aliquod</em></strong></span> <span class='ocrx_word' id='word_1_854' title='bbox 2335 5288 2601 5357; x_wconf 81' lang='lat' dir='ltr'><strong><em>percipere</em></strong></span> <span class='ocrx_word' id='word_1_855' title='bbox 2628 5283 2792 5349; x_wconf 84' lang='lat' dir='ltr'><strong><em>velis;</em></strong></span> <span class='ocrx_word' id='word_1_856' title='bbox 2830 5285 3170 5355; x_wconf 77' lang='lat' dir='ltr'><strong><em>prwﬁciendo</em></strong></span> <span class='ocrx_word' id='word_1_857' title='bbox 3201 5286 3400 5342; x_wconf 86' lang='lat' dir='ltr'><strong><em>scilicet</em></strong></span> <span class='ocrx_word' id='word_1_858' title='bbox 3440 5284 3537 5336; x_wconf 91' lang='lat' dir='ltr'><strong><em>illa</em></strong></span> <span class='ocrx_word' id='word_1_859' title='bbox 3572 5281 3668 5334; x_wconf 86' lang='lat' dir='ltr'><strong><em>tibi</em></strong></span> 
     </span>
    </p>
   </div>
   <div class='ocr_carea' id='block_1_116' title="bbox 2093 5373 3676 5451">
    <p class='ocr_par' dir='ltr' id='par_1_116' title="bbox 2093 5373 3676 5451">
     <span class='ocr_line' id='line_1_116' title="bbox 2093 5373 3676 5451; baseline -0.006 -18"><span class='ocrx_word' id='word_1_860' title='bbox 2093 5397 2186 5434; x_wconf 88' lang='lat' dir='ltr'><strong><em>ceu</em></strong></span> <span class='ocrx_word' id='word_1_861' title='bbox 2213 5380 2492 5451; x_wconf 84' lang='lat' dir='ltr'><strong><em>quemdam</em></strong></span> <span class='ocrx_word' id='word_1_862' title='bbox 2521 5381 2637 5434; x_wconf 72' lang='lat' dir='ltr'><strong><em>vitae</em></strong></span> <span class='ocrx_word' id='word_1_863' title='bbox 2660 5379 2890 5432; x_wconf 83' lang='lat' dir='ltr'><strong><em>melioris</em></strong></span> <span class='ocrx_word' id='word_1_864' title='bbox 2921 5379 3234 5446; x_wconf 84' lang='lat' dir='ltr'><strong><em>tutiorisque</em></strong></span> <span class='ocrx_word' id='word_1_865' title='bbox 3263 5373 3676 5443; x_wconf 85' lang='lat' dir='ltr'><strong><em>gubernationis</em></strong></span> 
     </span>
    </p>
   </div>
   <div class='ocr_carea' id='block_1_117' title="bbox 2091 5465 3671 5542">
    <p class='ocr_par' dir='ltr' id='par_1_117' title="bbox 2091 5465 3671 5542">
     <span class='ocr_line' id='line_1_117' title="bbox 2091 5465 3671 5542; baseline -0.004 -19"><span class='ocrx_word' id='word_1_866' title='bbox 2091 5474 2425 5542; x_wconf 84' lang='lat' dir='ltr'><strong><em>magistrum.</em></strong></span> <span class='ocrx_word' id='word_1_867' title='bbox 2459 5469 2604 5525; x_wconf 84' lang='lat' dir='ltr'><strong><em>Nam</em></strong></span> <span class='ocrx_word' id='word_1_868' title='bbox 2636 5479 2772 5524; x_wconf 87' lang='lat' dir='ltr'><strong><em>recte</em></strong></span> <span class='ocrx_word' id='word_1_869' title='bbox 2801 5469 3014 5540; x_wconf 84' lang='lat' dir='ltr'><strong><em>feceris,</em></strong></span> <span class='ocrx_word' id='word_1_870' title='bbox 3046 5469 3092 5521; x_wconf 88' lang='lat' dir='ltr'><strong><em>si</em></strong></span> <span class='ocrx_word' id='word_1_871' title='bbox 3121 5484 3207 5521; x_wconf 90' lang='lat' dir='ltr'><strong><em>eos</em></strong></span> <span class='ocrx_word' id='word_1_872' title='bbox 3230 5467 3393 5536; x_wconf 83' lang='lat' dir='ltr'><strong><em>fueris</em></strong></span> <span class='ocrx_word' id='word_1_873' title='bbox 3426 5465 3671 5516; x_wconf 86' lang='lat' dir='ltr'><strong><em>imitatus</em></strong></span> 
     </span>
    </p>
   </div>
   <div class='ocr_carea' id='block_1_118' title="bbox 2091 5556 3673 5638">
    <p class='ocr_par' dir='ltr' id='par_1_118' title="bbox 2091 5556 3673 5638">
     <span class='ocr_line' id='line_1_118' title="bbox 2091 5556 3673 5638; baseline -0.009 -19"><span class='ocrx_word' id='word_1_874' title='bbox 2091 5569 2180 5636; x_wconf 88' lang='lat' dir='ltr'><strong><em>qui</em></strong></span> <span class='ocrx_word' id='word_1_875' title='bbox 2205 5568 2506 5638; x_wconf 88' lang='lat' dir='ltr'><strong><em>naufragiis</em></strong></span> <span class='ocrx_word' id='word_1_876' title='bbox 2531 5566 2717 5620; x_wconf 91' lang='lat' dir='ltr'><strong><em>alienis</em></strong></span> <span class='ocrx_word' id='word_1_877' title='bbox 2755 5573 3055 5627; x_wconf 83' lang='lat' dir='ltr'><strong><em>servantur,</em></strong></span> <span class='ocrx_word' id='word_1_878' title='bbox 3096 5561 3314 5614; x_wconf 89' lang='lat' dir='ltr'><strong><em>illorum</em></strong></span> <span class='ocrx_word' id='word_1_879' title='bbox 3336 5556 3543 5610; x_wconf 84' lang='lat' dir='ltr'><strong><em>delictis</em></strong></span> <span class='ocrx_word' id='word_1_880' title='bbox 3573 5557 3673 5606; x_wconf 90' lang='lat' dir='ltr'><strong><em>ad-</em></strong></span> 
     </span>
    </p>
   </div>
   <div class='ocr_carea' id='block_1_119' title="bbox 2090 5646 3672 5729">
    <p class='ocr_par' dir='ltr' id='par_1_119' title="bbox 2090 5646 3672 5729">
     <span class='ocr_line' id='line_1_119' title="bbox 2090 5646 3672 5729; baseline -0.008 -18"><span class='ocrx_word' id='word_1_881' title='bbox 2090 5661 2350 5729; x_wconf 85' lang='lat' dir='ltr'><strong><em>versisque</em></strong></span> <span class='ocrx_word' id='word_1_882' title='bbox 2384 5659 2618 5720; x_wconf 87' lang='lat' dir='ltr'><strong><em>casibus,</em></strong></span> <span class='ocrx_word' id='word_1_883' title='bbox 2651 5657 2778 5727; x_wconf 83' lang='lat' dir='ltr'><strong><em>quid</em></strong></span> <span class='ocrx_word' id='word_1_884' title='bbox 2798 5673 2927 5724; x_wconf 88' lang='lat' dir='ltr'><strong><em>opus</em></strong></span> <span class='ocrx_word' id='word_1_885' title='bbox 2953 5655 3094 5724; x_wconf 91' lang='lat' dir='ltr'><strong><em>facto</em></strong></span> <span class='ocrx_word' id='word_1_886' title='bbox 3121 5654 3207 5712; x_wconf 82' lang='lat' dir='ltr'><strong><em>sit.</em></strong></span> <span class='ocrx_word' id='word_1_887' title='bbox 3265 5647 3439 5702; x_wconf 88' lang='lat' dir='ltr'><strong><em>edocti</em></strong></span> <span class='ocrx_word' id='word_1_888' title='bbox 3475 5660 3494 5698; x_wconf 87' lang='lat'><strong><em>.&#39;</em></strong></span> <span class='ocrx_word' id='word_1_889' title='bbox 3540 5646 3672 5698; x_wconf 87' lang='lat' dir='ltr'><strong><em>dum</em></strong></span> 
     </span>
    </p>
   </div>
   <div class='ocr_carea' id='block_1_120' title="bbox 2092 5735 3672 5815">
    <p class='ocr_par' dir='ltr' id='par_1_120' title="bbox 2092 5735 3672 5815">
     <span class='ocr_line' id='line_1_120' title="bbox 2092 5735 3672 5815; baseline -0.007 -18"><span class='ocrx_word' id='word_1_890' title='bbox 2092 5745 2166 5798; x_wconf 85' lang='lat' dir='ltr'><strong><em>vel</em></strong></span> <span class='ocrx_word' id='word_1_891' title='bbox 2198 5745 2409 5815; x_wconf 88' lang='lat' dir='ltr'><strong><em>longum</em></strong></span> <span class='ocrx_word' id='word_1_892' title='bbox 2446 5745 2562 5798; x_wconf 79' lang='lat' dir='ltr'><strong><em>vale</em></strong></span> <span class='ocrx_word' id='word_1_893' title='bbox 2589 5743 3016 5813; x_wconf 86' lang='lat' dir='ltr'><strong><em>navigationibus</em></strong></span> <span class='ocrx_word' id='word_1_894' title='bbox 3047 5741 3252 5802; x_wconf 86' lang='lat' dir='ltr'><strong><em>dicunt,</em></strong></span> <span class='ocrx_word' id='word_1_895' title='bbox 3288 5736 3364 5788; x_wconf 83' lang='lat' dir='ltr'><strong><em>vel</em></strong></span> <span class='ocrx_word' id='word_1_896' title='bbox 3391 5751 3485 5803; x_wconf 90' lang='lat' dir='ltr'><strong><em>pro</em></strong></span> <span class='ocrx_word' id='word_1_897' title='bbox 3544 5735 3672 5788; x_wconf 74' lang='lat' dir='ltr'><strong><em>viri-</em></strong></span> 
     </span>
    </p>
   </div>
   <div class='ocr_carea' id='block_1_121' title="bbox 2091 5824 3668 5900">
    <p class='ocr_par' dir='ltr' id='par_1_121' title="bbox 2091 5824 3668 5900">
     <span class='ocr_line' id='line_1_121' title="bbox 2091 5824 3668 5900; baseline -0.006 -10"><span class='ocrx_word' id='word_1_898' title='bbox 2091 5838 2182 5892; x_wconf 83' lang='lat' dir='ltr'><strong><em>bus</em></strong></span> <span class='ocrx_word' id='word_1_899' title='bbox 2211 5839 2312 5892; x_wconf 87' lang='lat' dir='ltr'><strong><em>sibi</em></strong></span> <span class='ocrx_word' id='word_1_900' title='bbox 2338 5837 2637 5892; x_wconf 85' lang='lat' dir='ltr'><strong><em>consulunt.</em></strong></span> <span class='ocrx_word' id='word_1_901' title='bbox 2689 5838 2826 5900; x_wconf 76' lang='lat' dir='ltr'><strong><em>Qum</em></strong></span> <span class='ocrx_word' id='word_1_902' title='bbox 2852 5846 2897 5889; x_wconf 88' lang='lat' dir='ltr'><strong><em>et</em></strong></span> <span class='ocrx_word' id='word_1_903' title='bbox 2929 5832 3058 5887; x_wconf 85' lang='lat' dir='ltr'><strong><em>illud</em></strong></span> <span class='ocrx_word' id='word_1_904' title='bbox 3094 5827 3379 5898; x_wconf 71' lang='lat' dir='ltr'><strong><em>aliquando</em></strong></span> <span class='ocrx_word' id='word_1_905' title='bbox 3446 5824 3668 5890; x_wconf 77' lang='lat' dir='ltr'><strong><em>accidit,</em></strong></span> 
     </span>
    </p>
   </div>
  </div>
