4166 6270
358 350 458 413 321

1280 345 1695 408 PBIECEPTA
1739 342 2262 403 EDUCATIONIS
2293 342 2579 404 REGI/ﬂ.
3526 343 3635 403 32?.

360 468 497 538 πρὸς
530 466 630 529 τὰς
666 462 861 536 ἡδονὰς
910 460 1172 529 πόλεμον,
1206 459 1267 512 οὐ
1300 458 1481 526 πάντη
1513 458 1568 510 δὲ
1594 455 1767 518 οὕτως
1797 455 1933 524 ἔχει.

2059 454 2262 508 videtur
2291 469 2436 517 esse,
2470 454 2593 509 belli
2623 455 2740 525 ejus
2768 468 2955 515 causa,
2989 454 3133 524 quod
3168 469 3292 508 cum
3340 454 3637 524 voluptati-

363 560 438 613 Οὐ
470 559 579 628 γὰρ
605 557 804 625 ἡδονῆς
825 554 1068 623 ἀμοιρεῖ,
1088 550 1165 620 τῷ
1199 550 1463 604 συνειδότι
1489 550 1583 601 καὶ
1604 549 1722 607 ταῖς
1751 547 1936 599 ἐλπίσι

362 651 584 720 τέρπειν
615 647 796 710 είδώς.
824 646 1097 714 Πρόσεστι
1126 644 1182 696 δέ
1208 660 1272 711 γε
1302 642 1478 709 τούτμ
1509 640 1687 693 καὶτὸ
1716 637 1934 707 σεμνὸν,

359 743 455 796 καὶ
484 741 546 795 τὸ
574 738 825 810 διαρκὲς,
855 737 970 791 δντι
991 754 1057 807 γε
1081 735 1402 790 παντάπασι
1426 732 1673 803 χρηστῷ.
1698 730 1940 784 Τοιαῦτα

357 836 429 888 τὰ
464 834 540 904 μὴ
572 831 935 900 νενοθευμένα
989 830 1099 882 τῶν
1145 828 1392 896 ἀγαθῶν.
1456 829 1554 880 Ὃν
1604 825 1669 879 ἂν
1700 822 1941 894 ἐραστὴν

361 926 542 979 αὐτῶν
575 923 727 989 ἅπαξ
756 922 933 986 λάϐοι,
992 920 1277 992 χειροῦται
1322 937 1407 983 τε,
1459 920 1557 973 καὶ
1606 919 1705 971 οὐκ
1748 919 1811 987 ἐᾷ
1842 917 1942 985 τὴν

362 1017 552 1085 ἔφεσιν
593 1015 775 1070 αὐτῶν
817 1013 1124 1067 πλανᾶσθαι
1176 1014 1311 1081 πρός
1354 1030 1408 1066 τι
1449 1011 1707 1081 μάταιον.
1755 1010 1847 1079 Τῷ
1887 1009 1944 1061 δὲ

363 1108 642 1178 δευτέρῳ,
676 1108 776 1177 τὴν
810 1107 1008 1176 ἡδονὴν
1062 1107 1217 1168 τέλος
1269 1105 1468 1175 ἔχοντι,
1521 1104 1643 1158 οὔτε
1695 1105 1945 1158 σύνεστιν

366 1199 521 1252 οὐδὲν
547 1198 720 1265 ὑγιὲς,
741 1196 858 1250 οὔτ’
889 1198 1176 1267 ὲφέψεται.
1210 1198 1377 1252 Οὐδὲν
1402 1199 1612 1265 γένοιτό
1632 1217 1739 1253 τινι
1776 1199 1947 1269 ἡσθῆ-

367 1306 456 1343 ναι
508 1290 596 1343 διὰ
646 1288 836 1353 τέλους
888 1290 967 1342 ἐνί
1018 1307 1097 1360 τῳ
1148 1290 1457 1360 πράγματι,
1518 1290 1706 1345 ἄλλοτε
1770 1290 1946 1344 ἀλλων

367 1378 701 1450 ὀρεγομένῳ,
738 1379 850 1431 τῶν
885 1378 1052 1447 μηδὲν
1078 1382 1154 1442 ὡς
1186 1379 1404 1449 άληθῶς
1433 1379 1604 1433 ὄντων
1631 1381 1824 1451 ἡδέων,
1855 1380 1947 1433 καὶ

367 1473 455 1525 διά
490 1469 652 1524 τοῦτο
688 1470 1160 1540 μεταπεμπόντων
1188 1471 1276 1524 ἀεὶ
1315 1474 1452 1542 πρὸς
1481 1471 1669 1542 ¹έτιερα.
1715 1471 1774 1523 '0
1830 1471 1950 1541 τρί-

367 1568 467 1626 τος
501 1563 686 1632 μέντοι
743 1562 843 1616 καὶ
898 1565 1065 1632 μέσος
1117 1562 1279 1616 ἔστω·
1334 1563 1425 1616 ἵνα
1467 1563 1543 1633 μὴ
1584 1560 1838 1632 σκληρῶς
1885 1564 1950 1615 ἐκ

368 1654 677 1724 προοιμίων
725 1654 1141 1723 ὲπιτάττοιμεν,
1173 1656 1222 1707 οἱ
1261 1654 1372 1708 τῶν
1405 1655 1624 1723 ἀγαθῶν
1654 1654 1753 1708 οὐκ
1786 1655 1951 1725 ἐργά-

2045 545 2146 599 bus
2179 546 2337 615 gerit,
2371 547 2467 604 sed
2505 549 2557 601 in
2585 547 2901 603 universum
2936 547 3008 600 ita
3039 558 3354 613 comparata
3390 565 3496 602 non
3528 559 3637 618 est,

2043 633 2399 706 Nequaquam
2449 638 2596 692 enim
2656 639 2955 708 voluptatis
3004 653 3200 705 expers
3248 646 3353 702 est,
3411 654 3537 694 cum
3586 648 3641 694 et

2044 729 2176 783 recti
2209 732 2553 786 conscientia
2594 742 2646 786 et
2677 748 2772 802 spe
2801 733 3073 787 delectare
3104 734 3469 788 consueverit.
3500 735 3638 788 Cum

2044 822 2237 877 eadem
2272 823 2401 890 vita,
2437 826 2656 893 penitus
2693 833 2859 890 bona,
2891 824 3186 895 conjuncta
3225 836 3355 879 sunt
3402 829 3642 897 gravitas

2044 924 2207 982 atque
2241 917 2571 970 constantia.
2610 916 2883 970 Nimirum
2918 916 3187 986 ejusmodi
3241 926 3370 972 sunt
3407 933 3515 971 non
3562 921 3646 972 vi-

2046 1006 2175 1059 tiata
2201 1007 2363 1063 bona.
2389 1007 2785 1078 Quemcunque
2810 1009 2979 1064 semel
3005 1021 3307 1064 amatorem
3350 1010 3436 1064 sui
3484 1021 3643 1064 nacta

2048 1097 2275 1167 fuerint,
2319 1101 2364 1174 is
2394 1111 2449 1156 et
2480 1110 2652 1156 totum
2684 1115 2744 1156 se
2772 1102 2921 1156 dedit
2951 1102 3052 1167 eis,
3089 1117 3189 1156 nec
3219 1103 3286 1156 ad
3317 1103 3481 1156 ullam
3528 1120 3643 1158 rem

2048 1206 2241 1245 vanam
2274 1193 2494 1262 evagari
2521 1194 2876 1260 cupiditatem
2909 1193 3061 1248 sinit.
3092 1196 3284 1259 Alteri,
3330 1196 3489 1263 cujus
3520 1194 3646 1250 linis

2050 1295 2132 1339 est
2162 1286 2435 1352 voluptas,
2495 1299 2595 1339 nec
2626 1285 2768 1339 inest
2798 1285 2923 1339 boni
2964 1286 3285 1355 quidquam,
3343 1303 3444 1342 nec
3472 1289 3648 1341 comi-

2052 1376 2279 1431 tahitur.
2312 1375 2457 1431 Fieri
2485 1387 2634 1431 certe
2662 1378 2873 1443 nequit,
2905 1385 2964 1429 ut
2996 1379 3123 1447 quis
3152 1394 3259 1432 una
3286 1394 3345 1434 re
3379 1388 3648 1449 perpetuo

2052 1468 2373 1531 delectetur,
2406 1469 2543 1524 alias
2574 1478 2838 1539 appetens
2868 1471 2992 1536 alia,
3030 1487 3153 1541 qua;
3185 1488 3292 1526 non
3324 1488 3517 1542 reapse
3558 1475 3649 1543 ju-

2054 1562 2234 1615 cunda
2263 1568 2414 1626 sunt,
2441 1560 2672 1630 ideoque
2703 1562 2769 1614 ad
2802 1562 2906 1616 alia
2949 1578 3165 1631 Semper
3202 1565 3477 1618 hominem
3513 1580 3648 1619 avoc

2054 1664 2202 1709 cant.
2228 1654 2411 1709 Tertia
2438 1670 2591 1717 sane,
2618 1654 2796 1708 media
2824 1657 3073 1723 quaedam
3102 1666 3243 1717 esto.
3273 1673 3359 1719 ne.
3389 1659 3478 1726 qui
3505 1659 3648 1713 bona

370 1763 482 1800 ται.
519 1747 704 1798 Ἔστω
749 1745 815 1815 δὴ
855 1745 992 1808 τέως
1045 1747 1177 1815 ἡμῖν
1218 1745 1295 1816 μὴ
1326 1746 1607 1807 παντελῶς
1638 1746 1948 1817 ἀπόϐλητον

2059 1760 2166 1800 non
2196 1745 2433 1800 facimus
2456 1747 2587 1815 ipsi,
2615 1748 2802 1801 statim
2837 1746 2904 1800 ab
2933 1746 3090 1800 initio
3122 1756 3397 1816 praecepta
3425 1748 3647 1804 duriora

373 1837 434 1890 τὸ
466 1837 588 1907 ἡδὺ,
607 1836 753 1891 ἔνθα
779 1837 839 1891 οὐ
876 1836 1240 1905 προσίσταται
1279 1837 1339 1890 τὸ
1366 1838 1555 1893 κακόν.

1129 2114 1205 2169 Γ¹.

440 2229 637 2298 Σαφῶς
668 2227 776 2282 ἴσθι
814 2227 947 2298 βίων
973 2228 1071 2299 τὴν
1100 2229 1312 2298 αἵρεσιν
1356 2227 1606 2298 γνώμης,
1638 2229 1699 2282 οὐ
1731 2227 1950 2297 φύσεως

370 2319 560 2379 οὖσαν,
596 2321 660 2375 Ἢ
686 2321 848 2391 φύσις
869 2320 975 2393 γὰρ
1001 2320 1244 2387 Αἰθίοπι,
1265 2321 1359 2374 καὶ
1380 2321 1586 2393 Σκύθῃ,
1608 2323 1702 2374 καὶ
1733 2321 1945 2388 Κελτῷ,

371 2417 469 2471 καὶ
506 2416 672 2469 πᾶσιν
719 2413 846 2483 ἑξῆς
879 2412 1214 2482 ἀνθρώποις,
1251 2412 1349 2482 μία
1375 2429 1462 2475 τις
1486 2411 1624 2465 οὖσα
1663 2415 1944 2481 τυγχάνει.

386 2508 625 2576 Ὀλιγοις
659 2506 717 2559 δέ
760 2521 904 2558 τισιν
955 2504 1211 2574 ἱδιώμασι
1254 2506 1368 2567 τοῖς
1420 2504 1608 2572 γένεσι
1665 2507 1809 2557 ποιεῖ
1852 2505 1951 2574 τὴν

373 2596 662 2666 διαφοράν.
692 2595 805 2664 Τὴν
835 2594 894 2647 δὲ
926 2595 1249 2663 προαίρεσιν
1275 2594 1516 2663 χαλεπὸν
1552 2596 1649 2647 καὶ
1702 2595 1951 2663 ἀδελφοῖς

379 2688 455 2758 μὴ
491 2685 834 2757 μερίζεσθαι.
882 2683 1092 2738 Οὐκοῦν
1120 2685 1260 2753 ὅπερ
1304 2685 1439 2755 ἡμῖν
1486 2684 1725 2757 εῑρηται,
1758 2686 1809 2738 ol
1846 2687 1951 2755 βίοι

376 2783 491 2844 τοῖς
520 2779 832 2848 ἀνθρώποις
877 2777 938 2831 οὐ
982 2776 1071 2829 διὰ
1112 2775 1212 2846 τὴν
1246 2775 1544 2846 ἀμέριστον
1591 2776 1756 2846 φύσιν
1797 2779 1954 2848 μερί-

378 2874 587 2938 ζονται,
618 2871 755 2926 ἀλλά
774 2870 862 2925 διά
883 2869 983 2939 τὴν
1007 2868 1380 2939 μεριζομάνην
1404 2869 1750 2941 προαίρεσιν.
1782 2871 1953 2924 Παντὶ

378 2969 437 3021 δὲ
460 2966 559 3039 βιῳ
578 2966 639 3018 τὸ
662 2965 881 3035 ἥδιστον
904 2965 968 3016 ὲκ
1000 2961 1290 3033 συνηθείας
1311 2957 1466 3032 οἶμαι
1493 2964 1948 3032 προσγίγνεσθαι,

380 3060 442 3111 οὐ
477 3057 555 3126 τῷ
583 3054 1000 3125 ξυμπεφυκέναι
1033 3053 1305 3119 καθάπαξ.
1336 3054 1499 3117 Ἰδοις
1524 3054 1634 3126 γὰρ
1659 3056 1725 3109 ἂν
1759 3056 1953 3127 ἐπιμο-

1977 1810 2022 1868 Β
2055 1837 2353 1892 tradamus.
2384 1836 2655 1892 Nimirum
2691 1847 2920 1892 eatenus
2950 1838 3287 1908 voluptatem
3320 1856 3427 1893 non
3472 1843 3653 1895 omni.

2051 1944 2125 1984 no
2178 1929 2530 1998 rejiciendam
2577 1930 2866 1997 ducamus,
2902 1940 3174 2000 quatenus
3203 1932 3333 1986 mali
3366 1931 3648 2003 quidpiam

2052 2020 2103 2074 ei
2142 2034 2249 2073 non
2282 2020 2463 2074 adest.

2805 2113 2895 2169 Ill.

2126 2226 2463 2281 Electionem
2494 2226 2689 2282 horum
2721 2228 2847 2283 vita:
2890 2244 3150 2299 generum
3185 2240 3335 2285 certo
3363 2230 3505 2286 scias
3528 2246 3653 2289 esse

2053 2321 2294 2381 consilii.
2360 2337 2467 2375 non
2516 2335 2744 2378 naturae.
2814 2323 3024 2392 Quippe
3075 2332 3328 2378 naturam
3374 2324 3651 2395 Ethiops,

2055 2412 2280 2485 Scytha,
2313 2413 2520 2476 Gallus,
2562 2416 2812 2469 homines
2843 2415 3110 2480 universi,
3146 2432 3309 2470 unam
3344 2420 3649 2487 quamdam
3708 2478 3722 2487 κ

2054 2504 2275 2567 habent,
2322 2504 2641 2560 nationibus
2674 2506 2810 2574 ipsis
2854 2507 2924 2560 ob
2953 2508 3180 2576 exiguas
3210 2509 3477 2577 quasdam
3514 2524 3646 2577 pro-

2053 2593 2313 2663 prietates
2353 2594 2585 2648 invicem
2631 2594 3097 2664 discrepantibus.
3136 2597 3319 2649 Animi
3374 2612 3506 2651 vero
3564 2598 3652 2651 in-

2056 2686 2308 2741 stitutum
2350 2684 2570 2740 difﬁcile
2602 2686 2763 2740 fuerit
2795 2688 2960 2739 etiam
2998 2687 3054 2739 in
3089 2685 3355 2741 fratribus
3383 2702 3493 2740 non
3526 2701 3654 2743 esse

2056 2776 2354 2832 diversum.
2404 2777 2665 2831 Rationes
2696 2792 2826 2846 ergo
2874 2777 3111 2842 vivendi,
3158 2791 3255 2831 ceu
3300 2777 3503 2832 dictum
3549 2789 3655 2857 est,

2056 2884 2166 2923 non
2204 2867 2538 2925 indistincta;
2571 2880 2784 2924 natura:
2833 2870 3044 2926 ratione
3090 2871 3524 2941 distinguuntur,
3559 2872 3653 2926 sed

2057 2964 2272 3016 ratione
2300 2962 2600 3017 scindentis
2626 2976 2686 3017 se
2731 2962 2784 3016 in
2813 2962 3025 3018 diversa
3056 2964 3220 3018 studii
3249 2975 3302 3018 et
3339 2963 3651 3019 electionis.

2057 3052 2246 3110 Cuivis
2272 3063 2455 3109 autem
2486 3054 2609 3109 vitae
2625 3055 2769 3124 quod
2795 3054 3258 3124 iucundissimum
3288 3066 3392 3121 est,
3417 3072 3481 3111 ex
3518 3070 3656 3110 con-

381 3149 510 3221 χθόν
533 3165 589 3201 τε
609 3150 705 3201 καὶ
738 3146 941 3215 φαῦλον
966 3146 1082 3216 βίον
1106 3146 1482 3217 πεφιλημένον
1499 3147 1578 3215 τῷ
1602 3148 1953 3219 κεχρημένῳ,

2059 3144 2351 3200 suetudine
2386 3146 2669 3200 conciliari
2704 3147 2965 3212 arbitror,
2992 3163 3099 3201 non
3133 3162 3161 3201 a
3192 3157 3387 3203 natura
3427 3164 3652 3218 prorsus

383 3234 556 3309 οὗπερ
588 3239 689 3292 οὐκ
724 3237 789 3292 ἂν
820 3237 1091 3308 ἠλλάξατο
1141 3238 1286 3309 ἀήθη
1336 3239 1580 3308 γέμοντα
1612 3238 1830 3307 ἡδονῆς,
1856 3255 1957 3292 κα-

386 3331 727 3402 θαρευούσης
750 3330 1032 3401 μέμψεως.
1050 3329 1333 3400 Χρηστέον
1354 3328 1448 3383 οὖν
1478 3329 1546 3383 ἂν
1569 3331 1657 3400 εἴη
1680 3331 1756 3401 τῷ
1778 3330 1960 3400 κρείτ-

388 3440 525 3486 τονι,
550 3422 629 3487 ὡς
656 3422 751 3476 τοῦ
789 3422 965 3494 ἡδέως
1011 3424 1078 3495 τῇ
1126 3423 1324 3494 χρήσει
1371 3421 1711 3493 ὲφεψομένου
1751 3438 1812 3475 τε
1857 3420 1961 3476 ’καὶ

392 3533 457 3568 συ
467 3516 837 3589 μϐησομένου.

1150 3792 1221 3846 Δ’.

470 3898 612 3952 Ἴσθι
668 3897 862 3968 καιρὸν
907 3899 1211 3967 ἐπιτήδειον
1257 3901 1389 3956 ὄντα
1450 3920 1533 3957 σοι
1595 3905 1694 3975 τὴν
1750 3904 1965 3975 ἠλικίαν

395 3993 728 4059 ἀκμάζοντι,
773 3992 888 4062 βίον
923 3992 1143 4046 ἑλέσθαι
1190 3994 1282 4048 τὸν
1321 3996 1565 4063 ἄριστον,
1602 3996 1698 4048 καὶ¹
1735 3994 1968 4048 διελθεῖν

393 4083 466 4147 ὡς
498 4086 718 4155 ἄριστα.
756 4086 851 4139 καὶ
880 4084 1105 4153 ὲντῆξαι
1134 4087 1201 4156 τῇ
1235 4084 1406 4156 ψυχῇ,
1450 4087 1548 4139 καὶ
1582 4086 1964 4155 ἀμετάστατον

396 4175 579 4239 δεῖξαιε
615 4176 695 4227 ὅτι
747 4191 807 4226 σε
859 4173 935 4240 μὴ
976 4175 1389 4244 προκατείληφε
1430 4175 1489 4227 τὸ
1515 4175 1799 4245 δυσχερές.
1858 4174 1970 4244 Πρὸ

398 4265 507 4334 γὰρ
535 4264 626 4317 τοῦ
665 4265 846 4332 σαυτῷ
882 4263 1220 4333 προστρίψαι
1247 4265 1411 4330 κακά,
1446 4267 1618 4336 ῥᾷστα
1652 4266 1717 4319 ἄν
1758 4282 1842 4317 σοι
1875 4266 1970 4333 γέ.

400 4374 542 4409 νοιτο
566 4357 909 4426 κατορθῶσαι
939 4358 1008 4409 τὰ
1037 4356 1239 4424 ἀγαθά.
1288 4357 1391 4413 Ἦν
1429 4356 1487 4410 δὲ
1524 4357 1802 4429 μετάσχῃς
1830 4375 1971 4426 φαυ-

2061 3239 2201 3293 indi.
2235 3237 2368 3292 Nam
2401 3240 2589 3295 videas
2632 3239 2972 3306 laboriosam
2996 3242 3310 3311 malamque
3341 3242 3507 3295 vitam
3541 3241 3655 3295 ali-

2061 3332 2150 3386 cui
2180 3331 2429 3397 rharam,
2466 3332 2561 3401 qui
2587 3347 2648 3387 ea
2675 3332 2743 3388 sit
2777 3348 2913 3390 usu»
2941 3349 2956 3387 :
2980 3348 3080 3389 nec
3114 3335 3384 3389 insuetam
3412 3349 3537 3391 cum
3565 3334 3657 3389 illa

2060 3426 2503 3487 commutaverit,
2536 3423 2665 3478 licet
2706 3433 2761 3478 et
2798 3424 3097 3494 voluptatis
3125 3425 3284 3494 plena
3319 3426 3413 3490 sit,
3439 3435 3492 3479 et
3512 3427 3658 3479 vitu-

2065 3516 2219 3585 peric
2259 3515 2511 3570 (hareat.
2549 3513 2823 3570 Utendum
2864 3530 2996 3585 ergo
3021 3516 3237 3571 ratione
3268 3516 3393 3570 vitae
3419 3515 3656 3580 meliori,

2063 3621 2230 3676 quam
2294 3621 2428 3662 usus
2479 3606 2595 3676 ipse
2650 3607 2948 3677 jucundam
3000 3622 3064 3662 ac
3131 3616 3343 3677 gratam
3398 3608 3654 3677 paulatim

2064 3696 2279 3753 efﬁciet.

2817 3787 2905 3841 IV.

2140 3894 2294 3950 Scire
2322 3896 2488 3951 debes
2512 3897 2626 3955 tibi.
2664 3898 2755 3967 qui
2787 3913 2935 3951 nunc
2965 3899 3017 3951 in
3053 3899 3174 3968 ipso
3204 3901 3378 3956 aetatis
3411 3918 3471 3957 es
3497 3902 3652 3966 flore.

2068 3997 2528 4056 peropportunum
2590 3989 2693 4041 hoc
2743 4003 2866 4042 esse
2920 3998 3132 4059 tempus
3187 3991 3418 4061 eligendi
3489 3997 3653 4051 vitam

2070 4078 2357 4148 optimam,
2382 4092 2546 4146 quam
2580 4088 2633 4131 et
2667 4079 3088 4147 praclarissime
3120 4098 3269 4153 agas,
3294 4097 3345 4140 et
3366 4086 3654 4157 imprimas

2070 4171 2274 4235 animo,
2300 4179 2351 4224 et
2376 4169 2469 4224 tibi
2505 4170 2780 4239 propriam
2813 4187 2876 4226 ac
2909 4184 3230 4244 perpetuam
3264 4180 3481 4236 reddas.
3515 4181 3658 4238 Nec-

2073 4262 2200 4317 dum
2220 4264 2363 4316 enim
2390 4271 2439 4317 te
2456 4261 2748 4317 difﬁcultas
2772 4264 3111 4334 auticipavit.
3135 4265 3269 4321 Nam
3296 4272 3465 4338 prius,
3489 4288 3655 4342 quam

2075 4355 2192 4423 ipse
2251 4366 2302 4409 te
2335 4353 2481 4407 vitiis
2520 4354 2793 4420 inieceris,
2822 4356 3137 4411 facillimum
3170 4358 3332 4415 fuerit
3371 4378 3458 4417 res
3490 4364 3661 4421 bonas

402 4447 646 4516 λότητος,
672 4445 837 4514 διπλῆ
871 4445 1187 4515 μοχθήσεις.
1219 4444 1398 4498 Πολλὰ
1444 4447 1722 4516 πονήσεις,
1749 4446 1840 4499 καὶ
1874 4445 1956 4516 ἔρ·

2077 4455 2240 4513 atque
2272 4443 2560 4511 pra-claras
2595 4459 2777 4515 agere.
2808 4445 2901 4500 Sin
2929 4448 3212 4517 pravitatis
3240 4452 3516 4522 particeps
3543 4456 3658 4510 fac-

401 4546 497 4604 γον
527 4536 683 4588 ἔσται
735 4536 1114 4606 ἀπαλλαγῆναι
1169 4534 1265 4589 τοῦ
1308 4536 1551 4606 χείρονος
1598 4536 1744 4590 δυοῖν
1786 4537 1972 4606 χεροῖν

403 4626 680 4694 ἀπονίψει,
732 4627 828 4678 καὶ
855 4626 1139 4680 οἰκειῶσαι
1177 4627 1361 4695 σαυτῷ
1399 4628 1462 4680 τὸ
1506 4626 1715 4697 βέλτιον
1749 4628 1972 4697 ἀκριϐεῖ

404 4719 795 4789 προσαρμογῇ,
820 4718 999 4788 χρόνῳ
1031 4717 1126 4771 καὶ
1164 4719 1323 4789 μόγις
1361 4720 1648 4790 γινομένῃ.

1151 5004 1226 5058 E'.

476 5121 613 5176 Δίαν
651 5136 743 5190 μοι
774 5119 923 5172 δοκεῖ
963 5117 1134 5186 σαφὲς
1166 5114 1299 5171 εἶναι
1334 5118 1434 5189 τὴν
1475 5120 1584 5173 τῶν
1624 5120 1974 5191 κρατούντων

406 5210 755 5281 εὐδαιμονίαν
773 5211 872 5281 τῆς
892 5210 1395 5280 παντοκρατορικῆς
1416 5211 1596 5281 χειρὸς
1615 5211 1971 5283 ἐξηρτῆσθαι,

405 5305 592 5376 ἐπειδὴ
624 5305 721 5356 καὶ
750 5303 849 5373 τὴν
894 5302 1119 5371 καρδίαν
1155 5303 1320 5368 φασὶν
1367 5303 1554 5372 ἐκείνῃ
1603 5304 1775 5373 δήπου
1814 5306 1976 5359 κατέ-

404 5397 617 5468 χεσθαι.
658 5396 777 5466 Χρή
814 5411 870 5447 σε
918 5390 1011 5447 οὖν
1043 5393 1391 5463 εὐδαιμονίας
1415 5395 1623 5464 ἐρῶντα
1654 5398 1855 5467 ταύτην
1899 5399 1994 5453 ab,

404 5491 555 5544 δέναι
581 5489 787 5558 ζητεῖν,
815 5488 936 5541 ὅθεν
960 5487 1147 5541 λαϐεῖν
1179 5487 1379 5552 ἔξεστι,
1403 5489 1605 5560 δηλαδὴ
1633 5490 1784 5562 παρὰ
1814 5493 1973 5559 Θεοῦ,

407 5584 630 5637 σεαυτὸν
686 5581 996 5651 παρέχοντα
1041 5579 1136 5633 τοῦ
1185 5582 1531 5651 εὐδαιμονεῖν
1583 5584 1683 5636 οὐκ
1734 5584 1971 5649 ἀνάξιον.

416 5678 472 5729 Ὀ
508 5676 616 5747 γὰρ
659 5677 733 5746 μὴ
769 5674 1082 5745 συμϐαίνων
1126 5678 1240 5738 τοῖς
1272 5675 1614 5745 πράγμασιν,
1662 5671 1736 5731 ὧν
1785 5678 1907 5749 ἐρᾷ,
1940 5678 1971 5747 ἦ

403 5768 520 5819 οὲδὲ
546 5772 645 5830 τὴν
680 5767 855 5838 ἀρχὴν
876 5766 1018 5819 αὖτά
1062 5767 1347 5836 κτήσεται,
1390 5767 1494 5820 κᾶν
1535 5769 1772 5839 μάλιστα
1800 5769 1972 5825 ταῦτα

2076 4547 2161 4592 tus
2189 4537 2381 4603 fueris,
2427 4538 2696 4607 duplicem
2735 4540 3044 4594 molestiam
3078 4544 3401 4611 experieris.
3435 4545 3659 4616 Magno-

2073 4645 2203 4699 pere
2231 4628 2527 4694 laborabis,
2561 4636 2616 4682 et
2644 4642 2938 4697 operosum
2981 4632 3106 4695 erit,
3126 4634 3422 4713 ambarum
3455 4646 3513 4689 ut
3542 4653 3658 4691 mu-

2077 4738 2245 4776 nuum
2279 4720 2625 4775 abstersione
2652 4720 2904 4777 libereris
2933 4738 2963 4776 a
2995 4724 3141 4778 malo
3175 4740 3189 4777 :
3228 4734 3283 4779 et
3312 4725 3513 4780 bonum
3561 4729 3658 4783 tibi

2077 4812 2336 4867 concilies
2356 4812 2706 4881 adjunctione
2729 4813 2964 4881 quadam
2989 4824 3267 4882 accurata,
3288 4833 3411 4887 qua:
3435 4819 3519 4873 vix
3542 4820 3659 4876 lon-

2078 4919 2145 4973 go
2186 4906 2300 4958 fieri
2334 4912 2578 4974 tempore
2620 4903 2783 4960 solet.

2850 5015 2911 5070 V.

2146 5130 2456 5186 Admodum
2505 5128 2637 5184 mihi
2671 5129 2888 5184 videtur
2926 5145 3049 5185 esse
3080 5132 3453 5201 perspicuum,
3488 5135 3662 5192 fclici-

2079 5229 2244 5275 tatem
2268 5235 2486 5287 eorum,
2518 5219 2610 5289 qui
2637 5235 2817 5273 rerum
2852 5220 3158 5291 potiuntur,
3184 5224 3252 5277 ab
3281 5225 3660 5294 omnipotente

2077 5326 2239 5366 manu
2273 5312 2531 5381 pendere,
2561 5311 2786 5381 quando
2811 5321 2863 5366 et
2888 5327 2987 5367 cor
3030 5314 3269 5382 ipsorum
3300 5318 3488 5369 eadem
3525 5330 3660 5369 cou-

2076 5403 2236 5459 tineri
2269 5403 2578 5473 perhibent.
2616 5406 2801 5473 Itaque
2836 5413 2886 5458 te
2914 5404 3188 5460 felicitatis
3223 5407 3480 5477 cupidum
3516 5406 3659 5459 scire

2076 5511 2299 5552 necesse
2327 5504 2430 5560 est,
2467 5511 2587 5550 eam
2620 5496 2691 5549 ibi
2723 5498 3091 5565 quaerendam,
3144 5499 3286 5553 unde
3315 5499 3515 5552 hauriri
3557 5512 3657 5565 po-

2079 5599 2206 5656 test,
2231 5590 2490 5643 nimirum
2514 5603 2542 5642 a
2577 5588 2719 5641 Deo:
2746 5587 3035 5657 praebendo
3068 5589 3412 5656 temetipsum
3441 5600 3545 5637 non
3570 5583 3654 5637 in-

2076 5679 2322 5751 dignum,
2353 5681 2441 5749 qui
2471 5678 2827 5749 prosperitate
2866 5677 3100 5731 fruatur.
3128 5676 3261 5731 Nam
3291 5676 3378 5731 eui
3419 5690 3541 5729 cum
3586 5673 3658 5727 iis

2076 5788 2214 5843 quas
2255 5772 2477 5841 expetit,
2519 5770 2684 5825 rebus
2717 5768 2861 5825 haud
2898 5768 3152 5825 convenit
3188 5786 3200 5822 :
3237 5768 3281 5823 is
3309 5767 3394 5821 vel
3428 5779 3658 5832 prorsus
