4166 6270
549 330 656 405 3°23

1734 341 2135 401 MANUELIS
2180 338 2629 424 Pacieomot

3692 328 3801 389 334

542 470 634 507 eas
672 470 774 507 non
818 462 1159 523 assequctur,
1203 454 1416 510 etiamsi
1462 454 1702 511 maxime
1744 465 1953 526 quaerat
1992 475 2004 511 :
2039 457 2119 511 vel

2227 459 2386 527 ζητῇ,
2415 457 2446 527 ἢ
2485 457 2671 516 κακῶς
2704 454 2845 524 μετᾶ
2878 453 2977 522 τὴν
3004 450 3197 520 κτῆσιν
3227 446 3510 512 ἀποϐαλεῖ,
3538 446 3568 500 δ
3597 443 3663 518 δὴ
3692 450 3805 517 χεῖ-

544 547 704 611 male,
757 560 1040 614 postquam
1095 555 1383 599 assecutus
1437 545 1624 611 fuerit,
1682 548 1936 601 amittet:
1976 548 2123 617 quod

544 638 688 690 haud
722 638 882 691 dubie
910 637 1061 706 pejus
1091 646 1197 699 est,
1232 653 1395 705 quam
1442 641 1600 709 plane
1633 654 1737 693 non
1770 640 2018 709 adipisci.

735 777 739 781 .
1280 730 1388 787 Vl.

612 816 717 871 Res
754 819 807 871 in
854 822 1051 889 primis
1086 820 1238 875 utilis
1268 832 1372 887 est,
1423 834 1729 892 opportune
1779 839 1841 878 ac
1872 833 2019 879 recte
2061 827 2128 877 ab

537 913 793 964 omnibus
839 913 1022 965 omnia
1054 912 1219 967 fieri:
1253 916 1512 973 maxime.
1558 932 1681 969 cum
1717 915 1979 971 divinitus
2026 917 2127 969 ali—

538 1004 669 1071 'quid
707 1016 787 1058 est
820 1006 1378 1076 petendum.,Quippe
1402 1008 1575 1073 magis
1601 1009 1841 1075 expedit,
1869 1010 2002 1062 nihil
2028 1027 2128 1062 un-

537 1110 702 1164 (ιιι-ιλιι]
734 1098 843 1149 ullo
876 1098 1035 1150 modo
1066 1110 1270 1166 petere,
1298 1114 1459 1167 quam
1486 1116 1598 1151 rem
1634 1116 1741 1153 non
1773 1100 2003 1167 justam,
2031 1115 2129 1154 nec

535 1207 748 1258 aequam
789 1201 974 1258 petere
1006 1207 1019 1242 :
1056 1206 1180 1242 nam
1214 1190 1379 1243 Deum
1426 1190 1639 1244 facilius
1693 1194 1758 1245 ad
1827 1192 1963 1245 iram
2000 1205 2121 1260 pro-

538 1283 840 1340 vocaverit,
871 1283 961 1348 qui
995 1282 1073 1334 sic
1105 1283 1238 1349 petit
1283 1298 1443 1349 quam
1482 1284 1652 1349 optati
1685 1284 1985 1350 quidquam
2031 1285 2133 1335 im-

536 1372 853 1442 petrawerit.
886 1370 1027 1424 Deus
1052 1372 1195 1423 enim
1228 1371 1302 1433 id,
1327 1373 1468 1440 quod
1499 1373 1653 1425 decet
1681 1387 1786 1424 non
1812 1372 1950 1440 quod
1978 1372 2129 1425 inde-

538 1483 725 1519 corum
764 1476 844 1519 cst
875 1466 1097 1533 praebet.
1136 1464 1406 1517 Exaudire
1455 1465 1737 1525 nimirum,
1772 1466 2129 1533 prmbereque

538 1559 716 1621 Solet,
782 1572 886 1610 nou
948 1572 1072 1610 cum
1136 1558 1261 1625 quis
1318 1556 1692 1622 vet-iferaodo,
1752 1557 2125 1623 lacrymando,

534 1654 867 1719 iplaugendo,
909 1648 1275 1703 ineumbendo
1309 1649 1581 1717 precibus,
1609 1650 1659 1702 id
1699 1649 1953 1716 postulat,
1983 1649 2129 1718 quod

538 1758 658 1795 esse
697 1750 1027 1795 nocumcnto
1065 1740 1258 1809 possit,
1295 1755 1419 1793 cum
1455 1740 1568 1807 ipse
1597 1739 1941 1808 profuturum
1974 1747 2128 1807 putet

534 1837 558 1905 (
587 1835 754 1887 multa
789 1849 919 1887 vero
949 1834 1079 1886 talia
1116 1836 1194 1887 sic
1229 1849 1258 1887 a
1310 1831 1419 1886 Deo
1451 1847 1545 1902 per
1596 1846 1865 1886 summam
1904 1831 2125 1901 ignora-

534 1930 741 1983 tionem
786 1927 1066 1996 petimus)
1106 1945 1120 1981 :
1164 1927 1258 1980 sed
1290 1942 1412 1981 cum
1450 1926 1576 1979 boni
1624 1924 1824 1994 publici
1862 1927 2128 1993 privative

530 2022 845 2086 studiosus,
882 2036 945 2075 ea
978 2019 1128 2085 facit,
1162 2036 1259 2089 per
1306 2035 1425 2089 qua:
1470 2021 1580 2073 voti
1633 2033 1862 2087 compos
1907 2018 2127 2072 futurus

535 2122 638 2169 est.
669 2112 782 2167 Hoc
822 2114 1037 2177 scilicet
1062 2123 1144 2168 est
1168 2128 1356 2182 preces
1390 2111 1728 2166 eﬂieacitatis
1756 2112 1920 2164 robur
1964 2112 2127 2164 liabe«

531 2220 618 2259 re.
644 2204 781 2257 Nam
806 2204 905 2273 qui
936 2205 1211 2257 contraria
1246 2202 1375 2256 facit
1414 2203 1502 2268 iis,
1537 2218 1659 2269 quae
1691 2202 1948 2270 precibus
1976 2210 2129 2268 Optat

537 2314 647 2365 quo
680 2307 839 2365 pacto
868 2310 1055 2349 serum
1092 2297 1203 2364 ipse
1227 2295 1580 2359 dissentiens,
1618 2294 1787 2346 Deum
1818 2293 1921 2348 sibi
1954 2296 2127 2362 possit

534 2390 929 2445 assentientem
966 2387 1210 2441 habere?

1273 2475 1385 2531 Vll.

605 2573 774 2642 Copia
831 2571 957 2625 boui
1007 2568 1296 2635 divinitus,
1354 2569 1524 2622 instar
1566 2568 1781 2637 pluria,
1834 2567 2125 2633 beaberis;

534 2664 583 2717 si
619 2674 671 2717 et
709 2672 987 2732 sceptrum
1017 2676 1048 2715 α
1084 2663 1199 2716 +beo
1226 2671 1284 2716 te
1329 2672 1680 2716 consecutum
1714 2663 2025 2733 agnoveris,
2073 2673 2126 2717 et

522 2752 591 2808 te
619 2768 838 2809 servum
872 2752 993 2821 ejus
1028 2768 1151 2807 esse
1214 2754 1470 2817 sciveris,
1500 2754 1661 2824 eique
1693 2756 1922 2819 servire,
1953 2754 2126 2823 magis

534 2844 631 2897 tibi
666 2845 861 2912 volupe
896 2843 1085 2908 fuerit,
1119 2859 1282 2912 quam
1312 2845 1460 2913 quod
1510 2848 1630 2898 aliis
1677 2834 1936 2913 imperes.
1970 2844 2126 2899 Scire

536 2950 668 2989 vero
699 2934 887 2996 debes,
923 2936 1095 2988 tnulto
1126 2947 1175 2988 te
1206 2938 1376 3005 magis
1402 2934 1514 2990 Deo
1540 2952 1758 2990 servum
1792 2952 1933 3001 esse,
1958 2952 2123 3007 quam

530 3028 585 3081 is
616 3027 713 3081 tibi
752 3028 845 3093 sit,
878 3043 1038 3096 quem
1069 3029 1254 3095 preeio
1280 3031 1639 3097 comparaSti.
1667 3031 1734 3083 Et
1762 3038 1971 3084 tantum
1998 3033 2125 3099 qni-

528 3120 662 3175 dem
695 3122 837 3175 inter
868 3131 1161 3190 utramque
1195 3121 1513 3175 servitutem
1565 3121 1815 3186 interest,
1852 3135 2125 3192 quantum

539 3212 633 3267 Dei
666 3216 890 3280 sanguis
934 3214 1003 3266 ab
1034 3210 1271 3279 argento
1292 3214 1478 3266 distat.
1517 3210 1633 3266 lmo
1658 3215 1863 3282 potius,
1903 3227 2129 3285 excepta

530 3304 756 3371 imperii
789 3304 1075 3373 dignitate,
1104 3312 1159 3357 et
1185 3305 1529 3372 redemptum
1570 3321 1676 3358 aere
1704 3308 2043 3376 nrancipium
2075 3320 2132 3363 et

524 3410 856 3457 Misenus,
891 3406 967 3449 et-
1003 3395 1187 3459 frater,
1236 3406 1291 3450 et
1326 3395 1535 3448 honore
1566 3396 1659 3449 tibi
1697 3412 1794 3465 par
1824 3409 1930 3462 est,
1968 3402 2134 3455 ratio-

530 3506 623 3544 ne.
661 3498 869 3542 ιιαιιιιται
935 3489 1289 3554 communis,
1341 3503 1370 3542 e
1414 3497 1560 3542 terra
1616 3488 1818 3555 factae;
1873 3492 2130 3561 quodque

524 3585 747 3654 primus
774 3588 852 3638 sit
880 3585 1125 3638 omnium
1156 3594 1311 3653 pater
1331 3584 1398 3648 is,
1430 3582 1523 3653 qui
1554 3583 1643 3637 Dei
1670 3600 1833 3638 tnanu
1868 3584 2130 3642 formatus

518 3676 657 3741 .fuit,
687 3676 923 3744 itemque
954 3675 1166 3729 ratione
1198 3676 1357 3729 unius
1387 3683 1439 3727 et
1490 3675 1730 3743 ejusdem
1765 3676 2045 3745 baptismi,
2067 3694 2131 3735 ac

534 3769 697 3821 obita:
732 3768 977 3821 omnium
1016 3782 1180 3820 causa
1213 3766 1305 3820 Dei
1335 3768 1552 3821 mortis.
1580 3766 1800 3820 Minime
1829 3779 1974 3823 certe
2001 3784 2130 3839 pro-

535 3868 656 3927 pter
685 3857 1107 3926 inmqualitatem
1145 3857 1445 3925 dignitatis,
1468 3855 1662 3911 efferre
1686 3872 1745 3911 se
1768 3858 1940 3911 lutum
1965 3874 2128 3929 supra

535 3950 702 4002 lutum
732 3950 911 4014 debet,
945 3949 1155 4018 Deique
1187 3948 1392 4003 donum
1445 3947 1690 4017 aliquod,
1727 3964 1892 4018 supra
1924 3953 2127 4005 donum

524 4044 802 4112 ejusdem,
839 4043 986 4109 quod
1013 4041 1228 4097 cunctis
1260 4057 1325 4095 ex
1362 4056 1521 4111 aquo
1549 4042 1894 4098 conceditur.

1260 4131 1403 4187 Vill.

603 4229 743 4282 Ante
773 4226 957 4282 omnia
992 4225 1112 4302 tjlii,
1140 4225 1185 4281 si
1216 4226 1468 4282 subditos
1499 4236 1622 4279 tuos
1653 4240 1781 4280 cum
1816 4242 2006 4281 amore
2030 4242 2129 4297 pa-

522 4322 663 4373 riter
696 4335 761 4373 ac
800 4328 953 4372 metu
1002 4327 1056 4371 te
1103 4317 1284 4371 colere
1318 4317 1489 4381 voles,
1538 4318 1793 4385 quodque
1824 4318 1998 4371 visum
2031 4306 2140 4371 tibi.

528 4411 715 4474 fuerit,
748 4427 844 4477 pro
878 4411 990 4479 lege
1019 4408 1243 4472 ducere,
1273 4408 1643 4461 necessarium
1679 4409 1804 4481 erit,
1853 4419 1912 4461 ut
1937 4410 2123 4462 eadem

2161 1806 2202 1859 Β

2234 574 2325 625 ρον
2355 554 2597 623 ἀτεχνῶς
2633 555 2728 605 καὶ
2758 550 2850 603 τοῦ
2884 550 2958 619 μὴ
2994 545 3208 601 λαϐεῖν.

2968 727 3061 793 (τ’.

2314 826 2607 889 Ἐπιεικῶς
2633 825 2911 895 ὠφέλιμον
2957 822 3135 875 πάντα
3166 823 3300 875 πᾶσι
3346 818 3629 886 γίγνεσθαι
3664 817 3804 887 μετὰ

2228 922 2323 975 τοῦ
2350 920 2569 989 καιροῦ,
2603 921 2700 972 καί.
2743 918 2960 988 μάλισθ’
2994 919 3123 970 ὅταν
3169 914 3475 983 προκέηται
3518 916 3665 981 παρᾶ
3705 910 3803 977 τοῦ

2230 1014 2542 1080 κρείττονος
2572 1011 2761 1062 αἰτεῖν.
2793 1006 3006 1062 Μᾶλλον
3044 1006 3152 1074 γὰρ
3186 1003 3467 1064 λυσιτελὲς
3503 1003 3667 1071 μηδὲν
3700 1021 3808 1071 μη-

2230 1102 2418 1155 δέποτε
2451 1100 2718 1169 μηδαμῶς
2750 1101 2944 1162 αἰτεῖν,
3001 1098 3146 1167 ἥπερ
3180 1099 3350 1147 αἰτεῖν
3372 1096 3432 1147 οὐ
3459 1096 3801 1163 γιγνόμενον·

2234 1194 2363 1263 ῥᾷον
2392 1194 2500 1259 γὰρ
2529 1191 2592 1243 ἂν
2624 1194 3027 1258 παροργὴσειεν
3056 1188 3084 1237 ὁ
3110 1186 3235 1255 τῇδε
3264 1184 3453 1243 αἰτῶν,
3486 1184 3521 1251 ἢ
3554 1198 3605 1232 τι
3632 1197 3804 1247 προσ⁹

2231 1289 2493 1353 κτήσαιτο
2532 1282 2643 1333 τῶν
2671 1281 2902 1333 εὐκτῶν.
2945 1280 3006 1330 Ὀ
3039 1280 3146 1347 γὰρ
3169 1277 3304 1336 Θεδς
3339 1275 3434 1327 τοῦ
3475 1274 3801 1342 πρέποντος,

2229 1378 2291 1430 οὺ
2316 1375 2413 1429 τοῦ
2446 1392 2509 1443 γε
2556 1372 2838 1443 ἀπρεποῦς
2886 1372 3123 1442 χορηγός
3159 1372 3296 1421 ἐστι.
3322 1368 3472 1420 Φιλεῖ
3498 1366 3628 1433 γοῦν
3669 1368 3806 1417 ἑπα-

2231 1469 2415 1522 κούειν
2444 1469 2537 1522 καὶ
2573 1468 2853 1536 χορηγείν,
2896 1465 2994 1532 οὐχ
3032 1463 3167 1515 ὅταν
3210 1479 3293 1523 τις
3336 1460 3495 1529 βοῶν,
3526 1456 3805 1525 δακρύων,

2232 1562 2589 1629 κοπτόμενος,
2621 1560 2741 1621 ταῖς
2774 1558 2962 1626 εὐχαῖς
2996 1555 3332 1623 ἐγκείμενος,
3375 1553 3495 1620 αἰτῇ
3521 1566 3575 1602 τι
3603 1543 3804 1616 βλάψαι

2229 1654 2526 1720 δυνάμενον
2554 1651 2830 1719 ὠφέλιμον
2858 1649 3161 1719 ἡγούμενος
3193 1647 3386 1713 (πολλὰ
3410 1644 3464 1697 δὲ
3487 1645 3595 1696 τῶν
3629 1640 3807 1695 τοιούο

2232 1759 2341 1798 των
2368 1744 2542 1808 οὕτως
2586 1746 2849 1813 αἰτοῦμεν
2882 1746 3029 1813 παρὰ
3071 1741 3230 1806 Θεοῦ,
3287 1740 3410 1793 κατ’
3448 1740 3673 1806 ἄγνοιαν
3707 1751 3805 1803 με·

2232 1837 2471 1905 γίστην)’
2504 1836 2621 1890 ἀλλ’
2654 1837 2783 1889 ὅταν
2831 1836 2863 1906 ἢ
2913 1833 3111 1887 κοινῶν
3161 1832 3361 1896 καλῶν,
3413 1832 3446 1901 ἢ
3500 1826 3607 1884 τῶν
3657 1830 3803 1881 ἰδίων

2232 1928 2539 1994 ἐπιθυμῶν,
2564 1930 2780 2001 πράττῃ
2811 1927 2876 1981 δι’
2900 1922 2973 1982 ὧν
3007 1926 3366 1991 ἐπιτεύξεται.
3393 1925 3549 1978 Τοῦτ’
3578 1924 3663 1993 ἄρ’
3691 1924 3807 1975 ἐστὶ

2232 2021 2331 2089 τὴν
2366 2021 2550 2085 δέησιν
2591 2022 2802 2089 ἰσχύειν
2850 2021 3272 2089 ἐνεργουμένην.
3316 2019 3375 2072 '0
3426 2019 3529 2087 γὰρ
3588 2017 3805 2068 ἐναντία

2196 2177 2209 2185 ἱ
2232 2111 2401 2164 ποιῶν
2428 2107 2610 2179 ὦνπερ
2632 2111 2871 2181 εὐχεται,
2893 2111 3067 2181 ἑαυτῷ
3090 2110 3394 2179 διαφωνών,
3420 2107 3533 2170 πῶς
3559 2108 3623 2160 ἂν
3647 2107 3804 2176 σχοίη

2230 2202 2291 2254 τὺ
2318 2201 2481 2255 Θεῖυν
2506 2201 2829 2270 congruum»;

2991 2469 3065 2523 Z'.

2305 2562 2464 2616 ’Υσει
2499 2561 2582 2615 σοὶ
2611 2562 2743 2625 Θεὸς
2776 2562 2999 2630 ἀγαθον,
3057 2561 3206 2631 ἔχειν
3262 2562 3359 2631 μὲν
3413 2563 3475 2616 τδ
3527 2564 3835 2636 σκῆπτρον.

2230 2654 2441 2708 ἐκεῖθεν
2464 2655 2837 2723 ἐπισταμένῳ,
2864 2653 3052 2705 δοῦλον
3083 2654 3138 2706 δὲ
3164 2654 3358 2708 σαυτὸν
3376 2656 3583 2709 ἐκείνου
3616 2659 3807 2726 σαφῶς

2229 2748 2419 2809 εἰδότι,
2471 2750 2566 2801 καὶ
2603 2750 2668 2816 τῇ
2716 2746 2934 2816 δουλείᾳ
2984 2748 3048 2815 τῇ
3104 2748 3239 2815 πρὸς
3292 2748 3509 2800 ἐκεῖνον
3560 2750 3806 2818 χαίροντι

2231 2840 2455 2910 μᾶλλον,
2513 2840 2545 2907 ἢ
2583 2839 2661 2908 τῷ
2717 2838 3029 2908 βασιλεύειν
3080 2841 3190 2891 τῶν
3231 2837 3431 2894 ἄλλων.
3464 2841 3603 2894 ’Ῑσθι
3640 2842 3687 2894 δ’
3728 2842 3805 2894 ὢν

2229 2934 2425 3002 ἐκείνῳ
2482 2930 2669 2992 δοῦλος
2723 2930 2905 2999 πολλῷ
2953 2948 3014 2998 γε
3064 2932 3265 3001 μᾶλλον
3322 2934 3356 3003 ἢ
3402 2936 3487 2989 σοὶ
3531 2935 3611 2996 τίς
3651 2935 3797 2987 ἐστιν

2228 3024 2561 3094 ἐωνημένος.
2598 3026 2706 3077 Καὶ
2744 3025 2842 3095 τῆς
2872 3026 3121 3087 δουλείας
3144 3025 3207 3077 τὸ
3227 3026 3485 3095 διάφορον
3518 3028 3795 3096 ἑκατέρας,

2156 3138 2199 3195 C
2234 3117 2357 3170 ὅσον
2387 3117 2617 3185 αἵματος
2643 3116 2780 3168 Θεοῦ
2829 3118 2923 3169 καὶ
2962 3118 3228 3187 ἀργυρίου
3267 3119 3327 3169 τὸ
3361 3122 3547 3187 μέσον.
3589 3120 3802 3172 Μᾶλλον

2226 3210 2289 3261 δὲ
2312 3211 2410 3263 ικαὶ
2449 3210 2756 3274 σύνδουλος,
2791 3212 2886 3262 καὶ
2917 3210 3170 3277 ἀδελφὸς,
3198 3211 3295 3263 καὶ
3321 3212 3609 3280 ὁμότιμος,
3668 3211 3805 3281 πλὴν

2233 3302 2328 3354 τοῦ
2380 3304 2679 3372 σχήματος,
2729 3308 2757 3357 ό
2803 3306 3195 3374 ἀργυρώνητος
3238 3306 3362 3357 ἐστί
3400 3323 3483 3358 σοι
3521 3308 3585 3376 τῇ
3639 3307 3806 3374 γῆθεν

2234 3395 2396 3461 φύσει
2431 3398 2497 3466 τῇ
2530 3400 2707 3466 κοινῇ,
2744 3399 2839 3449 καὶ
2868 3398 2947 3467 τῷ
2974 3398 3066 3449 τὸν
3091 3398 3234 3467 χειρὶ
3252 3397 3392 3450 Θεοῦ
3423 3400 3805 3466 πεπλασμένον

2236 3483 2374 3542 εἶναι
2408 3488 2626 3541 πάντων
2661 3488 3004 3558 προπάτορα,
3044 3492 3138 3543 καί
3184 3490 3259 3558 τῷ
3307 3490 3388 3542 ἐνὶ
3439 3489 3800 3560 βαπτίσματι,

2234 3581 2329 3632 καὶ
2363 3577 2439 3647 τῷ
2467 3579 2606 3647 ὑπὲρ
2636 3580 2854 3632 πάντων
2880 3581 3015 3632 Θεοῦ
3047 3581 3281 3649 θανάτῳ’
3306 3581 3400 3633 καὶ
3429 3581 3511 3633 δεῖ
3542 3582 3617 3651 μὴ
3649 3599 3809 3634 κατε-

2236 3672 2536 3741 παίρεσθαι
2587 3673 2654 3724 δι’
2704 3675 3001 3741 ἀνισότητα
3050 3678 3347 3744 σχήματος,
3401 3675 3569 3745 πηλὸν
3615 3678 3805 3745 ὁμοίου

2234 3765 2431 3834 πηλοῦ,
2463 3766 2559 3817 καὶ
2597 3764 2732 3818 Θεοῦ
2765 3783 2817 3817 τι
2847 3766 3119 3836 χάρισμα,
3143 3765 3237 3819 τοῦ
3271 3766 3435 3820 αὐτοῦ
3460 3769 3804 3837 χαρίσματος

2236 3855 2403 3909 πᾶσιν
2434 3856 2564 3916 ἴσως
2591 3856 2901 3926 διδομένου.

2972 4127 3055 4181 H'.

2303 4223 2395 4274 Σοί⁵
2431 4220 2557 4283 τοὺς
2584 4218 2691 4273 ὑπὸ
2721 4220 2780 4272 σὲ
2810 4219 3015 4283 πάντας
3042 4220 3254 4273 θέλοντι
3289 4221 3495 4293 φίλτρῳ
3525 4222 3619 4275 καὶ
3651 4223 3802 4292 φόϐῳ

2233 4316 2291 4368 σὲ
2314 4313 2661 4384 θεραπεύειν,
2697 4312 2791 4366 καὶ
2810 4312 3087 4366 ἰδ-δοκοῦν
3114 4331 3195 4366 σοι
3216 4315 3376 4383 νόμον
3394 4314 3667 4385 ἡγεῖσθαι,
3699 4318 3803 4383 μά-

2227 4408 2390 4460 λιστά
2407 4408 2468 4474 γε
2493 4406 2711 4458 πάντων
2745 4406 2958 4474 ἀνάγκη
3006 4407 3133 4475 τῇδε
3166 4408 3260 4459 τὸν
3296 4407 3427 4460 Θεὸν
3451 4406 3797 4475 Θεραπεύειν.

534 4503 746 4557 ratione
799 4500 965 4554 Deum
1010 4500 1123 4568 ipse
1153 4499 1321 4553 colas.
1344 4497 1550 4563 Quales
1583 4499 1728 4552 enim
1764 4500 1857 4552 tibi
1894 4501 1975 4555 vis
2004 4515 2125 4554 esse

2244 4502 2491 4564 Ὀποίους
2569 4500 2681 4571 γὰρ
2748 4499 2814 4553 ἂν
2860 4497 3006 4552 εἷναί
3057 4518 3141 4563 σοι
3172 4500 3355 4561 θέλεις
3412 4503 3540 4563 τοὺς
3596 4501 3700 4554 ὑπὸ
3743 4501 3801 4554 σὲ

527 4597 799 4659 subditos,
820 4594 987 4646 talem
1017 4593 1223 4646 scilicet
1258 4590 1374 4660 ipse
1405 4596 1459 4643 te
1485 4605 1641 4659 geres
1679 4606 1805 4659 erga
1837 4590 2123 4644 Dominum

522 4689 694 4741 huius
729 4684 970 4739 universi
993 4699 1017 4748 -;
1055 4684 1262 4753 absque
1293 4696 1403 4751 quo
1432 4682 1619 4746 fuerit,
1658 4681 1889 4741 multum
1936 4696 2124 4743 revera

527 4778 845 4841 taborabisr;
878 4784 934 4830 at
974 4790 1171 4844 parum
1206 4776 1432 4828 omnino
1476 4772 1746 4842 perficies,
1783 4781 1839 4827 et
1870 4782 2122 4827 eventum

530 4870 786 4923 instituto
813 4882 906 4923 tuo
936 4869 1277 4923 contrarium
1307 4866 1627 4935 experieris.
1650 4864 1863 4934 Quippe
1887 4866 2120 4935 teipsum

522 4962 582 5014 ei
616 4961 894 5015 subditum
939 4977 1062 5014 esse
1115 4961 1274 5024 velle,
1318 4959 1412 5014 cui
1462 4971 1654 5012 natura
1703 4958 1946 5027 subjecta
1996 4967 2125 5011 sunt

524 5052 827 5114 universa;
863 5052 913 5103 id
953 5066 1081 5104 vero
1111 5053 1187 5104 \el
1219 5050 1490 5119 imprimis
1510 5050 1698 5115 eflicit,
1736 5058 1794 5103 ut
1828 5050 1904 5102 tui
1930 5061 2123 5119 sponte

522 5156 626 5197 sua
663 5140 755 5194 tibi
796 5141 1023 5209 subjecti
1072 5151 1296 5209 pareant
1327 5156 1340 5194 :
1378 5140 1674 5209 itidemque
1712 5140 1892 5194 Deum
1946 5141 2121 5195 offen-

524 5234 678 5298 dere,
713 5231 849 5286 nihil
876 5240 961 5284 est
993 5230 1162 5298 aliud,
1202 5247 1363 5301 quam
1397 5241 1590 5285 contra
1639 5235 1869 5301 teipsum
1901 5246 2119 5301 -exper-

524 5341 635 5383 tem
682 5341 901 5395 quoque
947 5339 1141 5379 sensus
1174 5337 1421 5379 naturain
1459 5325 1761 5380 concitare.
1814 5323 1970 5379 Patet
2018 5327 2121 5380 hoc

522 5422 595 5473 de
620 5416 791 5481 Jonas,
824 5417 1104 5483 Datltauis,
1135 5418 1379 5470 A’biromi
1427 5410 1656 5487 aliisque
1692 5418 1891 5472 talibus
1936 5432 2120 5471 exem-

525 5513 630 5584 plis
669 5527 789 5583 quae
809 5509 1208 5565 modomiuime
1227 5507 1556 5564 réceusenda
1591 5511 1835 5565 veniunt.

1273 5598 1366 5653 IK.

597 5692 665 5746 Et
695 5709 916 5747 manere
949 5692 1044 5747 tibi
1077 5692 1241 5755 bona,
1274 5689 1446 5759 gratis
1478 5705 1765 5754 concessa,
1791 5690 1949 5760 plane
1970 5691 2116 5745 salva

528 5787 608 5838 \‘is
635 5803 648 5850 ;
686 5797 736 5839 et
770 5789 1073 5857 majoribus
1098 5804 1124 5840 τι
1158 5786 1267 5841 Deo
1293 5784 1562 5839 cumulari
1588 5786 1611 5837 ?
1654 5787 1736 5840 fac
1766 5786 1813 5840 ei
1848 5801 1945 5855 pro
1975 5787 2110 5838 viri-

2230 4594 2623 4661 τεταγμένους,
2670 4592 2871 4643 τοιόσδε
2911 4590 3179 4658 δήπουθεν
3220 4591 3327 4662 ἐσῃ
3364 4592 3450 4661 τῷ
3500 4593 3611 4645 τῶν
3663 4594 3801 4645 ὅλων

2229 4684 2388 4745 αύτὸς
2412 4684 2667 4753 δεσπότῃ·
2699 4686 2747 4736 εἰ
2776 4683 2830 4735 δὲ
2862 4684 2964 4753 μὴ,
2988 4685 3158 4736 πολλὰ
3188 4684 3294 4753 μὲν
3324 4684 3491 4746 ὅντως
3520 4686 3797 4755 πονήσεις,

2226 4773 2383 4839 ὀλίγα
2414 4773 2470 4825 δὲ
2497 4774 2716 4835 πάντως
2769 4774 3013 4837 ἀνύσεις,
3066 4777 3160 4828 καὶ
3210 4775 3348 4844 πρὸς
3394 4777 3707 4830 τούναντίον
3742 4780 3803 4829 τὸ

2226 4863 2462 4932 πρᾶγμά
2492 4879 2574 4914 σοι
2606 4864 3025 4932 περιστήσεται.
3061 4864 3134 4916 Τό
3164 4878 3223 4915 τε
3254 4865 3360 4933 γὰρ
3395 4866 3519 4926 τοὺς
3555 4867 3698 4919 κατὰ
3740 4868 3800 4918 σὲ

2227 4955 2596 5023 ὑποτετάχθαι
2637 4972 2719 5007 σοι
2768 4954 2961 5025 γνώμῃ
2992 4956 3054 5008 τὸ
3092 4956 3462 5024 ὑποτετάχθαι
3506 4973 3564 5008 σε
3600 4958 3796 5025 θέλειν,

2223 5041 2266 5115 ᾧ
2299 5051 2368 5099 τά
2406 5050 2584 5100 πάντα
2618 5049 2985 5102 ὑποτέτακται
3014 5048 3198 5116 φύσει,
3220 5049 3456 5117 μάλιστά
3488 5067 3551 5118 γε
3580 5050 3799 5103 πάντων

2226 5139 2537 5208 ἐργάζεται,
2573 5142 2667 5191 καὶ
2700 5139 2759 5191 τὸ
2794 5140 2873 5210 τῷ
2900 5139 3017 5209 Θεῷ
3072 5140 3436 5209 προσκρούειν
3472 5145 3641 5195 κινεῖν
3680 5142 3797 5193 δστι

2226 5232 2366 5283 κατά
2403 5232 2604 5284 σαυτοῦ
2639 5233 2732 5285 καὶ
2762 5234 2862 5303 τὴν
2894 5227 3223 5302 ἀναίσθητον
3274 5235 3458 5302 φύσιν.
3513 5235 3618 5287 Καὶ
3649 5234 3797 5304 διιλοί

2222 5324 2284 5374 τὸ
2320 5324 2498 5387 Ἰωνᾶ,
2520 5326 2579 5377 τὸ
2598 5325 2776 5378 Δαοὰν
2804 5325 2897 5377 καί
2927 5324 3225 5395 Ἀσειρὼμ,
3248 5328 3342 5379 καὶ
3366 5329 3591 5380 τοιαῦτα
3609 5326 3797 5399 ἕτερα,

2224 5414 2367 5485 ἅπερ
2401 5418 2459 5468 ού
2486 5417 2679 5487 καιρὸς
2707 5417 3051 5486 καταλέγειν.

2972 5598 3049 5653 8'.

2295 5694 2483 5747 Βούλει
2516 5711 2597 5746 σοι
2648 5694 2713 5745 τὰ
2754 5694 2954 5764 προῖκα
2990 5668 3084 5746 παὶ
3136 5694 3295 5763 χάριν
3337 5693 3615 5762 διαμένειν
3662 5692 3797 5754 ὅλως

2225 5788 2520 5850 ἀσάλεντα,
2553 5788 2645 5839 καὶ
2678 5785 3082 5855 προσγενέσθαι
3127 5789 3193 5837 τὰ
3227 5786 3401 5855 μείζω
3435 5785 3587 5855 παρά
3622 5782 3796 5849 Θεοῦ;
