4166 6270
346 330 450 392 325

1294 332 1712 394 PR/ECEPTA
1746 333 2276 395 EDUCATIONIS
2315 334 2596 394 ποτε.
2686 306 2702 321 ’

3502 334 3605 399 326
3626 278 3637 285 ⁹

343 449 591 503 ἀποδίδου
641 449 776 516 γοῦν
830 447 986 519 αὐτῷ
1029 450 1089 503 τὸ
1135 448 1293 521 χρέος
1344 452 1494 505 ἅπαν
1542 451 1621 513 είς
1654 450 1906 521 δύναμιν.

2023 451 2140 515 bus,
2179 450 2448 520 quidquid
2499 447 2727 503 omnino
2761 447 2946 511 debes,
2997 443 3269 499 exsolvas.
3308 443 3441 499 Nam
3490 446 3605 501 fieri

354 539 644 593 Ἀδύνατον
678 541 777 609 μὲν
800 541 907 610 γὰρ
936 543 1217 605 παντελῶς
1237 542 1422 612 ἔργοις
1444 544 1591 612 ήμᾶς
1622 542 1913 611 ἐφικέσθαι

339 632 435 687 τοῦ
466 634 736 703 μεγέθους
766 634 876 687 τῶν
911 634 1121 687 ἐκεῖθεν
1147 635 1406 705 χαρίτων
1440 638 1472 704 ή
1521 634 1799 705 προθυμία
1834 634 1913 697 δὲ,

340 723 445 795 ἔφη
477 742 585 790 τις,
639 725 741 779 κᾶν
770 728 884 796 διπῇ
934 726 995 778 τὸ
1042 726 1368 797 κατορθοῦν,
1420 718 1588 797 τιμῆς
1638 727 1786 793 ἀξία.
1821 725 1914 794 Μὴ

338 815 471 886 γοῦν
504 817 796 871 καλλίστου
837 817 1049 871 δανείου
1084 820 1268 885 γένοιο
1318 821 1581 883 κάκιστος
1625 822 1910 891 ὲκτιστὴς,

342 910 480 978 μήτε
510 908 571 961 τδ
620 908 759 973 ὲνδν,
794 911 931 979 μήτε
959 910 1019 963 τὸ
1046 910 1227 964 ἐνδέον
1253 913 1592 983 ἀποπληρῶν
1629 912 1777 983 αὐτῷ
1834 912 1913 982 τῷ

342 1000 630 1070 βούλεσθαι
666 1001 848 1069 μόνον.
892 1002 1296 1071 Ἀπολαμϐἀνει
1344 1004 1403 1057 δὲ
1430 1008 1458 1058 ὁ
1500 1005 1633 1068 θεὸς
1671 1006 1729 1059 τὸ
1782 1007 1913 1075 παρ’

339 1092 371 1157 ή
383 1091 497 1158 μῶν
531 1092 890 1162 ὀφειλόμενον
925 1094 986 1146 οὐ
1018 1098 1136 1157 ταῖς
1162 1096 1361 1149 ἑαυτοῦ
1394 1098 1603 1167 χερσὶν,
1624 1098 1762 1150 ἀλλὰ
1790 1101 1911 1157 ταῖς

336 1183 447 1233 τῶν
487 1185 759 1254 πενήτων,
804 1184 902 1237 καὶ
947 1185 1057 1237 τῶν
1088 1186 1264 1249 ἄλλως
1313 1187 1567 1258 βοηθείας
1614 1190 1909 1258 δεομένων.

340 1273 497 1325 Οῦτω
526 1275 635 1343 γὰρ
673 1277 823 1338 εἰκός
851 1277 999 1328 ἐστιν
1027 1278 1191 1330 αὑτὸν
1219 1278 1319 1348 μὲν
1348 1280 1477 1349 παρ’
1516 1281 1679 1351 ήμῶν
1704 1281 1909 1345 λαϐεῖν,

338 1366 543 1418 ἐκεῖνον
574 1366 628 1419 δὲ
661 1368 793 1436 ἡμῖν
831 1368 1034 1423 δοῦναι.
1076 1371 1137 1422 Ei
1163 1371 1208 1422 δ’
1234 1372 1355 1435 ἐξὸν
1378 1373 1536 1439 ὀλίγα
1575 1372 1909 1433 ἀποδιδόναι,

338 1458 432 1509 καὶ
483 1457 657 1511 ταῦτα
689 1460 800 1512 τῶν
840 1460 1053 1513 ἐκείνου
1081 1463 1217 1532 πρὸς
1270 1464 1419 1532 ἡμᾶς
1450 1462 1777 1532 δεδομένων,
1815 1460 1911 1515 εἶτ’

337 1545 605 1617 ὀλιγωρίᾳ
636 1552 825 1620 μακρᾷ
875 1552 1149 1615 συζῶντες
1200 1553 1617 1623 ἀποστεροῦμεν
1670 1555 1909 1618 ἑκόντες,

341 1639 455 1701 πῶς
495 1642 593 1709 μὲν
616 1642 683 1696 ἂν
707 1643 933 1707 δικαίως
954 1644 1176 1709 ἐσαῦθις
1200 1647 1393 1714 ἑτέραν
1418 1647 1678 1716 λάϐοιμεν
1710 1646 1905 1717 χάριν;

343 1730 456 1792 πῶς
484 1732 541 1785 δὲ
570 1734 665 1803 τὴν
694 1736 1018 1806 ὑπάρξασαν
1046 1738 1145 1790 οὐκ
1171 1739 1513 1807 ἀπολέσομεν
1540 1740 1778 1802 πάντως,
1816 1738 1909 1791 καὶ

2026 542 2245 612 quidem
2270 542 2494 595 omnino
2535 539 2745 609 nequit,
2778 546 2836 591 ut
2864 538 3119 606 operibus
3154 538 3359 590 nostris
3397 536 3607 590 benefi-

2024 636 2235 690 ciorum
2275 650 2304 689 a
2340 634 2451 688 Deo
2482 632 2851 703 profectorum
2891 630 3319 699 magnitudinem
3354 645 3609 695 exuritque-

2025 743 2145 781 mus
2170 744 2183 780 :
2206 728 2377 782 animi
2402 737 2585 780 tamen
2614 725 2888 788 alacritas,
2909 725 3053 792 quod
3074 724 3292 791 quidam
3314 723 3468 780 dixit.
3492 738 3611 775 mam

2025 819 2240 886 gntlieri
2275 828 2534 882 meretur,
2588 818 2837 886 quamvis
2864 815 3004 869 absit
3030 815 3140 882 ipsa
3163 811 3289 866 facti
3315 811 3609 880 pra‘statio.

2023 910 2391 973 Quamobrem
2414 924 2544 964 cave
2564 902 2993 975 pulcherrimu’m
3019 922 3093 960 tes
3114 907 3351 959 alienum
3376 903 3612 973 pessime

2022 1000 2363 1066 dissolveris,
2403 1015 2503 1055 nec
2534 1001 2588 1055 id
2619 1000 2886 1064 faciendo,
2936 1000 3077 1068 quod
3118 1005 3294 1067 potes,
3328 1012 3430 1051 nec
3463 996 3610 1065 quod

2021 1090 2191 1153 deest,
2222 1093 2417 1145 saltem
2462 1106 2558 1159 per
2593 1093 2771 1161 ipsum
2805 1090 2939 1145 velle
2991 1088 3342 1158 complenda.
3395 1087 3612 1157 Recipit

2024 1189 2205 1233 autem
2250 1181 2396 1235 Deus
2439 1181 2514 1242 id,
2553 1181 2700 1247 quod
2734 1195 2766 1234 a
2809 1180 2968 1233 nobis
2998 1178 3246 1241 debetur,
3282 1192 3389 1230 non
3433 1175 3612 1229 mani«

2023 1273 2124 1326 bus
2156 1274 2293 1337 suis,
2346 1272 2441 1326 sed
2486 1287 2786 1340 pauperum
2818 1279 2871 1325 et
2900 1271 3019 1337 opis
3048 1270 3352 1337 egentium.
3375 1267 3608 1322 Namsic

2031 1379 2158 1418 eum
2200 1373 2252 1416 et
2285 1364 2444 1416 nobis
2475 1364 2720 1431 accipere
2762 1373 3192 1416 consentaneum
3231 1372 3333 1421 cst,
3366 1369 3418 1414 et
3449 1360 3607 1413 nobis

2023 1455 2199 1525 ipsum
2258 1456 2495 1509 vicissim
2543 1454 2743 1523 largiri.
2775 1453 2929 1519 Quod
2971 1452 3019 1507 si
3053 1451 3364 1506 facultatem
3398 1450 3606 1505 haben-

2023 1553 2105 1600 tes
2155 1544 2347 1612 exigua
2386 1546 2632 1613 quaedam
2681 1542 2963 1607 reddendi,
3009 1552 3061 1597 et
3104 1540 3322 1610 quidem
3370 1555 3435 1595 ex
3476 1540 3605 1601 illis.

2020 1652 2140 1705 qua:
2158 1637 2227 1689 ab
2248 1635 2543 1703 ipso_nobis
2563 1650 2820 1690 concessa
2841 1644 3042 1689 suntea
3057 1635 3605 1703 spontedenegamus,

2019 1742 2083 1781 ex
2121 1730 2370 1793 diuturna
2395 1728 2627 1798 quadam
2653 1726 2918 1789 socordia,
2971 1727 3128 1782 nobis
3164 1725 3608 1792 familiarizquo-

341 1819 497 1890 δίκην
533 1839 596 1891 γε
632 1825 730 1895 τὴν
762 1828 1095 1899 γιγνομένην
1126 1828 1519 1901 ἀπαραιτήτως
1554 1829 1865 1901 ὀφλήσομεν
1892 1847 1907 1896 ;

2023 1836 2139 1875 nam
2177 1834 2334 1891 pacto
2372 1820 2811 1891 jurepoterimus
2853 1821 2958 1875 alio
2980 1834 3198 1876 rursum
3222 1817 3383 1888 potiri
3401 1814 3607 1871 beneli-

1100 2094 1149 2150 l'.

407 2183 645 2236 Αύτόθεν
691 2184 851 2253 δῆλον
901 2187 962 2241 τὸ
1011 2191 1427 2260 ῥηθησόμενον·
1470 2193 1691 2249 λεκτέον
1722 2195 1809 2268 δή.
1852 2198 1911 2250 Ὀ

335 2278 428 2331 τὸν
458 2279 591 2331 Θεὸν
626 2280 851 2351 ἀγαπᾷν
876 2283 935 2335 οὐ
965 2283 1133 2339 θέλων
1163 2287 1271 2339 ὑπὸ
1308 2288 1419 2341 τῶν
1449 2287 1618 2342 αὑτοῦ
1672 2292 1913 2359 μισεῖται

337 2372 680 2441 κτισμάτων.
722 2374 797 2425 Ὀ
827 2375 903 2445 μὴ
942 2376 1284 2447 φοϐούμενος
1323 2378 1494 2433 αὐτὸν
1544 2382 1774 2452 ὀρρωδεῖ
1819 2382 1914 2435 καὶ

337 2462 436 2525 τὰς
478 2464 634 2526 σκιὰς
668 2464 779 2519 τῶν
808 2468 1179 2536 πραγμάτων.
1223 2470 1284 2521 Ὀ
1312 2469 1389 2540 μὴ
1418 2472 1543 2533 τοὺς
1572 2473 1785 2524 ἐκείνου
1815 2490 1917 2541 (pu-

338 2554 549 2607 λάττων
600 2556 823 2623 νόμους,
860 2556 963 2610 κᾶν
1000 2558 1177 2626 μέγας
1214 2556 1271 2631 ᾗ,
1322 2561 1426 2613 κᾶν
1474 2560 1752 2631 λαμπρὸς,
1810 2562 1915 2616 κᾶν

340 2645 520 2714 πάσης
629 2649 824 2715 σοφίας
870 2650 1329 2720 πεπληρωμένος,
1363 2651 1460 2720 ούχ
1510 2651 1619 2717 ἕξει
1661 2653 1759 2723 μὲν
1790 2656 1917 2719 τοὺς

342 2736 696 2806 πειθομένους
729 2740 895 2793 αὑτοῦ
929 2742 1039 2803 τοῖς
1064 2742 1324 2810 δόγμασι,
1359 2743 1641 2797 δουλεύσει
1688 2746 1743 2798 δὲ
1783 2748 1919 2815 μᾶλ-

339 2828 430 2880 λον
475 2830 683 2892 ἐκεῖνος
733 2832 1086 2902 ἀνδραπόδων
1131 2836 1235 2889 οὐκ
1289 2835 1594 2904 ἀμείνοσιν.
1637 2839 1847 2893 Οὐκοῦν
1891 2840 1921 2893 ὁ

342 2919 517 2973 θέλων
544 2920 737 2986 εὔνους
765 2924 933 2994 ἔχειν,
974 2921 1050 2978 ὧν
1077 2925 1256 2997 ἄρχει,
1289 2926 1479 2991 εὔνους
1509 2930 1585 2983 ὣν
1609 2932 1921 2986 διατελείτω

340 3010 417 3079 τῷ
447 3012 617 3082 πνοῆς
658 3014 840 3085 πάσης
875 3016 1190 3086 κρατοῦντι,
1248 3020 1342 3072 καὶ
1384 3018 1531 3090 ζωὴν
1584 3022 1916 3093 παρέχοντι,

343 3104 437 3204 καὶ
465 3105 597 3204 πρὸς
625 3107 864 3173 τάγαθὸν
900 3107 1143 3161 κινοῦντι
1172 3110 1357 3163 πᾶσαν
1390 3111 1598 3182 ψυχήν.
1626 3111 1716 3165 Ἐν
1767 3113 1918 3185 αὐτῷ
1947 3142 1991 3204 G

342 3194 449 3265 γὰρ
477 3194 685 3265 ζῶμεν,
722 3200 818 3251 καὶ
850 3200 1174 3271 κινούμεθα,
1207 3205 1302 3257 καὶ
1331 3205 1525 3273 ἐσμέν.
1563 3205 1696 3271 Καὶ,
1729 3209 1923 3275 Αὐτός

341 3286 513 3340 ἐστιν
549 3291 583 3343 ό
634 3289 897 3359 ἐνεργῶν
924 3290 994 3345 ἐν
1022 3292 1165 3360 ἡμῖν
1202 3295 1302 3348 καὶ
1342 3295 1410 3347 τὸ
1444 3296 1667 3363 θέλειν,
1714 3301 1808 3353 καὶ
1860 3301 1921 3353 τὸ

340 3380 606 3450 ἐνεργεῖν
659 3381 811 3452 ὑπὲρ
858 3383 969 3454 τῆς
1010 3385 1319 3455 εὐδοκίας,
1364 3390 1391 3442 ὀ
1424 3387 1569 3453 θεῖος
1599 3391 1921 3463 ἀπεφήνατο

346 3472 576 3537 Παῦλος.

1074 3657 1182 3716 IA'.

418 3742 485 3795 Σὲ
524 3742 629 3812 πρὸ
674 3743 895 3799 πάντων
947 3747 1106 3815 ἄγειν
1155 3750 1236 3804 δετ
1277 3752 1377 3819 τὴν
1428 3752 1489 3805 σὲ
1544 3755 1649 3820 πρὸ
1698 3754 1919 3807 πάντων

348 3833 593 3902 ἄγουσαν
621 3834 979 3906 Ἐκκλησίαν,
1012 3840 1193 3894 πάντα
1232 3858 1316 3895 σοι
1369 3844 1508 3911 μετὰ
1545 3845 1680 3897 Θεὸν
1734 3862 1920 3911 γιγνοο

348 3928 539 3996 μένην.
572 3926 724 3997 Αὕτη
749 3928 833 3980 σοὶ
862 3931 1065 3999 μήτηρ,
1090 3932 1267 4001 τίτθη,
1288 3934 1628 4001 διδάσκαλος,
1651 3937 1919 4004 πλάστης,

344 4015 630 4086 ἀλείπτης,
658 4016 799 4080 ὁδὸς,
828 4020 921 4071 καὶ
944 4019 1161 4090 ὁδηγδς,
1188 4024 1280 4074 καὶ
1314 4021 1592 4091 συνεργὸς,
1625 4025 1715 4076 καὶ
1742 4025 1922 4094 παρά-

346 4104 561 4173 κλησις,
620 4104 759 4172 πρὸς
790 4105 817 4158 ὅ
861 4123 911 4158 τι
952 4107 1237 4161 κάλλιστόν
1264 4126 1319 4161 τε
1374 4111 1471 4163 καὶ
1521 4110 1917 4180 μονιμώτατον.

351 4193 516 4246 Οὐδὲν
546 4196 654 4263 γὰρ
688 4194 798 4246 τῶν
833 4194 1052 4264 ἐκείνης
1080 4196 1235 4265 λῆξιν
1266 4197 1625 4268 δεχομένωνῆ
1656 4199 1920 4269 ἐπίκηρον

348 4285 380 4355 ἢ
415 4285 655 4357 φθαρτόν
685 4288 856 4352 ἐστιν,
883 4287 1002 4340 ἀλλ’
1026 4289 1219 4353 ἀΐδιον,
1261 4292 1562 4359 ἀκήρατον,
1608 4292 1918 4361 ἄφθαρτον,

349 4376 564 4441 ἀϊδίοις,
619 4378 713 4429 nail.
765 4379 1089 4449 ἀκηράτοις,
1140 4381 1236 4433 καὶ
1285 4381 1586 4451 ἀφθάρτοις
1617 4384 1917 4452 προσῆκον.

2013 1913 2134 1969 cio?
2153 1914 2245 1983 qui
2279 1914 2387 1979 fiet,
2416 1924 2474 1967 ut
2490 1913 2715 1967 omnino
2738 1913 2889 1983 prius
2908 1927 3226 1967 concessum
3246 1927 3351 1965 non
3383 1913 3604 1967 amitta-

2014 2018 2160 2069 mus,
2182 2015 2237 2061 et
2266 2005 2675 2061 iuexorabilitcr
2703 2004 3238 2075 pmnaiconveniente
3261 2004 3603 2059 multemur?

2091 2190 2241 2247 Satis
2278 2206 2341 2246 ex
2372 2206 2431 2246 se
2468 2190 2702 2260 parebit,
2727 2194 2872 2260 quod
2895 2189 3094 2246 dicturi
3132 2205 3352 2256 sumus,
3383 2205 3449 2244 ac
3471 2204 3600 2260 pro-

2018 2284 2225 2340 feratur
2262 2298 2415 2340 sane.
2448 2284 2552 2350 Qui
2580 2283 2748 2339 Deum
2770 2285 2997 2353 diligere
3040 2298 3148 2337 non
3197 2285 3333 2346 vult,
3364 2285 3414 2337 ei
3467 2294 3598 2339 sunt

2018 2378 2217 2433 infesta
2266 2379 2361 2433 Dei
2420 2390 2626 2433 creata.
2658 2376 2760 2443 Qui
2799 2377 2970 2432 Deum
3028 2392 3135 2431 non
3184 2378 3396 2443 metuit,
3423 2378 3592 2432 etiam

2022 2471 2171 2540 ipsas
2203 2486 2385 2524 rerum
2412 2470 2639 2524 umbras
2677 2469 2958 2525 formidat.
2985 2472 3086 2535 Qui
3113 2469 3258 2537 leges
3286 2470 3458 2539 ipsius
3490 2485 3595 2523 non

2021 2569 2224 2624 servat,
2260 2562 2477 2614 tametsi
2508 2576 2738 2629 magnus
2766 2562 2857 2624 sit,
2892 2564 3106 2615 tametsi
3137 2562 3345 2625 clarus,
3394 2570 3595 2614 tamet-
3697 2564 3705 2571 '

2021 2653 2066 2706 si
2098 2654 2294 2720 plenus
2337 2651 2487 2705 omni
2540 2650 2855 2719 sapientia:
2907 2660 3090 2707 tamen
3152 2666 3253 2705 nec
3312 2653 3601 2707 habiturus

2022 2754 2126 2808 est,
2152 2744 2246 2812 qui
2270 2742 2507 2797 decretis
2533 2742 2707 2811 ipsius
2732 2743 3113 2812 obtemperent
3150 2761 3162 2796 :
3197 2751 3251 2797 et
3278 2743 3600 2797 servitutem

2023 2835 2206 2904 potius
2231 2834 2438 2889 serviet
2473 2849 2581 2889 non
2603 2834 2944 2902 melioribus,
2973 2849 3136 2903 quam
3166 2835 3284 2904 ipsa
3309 2836 3417 2890 sint
3446 2849 3604 2892 man-

2023 2923 2187 2993 cipia.
2221 2923 2563 2993 Quapropter
2589 2926 2682 2995 qui
2741 2926 3039 2980 benevolos
3092 2927 3291 2981 habere
3340 2927 3455 2979 vult
3480 2941 3603 2995 eos,

2023 3016 2225 3084 quibus
2255 3016 2511 3084 imperat,
2544 3030 2759 3087 seraper
2790 3018 2938 3073 illius
2968 3020 3406 3075 benevolentiam
3462 3037 3599 3078 con-

2025 3117 2230 3177 servet,
2264 3109 2319 3163 in
2347 3109 2504 3179 cujus
2530 3118 2802 3187 potestate
2848 3111 3009 3168 flatus
3058 3116 3241 3171 omnis
3293 3128 3455 3184 est,e1
3506 3123 3600 3191 qui

2027 3203 2191 3256 vitam
2230 3203 2563 3271 suppeditat,
2610 3218 2940 3275 omnemque
2994 3209 3239 3263 animum
3276 3214 3341 3265 ad
3396 3215 3598 3271 bonum

2025 3295 2278 3365 impellit.
2338 3296 2474 3350 Nam
2509 3297 2561 3350 in
2617 3299 2738 3367 ipso
2775 3298 3038 3364 vivimus,
3091 3312 3144 3356 et
3176 3319 3486 3369 movemur,
3545 3320 3602 3362 et

2023 3396 2235 3440 sumus.
2268 3386 2540 3453 Itemt'pu
2569 3398 2665 3448 est.
2693 3390 2784 3456 qui
2812 3390 2990 3459 e/ficit
3018 3395 3072 3447 in
3103 3396 3274 3457 nobis,
3302 3408 3351 3450 et
3383 3408 3440 3451 ut
3475 3399 3601 3453 veti-

2022 3490 2162 3540 mus,
2189 3488 2236 3530 el
2257 3488 2315 3530 ut
2342 3489 2675 3545 prrstemus,
2725 3496 2821 3547 pro
2872 3501 2971 3537 sua
2994 3486 3050 3539 in
3080 3503 3173 3540 nos
3230 3492 3600 3558 propensione,

2022 3571 2487 3637 quemadmodum
2518 3573 2679 3627 divus
2715 3572 2915 3630 Paulus
2948 3577 3042 3631 ait.

2758 3665 2850 3722 XI.

2094 3750 2461 3807 Antefcrenda
2503 3754 2597 3808 tibi
2628 3758 2841 3813 cunctis
2874 3760 3039 3815 rebus
3073 3772 3157 3816 est
3184 3762 3449 3829 Ecclesia,
3475 3784 3606 3837 qure-

2026 3851 2077 3894 te
2109 3857 2331 3911 quoque
2358 3845 2575 3898 cunctis
2609 3851 2909 3916 anteponit,
2945 3860 2997 3903 et
3031 3852 3207 3907 instar
3236 3857 3481 3910 omnium
3514 3868 3600 3914 est

2027 3931 2122 3986 tibi
2180 3932 2483 3987 secundum
2522 3934 2709 3989 Deum.
2746 3940 2818 3991 Ea
2838 3940 2935 3994 tili
2964 3955 3158 4010 mater,
3188 3949 3398 4013 nutrix,
3427 3956 3605 4022 magi-

2024 4031 2161 4086 stra,
2191 4023 2560 4091 informatris,
2616 4028 2802 4095 alipta,
2845 4032 2954 4097 via,
3014 4035 3111 4089 via:
3140 4041 3275 4105 dux,
3334 4036 3594 4111 adjutrix,

2024 4114 2299 4168 incitatrix
2320 4115 2384 4169 ad
2408 4116 2777 4185 pulcherrima
2807 4123 3042 4191 qumvis,
3069 4138 3125 4181 et
3161 4132 3397 4188 maxime
3426 4136 3595 4190 dura-

2024 4208 2151 4263 bilia
2189 4220 2579 4279 perpetuaque.
2612 4211 2745 4266 Nam
2777 4216 2913 4270 nihil
2947 4233 3159 4287 eorum,
3194 4238 3314 4293 qua:
3338 4225 3437 4281 hac
3470 4244 3598 4283 con-

2026 4303 2289 4366 tinentur,
2326 4304 2414 4357 vel
2442 4304 2778 4369 ﬂuxum,vel
2818 4308 3114 4365 obnoxium
3165 4325 3247 4369 est
3299 4316 3539 4373 interitui
3579 4339 3593 4387 ;

2024 4394 2122 4449 sed
2185 4405 2475 4461 aeternum,
2517 4400 2890 4468 corruptionis
2933 4416 2985 4458 et
3020 4405 3276 4463 interitus
3331 4415 3601 4481 expers“;

268 4466 277 4477 ’
349 4468 455 4518 Καὶ
485 4469 595 4537 γὰρ
617 4470 685 4522 τὰ
714 4471 894 4523 πάντα
927 4473 1297 4540 πνευματικά·
1331 4476 1421 4526 καὶ
1453 4475 1545 4528 διὰ
1580 4476 1741 4529 τοῦτο
1786 4477 1917 4529 αίώ-

2031 4485 2248 4538 :Ptemis
2294 4493 2347 4538 et
2404 4489 2772 4557 corruptionis
2847 4507 2911 4547 ac
2967 4494 3222 4551 interitus
3273 4466 3601 4569 expertibus
3662 4542 3669 4548 -

348 4576 459 4621 νια,
503 4562 597 4613 καὶ
629 4562 830 4629 ἀγαθὰ,
870 4563 965 4616 καὶ
1019 4564 1273 4634 ἀκίνητα⁸
1308 4565 1344 4618 ἃ
1397 4568 1489 4618 καὶ
1543 4570 1919 4637 προτιμᾶσθαι

345 4650 428 4703 δεῖ
474 4651 582 4703 τῶν
623 4654 979 4722 σωματικῶν,
1024 4655 1100 4718 ὡς
1150 4656 1694 4729 συγκεκληρωμένων
1718 4663 1783 4729 τῇ
1816 4677 1922 4714 πα·

352 4740 524 4813 ρούσῃ
552 4740 666 4812 ζωῇ
696 4741 793 4795 καὶ
822 4742 983 4797 πλέον
1011 4744 1180 4798 ὄντων
1209 4747 1402 4816 μηδέν.

1083 4924 1183 4981 ΙΒ’.

425 5018 573 5070 Ἴσον
608 5017 685 5086 τῷ
718 5016 859 5087 πρὸς
884 5020 1086 5087 κέντρα
1128 5018 1407 5084 λακτίζειν
1436 5020 1495 5073 τὸ
1528 5022 1788 5091 πολεμεῖν
1820 5023 1920 5093 τῆς

359 5109 696 5177 Ἐκκλησίας
734 5112 847 5172 τοῖς
890 5111 1146 5179 δόγμασι.
1195 5113 1425 5182 Χαίρειν
1459 5113 1552 5167 οῦν
1598 5118 1710 5178 τοῖς
1760 5116 1920 5170 τοῦτο

350 5200 598 5254 ποιοῦσιν
642 5202 916 5271 εἰρηκὼς,
948 5202 1106 5273 εἴπερ
1149 5205 1251 5257 οὐκ
1292 5206 1413 5258 ἐνὸν
1444 5207 1640 5271 αὐτοὺς
1693 5209 1919 5280 διορθώ-

352 5292 571 5355 σασθαι,
598 5289 697 5362 ὅρα
731 5311 819 5361 μοι
852 5296 951 5364 τὴν
974 5295 1179 5348 τούτων
1212 5297 1429 5364 μανίαν,
1457 5298 1535 5359 είς
1560 5293 1673 5350 οἷον
1695 5301 1921 5365 τούτους

350 5384 521 5438 κακὸν
544 5386 788 5439 ἐνέϐαλε.
808 5387 919 5452 Λὰξ
939 5387 1047 5457 γὰρ
1069 5388 1252 5443 παίειν
1274 5388 1519 5443 ἐθέλουσι
1546 5391 1643 5461 τὴν
1674 5393 1765 5445 τοῦ
1784 5393 1918 5447 Θεοῦ

348 5474 702 5544 Ἐκκλησίαν,
760 5477 826 5546 ἢν
864 5477 978 5547 ίδίῳ
1013 5479 1203 5548 αἵματι
1255 5482 1686 5551 περιεποιήσατο
1711 5524 1726 5549 ,
1766 5485 1920 5537 οὐδὲν

349 5564 477 5620 ἄλλο
496 5567 740 5620 λείπεται
757 5567 988 5631 τούτοις,
1010 5570 1042 5637 ἢ
1062 5571 1349 5639 αἱμάττειν
1370 5574 1533 5636 πόδας
1556 5575 1718 5636 ἰδίους
1738 5594 1919 5645 παρα-

350 5657 519 5727 φορᾶς
555 5657 877 5728 θρασύτητι.
913 5660 984 5712 Σὺ
1010 5662 1064 5714 δέ
1095 5678 1187 5732 μοι
1237 5665 1409 5717 ταῦτα
1439 5666 1701 5719 ἐπίστασο
1728 5668 1920 5735 λιμένα

348 5763 405 5798 τε
436 5748 528 5802 καὶ
562 5751 845 5819 πρόϐολον,
877 5755 969 5806 καὶ
1000 5755 1338 5824 ἀμυντήριον
1367 5758 1548 5811 ὅπλον.
1585 5760 1789 5825 Νιςάσι
1811 5760 1917 5829 γὰρ

2028 4577 2382 4632 conveniens.
2418 4580 2612 4633 Omnia
2644 4596 2881 4651 namque
2910 4588 3211 4653 spiritualia
3244 4602 3391 4656 sunt,
3424 4608 3605 4663 eaque

2027 4679 2246 4737 propter
2272 4680 2327 4722 et
2345 4678 2568 4736 eterna,
2600 4682 2655 4725 et
2677 4673 2839 4738 bona,
2862 4682 2916 4727 et
2968 4679 3193 4731 immota
3227 4698 3240 4733 :
3276 4694 3394 4750 qua:
3426 4694 3475 4737 ct
3506 4700 3598 4752 po-

2028 4762 2164 4816 tiora
2196 4762 2438 4816 ducenda
2464 4773 2593 4817 sunt
2621 4767 2922 4833 corporeis,
2956 4771 3099 4823 velut
3125 4771 3190 4823 ad
3238 4774 3404 4827 vitam
3456 4776 3603 4833 banc

2026 4854 2445 4920 pertinentibus,
2478 4860 2590 4910 'nec
2615 4856 2844 4912 ulterius
2872 4875 2992 4915 sese
3022 4864 3453 4934 porrigentibus.

2758 4946 2869 5004 XII.

2100 5031 2427 5103 Bepugnare
2456 5035 2728 5099 dogmatis
2787 5039 3063 5106 Ecclesiae,
3120 5046 3345 5113 perinde
3391 5061 3493 5115 est,
3531 5066 3601 5104 ac

2026 5119 2070 5172 si
2107 5122 2234 5187 quis
2264 5121 2391 5175 velit
2422 5124 2663 5179 stimulis
2703 5127 3218 5201 culccsimpingere.
3256 5136 3604 5209 Quapropter

2029 5209 2131 5265 hoc
2160 5210 2487 5269 facientibus
2520 5215 2747 5285 longum
2776 5220 2954 5275 valere
2975 5221 3162 5290 justis,
3198 5227 3241 5279 si
3276 5230 3475 5299 corrigi
3498 5248 3596 5283 ne-

2025 5316 2229 5373 queant
2271 5325 2511 5375 ;eorum
2560 5314 2693 5367 mihi
2751 5316 2993 5371 furorem
3052 5322 3298 5390 aspicito,
3355 5325 3600 5394 inquale

2028 5401 2230 5454 malum
2259 5404 2564 5473 praecipites
2597 5406 2751 5475 ipsos
2774 5419 2917 5479 agat.
2952 5412 3164 5481 Quippe
3197 5415 3322 5467 dum
3356 5418 3603 5472 calcibus

2027 5492 2326 5548 Ecclesiam
2374 5496 2465 5551 Dei
2503 5496 2665 5554 ferire
2715 5500 2924 5565 volunt,
2961 5519 3121 5573 quam
3159 5506 3273 5573 ipse
3331 5520 3430 5560 suo
3465 5523 3595 5562 san-

2024 5584 2186 5655 guine
2240 5589 2553 5656 acquisivit,
2622 5592 2758 5645 nihil
2813 5603 2979 5662 agunt
3019 5596 3183 5657 aliud,
3234 5610 3409 5663 quam
3450 5601 3598 5664 quod

2025 5677 2254 5731 audacia
2291 5680 2529 5746 quadam
2562 5684 2790 5738 insania:
2816 5686 3160 5753 suosmctipsi
3216 5686 3374 5751 pedes
3403 5702 3601 5740 cruen-

2026 5777 2160 5822 tant.
2196 5768 2264 5823 At
2288 5786 2387 5838 ego
2431 5773 2554 5829 volo
2578 5776 2744 5841 scias,
2777 5776 2865 5829 illa
2894 5776 3145 5845 dogmata
3182 5785 3394 5845 portum
3435 5782 3596 5839 quasi
