4166 6270
369 340 472 402 ῗὲθ

1339 339 1751 408 ΡΒίΕίῖΕΞνΓΑ
1794 332 2315 394 EDUCATIONlS
2361 331 2636 390 REGIzE.

3505 333 3609 393 3‘0

372 454 537 507 δόντα
578 452 676 521 μὲν
723 453 913 522 τιμῆς,
964 453 1317 522 μεταδιδόντα
1356 454 1412 505 δὲ
1441 453 1809 517 ἀστειότητος.
1852 448 1936 500 xx"

2051 442 2313 494 honorem
2354 438 2689 505 impertiens.
2728 443 2780 490 et
2821 435 3183 491 urbanitatem
3235 432 3524 503 adhibens,
3558 453 3613 494 et

373 541 818 610 προσδοηθοῦντα
866 544 1032 597 πᾶσιν
1078 545 1153 608 ὡς
1193 544 1393 608 ἔξεστι.
1425 544 1536 597 Καὶ
1564 541 1765 609 δεῆσαν
1810 539 1941 591 ἀνα-

372 633 583 687 λίσκειν
640 634 783 703 ὑπὲρ
836 634 1165 703 ἀνθρώπων,
1216 636 1476 704 χαίροντα
1523 633 1682 686 τοῦτο
1738 632 1938 691 ποιεῖν,

380 722 532 784 ὅπως
580 723 1008 792 μεγαλοψυχίας,
1041 725 1158 777 ἀλλ’
1204 728 1305 778 οὐκ
1329 725 1572 790 ἀνάγκης
1596 718 1822 790 τοῦργον
1853 736 1934 770 νο·

376 812 612 881 μίζοιτο.
641 808 737 875 Οἷς
770 815 921 881 μέντ’
946 813 1012 867 ἂν
1040 817 1200 877 αὐτὸς
1239 815 1464 884 ἡσθείης
1514 813 1681 865 ἕνεκά
1714 829 1809 863 σου
1838 827 1937 862 πε-

371 888 713 972 πραγμένοις
767 906 870 958 ὑπό
914 924 1009 959 του
1064 908 1243 975 φίλου,
1297 906 1505 968 τούτοις
1535 906 1770 975 χρῆσθαι
1802 903 1938 971 προς

372 992 498 1053 τοὺς
531 992 774 1061 ἑτέρους.
798 992 958 1046 Οὕτω
991 995 1191 1066 πολλὴν
1224 997 1299 1058 ὡς
1334 996 1589 1065 μάλιστα,
1639 995 1733 1047 καὶ
1764 993 1938 1063 καλὴν

372 1084 471 1152 οὐχ
500 1083 701 1151 ἣκιστα
736 1085 949 1154 σεαυτῷ
980 1084 1164 1153 φιλίαν
1194 1085 1612 1164 ἐπισωρεύσεις.

1110 1178 1206 1231 ΙΖ¹.

458 1262 677 1332 Ἀμέλει
728 1281 790 1328 γε
845 1266 1067 1317 κάκεῖνο
1122 1266 1269 1321 δοκεῖ
1322 1267 1642 1334 συμϐαίνειν
1691 1265 1819 1335 τῇδε
1869 1268 1937 1335 τῇ

372 1354 585 1423 γνώμῃ.
617 1355 738 1423 Χρὴ
764 1357 891 1423 γὰρ,
916 1352 1095 1424 οἶμαι,
1127 1358 1250 1418 τοὺς
1272 1358 1671 1426 παραινοῦντας
1696 1360 1938 1409 συνοῖσον

368 1444 527 1511 ἔργον
553 1446 920 1511 ἀσπάζεσθαι,
964 1447 1067 1500 κᾶν
1101 1442 1201 1500 ὦσι
1237 1449 1429 1514 φαῦλοι
1476 1450 1573 1519 τὴν
1601 1449 1793 1517 τύχην,
1834 1448 1939 1499 κᾶν

371 1537 682 1603 μηδαμόθεν
736 1556 817 1591 σοι
859 1539 1149 1610 γνώριμοι.
1203 1542 1305 1593 Ἰιν
1345 1542 1401 1593 δέ
1442 1558 1527 1603 τις
1569 1540 1768 1609 βλάψον
1803 1558 1940 1609 συμ-

369 1628 599 1697 εουλεύῃ
632 1646 703 1692 τι,
749 1631 799 1683 εἰ
833 1632 933 1699 μὲν
970 1631 1043 1694 ὡς
1076 1631 1384 1696 ἐξαπατῶν,
1423 1631 1492 1683 τὰ
1534 1633 1643 1683 τῶν
1675 1631 1937 1701 ἐχθίστων

320 1738 327 1745 ·
369 1718 684 1783 ἂργάζεται·
722 1721 771 1771 εἰ
821 1719 876 1771 δὲ
926 1721 993 1771 δι’
1034 1720 1278 1787 ἄγνοιαν,
1332 1720 1518 1783 εὔνους
1562 1721 1658 1785 ὢν,
1706 1723 1806 1788 τῆς
1839 1721 1938 1790 μὲν

368 1806 579 1874 ἀγαθῆς
606 1810 977 1878 προαιρέσεως
1005 1812 1333 1865 ἐπαινείσθω
1365 1811 1558 1881 (ταύτῃ
1590 1814 1679 1862 καὶ
1710 1812 1779 1862 τὰ
1807 1811 1937 1880 παρ’

368 1894 527 1962 ήμῶν
560 1897 695 1964 πρὸς
753 1898 884 1951 Θεὸν
928 1900 1196 1969 κρίνεται)
1223 1916 1236 1928 ·
1266 1886 1365 1969 τῆς
1408 1900 1454 1951 δ’
1510 1900 1761 1969 εὐηθείας
1797 1900 1936 1967 μήτε

370 1985 782 2052 ὲξουθενείσθω,
831 1992 969 2060 μήτε
1012 1991 1377 2059 ἐπιτιμάσθω.
1403 1992 1556 2044 Ὀὐδὲ
1609 1992 1715 2061 γὰρ
1749 1995 1774 2043 ό
1803 1992 1937 2051 Θεδς

274 2116 282 2120 .
344 2069 571 2145 ’κρινῶν
628 2080 938 2135 καθεδεῖται
985 2082 1275 2151 ,ἀνοήτους
1344 2082 1436 2133 καὶ
1490 2081 1936 2153 μελαγχολῶντας

365 2169 706 2238 ἀνθρώπους.

1087 2344 1197 2397 IH'.

432 2434 567 2488 Νυν.
598 2416 681 2487 σοι
713 2436 862 2489 τόνδε
888 2436 979 2489 τὸν
1017 2436 1219 2506 τρόπον
1246 2437 1295 2488 οί
1323 2434 1432 2488 τῶν
1462 2436 1675 2505 ἀνδρῶν
1719 2436 1935 2504 ἄριστοί

359 2544 419 2578 τε
456 2528 551 2578 καὶ
578 2528 865 2597 χρήσιμοι,
922 2528 1018 2578 καὶ
1055 2528 1105 2579 οἱ
1155 2525 1359 2579 τούτων
1406 2527 1657 2590 ἐναντίοι,
1708 2529 1935 2591 γένοιντ’

365 2617 451 2682 ἂν,
477 2613 650 2686 οἶμαι,
692 2620 1047 2685 καταφανεῖς,
1084 2617 1221 2686 ὅπερ
1261 2617 1534 2685 ὠφέλιμον
1567 2617 1793 2687 ἄρχουσι
1834 2618 1936 2686 μά-

367 2708 525 2761 λιστα
562 2710 784 2761 πάντων
819 2709 957 2763 ἐστί.
988 2708 1311 2772 Διεξετόισας
1347 2711 1442 2772 τὰς
1470 2710 1672 2763 τούτων
1699 2712 1933 2777 σχέσεις,

368 2802 464 2863 τὰς
500 2800 637 2869 πρὸς
664 2800 724 2852 τὸ
749 2801 922 2864 Θεῖον,
948 2802 1046 2863 τὰς
1069 2803 1206 2872 πρὸς
1228 2803 1316 2855 τὸν
1346 2802 1479 2873 βίον,
1515 2804 1616 2865 τὰς
1651 2805 1785 2871 πρὸς
1809 2806 1935 2866 τοὺς

368 2891 577 2958 φίλους,
620 2892 718 2956 τάς
751 2895 830 2954 εἰς
864 2895 992 2956 τοὺς
1036 2894 1160 2947 καθ’
1195 2889 1334 2963 αἷμα
1386 2897 1784 2966 προσήκοντας,
1834 2895 1931 2949 καὶ

2047 531 2335 593 universis,
2394 537 2661 598 quantum
2710 536 2886 595 potes,
2942 542 3291 584 succurrens.
3330 532 3483 596 Quod
3564 534 3610 585 si

2048 619 2331 672 hominum
2380 634 2551 672 causa
2603 617 2875 687 crOganda
2911 620 3138 686 pecunia
3180 619 3365 686 fuerit,
3424 627 3529 682 hoc
3558 639 3612 682 ρι

2045 709 2199 763 laetus
2228 719 2279 763 et
2312 710 2502 762 hilaris
2546 708 2713 762 facies
2768 726 2780 762 :
2816 718 2874 761 ut
2921 724 3059 777 Opus
3111 711 3287 779 ipsum
3329 720 3612 784 magnani-

2046 800 2273 864 mitatis,
2308 816 2416 854 non
2454 798 2756 854 coactionis
2787 800 3151 856 existimetur.
3194 803 3322 866 Qua:
3348 807 3413 858 ab
3431 811 3609 861 amico

2044 900 2134 945 tua
2166 906 2333 945 causa
2379 891 2641 960 pmstita,
2700 890 2964 959 voluptati
2999 893 3092 944 tihi
3132 892 3358 950 forent:
3401 914 3463 952 ea
3527 900 3610 952 far

2044 983 2166 1037 aliis
2192 984 2472 1038 exhibeas.
2512 983 2601 1036 Sic
2630 990 2682 1035 et
2709 983 2943 1051 amplam
2984 984 3035 1037 in
3073 987 3264 1053 primis
3292 1006 3393 1045 nec
3430 994 3611 1046 minus

2046 1073 2327 1126 honestam
2360 1074 2455 1127 tibi
2481 1073 2786 1127 cumulabis
2823 1074 3143 1129 amicitiam.

2743 1163 2903 1218 XVI].

2114 1256 2343 1310 Videtur
2368 1271 2413 1309 et
2438 1258 2568 1309 illud
2602 1259 2667 1310 ad
2706 1259 2849 1314 hanc
2874 1269 3018 1314 certe
3060 1264 3333 1328 pertinere
3371 1278 3602 1319 senten-

2045 1349 2477 1404 tiam.Arbitror
2504 1353 2651 1400 enim
2708 1364 2825 1415 eos,
2881 1351 2974 1417 qui
3034 1369 3142 1405 rem
3204 1358 3607 1411 conducibilem

2045 1442 2315 1513 mouendo
2338 1447 2658 1505 suggerunt,
2695 1441 3102 1507 amplectendos
3140 1464 3256 1498 esse
3288 1463 3303 1514 ;
3360 1455 3610 1516 quamvis

2041 1533 2276 1587 fortuna:
2304 1533 2413 1585 sint
2443 1532 2619 1585 tenuis
2637 1533 2906 1597 homines,
2939 1538 3190 1603 quamvis
3246 1556 3312 1593 ex
3362 1558 3420 1596 re
3461 1544 3606 1595 nulla

2045 1627 2140 1681 tibi
2169 1626 2305 1679 noti.
2338 1626 2430 1679 Sin
2459 1625 2580 1693 quis
2613 1628 2838 1679 noxium
2871 1630 3151 1698 quidpiam
3189 1633 3285 1687 tibi
3338 1637 3606 1696 consulet.

2043 1715 2088 1767 si
2146 1715 2366 1783 quidem
2428 1723 2487 1767 ιιι
2554 1714 2809 1783 decipiat,
2869 1717 3047 1774 hostis
3103 1725 3310 1777 atrocis
3370 1725 3607 1779 otiieinm

2041 1806 2170 1859 facit
2211 1822 2226 1859 :
2258 1806 2341 1860 sin
2376 1821 2469 1875 per
2501 1807 2923 1877 ignorationem,
2960 1817 3253 1883 eseteroqui
3281 1816 3603 1879 benevolus.

2041 1894 2306 1962 propositi
2340 1894 2470 1950 boni
2494 1898 2718 1952 nomine
2749 1898 3008 1957 laudetur
3045 1903 3190 1973 (nam
3224 1921 3290 1959 ex
3320 1923 3385 1962 eo
3417 1919 3606 1965 nostra

2040 1998 2258 2053 quoque
2292 1985 2432 2039 Deus
2458 1988 2742 2057 mstimat),
2777 1993 2847 2046 ob
2872 1993 3143 2048 incautam
3185 2012 3312 2051 vero
3345 1998 3608 2068 simplici-

2016 2083 2207 2131 .tatem
2282 2091 2385 2129 nec
2421 2085 2755 2150 contemptui
2818 2086 2907 2151 sit,
2966 2102 3070 2141 nec
3152 2091 3602 2156 reprehendatur.

2039 2166 2248 2235 Quippe
2275 2182 2342 2220 ne
2370 2167 2514 2222 Deus
2549 2172 2765 2239 quidem
2806 2190 2904 2244 pro
2959 2176 3215 2232 tribunali
3276 2180 3509 2247 sedebit,
3548 2194 3606 2236 ut

2039 2256 2105 2310 de
2129 2256 2311 2311 stultis
2340 2265 2394 2313 et
2424 2259 2635 2317 insanis
2695 2265 3013 2322 hominibus
3055 2271 3381 2324 sententiam
3437 2273 3600 2327 ferat.

2720 2356 2901 2413 XVlll.

2108 2440 2172 2495 Et
2204 2445 2304 2498 hoc
2329 2447 2546 2515 quidem
2575 2450 2732 2504 modo
2765 2453 2911 2508 viros
2946 2463 3054 2508 tam
3084 2456 3318 2524 optimos
3343 2467 3395 2512 et
3416 2459 3601 2526 utiles,

2038 2545 2197 2596 quam
2219 2547 2406 2588 eorum
2434 2536 2752 2602 dissimiles,
2793 2542 3063 2597 luculente
3080 2548 3212 2599 satis
3242 2554 3325 2614 (ut
3351 2551 3600 2615 equidem

2038 2624 2295 2690 arbitror)
2352 2643 2613 2694 agnosces
2667 2647 2679 2681 :
2733 2633 2876 2698 quod
2930 2635 3273 2701 principibus
3349 2639 3482 2692 viris
3532 2641 3598 2691 in

2036 2712 2233 2779 primis
2265 2725 2347 2769 est
2378 2719 2524 2772 utile.
2578 2717 2784 2788 Nempe
2836 2738 2956 2776 cum
3033 2726 3431 2793 exploraveris,
3491 2745 3599 2796 quo

2039 2814 2193 2870 pacto
2215 2807 2323 2859 sint
2353 2822 2480 2876 erga
2512 2809 2681 2865 Deum
2713 2813 2913 2878 atl‘eeti,
2934 2832 3052 2885 quo
3081 2826 3237 2885 pacto
3280 2833 3599 2888 comparata

2034 2895 2276 2965 ipsorum
2314 2899 2441 2960 vita.
2483 2917 2591 2969 quo
2653 2916 2807 2973 pacto
2838 2922 2894 2962 se
2938 2919 3133 2978 gerant
3180 2926 3306 2979 erga
3366 2915 3595 2979 amicos,

367 2984 448 3046 είς
476 2985 601 3047 τοὺς
630 2984 851 3047 πολίτας
878 2986 973 3038 καὶ
1005 2983 1207 3049 ξένους,
1245 2986 1340 3038 καὶ
1367 2986 1441 3048 ὡς
1464 2987 1649 3050 αὐτοῖς
1680 3004 1741 3055 γε
1776 2988 1928 3055 σφίσι

2032 3006 2156 3060 erga
2185 2995 2704 3064 sanguinejunctos,
2738 3014 2862 3068 erga
2891 3002 3039 3057 cives
3066 3014 3120 3057 et
3149 3013 3459 3071 extraneos,
3489 3024 3598 3083 quo

360 3077 430 3126 τὰ
459 3076 581 3129 καθ’
603 3079 794 3140 αὐτοὺς
822 3078 1164 3148 ᾠκονόμητο,
1197 3080 1292 3132 καὶ
1338 3081 1449 3133 τίσι
1486 3080 1584 3149 μὲν
1618 3081 1919 3150 χαίρουσιν,

360 3166 445 3234 ἐφ’
475 3163 556 3230 οἷς
584 3169 641 3220 δὲ
665 3169 1013 3237 ἀσχάλλουσι,
1060 3170 1159 3234 τὰς
1206 3170 1368 3223 τῶνδε
1415 3173 1610 3240 φύσεις
1647 3174 1921 3245 εὑρήσεις.

320 3292 339 3319 ,ι
365 3258 474 3310 Καὶ
507 3274 596 3327 μοι
633 3260 833 3327 μηδένα
875 3263 1131 3330 μισήσας,
1168 3262 1293 3324 τοὺς
1331 3263 1621 3333 φιλητέους
1653 3264 1918 3332 φιλήσει;’

364 3348 458 3399 καὶ
486 3348 769 3418 χρώμενος
804 3348 883 3413 οἶς
914 3350 1156 3420 ἄμεινον,
1207 3353 1307 3405 οὐκ
1340 3354 1637 3422 ἀμελήσεις
1677 3354 1784 3405 τῶν
1829 3354 1923 3406 ἀλ-

362 3438 489 3491 λων.
529 3438 685 3492 Οὕτω
714 3442 807 3493 καὶ
844 3442 1086 3511 κοσμίως
1116 3442 1388 3512 φιλήσεις,
1422 3444 1518 3496 καὶ
1543 3444 1599 3495 ὲν
1634 3444 1710 3511 τῷ
1748 3444 1921 3512 φιλεῖν

364 3530 460 3580 καὶ
491 3531 764 3598 φιλεῖσθαι
808 3531 1106 3602 διαμενεῖς.
1152 3533 1212 3586 ⁸0
1244 3535 1353 3604 γὰρ
1386 3535 1623 3603 εὐχερῶς
1657 3538 1922 3587 συναπτό-

289 3640 293 3644 >
366 3635 528 3686 μενος
560 3620 949 3691 εὐχερέστερον
1002 3624 1289 3678 διίσταται.
1348 3626 1517 3679 Τοῦτο
1565 3625 1619 3678 δὲ
1660 3627 1921 3697 φευκτέον

364 3711 492 3765 νοῦν
518 3712 753 3782 ἔχουσιν.

1100 3809 1203 3862 ΙΘ’.

443 3898 501 3951 '0
539 3899 639 3967 μὲν
674 3898 866 3967 μηδενὶ
900 3899 1169 3952 πιστεύων
1202 3901 1398 3970 ῥᾳδίως
1425 3901 1489 3955 ἂν
1513 3904 1739 3955 αὐτόθεν
1762 3903 1921 3957 αὑτὸν

361 3990 585 4043 ὀλέσειε·
644 3989 847 4050 πάντες
906 3988 1015 4058 γὰρ
1062 3990 1304 4059 ἀλλήλων
1344 3992 1606 4059 δεόμεθα,
1641 3996 1688 4045 εί
1721 3993 1921 4076 μέλλει

363 4080 676 4149 διαρκέσειν
724 4081 857 4150 ἡμῖν
903 4080 964 4131 τὸ
1014 4081 1131 4150 ζῇψ
1163 4081 1224 4132 τὸ
1270 4083 1407 4133 πᾶσι
1437 4081 1482 4133 δ’
1536 4082 1602 4135 αὖ
1645 4084 1920 4154 πιστεύειν

360 4174 622 4243 ὀλέθριον,
648 4172 748 4225 οὐκ
779 4171 838 4224 ’όν
858 4172 1081 4224 δυνατὸν
1104 4174 1405 4241 ἀφεστάναι
1430 4177 1527 4244 την
1554 4168 1916 4227 κακίαντοῧδε

361 4264 453 4317 τοῦ
482 4264 618 4333 βίου.
671 4263 886 4317 Οὐκοῦν
936 4264 1213 4316 ἀπόλωλεν
1261 4264 1424 4329 ἄπας,
1471 4266 1498 4316 ὁ
1542 4266 1675 4318 πᾶσί
1720 4284 1778 4317 τε
1825 4283 1915 4320 πι-

364 4357 588 4422 στεΰων,
638 4357 733 4408 καὶ
785 4356 994 4424 μηδενί.
1058 4341 1272 4409 Ὀντοὶν
1301 4356 1356 4407 δὲ
1387 4358 1530 4409 δυοῖν
1573 4359 1910 4427 θανασίμων,

359 4452 409 4501 εί
440 4451 740 4515 ἀναγκαίαν
772 4448 891 4517 θείη
918 4466 997 4510 τις
1024 4450 1254 4501 τουτωνὶ
1281 4447 1379 4518 τὴν
1409 4448 1641 4516 αἵρεσιν,
1665 4454 1915 4518 κρεῖσσον

361 4539 551 4592 παθεῖν
584 4541 690 4591 ἀπὸ
722 4540 817 4590 τοῦ
865 4539 1111 4609 θαρρεῖν,
1152 4540 1185 4609 ἢ
1224 4540 1318 4591 τοῦ
1349 4540 1556 4601 πάντας
1588 4542 1915 4592 ὑποπτεύειν

358 4632 487 4699 ἑξῆς
522 4631 867 4700 ἀνθρώπους.
909 4632 1119 4684 Ἐκεῖνο
1165 4633 1273 4701 γὰρ
1323 4632 1622 4701 ἁπλότητος
1676 4633 1914 4702 ἀμέτρου

356 4723 677 4791 τεκμήριοψ
716 4721 875 4773 τοῦτο
911 4721 969 4776 δὲ
996 4721 1435 4790 ὑπερϐαλλούσης
1485 4724 1748 4791 πονηρίας
1780 4724 1916 4805 ἀπό-ξ

358 4811 525 4875 δειξις
554 4812 789 4879 ἐναργής
813 4829 827 4843 σ
862 4812 957 4863 καὶ
1003 4813 1267 4880 πονηρίας
1310 4811 1371 4863 τὸ
1414 4813 1702 4864 πολλοστὸν
1734 4816 1914 4867 πᾶσαν
1958 4840 1965 4849 ε

356 4903 615 4968 ἀφέλειαν
674 4903 823 4954 κάτω
874 4902 1089 4971 τίθησιν
1142 4904 1307 4955 ἕνεκα
1349 4903 1440 4955 τοῦ
1489 4904 1781 4973 βλαϐεροῦ,
1815 4907 1915 4970 τὴν

356 4991 593 5061 ἅμιλλαν
649 4991 1250 5061 ἐργαζόμενονηὍλως
1292 4991 1346 5043 δὲ
1392 4993 1622 5043 ἐνταῦθα
1656 4995 1715 5044 τὸ
1747 4997 1916 5046 κακὸν

353 5084 420 5151 τῇ
461 5060 559 5150 μὲν
588 5060 851 5150 ἁπλότητι
887 5081 974 5133 διὰ
1003 5082 1102 5152 τὴν
1130 5076 1456 5151 ὑπερὸοἵὴν,
1507 5084 1564 5134 οὐ
1596 5084 1696 5152 τὴν
1726 5086 1910 5151 φύσιν,

353 5177 422 5242 τῇ
458 5173 513 5224 δὲ
539 5172 780 5248 πονηρίᾳ
812 5171 932 5225 κατ’
962 5172 1172 5241 ἄμφω.
1684 5186 1697 5201 ’

1094 5366 1179 5422 K'.
1500 5396 1507 5403 ι

435 5459 756 5528 ’Υποψόγων
793 5438 1153 5526 δεδειῇμένων
1184 5455 1292 5507 τῶν
1338 5456 1470 5525 περὶ
1513 5459 1612 5527 τῆς
1645 5459 1781 5527 πρὸς
1814 5458 1910 5512 ἀλ-

350 5542 541 5620 λήλους
568 5554 803 5613 πίστεως
832 5552 1171 5620 ἀκροτήτων,
1196 5549 1313 5601 δέον
1344 5548 1405 5601 ὃν
1452 5551 1626 5618 μέσην
1655 5552 1870 5618 βαδίσαι
1893 5567 1908 5582 ⁸

347 5640 492 5708 λέγω
517 5643 580 5711 δὴ
616 5643 728 5693 τισὶ
772 5642 1071 5705 πιστεύειν,
1106 5642 1200 5693 καὶ
1232 5642 1373 5693 τισὶν
1411 5642 1661 5694 ἀπιστεῖν
1703 5645 1793 5698 τὸν
1827 5647 1902 5718 μὴ

347 5730 558 5805 θατέρῳ
581 5733 687 5800 τῶν
717 5732 901 5784 κακῶν
933 5732 1405 5800 διαφθαρήσεσθαι
1430 5734 1713 5800 μέλλοντα·
1749 5737 1896 5798 ὅπως

623 5829 889 5891 ΡΑΤιιυι..
927 5831 1047 5892 (in.
1088 5829 1262 5890 CLV!

2027 3094 2184 3151 pacto
2204 3101 2288 3141 res
2312 3089 2413 3156 ipsi
2432 3104 2562 3143 suas
2589 3090 3170 3159 administraverint,et
3193 3099 3393 3166 quibus
3411 3099 3600 3155 oblec-

2029 3184 2232 3241 tentur,
2251 3196 2277 3231 a
2296 3182 2493 3248 quibus
2512 3184 2870 3238 abhorreant:
2892 3197 3003 3240 tum
3026 3204 3151 3243 vero
3167 3199 3390 3246 naturas
3408 3208 3594 3248 eorum

2027 3267 2414 3337 deprehendes.
2429 3274 2735 3341 Diligendos
2751 3277 2961 3347 diliges,
2980 3281 3249 3336 neminem
3270 3285 3394 3338 odio
3414 3300 3613 3354 prose-t

2026 3375 2198 3425 quens
2237 3364 2464 3419 :etillis
2495 3379 2674 3431 utens,
2701 3370 2900 3438 quibus
2961 3371 3036 3425 uti
3085 3384 3324 3441 prmstat,
3370 3385 3596 3430 caeteros

2024 3467 2131 3506 non
2154 3455 2406 3525 negliges.
2458 3459 2547 3513 Sic
2587 3471 2639 3514 et
2671 3461 2772 3516 rite
2818 3462 3029 3529 diliges,
3058 3474 3111 3518 et
3168 3475 3431 3535 perpetuo
3480 3478 3593 3521 tum

2024 3541 2141 3610 ipse
2165 3545 2372 3617 diliges,
2408 3558 2520 3602 tum
2565 3552 2834 3621 diligeris.
2887 3553 3023 3607 Nam
3079 3556 3174 3624 qui
3227 3558 3383 3612 alteri
3437 3559 3595 3614 facile

2020 3633 2289 3701 jungitur,
2318 3635 2536 3694 facilius
2560 3641 2627 3693 ab
2648 3645 2837 3696 eodem
2871 3658 2930 3698 se
2954 3645 3239 3717 disiungit.
3270 3645 3382 3701 Hoc
3409 3659 3594 3703 autem

2024 3724 2308 3779 vitandum
2347 3740 2531 3784 mente
2562 3724 2831 3796 praeditis.

2746 3824 2892 3879 XIX.

2094 3909 2329 3964 Libitum
2356 3912 2441 3966 cui
2474 3913 2655 3981 fuerit,
2684 3916 2884 3970 habere
2920 3919 3119 3973 nemini
3151 3920 3328 3987 fidem,
3365 3925 3410 3979 is
3437 3923 3593 3980 facile

2023 4000 2260 4066 seipsum
2298 4002 2397 4055 hoc
2446 4011 2604 4072 pacto
2656 4006 2974 4073 perdiderit.
3028 4007 3158 4063 Nam
3194 4014 3420 4069 omnino
3452 4017 3594 4070 indi-

2022 4105 2209 4158 gemus
2232 4091 2368 4144 alter
2395 4093 2642 4158 alterius,
2674 4096 2718 4149 si
2746 4096 3247 4157 vitant'ineulumen
3273 4106 3430 4161 nobis
3472 4123 3591 4163 es~e

2021 4182 2292 4236 volumus.
2322 4184 2599 4240 Ediverso
2654 4187 2810 4241 tidem
2836 4191 3088 4246 omnibus
3142 4195 3419 4262 adhibere,
3470 4215 3591 4266 per-

2022 4274 2286 4327 niciosnm
2314 4285 2417 4338 est,
2467 4290 2592 4329 cum
2659 4278 2775 4333 lieri
2824 4292 3080 4349 nequeat,
3136 4295 3194 4338 ut
3221 4286 3288 4339 ab
3346 4289 3446 4343 hac
3482 4291 3587 4344 vita

2022 4364 2339 4431 improbitas
2362 4368 2522 4420 absit.
2569 4366 2711 4423 Perit
2732 4388 2878 4437 ergo,
2917 4375 3165 4441 quisquis
3193 4378 3449 4432 oninibus
3472 4395 3592 4434 cre-

2017 4456 2114 4517 dit,
2140 4463 2191 4509 el
2227 4460 2452 4511 nemini.
2495 4460 2630 4514 Cum
2664 4472 2840 4515 autem
2889 4473 3182 4534 utrumque
3224 4468 3293 4521 sit
3340 4471 3582 4536 exitiale,

2017 4548 2063 4600 si
2115 4550 2424 4609 necessario
2478 4552 2547 4603 sit
2593 4552 2900 4620 eligendum
2959 4556 3302 4625 alterutrum,
3346 4573 3585 4629 praestat

2017 4638 2218 4718 aliquid
2246 4640 2315 4693 ob
2341 4640 2593 4694 ﬁduciam
2624 4645 2751 4710 pati,
2778 4659 2937 4713 quam
2991 4660 3180 4700 omnes
3223 4664 3447 4715 prorsus
3482 4653 3581 4704 hu-

2017 4732 2193 4784 mines
2234 4743 2517 4799 suspectos
2571 4733 2839 4788 habendo.
2900 4734 3032 4789 Nam
3086 4737 3218 4791 illud
3275 4740 3583 4798 immodica:

2016 4823 2383 4890 simplicitatis
2412 4838 2497 4877 est
2530 4825 2791 4878 indicium
2819 4844 2833 4890 ;
2869 4826 2971 4880 hoc
3005 4829 3226 4884 evidens
3252 4832 3432 4887 nimia:
3463 4852 3584 4902 pr..-

2016 4913 2198 4967 vitatis
2236 4918 2635 4982 argumentum.
2691 4915 2909 4968 Minima
2952 4931 3078 4971 vero
3128 4924 3408 4987 pravitatis
3455 4942 3580 4996 pars

2016 5016 2228 5058 omnem
2258 5005 2653 5072 simplicitatem
2685 4993 2925 5075 superat,
2958 5010 3093 5064 nihil
3144 5028 3249 5065 non
3272 4993 3579 5071 studio‘nn.

2015 5095 2169 5149 cendi
2199 5095 2446 5149 moliens.
2504 5095 2569 5148 Et
2590 5099 2813 5151 omnino
2854 5101 3048 5154 vitiosa
3098 5102 3418 5173 simplicitas
3471 5121 3576 5171 est,

2014 5199 2121 5238 non
2147 5196 2364 5251 natura,
2395 5191 2486 5240 sed
2515 5192 2643 5254 quia
2690 5189 2858 5244 nimia
2892 5192 3159 5260 :pravitas
3198 5208 3398 5263 autem,
3426 5209 3576 5254 utra-

2015 5289 2122 5345 que
2138 5338 2153 5349 κ
2176 5276 2242 5330 de
2279 5291 2464 5330 causa.

2701 5370 2816 5424 XX.

2082 5460 2139 5514 In
2160 5475 2220 5514 ea
2246 5460 2372 5527 fide,
2392 5476 2555 5529 quam
2594 5462 2727 5516 alter
2758 5463 3079 5520 adhibemus
3117 5468 3294 5531 alteri.
3325 5482 3447 5522 cum
3472 5482 3539 5522 ex

2012 5561 2182 5607 trema
2210 5552 2644 5607 demonstratum
2673 5555 2742 5607 sit
2770 5570 2887 5610 esse
2938 5559 3335 5624 vituperabilia,
3392 5558 3572 5612 media

2012 5645 2367 5697 incedendum
2406 5645 2490 5697 via
2521 5662 2535 5708 ;
2567 5647 2890 5712 quibusdam
2939 5650 3148 5702 scilicet
3182 5646 3239 5701 ut
3272 5647 3478 5713 credat,
3509 5659 3566 5702 et

2005 5736 2330 5804 quibusdam
2363 5752 2466 5789 non
2490 5741 2691 5798 crciat,
2724 5738 2815 5804 qui
2850 5738 3109 5790 maiorum
3159 5738 3416 5790 alterutro
3446 5751 3570 5791 cor-

3159 5832 3222 5889 11
