4166 6270
577 321 676 386 331

1719 325 1988 387 MANUE
2002 328 2117 387 LIS
2162 329 2248 388 ΡΛ
2265 325 2609 396 ΙέῖΕΟΕΟῧί

3659 395 3663 404 ι
3713 352 3826 417 332

577 436 754 506 rumpi
787 436 1114 492 nolit.Bonis
1149 433 1304 490 Iidem
1353 433 1658 498 adhibebis,
1697 437 1891 493 vitabis
1953 438 2135 493 malos.

2257 451 2572 513 πιστεύσεις
2619 453 2731 514 τοῖς
2766 452 3011 522 ἀγαθοῖς,
3058 457 3182 522 τοὺς
3214 463 3487 530 πονηροὺς
3525 463 3827 534 διαφυλατ-

575 531 785 598 Quippe
817 531 860 582 si
895 529 1051 583 bonis
1076 527 1232 581 ﬁdem
1269 543 1376 580 non
1410 528 1685 592 habueris,
1732 531 1953 584 omnino
1985 532 2143 586 malis

576 621 787 685 credes,
821 637 942 674 cum
980 634 1203 673 necesse
1249 620 1338 682 sit,
1371 621 1642 688 aliquibus
1691 622 1952 676 credere:
2009 635 2144 677 ροη-

575 725 801 782 traque,
824 728 986 782 quam
1024 713 1135 766 Iieri
1168 728 1264 780 par
1287 723 1423 776 erat,
1459 723 1552 766 aut
1583 714 1846 777 diliidens,
1897 724 1990 768 aut
2023 730 2144 768 cre-

571 810 724 870 dens,
753 808 950 876 quibus
985 823 1092 860 non
1147 807 1422 871 debebas;
1463 807 1618 861 facile
1670 809 2057 874 corrumperis,
2091 816 2144 860 et

570 901 791 970 gravius
838 900 1081 970 quidem,
1145 913 1307 967 quam
1370 899 1604 966 cogitare
1669 899 1869 966 possis.
1932 897 2143 950 Etenim

571 995 742 1048 farina
777 993 843 1046 de
879 991 1176 1053 frumento,
1207 990 1422 1045 duobus
1475 992 1816 1042 comminuto
1849 989 2141 1054 lapidibus,

569 1086 840 1139 eilieitur:
876 1083 1071 1135 horum
1107 1095 1252 1145 vero,
1293 1095 1400 1133 non
1461 1079 1637 1132 dicam
1677 1080 1989 1140 amborum,
2047 1077 2142 1130 sed

568 1174 889 1230 alter-utrius
920 1186 1168 1225 seorsum
1231 1171 1366 1222 mira
1402 1168 1660 1238 perdendi
1692 1169 1773 1221 vis
1799 1179 1904 1220 est.

1271 1260 1410 1313 XXI.

637 1357 876 1410 Omnino
909 1355 1006 1409 tibi
1041 1363 1225 1406 certus
1255 1354 1462 1405 amicus
1495 1361 1597 1414 est,
1634 1351 1725 1419 qui
1779 1349 2050 1414 adtulissus
2088 1351 2140 1402 in

563 1452 874 1506 societatem
903 1465 1082 1502 rerum
1114 1448 1497 1516 gerendarum,
1547 1445 1836 1499 blanditias
1872 1444 1942 1506 ei,
1999 1443 2140 1510 quod

562 1543 803 1612 expedit,
840 1543 1136 1610 postponit.
1170 1540 1272 1604 Qui
1299 1556 1427 1592 vero
1456 1539 1644 1608 gratiae
1698 1538 2000 1606 captanda,
2026 1552 2144 1604 qu:e

563 1640 635 1691 sit
672 1639 947 1698 nocitura,
983 1627 1168 1698 servit,
1205 1634 1336 1686 nihil
1388 1635 1456 1685 ab
1509 1633 1634 1686 odio
1686 1631 2143 1701 persequentibus

564 1736 620 1781 et
642 1725 897 1780 h0stibus
920 1726 1050 1791 ipsis
1064 1722 1278 1775 dillert:
1301 1721 1564 1790 siquidem
1589 1737 1690 1772 non
1710 1728 1875 1772 etiam
1895 1722 2043 1787 pejor
2060 1727 2144 1770 est

572 1821 847 1879 hostibus,
923 1817 1016 1885 qui
1093 1815 1426 1868 assentando
1493 1813 1718 1879 decipit,
1797 1822 2142 1876 mentemque
2178 1797 2216 1849 Β

565 1923 769 1966 tantam
806 1925 910 1962 non
935 1908 1256 1976 corrumpit.
1295 1906 1408 1958 lmo
1466 1914 1823 1974 praeterquam
1863 1903 2006 1971 quod
2045 1917 2139 1953 no-

563 2005 684 2057 aius
718 2013 824 2065 est,
858 2001 1018 2054 etiam
1056 2000 1156 2052 hac
1186 1999 1308 2052 illos
1344 1998 1393 2049 in
1448 2006 1601 2064 parte
1646 2004 1884 2062 superat.
1947 1993 2139 2046 Ilosles

559 2097 707 2150 enim
745 2094 960 2146 molesti
996 2099 1126 2144 sunt
1152 2091 1308 2142 nobis
1346 2097 1510 2156 atque
1549 2103 1763 2156 graves,
1803 2096 1856 2138 et
1906 2085 2142 2155 quisque

558 2187 639 2241 sic
673 2185 971 2254 comparati
1006 2198 1218 2242 sumus,
1253 2190 1310 2233 ut
1347 2197 1403 2234 re
1436 2180 1740 2233 molestiam
1799 2178 1956 2231 nobis
1987 2177 2139 2230 exitio

560 2280 720 2332 bente
755 2275 974 2329 liberari
1004 2274 1309 2342 cupiamus.
1361 2271 1428 2324 At
1461 2273 1568 2332 hic,
1601 2272 1763 2323 etiam
1794 2285 1918 2323 cum
1959 2279 2138 2331 nocet.

553 2369 831 2439 iucundus
881 2382 1000 2421 esse
1046 2374 1291 2433 putatur,
1342 2363 1574 2430 ideoque
1622 2361 1807 2427 potius
1874 2375 2137 2420 amorem,

556 2477 721 2532 quam
755 2461 940 2512 odium
979 2456 1182 2510 merevi
1211 2457 1448 2509 videtur.
1503 2453 1683 2508 Hostis
1725 2463 1982 2520 prtelerea
2026 2452 2137 2505 ﬁeri

555 2564 778 2624 potest;
804 2563 864 2606 ut
892 2549 1298 2610 reconcilietur,
1331 2563 1432 2601 nec
1457 2562 1521 2600 eo
1559 2548 1756 2608 minus,
1787 2555 1845 2598 ut
1902 2557 2142 2613 proster-

567 2656 731 2700 natur
760 2660 774 2697 :
805 2645 895 2698 hic
919 2657 1069 2704 vero,
1104 2657 1228 2694 cum
1250 2639 1464 2692 Iatitarc
1513 2641 1707 2706 possit,
1737 2647 1888 2689 extra
1921 2653 2137 2689 omnem

505 2789 509 2792 .
559 2738 652 2792 teli
683 2737 892 2806 jactum
927 2733 1198 2795 consistit,
1233 2741 1285 2783 et
1311 2731 1378 2784 ad
1416 2729 1662 2782 fraudem
1694 2745 1813 2783 sese
1847 2730 2136 2791 convertit,

557 2832 855 2885 absumens
889 2843 918 2880 a
945 2828 1148 2894 quibus
1179 2825 1366 2888 alitur,
1396 2832 1448 2876 et
1507 2823 1558 2875 in
1618 2822 1839 2876 eosdem
1905 2823 2142 2874 belluiuo

555 2940 709 2979 more
726 2924 978 2978 saeviens.
998 2921 1172 2989 Atque
1191 2921 1294 2974 hoc
1317 2935 1451 2973 sane
1471 2920 1851 2986 gravissimum
1871 2927 1974 2976 est.
1997 2917 2138 2986 quod

560 3016 795 3071 fallendo
813 3014 1084 3068 IucriIacit
1110 3030 1124 3077 ;
1148 3010 1562 3072 Iucrifaciendo,
1587 3012 1641 3062 in
1667 3009 1912 3062 fraudem
1936 3009 2138 3062 allicit:

553 3126 622 3168 ac
639 3107 863 3179 proinde
887 3108 1087 3160 malum
1107 3105 1268 3159 modo
1287 3119 1393 3158 non
1415 3104 1467 3157 in
1487 3103 1754 3156 inﬁnitum
1775 3103 2138 3172 progreditur.

1255 3194 1419 3248 XXII.

635 3295 710 3351 Ad
745 3293 915 3348 decus
967 3299 1243 3360 pratorum
1295 3289 1456 3343 Ilores
1519 3288 1838 3356 pertinent:
1903 3288 2130 3349 coelum,

557 3387 758 3452 sidera,
798 3383 1093 3453 principem
1157 3381 1393 3434 studium
1428 3381 1668 3432 veritatis
1700 3389 1876 3431 ornat.
1932 3381 2005 3432 Ac
2046 3393 2135 3430 ua-

555 3480 703 3532 vium
740 3477 960 3546 quidem
1026 3475 1191 3527 robur
1229 3472 1280 3524 in
1319 3473 1504 3524 carina
1559 3471 1810 3526 Consistit
1847 3488 1860 3534 ;
1908 3471 2127 3532 ardium,

556 3572 611 3625 in
644 3570 1001 3624 fundamento
1029 3584 1042 3619 :
1073 3567 1186 3631 ejus
1221 3575 1422 3626 autem,
1467 3563 1552 3614 cui
1582 3572 1843 3631 perpetuo
1869 3577 2012 3615 curae
2043 3577 2160 3631 p01

557 3663 808 3731 pulorum
836 3669 919 3712 est
946 3668 1000 3711 et
1045 3656 1258 3711 urbium
1287 3653 1452 3716 s'alus,
1505 3656 1557 3707 in
1600 3655 1720 3720 hoc,
1758 3664 1814 3707 ιιι
1869 3656 2132 3724 quidquid

558 3755 809 3809 adnuerit
837 3751 1034 3819 capite,
1085 3749 1166 3803 vel
1197 3748 1330 3817 ipsis
1378 3757 1624 3801 servetur
1667 3747 1936 3812 hostibus,
1989 3750 2132 3816 quod

555 3846 880 3902 existimare
910 3843 1125 3906 debeat,
1160 3856 1228 3895 ne
1271 3842 1561 3895 vivendum
1603 3840 1822 3909 quidem
1861 3841 1986 3908 sibi,
2013 3843 2123 3894 vio-

555 3942 664 3994 lata
690 3940 812 3993 Iide.
844 3936 1022 3992 Verax
1053 3944 1234 3990 autem
1266 3949 1455 4003 reapse
1477 3936 1722 4000 ducetur,
1757 3950 1864 3987 non
1887 3936 1978 4003 qui
2008 3951 2132 4004 pro-

557 4029 851 4085 missorum
895 4027 1297 4096 prmstationem
1349 4025 1621 4080 convertit
1646 4027 1698 4079 in
1725 4035 2020 4098 quaestum,
2077 4035 2134 4078 ut

555 4137 620 4175 ex
653 4136 716 4175 ea
747 4121 829 4174 vel
862 4120 966 4173 alat
1022 4134 1161 4182 sese,
1227 4119 1308 4171 vel
1370 4133 1501 4187 opes
1555 4129 1940 4188 consequatur.
1997 4118 2131 4172 Nam

554 4229 679 4268 cum
715 4213 837 4267 linis
864 4213 912 4266 ei
953 4213 1282 4282 propositus,
1324 4227 1432 4264 non
1499 4213 1614 4278 ipsa
1644 4227 1736 4279 per
1788 4229 1848 4265 se
1911 4213 2130 4286 veritas,

552 4308 645 4363 sed
681 4309 906 4376 pecunia
939 4309 1046 4362 sit:
1081 4308 1158 4362 sic
1192 4308 1278 4359 ubi
1320 4322 1506 4360 verum
1565 4306 1664 4358 sibi
1721 4321 1822 4360 non
1883 4305 2128 4359 futurum

555 4403 925 4456 emolumento
963 4404 1256 4469 putaverit,
1304 4415 1429 4451 mox
1464 4399 1694 4466 pedibus
1721 4399 1787 4450 ab
1817 4415 1881 4452 eo
1911 4400 2132 4467 procul-

2248 537 2499 604 τόμενος.
2549 543 2649 593 Ἦν
2687 543 2793 610 γὰρ
2825 545 3138 617 ἀπιστήσῃς
3176 552 3286 612 τοῖς
3319 552 3566 616 ἀγαθοῖς,
3598 560 3827 612 πιστεύ-

2251 651 2363 698 σεις
2401 636 2619 698 πάντως
2647 643 2760 703 τοῖς
2791 647 3070 725 πονηροῖς,
3113 646 3360 713 ἀνάγκης
3397 647 3561 718 οὔσης
3588 653 3697 705 τισὶ
3727 671 3828 706 πι-

2249 728 2482 782 στεύειν·
2505 733 2600 784 xui
2619 734 2846 800 ἐναλλὰξ
2865 737 2942 805 τῷ
2967 738 3558 808 πρέποντιγρώμενος,
3576 743 3826 796 ἀπιστῶν

2247 837 2310 888 γε
2345 825 2438 876 xui
2483 819 2761 879 πιστεύων
2787 825 2868 891 οἷς
2897 830 2958 881 οὐ
2988 831 3128 895 δέον,
3161 832 3404 901 εὐχερῶς
3449 833 3825 909 διαφθαρήσῃ,

2247 917 2372 969 ὅσον
2405 918 2514 970 οὐδ’
2546 918 2921 989 ἐνθυμηθῆναί
2957 941 3013 975 σε
3047 925 3252 994 ῥᾴδιονο
3285 926 3449 994 πυροὶ
3476 927 3584 998 γὰρ
3616 929 3825 991 ἄλευρα

2248 1013 2506 1077 γίνονται,
2563 1012 2682 1064 δυσὶ
2724 1015 3090 1085 θρυπτόμενοι
3142 1017 3354 1080 λίθοιςο
3396 1019 3572 1091 τούτῳ
3617 1021 3674 1074 δὲ
3721 1023 3822 1091 οὐχ

2247 1105 2394 1167 ὅπως
2429 1105 2620 1174 ἄμφω,
2653 1108 2787 1160 ἀλλά
2812 1111 2904 1161 xui
2926 1110 3095 1180 χωρὶς
3124 1109 3389 1180 ἑκάτερον
3413 1111 3597 1166 ὀλέσαι
3621 1113 3818 1168 δεινόν.

2965 1286 3092 1341 KA'.

2319 1373 2396 1428 Ἦ
2445 1393 2549 1430 που
2600 1377 2754 1443 φίλος
2805 1395 2884 1430 σοι
2941 1379 3141 1447 σαφὴς,
3169 1377 3228 1441 ὃς
3262 1379 3539 1433 κοινωνῶν
3581 1399 3667 1435 σοι
3706 1383 3821 1437 τῶν

2249 1470 2448 1538 ἔργων,
2481 1473 2713 1524 κατόπιν
2739 1472 2833 1524 τοῦ
2868 1474 3211 1535 συνοίσοντος
3249 1475 3358 1526 αἰεὶ
3393 1475 3462 1526 ’τὸ
3505 1476 3696 1544 χάριεν
3736 1478 3821 1530 τίς

2249 1563 2426 1632 θησιν.
2473 1565 2532 1616 Ὀ
2561 1565 2616 1617 δὲ
2653 1565 2788 1632 πρὸς
2835 1565 2995 1636 χάριν
3029 1565 3342 1635 βλάψουσαν
3372 1567 3822 1637 ύπηρετούμενος

2253 1657 2556 1724 μισούντων
2587 1674 2645 1709 τε
2670 1659 2763 1709 xui
2799 1658 3074 1728 πολεμίων
3102 1659 3282 1711 αὐτῶν
3303 1658 3455 1712 οὐδὲν
3487 1659 3818 1729 διενήνοχεν,

2249 1750 2294 1798 εί
2330 1748 2404 1816 μὴ
2437 1752 2529 1800 καὶ
2561 1750 2686 1811 τοὺς
2720 1749 2951 1818 ἐχθροὺς
2980 1749 3313 1819 ὑπερήλασε,
3349 1747 3660 1812 κολακείαις
3684 1749 3823 1800 πλα-

2247 1841 2376 1903 νῶν,
2411 1843 2505 1892 καὶ
2553 1843 2838 1910 μονονουχὶ
2875 1843 2966 1900 τὸν
2997 1843 3120 1894 νοῦν
3151 1841 3572 1912 λυμαινόμενος.
3603 1842 3677 1894 Οὐ
3709 1843 3820 1909 μὴν

2243 1933 2378 1986 ἀλλὰ
2407 1937 2510 1984 κάν
2542 1935 2676 2004 τῷδε
2725 1935 2803 2003 τῷ
2841 1936 2999 2004 μέρει
3035 1936 3261 1988 ἐκείνων
3310 1936 3456 2005 μάλα
3505 1935 3823 1988 πλεονεκτεῖ

2245 2031 2378 2098 πρὸς
2409 2031 2486 2100 τῷ
2519 2031 2782 2100 βλαϐερὸς
2807 2029 2966 2084 εἶναι.
3011 2031 3235 2083 Ἐκεῖνοι
3263 2033 3370 2100 γὰρ
3398 2033 3531 2102 ἡμῖν
3557 2031 3815 2101 λυπηροὶ,

2244 2124 2338 2176 xui
2371 2125 2466 2176 τοῦ
2500 2124 2797 2185 λυποῦντος
2847 2124 3302 2188 ἀπαλλαξείοντές
3341 2127 3507 2191 ἐσμεν
3550 2125 3815 2188 ἕκαστος·

2243 2217 2355 2268 ὸδὲ
2393 2217 2484 2268 καὶ
2518 2216 2772 2285 βλάπτων
2820 2216 2951 2283 ἡδὺς
3005 2216 3320 2284 νομίζεται·
3378 2219 3472 2267 καὶ
3522 2215 3612 2268 διὰ
3661 2215 3818 2269 τοῦτο

2244 2309 2495 2378 φιλητέος
2537 2327 2598 2376 γε
2631 2309 2832 2377 μᾶλλον
2861 2309 2891 2377 ἢ
2945 2310 3200 2376 μισητέος
3232 2309 3399 2362 δοκεῖ.
3438 2309 3548 2362 Καὶ
3583 2309 3673 2360 τὸν
3714 2311 3812 2377 μὲν

2244 2400 2438 2469 ἐχθρὸν
2487 2400 2579 2452 καὶ
2625 2399 2955 2462 καταλλάξαι
3007 2399 3268 2464 δυνατὸν,
3325 2401 3418 2451 xui
3463 2400 3812 2465 κατενεγκεῖν

2243 2498 2343 2548 οὐκ
2375 2496 2635 2547 ἀδύνατον
2661 2511 2674 2524 ·
2707 2488 2862 2556 οὗτος
2897 2493 2954 2546 δὲ
2986 2493 3272 2546 λανθάνειν
3308 2494 3632 2560 δυνάμενος,
3653 2493 3819 2561 ἕστηκ-

2247 2607 2340 2641 κεν
2383 2589 2487 2653 ἔξω
2529 2587 2695 2656 βελῶν
2717 2604 2728 2616 ·
2765 2589 2900 2657 πρὸς
2947 2587 3002 2639 δὲ
3036 2588 3134 2656 τὴν
3167 2586 3384 2654 ἀπάτην
3415 2585 3817 2649 ἐπεκτείνεται,

2244 2679 2303 2742 ἐξ
2331 2673 2404 2730 ὧν
2433 2680 2690 2746 τρέφεται
2722 2677 3071 2746 λωϐώμενος.
3102 2678 3195 2729 καὶ
3225 2677 3346 2729 κατ’
3381 2675 3561 2728 αὐτῶν
3593 2674 3820 2742 θηριούο

2249 2789 2428 2841 μενος.
2471 2772 2579 2823 Καὶ
2613 2770 2768 2822 τοῦτό
2798 2771 2912 2820 ἐστι
2956 2770 3017 2820 τὸ
3070 2769 3214 2836 μάλα
3258 2769 3450 2832 δεινὸν,
3481 2769 3562 2820 ὄτι
3604 2768 3682 2835 τῷ
3715 2766 3819 2834 μὲν

2245 2863 2460 2932 ana-.4»
2511 2861 2807 2929 κερδαίνει,
2837 2859 2913 2928 τῷ
2961 2858 3018 2910 δὲ
3066 2859 3374 2928 κερδαίνειν
3416 2857 3811 2928 παρακαλεῖται

2245 2955 2380 3023 πρὸς
2407 2953 2502 3020 τὴν
2533 2954 2748 3021 ἀπάτην
2768 2968 2781 2982 ·
2813 2952 2906 3003 xui
2935 2949 3122 3003 λοιπὸν
3150 2951 3236 3004 ἐπ’
3269 2949 3494 3019 ἄπειρον
3524 2953 3805 3018 μονονουχὶ

2243 3049 2303 3099 τὸ
2335 3046 2503 3098 κακῦν
2535 3045 2804 3112 πρόεισιν.

2963 3217 3008 3269 Κ
3016 3214 3080 3270 B'.

2310 3315 2595 3384 Λειμῶνας
2631 3313 2727 3381 μὲν
2759 3310 2893 3380 ἄνθη
2935 3313 3165 3380 κοσμεῖ·
3197 3311 3288 3363 καὶ
3316 3309 3542 3379 οὐρανὸν
3569 3308 3815 3378 ἀστέρων

2239 3408 2391 3477 χοροί
2417 3426 2430 3440 ·
2467 3408 2526 3458 τὸ
2559 3407 2611 3457 δὲ
2649 3405 2942 3473 φιλάληθες
2968 3403 3226 3473 ἄρχοντα,
3263 3404 3371 3454 Καὶ
3410 3403 3608 3471 τρόπις
3646 3400 3746 3468 μὲν
3784 3401 3819 3470 ἡ

2239 3500 2464 3568 δύναμις
2505 3498 2668 3550 ναυσί
2697 3515 2708 3525 ·
2763 3496 2857 3547 καὶ
2894 3495 3142 3562 θεμέλιος
3171 3495 3341 3554 οἴκοις
3365 3509 3379 3522 ⁸
3493 3493 3549 3544 δὲ
3593 3491 3818 3560 φροντίς

2240 3596 2386 3644 ἐστιν
2463 3591 2698 3660 ἄληκτος
2761 3588 3030 3651 σώζεσθαι
3100 3588 3264 3648 λαούς
3325 3603 3382 3638 τε
3451 3587 3547 3638 καὶ
3608 3587 3819 3651 πόλεις,
3905 3663 3908 3666 _

2239 3687 2319 3738 ὃτι
2367 3703 2461 3737 κεν
2493 3684 2701 3753 κειραλῇ
2757 3683 3090 3750 κατανεύσῃ,
3126 3683 3310 3734 πιστὸν
3338 3676 3478 3732 εἶναι
3516 3682 3604 3732 καὶ
3656 3680 3821 3731 πολε⁴

2243 3781 2408 3846 μίοις,
2440 3778 2675 3846 οἰομένῳ
2711 3775 2812 3826 οὐκ
2851 3775 3003 3838 ἀξιον
3038 3775 3189 3844 αὐτῷ
3221 3774 3281 3826 τὸ
3325 3773 3422 3844 ζῇν
3461 3774 3818 3844 ψευσαμένῳ.

2252 3871 2480 3941 ’Λληθὴς
2528 3868 2573 3920 δ’
2615 3869 2783 3941 ὅντως
2833 3867 3114 3936 νομίζοιτο
3144 3869 3242 3935 οὐχ
3290 3869 3317 3919 ὀ
3363 3867 3686 3935 τάληθεύειν
3716 3868 3822 3936 ἑμ-

2241 3963 2464 4032 πιρείαν
2523 3938 2882 4028 ποιούμενος,
2946 3959 3012 4011 ἵν’
3072 3961 3133 4010 ἐκ
3189 3959 3343 4010 τοῦδε
3403 3961 3660 4026 τρέφοιτο
3716 3960 3820 4011 καὶ

2239 4057 2464 4125 πλουτῇ.
2500 4056 2665 4115 Τέλος
2712 4055 2820 4121 γὰρ
2871 4055 2930 4104 οὐ
2983 4054 3082 4123 τὴν
3129 4055 3392 4129 ἀλήθειαν
3442 4051 3566 4106 καθ’
3614 4053 3815 4122 αὐτὴν,

2238 4148 2369 4200 ἀλλά
2427 4147 2722 4215 τάργύριον
2776 4145 2973 4214 ἔχοντι,
3003 4146 3160 4210 δόξαν
3211 4146 3444 4215 τάληθὲς
3483 4147 3582 4199 οὐκ
3614 4146 3820 4214 ὠφέλο-

2241 4256 2358 4307 μον,
2395 4238 2883 4306 καταπεπάτηνται
2935 4230 3034 4305 μὲν
3084 4238 3246 4300 εὐθὺς
3290 4239 3368 4307 τῷ
3416 4237 3642 4308 τοιούτῳ
3685 4255 3854 4312 συν-¹

2238 4328 2403 4395 θῆκαι
2453 4333 2650 4394 πᾶσαι,
2705 4331 2813 4390 πᾶς
2868 4329 3046 4396 λόγος,
3093 4332 3205 4382 πᾶν
3257 4333 3662 4398 γραμματεῖον,
3703 4332 3818 4384 πᾶν

2238 4419 2417 4488 ἔργον·
2443 4421 2960 4490 καταπεφρόνηνται
2991 4422 3044 4473 δὲ
3075 4422 3250 4489 ὅρκοι,
3274 4425 3366 4475 καὶ
3391 4424 3418 4474 ὃ
3440 4441 3492 4474 τι
3523 4440 3630 4492 περ
3658 4424 3815 4491 φρίτ-

551 4502 746 4547 cantur
787 4493 968 4546 omnia
1016 4502 1170 4560 pacta
1233 4499 1517 4554 conventa,
1569 4506 1728 4544 omne
1774 4493 2125 4559 promissum,

2241 4529 2347 4564 τειν
2381 4513 2542 4577 ποιεῖ,
2571 4511 2712 4564 ὥστε
2751 4513 2910 4582 μόνον
2947 4515 3020 4584 μὴ
3045 4515 3300 4581 γενέσθαι
3332 4518 3628 4586 τάργύριον
3653 4516 3818 4570 ἔλατ-

552 4585 973 4639 instrumentum
1029 4598 1210 4647 omne,
1271 4583 1534 4652 quidquid
1595 4593 1775 4638 actum
1837 4585 2122 4656 denique:

549 4678 712 4730 simul
744 4684 1090 4730 sacramenta
1150 4677 1391 4743 przestita
1449 4691 1547 4744 pro
1602 4677 1772 4730 nihilo
1821 4678 2121 4744 ducuntur,

549 4775 602 4819 et
621 4767 886 4836 quidquid
913 4766 1111 4820 animis
1143 4776 1406 4820 terrorem
1438 4776 1585 4819 metu
1622 4764 1905 4838 religionis
1931 4772 2120 4840 injicit,

551 4867 755 4910 tantum
794 4873 860 4911 ne
897 4859 1107 4927 jactura
1141 4859 1382 4926 pecunia:
1415 4860 1523 4911 tiat.
1579 4859 1768 4928 Itaque
1801 4876 1947 4930 _vere
1983 4863 2123 4915 veri-

550 4956 717 4998 tatem
747 4963 935 5001 autore
961 4950 1337 5018 prosequitur,
1363 4965 1471 5001 non
1499 4950 1589 5018 qui
1625 4951 1920 5004 habeteam
1973 4968 2123 5020 quaa-

548 5034 680 5099 stui,
710 5037 803 5087 sed
838 5037 929 5102 qui
957 5039 1321 5101 mendacium,
1383 5040 1664 5104 malitiam,
1715 5040 1954 5094 fraudem
1986 5041 2120 5106 odit,

549 5133 722 5178 utres
769 5126 894 5178 odio
957 5144 1052 5196 per
1081 5145 1139 5183 se
1193 5131 1407 5199 dignas.
1453 5130 1584 5183 Nam
1640 5133 1815 5198 ipsum
1879 5135 2120 5198 mentiri,

551 5213 886 5269 multiforme
916 5218 1174 5285 quiddam
1208 5230 1289 5272 est
1324 5239 1336 5273 :
1368 5230 1422 5275 et
1447 5231 1661 5290 oportet
1716 5238 1834 5286 eos,
1900 5226 1992 5294 qui
2053 5227 2120 5280 ab

549 5305 671 5374 ejus
708 5308 980 5361 immunes
1012 5325 1134 5364 esse
1189 5313 1453 5366 varietate
1507 5316 1854 5383 versutiaque
1909 5319 2119 5387 volunt,

2232 4622 2342 4659 τον.
2395 4607 2638 4675 Ἀληθῶς
2685 4605 2779 4661 οὖν
2830 4610 3090 4678 ἀληθείας
3116 4611 3506 4682 ἐραστὴς.οὐχ
3555 4616 3583 4666 ὁ
3631 4629 3820 4685 καπη-

2233 4698 2403 4751 λεύων
2465 4699 2656 4769 αὐτὴν,
2707 4700 2823 4753 ἀλλ’
2884 4703 2991 4772 ὅτῳ
3047 4705 3278 4774 μισητὸν
3327 4705 3388 4758 τὸ
3438 4705 3654 4774 ψεῦδος,
3713 4709 3818 4761 καὶ

2221 4789 2556 4859 κακοήθεια,
2587 4795 2680 4843 xui
2709 4793 2876 4857 δόλος,
2907 4795 3001 4847 ἅτε
3062 4795 3185 4848 καθ’
3236 4797 3378 4850 αὐτὰ
3420 4799 3611 4866 μίσους
3658 4798 3813 4863 ἄξια.

2237 4881 2392 4932 Ἐστι
2422 4883 2529 4951 γὰρ
2561 4884 2621 4934 τὸ
2647 4884 2938 4952 ψεύδεσθαί
2967 4905 3018 4938 τι
3048 4889 3400 4959 πολύμορφον
3427 4905 3443 4921 ο
3475 4894 3569 4944 καὶ
3600 4893 3680 4942 δεῖ
3710 4895 3818 4962 τῆς

2237 4972 2427 5025 τούτου
2465 4975 2870 5044 καθαρεύοντας
2896 4979 3193 5046 ποικιλίας,
3220 4981 3319 5049 τῆς
3351 4981 3516 5052 φίλης
3545 4982 3816 5052 ἀληθείας

2235 5064 2358 5124 τοὺς
2394 5066 2649 5134 ἐραστὰς,
2671 5067 2766 5118 καὶ
2796 5068 3078 5136 λογισμὸν,
3097 5071 3196 5123 καὶ
3232 5070 3430 5141 νεῦμα,
3459 5075 3552 5125 xui
3583 5073 3812 5142 πρᾶξιν,

2235 5154 2480 5222 ἄψευστα
2533 5159 2644 5220 τοῖς
2698 5158 2879 5227 ἔργοις
2935 5161 3233 5224 δεικνύναι,
3285 5165 3378 5216 καὶ
3435 5164 3574 5217 κατὰ
3622 5165 3807 5232 λόγον,

2231 5245 2431 5312 ὅρκους
2460 5248 2518 5298 οὑ
2570 5248 2978 5318 συγχωροῦντα,
3025 5253 3381 5320 πιστοτέρους
3421 5254 3633 5307 ἑαυτῶν
3672 5256 3808 5322 φαί-

2227 5337 2437 5390 νεσθαι.

550 5399 731 5452 chara:
755 5398 1014 5452 nimirum
1043 5401 1287 5455 veritatis
1310 5412 1608 5469 amatores,
1666 5417 1718 5460 et
1752 5411 2104 5480 cogitationes
2132 5439 2284 5488 suas.

2333 5439 2387 5480 et
2421 5438 2603 5495 nutus,
2658 5447 2688 5484 e
2717 5437 2978 5499 actiones,
3036 5439 3104 5492 ab
3147 5438 3296 5492 omni
3355 5441 3636 5497 mendacio
3684 5442 3807 5499 fac-

547 5491 618 5546 tis
641 5490 774 5562 ipsis
805 5506 1070 5556 asserere,
1097 5491 1364 5598 juxtaqt‘t'e
1387 5497 1609 5550 Verbum
1643 5498 1798 5567 illud.
1854 5512 1996 5573 (ιυοά
2021 5509 2212 5579 jurare
2245 5529 2408 5585 vetat,
2462 5490 2729 5578 servanda
2779 5526 2884 5580 ﬁde
2943 5490 3166 5598 δεῖρε-οε

1246 5584 1435 5643 XXIII.

618 5673 740 5730 Non
773 5677 935 5734 aliter
969 5690 1131 5749 atque
1180 5677 1404 5746 ferrum,
1452 5684 1773 5753 rubiginem,
1805 5691 2036 5748 aemulus
2064 5705 2116 5750 et

547 5766 764 5824 invidus
789 5770 1004 5828 animus
1058 5771 1266 5840 odium,
1318 5771 1562 5830 fraudem
1589 5778 1802 5849 aliaque
1856 5783 1983 5839 talia
2030 5789 2112 5856 gi-

2937 5624 2978 5674 K
2990 5623 3062 5677 l".

2310 5702 2408 5755 Ὶδν
2459 5705 2559 5773 μὲν
2594 5708 2812 5779 σίδηρος
2862 5714 3058 5778 τίκτει,
3091 5717 3249 5784 μῖσος
3279 5716 3333 5769 δὲ
3373 5719 3465 5772 καὶ
3498 5719 3667 5784 δόλον,
3698 5727 3798 5778 καὶ

2223 5793 2290 5845 τὰ
2317 5794 2561 5862 τοιαῦτα,
2587 5796 2731 5869 ψυχὴ
2765 5801 3064 5870 ζηλότυπός
3096 5822 3155 5857 τε
3188 5810 3280 5858 xui
3317 5808 3573 5878 φθονερά.
3620 5812 3792 5880 Ὁμοῦ
