4166 6270
422 331 530 396 338

1397 346 1490 407 PR
1502 348 1804 412 IECEPTA
1846 352 1890 412 E
1904 354 2276 416 DUCATION
2295 362 2359 418 lS
2397 362 2678 426 ΠΕΟ-ΗΕ.

3558 381 3662 446 334

421 451 476 502 δὲ
504 450 678 503 ταῦτα
713 451 1037 519 Αυμαίνεται
1081 453 1180 522 μὲν
1213 457 1306 511 καὶ
1345 461 1475 525 τοὺς
1507 463 1666 524 ἐκτὸς
1695 467 1843 519 ἐστιν
1873 469 1977 533 ὅτε,

2095 471 2226 539 gnit.
2268 474 2340 527 Ea
2402 478 2715 545 conjuncta,
2752 496 3159 552 nonnumquam
3221 487 3308 542 illa
3334 491 3549 558 quidem
3609 508 3662 552 et

424 542 548 594 καθ’
585 543 708 594 ὅσον
739 541 805 594 ἂν
835 543 1062 598 ἐκείνων
1107 547 1420 616 καθάψαιτο
1439 569 1454 584 ο
1488 555 1612 618 τοὺς
1642 556 1698 608 δὲ
1727 559 1988 622 τεκόντας

422 633 619 694 αὐτοὺς
647 633 748 686 οὐκ
776 633 887 685 ἐσθ’
915 635 1064 698 ὅπως
1097 637 1172 704 μὴ
1215 639 1294 708 τῷ
1326 641 1502 713 χρόνῳ
1547 647 1825 710 παντελῶς
1857 650 1987 702 ἀνα-

420 725 666 788 λώσειεν,
712 727 1042 795 ἐντετηκότα
1089 730 1374 798 διηνεκῶς,
1427 736 1522 788 καὶ
1565 738 1779 807 δρῶντα
1822 740 1850 792 ὃ
1893 741 1990 793 πέ-

420 837 560 886 φυκε
591 820 747 888 δρᾷν.
787 818 926 870 Ἀλλ’
956 819 1149 889 ἐκείνῳ
1180 824 1277 890 μὲν
1303 826 1560 878 ἀκούσιον
1589 829 1646 880 τὸ
1675 830 1985 900 διαφθεῖρον

431 911 594 962 αὐτόν
619 926 634 942 ο
675 910 825 962 τουτὶ
868 909 914 962 δ’
947 911 1046 963 οὐκ
1079 914 1370 979 ἀγνοοῦσιν
1407 919 1714 986 ἐπιφύεται.
1747 923 1857 975 Καὶ
1898 923 1987 977 διὰ

418 1002 578 1056 τοῦτο
621 1007 803 1074 χεῖρον
837 1005 898 1058 τὺ
927 1007 1052 1058 καθ’
1100 1009 1269 1076 ἡμᾶς,
1300 1015 1396 1062 καὶ
1436 1014 1622 1080 σχεδὸν
1653 1017 1986 1088 συγγνώμης

417 1095 518 1148 οὒκ
539 1096 706 1161 ἄξιον.
737 1097 990 1164 Γίγνεται
1020 1100 1128 1169 γὰρ
1171 1103 1576 1174 παραπλήσιον,
1617 1107 1809 1179 ὥσπερ
1836 1111 1902 1163 ἂν
1935 1111 1992 1164 ετ

415 1203 500 1248 τις
545 1186 742 1240 ἐθέλων
776 1185 1018 1242 ὁντινοῦν
1066 1192 1347 1261 ἐμπρῆσαι
1396 1196 1504 1248 τῶν
1549 1199 1782 1268 ἐχθρῶν,
1819 1219 1988 1256 κατα-

415 1277 626 1341 δέξαιτο
666 1279 820 1340 ξύλον
862 1280 1140 1349 γενέσθαι,
1171 1286 1268 1336 καὶ
1293 1287 1511 1356 δοθῆναι
1544 1290 1622 1359 τῷ
1651 1294 1808 1360 πυρὶ,
1845 1293 1986 1347 ὥστε

417 1369 506 1421 τὸν
563 1369 893 1439 μισούμενον
940 1377 1310 1432 κατακαῦσαι.
1367 1380 1665 1449 Ἀντικρυς
1723 1383 1751 1434 ὁ
1795 1383 1986 1450 φθόνος

420 1462 728 1513 σατανικόν.
774 1463 848 1513 Οὐ
901 1463 1010 1531 γὰρ
1051 1467 1258 1529 ἐκεῖνος
1293 1469 1392 1537 τὴν
1443 1469 1669 1523 κόλασιν
1697 1473 1988 1543 καταδέχε-

387 1567 522 1624 νται,
560 1552 590 1620 ἢ
631 1553 718 1605 διὰ
764 1554 824 1604 τὸ
870 1554 1203 1624 κολασθῆναί
1234 1576 1387 1620 τινας
1437 1561 1683 1630 ποιῆσαι.
1711 1565 1830 1615 Καὶ
1880 1566 1986 1634 μὴν

417 1636 508 1691 κάὶ
543 1640 732 1709 ἄφρων
782 1645 808 1694 ὁ
855 1643 1083 1709 φθονῶν,
1122 1647 1196 1698 Τὸ
1228 1647 1329 1716 μὲν
1360 1649 1466 1719 γὰρ
1507 1651 1669 1703 αὑτὸν
1702 1654 1986 1707 ἀναλίσκε-

418 1730 538 1781 σθαι
570 1733 876 1796 ἀναγκαίως
915 1734 1161 1799 γίγνεται
1189 1753 1202 1767 ·
1229 1739 1288 1788 τὸ
1321 1739 1596 1808 φθαρῆναι
1621 1743 1676 1794 δὲ
1702 1744 1791 1796 τὸν
1825 1746 1982 1798 ἄλλον

2094 564 2218 617 aliis
2281 566 2520 620 amarunt
2571 569 2822 636 exilium,
2887 584 3050 641 prout
3079 591 3170 630 eos
3236 579 3656 648 impetiverint:

2091 663 2147 708 at
2173 657 2320 723 ipsos
2342 669 2616 724 auctores,
2648 663 2760 714 ﬁeri
2813 679 2917 716 non
2953 675 3152 731 potest,
3206 673 3336 738 quin
3397 677 3658 742 paulatim

2091 761 2317 814 prorsus
2349 751 2676 815 absumant;
2723 755 2922 809 animis
2954 759 3160 814 scilicet
3190 760 3351 816 inlixa
3381 780 3658 836 perpetuo,

2089 841 2341 909 quodque
2374 851 2565 896 natura
2590 845 2786 908 solent,
2837 846 3151 906 eﬂ'icientia.
3201 853 3307 908 Sed
3354 859 3497 910 enim
3556 860 3664 915 ler-

2089 939 2207 978 rum
2239 929 2394 995 quasi
2425 945 2518 997 per
2540 931 2650 984 vim
2675 948 2703 986 a
2725 934 2978 1003 rubigine
3018 947 3410 1012 corrumpitur,
3438 958 3492 1002 at
3517 950 3660 1004 istud

2087 1032 2196 1071 non
2261 1020 2572 1089 ignorantes
2622 1025 2906 1094 adoritur;
2937 1029 3163 1100 ideoque
3207 1039 3404 1091 malum
3441 1041 3540 1096 hoc
3567 1058 3665 1098 no-

2089 1118 2262 1163 strum
2291 1112 2445 1180 pejus
2467 1125 2572 1179 est,
2612 1132 2675 1169 ac
2707 1133 2872 1186 prOpe
2909 1123 3120 1176 veniam
3153 1127 3355 1181 nullam
3393 1146 3660 1191 meretur.

2089 1199 2299 1270 Quippe
2321 1207 2606 1259 consimile
2627 1210 2885 1276 quiddam
2910 1217 3131 1280 accidit,
3155 1235 3217 1272 ac
3238 1221 3282 1274 si
3308 1224 3428 1291 quis
3447 1226 3659 1282 hostem

2090 1309 2473 1364 quemcunque
2517 1313 2872 1357 concremare
2922 1309 3132 1373 volens,
3165 1314 3370 1381 lignum
3399 1319 3661 1374 lierisus-

2089 1386 2278 1450 tineat,
2315 1405 2378 1442 ac
2401 1391 2510 1459 igni
2545 1393 2837 1461 tradi,quo
2888 1399 3179 1468 conﬂagret
3240 1406 3305 1470 is,
3357 1417 3516 1476 quetn
3539 1413 3664 1468 odio

2088 1482 2459 1545 persequitur.
2504 1482 2700 1537 Procul
2727 1485 2894 1539 dubio
2932 1487 3252 1546 Satanicum
3282 1497 3540 1562 quiddam
3576 1515 3664 1558 est

2090 1568 2316 1622 invidia.
2345 1569 2553 1640 Quippe
2586 1573 2815 1630 Satanas
2863 1578 3023 1631 aliam
3071 1583 3274 1636 nullam
3320 1587 3388 1640 ob
3442 1590 3660 1659 culpam

2088 1660 2362 1728 plectitur,
2399 1680 2560 1732 quam
2611 1668 2753 1733 quod
2800 1667 2987 1733 cllicit,
3055 1682 3112 1724 ut
3175 1675 3263 1728 alii
3332 1679 3662 1746 plectantur.

2089 1750 2227 1814 Quin
2267 1761 2319 1804 ct
2352 1769 2538 1806 amens
2571 1766 2672 1817 est,
2698 1759 2788 1824 qui
2839 1760 3051 1814 laborat
3100 1765 3299 1820 invidia
3329 1785 3343 1834 ;
3375 1785 3498 1823 nam
3529 1776 3660 1841 quin

421 1821 524 1871 οὐκ
563 1822 810 1890 εὔδηλον.
853 1825 1002 1876 Ἐπεὶ
1035 1833 1126 1877 καὶ
1167 1827 1300 1890 ξύλα
1344 1829 1441 1897 μὲν
1495 1831 1666 1885 πολλά
1715 1835 1972 1900 πολλάκις

2099 1839 2415 1894 absumatur
2445 1843 2577 1907 ipse,
2613 1845 2724 1899 ﬁeri
2756 1850 2907 1902 nullo
2934 1853 3092 1905 modo
3135 1864 3311 1922 potest
3339 1875 3352 1910 :
3383 1877 3448 1912 an
3479 1821 3658 1919 amem

415 1909 586 1980 οἶμαι,
621 1916 956 1983 τετέφρωτιι
985 1933 998 1947 ·
1031 1917 1127 1986 τὴν
1165 1917 1221 1968 δὲ
1249 1920 1350 1971 ούκ
1384 1917 1700 1991 εὔπρηστον
1722 1925 1855 1996 ’ύλην
1887 1930 1987 1980 ούκ

412 2003 742 2066 ἐξανάλωσε,
775 2007 812 2056 Γ
816 2009 940 2075 εννᾷ
985 2008 1038 2059 δὲ
1089 2009 1283 2075 φθόνος
1340 2011 1429 2062 τὸν
1482 2013 1654 2078 δρλον,
1685 2018 1780 2068 καὶ
1826 2034 1989 2071 συκοο

413 2097 667 2161 φαντίαν,
701 2098 794 2148 καὶ
848 2101 1026 2166 μῖσος,
1082 2101 1246 2162 αὐτὸς
1301 2101 1379 2170 τῷ
1431 2105 1580 2175 ζήλῳ
1620 2107 1981 2177 γεννώμενο;.

411 2185 556 2254 Πλὴν
585 2185 708 2238 οὕτε
752 2189 859 2240 τῶν
897 2191 1172 2256 μεγίστων
1211 2196 1347 2262 πρδς
1374 2198 1502 2258 τοὺς
1546 2197 1685 2264 ἄγαν
1716 2201 1984 2267 φαυλοτέ-

413 2292 559 2346 ρους,
593 2277 651 2328 ἐν
700 2270 745 2344 ᾧ
778 2295 840 2345 γε
878 2280 1098 2346 μείζους
1129 2283 1292 2344 εἰσὶν,
1318 2285 1344 2335 ὁ
1392 2285 1583 2351 φθόνος
1615 2288 1784 2350 πάθος
1813 2293 1981 2356 ἐστὶν,

408 2369 531 2419 οὒτε
599 2370 706 2438 μὴν
751 2371 860 2422 τῶν
916 2372 1250 2440 παμπληθὲς
1307 2375 1618 2429 ἐλασσόνων
1666 2381 1804 2448 πρὸς
1855 2383 1982 2444 τοὺς

351 2524 354 2528 γ
408 2459 773 2529 ὑπερέχοντας
807 2463 1032 2531 σφόδρα,
1059 2465 1185 2517 οὗτε
1222 2467 1330 2518 τῶν
1364 2470 1662 2536 χρωμένων
1698 2472 1982 2540 ἐπιτηδεύ-

411 2567 546 2618 μασι
576 2551 943 2620 διισταμένοις
980 2554 1251 2622 ἀλλήλων,
1286 2557 1422 2609 ἀλλὰ
1466 2561 1574 2611 τῶν
1603 2561 1805 2629 ἐρίζειν
1839 2563 1976 2631 πρὸς

412 2642 676 2712 ἀλλήλους
703 2644 1039 2713 δυναμένων,
1069 2647 1166 2698 καὶ
1192 2647 1494 2703 δοκούντων
1524 2639 1875 2707 ἐλαττοῦσθαι
1907 2658 1974 2725 τῇ

408 2736 517 2787 τῶν
556 2736 946 2806 ἁμιλλωμένων
978 2739 1348 2810 λαμπρότητι.

2089 1929 2315 1982 exitium
2347 1932 2416 1984 sit
2446 1933 2729 1989 adlaturus
2787 1939 2966 2002 alteri,
3022 1952 3172 1995 certo
3227 1960 3334 2000 non
3401 1961 3658 2019 Constat;

2087 2025 2306 2088 quando
2338 2024 2558 2091 quidem
2592 2037 2645 2078 et
2684 2027 2788 2081 vim
2842 2031 3115 2097 lignorum
3149 2052 3403 2105 magnam
3464 2047 3661 2113 saepius

2088 2114 2142 2166 in
2184 2115 2396 2168 cineres
2430 2116 2701 2170 redactam
2760 2121 2992 2189 scimus,
3027 2140 3153 2178 cum
3219 2129 3435 2186 interim
3491 2147 3664 2190 mate-

2089 2205 2223 2257 riam
2253 2215 2499 2259 crematu
2523 2208 2800 2263 diﬂicilem
2841 2227 2952 2289 non
3014 2216 3431 2284 absumpsisset.
3478 2225 3662 2295 Gignit

2087 2306 2265 2348 autem
2291 2297 2494 2352 invidia
2522 2299 2796 2366 fraudem,
2836 2313 2890 2358 et
2931 2306 3285 2367 calumniam.
3336 2322 3392 2367 et
3449 2317 3660 2381 odium,

2085 2402 2208 2441 cum
2251 2389 2368 2457 ipsa
2391 2403 2709 2458 procreetur
2740 2396 2806 2448 ab
2837 2400 3213 2456 aemulatione.
3263 2404 3463 2460 Verum
3521 2410 3661 2464 invi-

2087 2477 2190 2530 dia:
2220 2480 2351 2534 vitio
2380 2497 2481 2535 nec
2519 2485 2840 2551 amplissimi
2870 2487 3120 2544 laborant
3167 2509 3292 2563 erga
3351 2501 3533 2552 tenuis
3563 2503 3663 2555 ad-

2086 2570 2305 2623 modum
2337 2573 2670 2626 conditionis
2706 2576 2974 2641 homines,
3029 2585 3172 2648 quod
3233 2586 3318 2640 his
3357 2588 3460 2655 ipsi
3487 2593 3659 2659 majo-

2083 2670 2170 2708 res
2200 2656 2307 2708 sint
2333 2674 2346 2720 ;
2373 2669 2471 2709 nec
2493 2660 2746 2712 omnibus
2770 2662 2931 2716 rebus
2964 2666 3274 2735 inferiores,
3330 2689 3454 2742 erga
3486 2656 3642 2745 pluri-

2102 2761 2250 2799 mum
2280 2748 2622 2812 eminentes;
2675 2765 2772 2804 nec
2815 2753 2876 2818 ii,
2909 2756 3001 2823 qui
3063 2757 3430 2826 professiones
3459 2778 3510 2821 et
3537 2778 3650 2826 stu-

408 2833 498 2886 dia
533 2833 750 2888 diversa
779 2843 1098 2888 sectantur:
1133 2837 1302 2889 sedin
1341 2852 1435 2890 eos
1495 2839 1664 2902 cadit,
1703 2839 1795 2907 qui
1856 2851 2084 2908 possunt
2117 2843 2259 2895 inter
2309 2857 2430 2897 sese
2474 2846 2823 2913 contendere,
2879 2864 3082 2918 perque
3149 2854 3491 2923 splendorem
3558 2861 3658 2918 ad-

410 2922 782 2980 versariorum
810 2923 914 2978 sibi
947 2925 1078 2994 quid
1102 2926 1366 2981 decedere
1388 2938 1592 2996 putant.

1136 3061 1229 3117 KA'
1244 3106 1257 3120 .

505 3201 578 3262 Ως
629 3199 843 3266 ἄγαμαι
883 3199 973 3251 τὸν
1023 3199 1294 3267 φεύγοντα
1347 3203 1446 3264 τὰς
1499 3205 1829 3273 ὑπερϐολάς.
1867 3208 1973 3261 Καὶ

407 3291 555 3358 λόγοι
590 3292 737 3360 μάλα
793 3292 974 3361 σοφῶν
1014 3293 1302 3344 συνιστῶσί
1340 3312 1443 3362 μου
1488 3300 1579 3347 τὸν
1631 3299 1809 3366 ἔρωτα
1852 3319 1974 3352 του-

404 3382 540 3436 τονί.
589 3384 805 3452 Μέτρον
852 3384 961 3451 γὰρ
1009 3384 1252 3451 ἄριστον,
1299 3386 1416 3449 καὶ,
1448 3388 1632 3456 Μηδὲν
1683 3389 1843 3456 ἄγαν,
1880 3395 1973 3444 καὶ

405 3477 568 3544 ἕτερα
609 3475 853 3529 τοιαῦτα.
894 3476 1057 3527 Ὥστε
1104 3475 1614 3546 τὸιμεμετρημένον
1666 3484 1758 3532 καὶ
1803 3484 1970 3544 μέσον

397 3566 648 3632 ’ἀκρότης
699 3570 900 3634 τρόπον
933 3568 1119 3634 ἕτερον
1170 3570 1308 3636 πρὸς
1356 3571 1418 3620 τὸ
1462 3571 1668 3637 ἀγαθὸν
1698 3572 1968 3638 γίγνεται.

409 3657 632 3724 Συνᾴδει
665 3657 723 3709 δὲ
753 3661 864 3720 τοῖς
901 3660 1082 3726 λόγοις
1111 3662 1179 3713 τὰ
1209 3663 1537 3729 πράγματα,
1580 3664 1674 3715 καὶ
1726 3665 1969 3717 δείκνυσι

405 3750 629 3801 κάκεῖνο
676 3750 819 3817 μάλα
856 3750 1150 3820 λαμπρῶς.
1191 3755 1484 3824 Κακοήθης
1528 3757 1635 3823 γὰρ
1684 3757 1970 3826 ἄνθρωπος

402 3842 498 3891 καὶ
532 3842 754 3908 εὐήθης,
784 3841 839 3900 ἐς
870 3841 1098 3908 ἔσχατον
1128 3843 1376 3908 ἀλλήλοιν
1419 3845 1790 3912 διεστηκότες,
1821 3848 1970 3914 ὅμως

400 3934 571 4000 ἄμφω
606 3931 782 3986 κακῶ.
816 3933 922 3986 Καὶ
954 3934 1107 3985 οὐδὲν
1159 3937 1359 3987 κωλύει
1388 3938 1448 3988 τὺ
1493 3939 1756 3998 ἐναντίως
1803 3939 1970 4008 ἔχειν,

399 4024 502 4074 οὐκ
554 4022 825 4074 ἐπαινετὼ
856 4024 973 4090 ἅμα
1010 4021 1169 4076 εἶναι.
1207 4027 1264 4076 Et
1297 4027 1355 4077 δέ
1398 4044 1483 4086 τις
1515 4028 1705 4093 φεύγοι
1746 4028 1846 4096 μὲν
1877 4046 1973 4080 πο-

400 4115 617 4182 νηρίαν,
665 4114 860 4183 φεύγοι
909 4114 964 4166 δὲ
1013 4115 1296 4182 ἀφέλειαν,
1327 4115 1452 4169 νοῦν
1481 4115 1620 4186 ἔχων
1663 4119 1782 4186 μετ’
1813 4119 1973 4170 εύθύ-

399 4220 556 4269 τητος
586 4206 973 4273 εὑρεθήσεται,
1009 4206 1104 4257 καὶ
1154 4205 1310 4257 ἔσται
1362 4207 1710 4260 παντάπασιν
1745 4208 1968 4274 ἀγαθός.

399 4291 563 4345 ’Ὥστε
621 4295 690 4346 τὰ
747 4293 964 4362 πέρατα
1005 4291 1174 4358 κακὰ,
1201 4295 1296 4345 καὶ
1350 4295 1417 4346 τά
1473 4295 1615 4363 μέσα
1661 4297 1972 4348 τούναντίον

399 4385 600 4451 ἀγαθά.
638 4384 760 4436 Ἔτι
799 4385 859 4436 τὸ
891 4382 1107 4450 φθονεῖν
1139 4384 1251 4446 τοῖς
1279 4383 1387 4436 τῶν
1426 4385 1666 4455 ἀρίστων
1699 4386 1972 4454 ἀνδραγα-

399 4475 624 4542 θήμασι,
642 4474 736 4526 καὶ
764 4474 1075 4526 τούναντίον
1107 4474 1182 4542 μὴ
1209 4474 1524 4540 δάκνεσθαι,
1545 4475 1689 4542 ἆπερ
1713 4477 1972 4538 ἐναντίως

396 4565 720 4629 διάκεινται,
753 4566 856 4618 ὑπὸ
897 4568 1160 4635 μεγίστην
1195 4569 1376 4620 αἰτίαν
1407 4569 1537 4619 ὄντα
1584 4570 1866 4639 τυγχάνει.
1896 4571 1970 4621 Τὸ

399 4659 496 4726 μὲν
525 4659 636 4725 γὰρ
672 4659 1028 4728 ἀρχαιότατον
1068 4657 1275 4723 δεινὸν,
1303 4659 1532 4727 θάτερον
1584 4659 1641 4711 δὲ
1682 4661 1925 4728 μαλακόν
1951 4677 1964 4691 °

391 4750 488 4801 καὶ
516 4749 800 4816 ἀμφότερα
832 4749 1091 4817 βλαϐερὰ,
1123 4748 1192 4799 δι’
1225 4749 1377 4800 οὐδὲν
1413 4750 1600 4818 ἕτερον
1626 4746 1802 4817 οἶμαι,
1833 4752 1866 4819 ἢ
1900 4752 1958 4802 τὸ
1987 4737 2041 4796 Ῑ)

391 4838 527 4908 πρὸς
558 4837 656 4906 τὴν
683 4837 949 4906 ἀμετρίαν
987 4838 1170 4904 ἄκρως
1202 4837 1427 4905 ἀφῖχθαι
1456 4853 1471 4868 ο
1522 4838 1643 4889 ἐπεί
1671 4855 1733 4906 γε
1765 4840 1826 4891 τὸ
1860 4842 1959 4910 (q-

390 4929 624 4982 λότυπον
686 4929 856 4996 ψιλῶς
918 4916 1237 4994 ἐμπεφυκδς
1291 4931 1354 4997 τῇ
1408 4929 1554 4997 ψυχῇ
1601 4929 1668 4982 δι’
1723 4932 1960 4984 ἐπαίνων

391 5022 592 5089 ἔρωτα,
613 5019 735 5073 ούτε
768 5021 903 5088 πρὸς
931 5020 1122 5086 φθόνον
1152 5020 1517 5090 ὑπερελάσαν,
1539 5020 1632 5072 καὶ
1671 5022 1771 5090 τὴν
1800 5023 1962 5075 ἀναλ-

389 5112 608 5181 γησίαν,
645 5113 728 5178 ἐφ’
763 5107 842 5171 οἷς
876 5110 934 5161 ού
985 5109 1127 5172 δέον,
1160 5108 1456 5176 διαφυγόν·
1494 5098 1747 5179 μεσότης,
1778 5109 1958 5181 οἶμαι,

390 5202 590 5268 γένοιτ’
639 5201 705 5252 ἂν
755 5199 986 5251 τουτωνὶ
1032 5200 1141 5250 τῶν
1191 5199 1452 5251 ἐναντίων
1485 5199 1691 5262 κακῶν,
1722 5201 1818 5253 καὶ
1843 5216 1963 5268 κρι-

391 5291 621 5356 θήσεται
652 5292 912 5359 χρηστόν.
946 5289 1042 5356 Είη
1071 5288 1180 5357 γὰρ
1214 5287 1279 5340 ἂν
1306 5287 1578 5356 δήπουθεν
1610 5290 1959 5356 φρονήματος

389 5384 622 5452 καρπὸς,
655 5381 1107 5450 παρακαλοῦντος
1159 5381 1237 5442 είς
1299 5381 1540 5447 ἀρετήν’
1593 5381 1645 5432 ετ
1690 5397 1753 5446 γε
1801 5381 1958 5444 δίδως

389 5471 529 5525 εἶναι
574 5472 818 5524 τοιοῦτον
858 5473 917 5522 τὸ
950 5473 1026 5540 μὴ
1072 5471 1355 5523 καθεύδειν
1401 5471 1662 5524 δύνασθαι
1716 5474 1807 5528 θεὸν
1857 5474 1958 5526 Θε-

392 5566 686 5631 μιστοκλέα
745 5565 820 5634 τῷ
850 5563 1141 5617 Μιλτιάδου
1175 5564 1421 5634 τροπαίῳ
1448 5566 1794 5634 δακνόμενον.

2761 3077 2952 3134 XXIV.

2156 3211 2269 3266 Non
2300 3227 2518 3280 possum
2572 3228 2676 3265 non
2737 3216 2984 3282 amplecti
3037 3219 3308 3273 hominem
3371 3223 3652 3296 vitantem,

2086 3305 2348 3371 quidquid
2380 3315 2463 3358 est
2491 3305 2742 3362 nimium.
2778 3310 2952 3375 Atque
2988 3310 3131 3364 hunc
3193 3329 3432 3368 amorem
3466 3335 3646 3374 meum

2000 3423 2045 3483 ς
2083 3397 2221 3466 (ζίοῑιι
2272 3397 2802 3464 sapientissimorum
2868 3399 3217 3463 conﬁrmant,
3286 3407 3501 3460 modum
3535 3426 3656 3469 esse

2080 3501 2191 3537 rem
2226 3486 2484 3550 Optimam
2513 3501 2524 3534 ε
2565 3491 2617 3536 et
2642 3483 2718 3536 Ne
2745 3485 2872 3552 quid
2911 3488 3090 3552 nimis,
3121 3490 3332 3559 aliaque
3373 3495 3652 3563 talia.Quo

2079 3577 2158 3638 tit,
2183 3589 2241 3628 ut
2286 3577 2429 3642 quod
2465 3578 2683 3629 modum
2712 3577 2894 3639 habet,
2931 3590 2982 3632 et
3015 3580 3249 3634 medium
3295 3586 3385 3651 qui
3419 3598 3522 3650 est,
3545 3592 3654 3646 alio

2077 3669 2308 3733 quodam
2353 3672 2511 3718 ntodo
2549 3667 2675 3719 boni
2716 3676 2967 3734 re5pectu
2997 3669 3088 3722 ﬁat
3131 3681 3467 3730 extremum.
3508 3676 3645 3732 Ver-

2077 3756 2159 3809 bis
2185 3757 2314 3822 ipsa:
2339 3771 2425 3808 res
2450 3758 2822 3819 consentiunt.
2847 3767 2896 3811 et
2926 3759 2979 3812 iu
3010 3761 3201 3827 primis
3219 3763 3320 3819 hoc
3343 3781 3456 3819 rem
3485 3777 3649 3824 totam

2077 3843 2221 3896 clare
2253 3844 2464 3910 probat.
2488 3843 2660 3896 Homo
2692 3860 2926 3914 namque
2965 3851 3272 3906 malitiosus
3304 3863 3356 3906 et
3382 3857 3646 3925 stolidus,

2079 3934 2204 3986 licet
2232 3942 2476 3987 extreme
2502 3935 2705 3988 distent
2729 3938 2866 3991 alter
2896 3939 2965 3991 ab
2993 3940 3191 4006 altero,
3255 3953 3430 4000 tamen
3485 3949 3649 4005 ambo

2079 4025 2206 4076 mali
2238 4020 2405 4088 sunt;
2445 4040 2546 4078 nec
2589 4028 2735 4094 quod
2799 4028 3035 4083 invicem
3100 4033 3203 4086 sibi
3261 4036 3645 4107 adversantur,

2077 4131 2184 4182 quo
2243 4115 2423 4171 minus
2454 4117 2617 4170 simul
2649 4118 2808 4172 ambo
2849 4119 3027 4174 laudis
3060 4135 3311 4191 expertes
3347 4131 3632 4194 sint,°im-

2077 4206 2243 4273 pedit.
2269 4206 2338 4258 At
2360 4206 2405 4260 si
2442 4205 2568 4275 quis
2615 4216 2670 4261 et
2714 4210 2977 4263 malitiam
3027 4213 3251 4277 devitet,
3304 4226 3358 4269 et
3396 4220 3647 4276 stolidam

2077 4296 2508 4361 simplicitatem,
2537 4297 2582 4351 is
2621 4313 2744 4352 cum
2800 4301 3120 4358 dexteritate
3160 4316 3397 4360 mentem
3440 4309 3643 4363 habere

2075 4385 2544 4455 deprehendetur,
2581 4399 2634 4441 et
2667 4391 2892 4443 omnino
2925 4391 3102 4447 bonus
3135 4395 3260 4448 erit.
3298 4393 3455 4450 Unde
3508 4413 3644 4451 con-

2074 4485 2201 4540 stat,
2247 4480 2378 4532 lines
2398 4493 2520 4534 esse
2550 4479 2740 4544 malos,
2777 4491 2831 4534 et
2861 4481 3057 4548 media,
3106 4483 3223 4538 vice
3270 4499 3447 4549 versa,
3479 4486 3642 4540 bona.

2074 4567 2309 4632 Rursus,
2372 4570 2616 4623 invidere
2672 4573 3245 4638 praestantissimorum
3273 4574 3506 4632 fortibus
3533 4576 3646 4633 fac-

2075 4659 2166 4722 tis,
2206 4670 2258 4711 et
2295 4661 2624 4713 ecootrario
2665 4662 2871 4714 nullum
2899 4664 3102 4717 sentire
3155 4666 3465 4730 stimulum,
3517 4684 3640 4736 qua

2068 4751 2303 4805 invicem
2361 4753 2462 4805 sibi
2521 4755 2900 4813 adversantur.
2963 4755 3203 4808 maxime
3262 4757 3640 4825 vituperabilia

2067 4853 2214 4897 sunt.
2251 4843 2388 4896 lllttd
2413 4844 2558 4896 enim
2610 4843 2813 4895 malum
2864 4852 2948 4897 est
2993 4844 3483 4912 antiquissimum:
3538 4850 3639 4902 hoc

2068 4932 2300 4986 alterum
2332 4949 2361 4985 a
2394 4933 2619 4986 mollitie
2677 4934 3092 5000 proﬁciscitur:
3153 4946 3388 5000 utraque
3447 4941 3632 5003 noxia,

2068 5019 2267 5071 nullam
2301 5021 2560 5088 (Opinor)
2619 5022 2688 5073 ob
2714 5022 2872 5073 aliam
2906 5037 3150 5087 causam,
3216 5025 3318 5077 nisi
3369 5027 3511 5094 quod
3565 5030 3636 5082 ad

2069 5109 2297 5163 nimium
2332 5119 2576 5164 extreme
2607 5116 2847 5164 tendant.
2881 5111 3015 5164 Nam
3066 5115 3364 5177 aemulatio,
3426 5119 3636 5185 simpli-

2067 5202 2203 5256 citer
2227 5203 2410 5255 animo
2445 5214 2664 5272 propter
2705 5204 3056 5272 cupiditatem
3117 5207 3292 5260 laudis
3345 5207 3530 5272 insita,
3583 5209 3632 5261 si

2063 5307 2166 5347 nec
2193 5293 2257 5346 ad
2288 5293 2548 5346 invidiam
2601 5294 2891 5361 exorbitet,
2958 5311 3022 5349 ac
3090 5307 3366 5365 stuporem
3428 5295 3634 5349 doloris

2062 5383 2242 5438 omnis
2274 5398 2526 5448 vacuum,
2554 5383 2644 5436 ubi
2673 5383 2879 5436 doloris
2910 5368 3105 5438 sensus
3151 5385 3343 5436 abesse
3403 5395 3510 5433 non
3539 5378 3636 5432 de-

2059 5473 2240 5536 bebat,
2274 5474 2486 5527 evitet:
2549 5475 2790 5526 medium
2839 5475 3098 5542 quiddam
3165 5474 3348 5533 fuerit,
3409 5470 3627 5537 opinor,

2056 5563 2198 5616 inter
2234 5564 2346 5616 haec
2373 5563 2504 5616 vitia
2534 5562 2840 5626 contraria;
2893 5577 3098 5630 proque
3121 5577 3177 5615 re
3203 5563 3342 5613 bona
3377 5559 3627 5609 ducetur.

390 5657 504 5710 Erit
541 5661 684 5710 enim
715 5653 925 5708 fructus
977 5654 1364 5718 auimositatis,
1420 5655 1489 5707 ad
1549 5654 1801 5708 virtutem
1849 5652 2201 5724 impellentis,
2261 5651 2531 5722 siquidem
2590 5663 2710 5705 esse
2764 5650 2920 5704 dabis
2969 5648 3256 5719 ejusmodi,
3289 5646 3431 5715 quod
3485 5643 3631 5696 'l‘be-

390 5751 687 5816 mistocles,
720 5749 976 5828 Miltiadis
1013 5759 1238 5821 .tropzeo
1298 5749 1634 5818 stimulatus,
1692 5765 1947 5808 somnum
1988 5765 2182 5820 capere
2217 5763 2326 5806 non
2378 5744 2570 5815 potuit.
