4166 6270
560 339 666 402 335

1265 461 1428 515 XXV.

630 557 685 612 Id
714 555 1056 610 existimabis
1083 569 1203 607 esse
1242 555 1445 606 malum
1482 553 1938 614 im'oluutarium,
1983 554 2129 619 quod

560 664 654 717 per
699 647 1100 716 ignorationem
1159 644 1428 696 duntaxat
1479 644 1781 695 admissum
1838 652 1942 704 est,
2002 657 2127 694 cum

555 737 893 808 perpetranti
940 737 1144 789 bonum
1199 737 1497 790 videretur.
1537 735 1684 787 “Nam
1733 737 1881 805 quod
1927 739 2131 804 pudore

555 836 636 894 tit,
661 841 753 884 aut
777 831 998 883 hortattt
1026 830 1274 894 alterius,
1299 842 1391 882 aut
1413 830 1461 880 vi
1484 846 1835 898 quacunque,
1863 843 1968 881 non
1997 845 2130 897 pure

553 923 981 978 inrolunlarium
1018 931 1120 974 est.
1150 921 1264 974 Non
1289 923 1432 974 enim
1470 926 1510 974 si
1542 923 1673 991 quid
1702 923 1999 976 violentum
2025 933 2127 984 est,

550 1013 637 1067 vel
673 1013 988 1081 impellendi
1038 1013 1119 1064 vel
1164 1013 1425 1065 illiciendi
1471 1015 1578 1064 vim
1621 1013 1848 1074 habens,
1879 1012 1961 1065 vel
1997 1013 2124 1080 quid

553 1106 694 1158 :tlittd
734 1105 1047 1173 ejusmodi;
1097 1107 1363 1158 continuo
1401 1108 1576 1157 visum
1619 1116 1702 1159 cst
1732 1107 2021 1159 honestum
2053 1106 2126 1158 illi

551 1213 702 1256 esse,
755 1199 846 1262 qui
889 1198 1247 1265 perpetravit,
1303 1206 1527 1266 propter
1567 1199 1707 1250 hanc
1743 1197 2125 1265 appendicem,

550 1289 696 1356 quml
742 1288 863 1340 aliis
910 1287 1073 1340 malis
1121 1289 1191 1341 sit
1226 1287 1423 1342 levius.
1459 1287 1827 1352 Quamobrem
1861 1287 1964 1340 nisi
2000 1289 2127 1354 quis

548 1378 807 1445 opinione
843 1379 1129 1445 deceptus,
1178 1378 1380 1430 traittm
1411 1393 1509 1429 ceu
1547 1379 1747 1430 bonum
1794 1377 1980 1440 faciat,
2018 1394 2124 1430 non

545 1470 676 1524 facit
733 1470 1016 1536 ignorans.
1070 1469 1225 1533 Quod
1277 1479 1456 1522 autem
1495 1485 1559 1523 ex
1612 1471 1959 1539 ignoratione
2017 1487 2122 1522 non

544 1561 942 1629 proﬁciscitur,
969 1575 1079 1616 non
1113 1571 1190 1614 est
1221 1561 1671 1623 involuntarium,
1698 1561 1840 1613 velut
1867 1562 1936 1612 ah
1970 1560 2125 1612 initio

544 1653 776 1706 dictum.
806 1652 946 1717 Quin
970 1652 1136 1704 etiam
1172 1651 1318 1719 quod
1340 1652 1480 1703 bona
1504 1652 1839 1705 Conscientia
1873 1667 1980 1703 non
2015 1651 2127 1720 agi-

547 1754 656 1807 tur,
693 1743 910 1796 etiamsi
964 1743 1091 1795 mali
1130 1757 1452 1796 mensuram
1506 1757 1614 1796 non
1657 1743 1930 1810 attingat;
1966 1743 2125 1809 longe

547 1849 729 1890 tamen
764 1837 919 1904 pejus
952 1843 1035 1888 est
1077 1849 1139 1889 re
1177 1835 1258 1888 vel
1294 1831 1541 1887 omnium
1578 1834 1818 1901 pessima
1868 1834 2122 1898 gravissi-

543 1944 744 1996 maque
783 1928 826 1980 si
871 1926 1030 1981 nobis
1059 1941 1120 1980 ea
1158 1926 1473 1980 nolentibus
1514 1927 1746 1980 accidat.
1783 1927 1968 1994 itaque
1997 1926 2120 1979 mali

542 2021 679 2075 nihil
733 2035 1006 2089 agamus,
1061 2029 1122 2071 ut.
1174 2017 1366 2088 majori
1419 2019 1565 2072 tnalo
1625 2019 1982 2072 medeamur:
2028 2019 2122 2072 sed

541 2127 887 2182 quaecunque
921 2110 1052 2165 ﬁeri
1091 2120 1324 2180 possunt
1381 2111 1727 2173 humanitus,
1766 2111 1947 2165 facere
2002 2121 2122 2166 stuc

539 2207 793 2267 deamus,
833 2211 894 2257 ut
927 2219 997 2256 ne
1035 2201 1168 2272 quid
1227 2202 1354 2254 mali
1389 2213 1584 2268 sponte
1615 2211 1806 2255 nostra
1845 2202 2005 2255 nobis
2032 2217 2122 2254 ar-

537 2308 842 2350 cessamus.
881 2293 1129 2358 Quorum
1168 2301 1356 2344 autem
1411 2292 1644 2354 effectio,
1699 2293 1873 2346 solius
1926 2301 2010 2345 est
2067 2293 2118 2344 in

538 2385 635 2439 Dei
665 2385 771 2439 sita
807 2391 1102 2453 potestate,
1141 2397 1204 2437 ea
1240 2382 1373 2448 Deo,
1407 2383 1546 2436 bona
1578 2397 1674 2450 spe
1707 2381 1854 2446 freti,
1887 2383 2118 2451 permit.-

540 2487 723 2532 tamus
760 2483 856 2530 :et
887 2472 1156 2543 quidquid
1183 2473 1303 2537 ipse
1344 2474 1577 2540 dederit,
1621 2473 1806 2528 animo
1831 2482 1987 2544 grato
2038 2471 2118 2528 fe-

536 2584 749 2624 ramus.

1230 2657 1417 2714 XXVI.

649 2761 808 2806 utare
848 2751 1038 2816 debes,
1093 2750 1370 2806 neminem
1415 2749 1726 2816 hominum,
1776 2767 1844 2805 ne
1895 2754 2114 2807 illorum

533 2843 782 2911 quidem,
812 2842 906 2912 qui
940 2827 1148 2909 majore
1183 2848 1456 2910 potestate
1480 2843 1689 2910 praediti
1720 2853 1871 2905 sunt,
1905 2845 1989 2897 vel
2023 2845 2130 2913 ab;

529 2932 901 3001 jectissimutit
940 2930 1138 2983 latdere
1167 2945 1350 2998 posse,
1377 2930 1483 2982 nisi
1517 2930 1659 2983 Deus
1694 2932 2002 2998 permittat,
2029 2932 2112 2984 vel

534 3027 733 3089 iratus,
755 3023 839 3076 vel
860 3033 1108 3076 nostram
1135 3022 1201 3074 ad
1229 3020 1520 3073 utilitatem
1537 3021 1862 3089 respiciens.
1890 3021 1940 3074 ls
1963 3023 2110 3075 enim

533 3125 589 3170 et
618 3115 757 3184 pilos
781 3120 1008 3168 nostros
1034 3120 1353 3164 numeratos
1379 3111 1566 3175 habet,
1601 3121 1654 3164 et
1692 3119 1797 3165 tam
1820 3127 2106 3180 passerum

2229 3129 2454 3199 Ἐκείνῳ
2481 3132 2590 3197 γὰρ
2622 3132 2712 3182 καὶ
2746 3131 2980 3199 τρίχεςὴ

541 3223 709 3279 quam
750 3206 1006 3259 viliorum
1055 3218 1275 3272 quoque
1309 3218 1489 3256 rerum
1540 3217 1728 3256 curam
1770 3205 1925 3271 gerit.
1980 3205 2112 3269 Qum

543 3315 670 3354 cum
730 3299 801 3351 ita
853 3298 984 3362 sint,
1021 3296 1140 3364 quis
1179 3295 1375 3348 anima:
1425 3295 1583 3360 quasi
1642 3310 1837 3350 manus
1887 3295 2112 3364 injicere

534 3391 731 3463 possit,
763 3390 847 3444 vel
894 3389 988 3442 uni
1034 3388 1226 3441 saltem
1261 3385 1380 3453 ejus
1413 3385 1682 3449 facultati,
1724 3386 1806 3441 vel
1839 3386 2111 3442 aﬂectioni

527 3487 704 3548 bona),
730 3483 859 3536 licet
881 3479 1137 3535 adhibeat
1161 3477 1457 3547 promissa,
1485 3477 1681 3541 minas,
1709 3478 1817 3531 vim
1843 3480 2109 3547 denique;

529 3574 574 3630 si
623 3589 733 3628 non
767 3573 882 3639 ipsa
912 3571 1066 3641 prius
1099 3570 1463 3630 assentiatur,
1495 3580 1547 3622 et
1577 3570 1903 3636 corruptelae
1933 3572 2110 3626 labem

526 3664 780 3718 admittat
799 3663 821 3715 ?
843 3663 906 3716 Et
923 3660 1056 3729 quid
1077 3673 1176 3729 ego
1202 3658 1268 3712 de
1290 3657 1512 3712 homine
1536 3658 1768 3724 loquor?
1799 3674 1866 3712 ne
1888 3660 2108 3727 quidem

526 3754 603 3808 illi
635 3752 918 3808 nectendis
973 3749 1116 3805 dolis
1149 3747 1426 3802 vaferrimi
1463 3747 1694 3816 spiritus
1724 3747 1828 3802 hoc
1856 3759 2105 3818 possunt.

527 3845 877 3914 Quapropter
901 3858 966 3897 ea
1005 3842 1240 3912 primum
1275 3848 1525 3909 agentes,
1565 3855 1687 3910 quae
1717 3839 1863 3908 justa
1893 3850 1948 3895 et
1973 3856 2109 3896 cou-

527 3946 790 3992 sentanea
812 3944 964 4000 sunt,
990 3933 1188 3988 deinde
1209 3935 1318 3986 Deo
1339 3933 1486 3996 freti,
1511 3947 1618 3986 non
1647 3934 1976 3997 terroribus,
1999 3950 2106 3987 non

527 4031 602 4096 vi,
637 4045 741 4083 non
776 4028 1052 4083 illecebris
1084 4042 1114 4080 a
1144 4036 1294 4080 recta
1321 4028 1515 4080 semita
1539 4026 1916 4081 deﬂectemus.
1949 4027 2104 4093 Quod

528 4122 574 4175 si
605 4121 754 4174 vitiis
778 4118 1076 4187 aliquando
1109 4118 1573 4171 succubuerimus
1605 4119 1714 4187 (vix
1743 4120 1889 4172 enim
1921 4119 1972 4172 itt
2009 4135 2105 4171 an-

528 4213 674 4282 gelos
707 4211 1028 4266 immunitas
1061 4210 1128 4263 ab
1163 4211 1314 4262 omni
1356 4209 1513 4277 lapsu
1545 4210 1737 4274 cadit),
1776 4211 1936 4263 nobis
1967 4212 2103 4277 ipsis

527 4317 806 4374 peccatum
837 4307 1202 4372 ascribamus,
1237 4305 1341 4358 nisi
1378 4320 1474 4373 per
1511 4306 1912 4373 ignorationem
1948 4322 2106 4375 pror-

525 4414 620 4452 sus
651 4400 877 4452 accidit.
919 4397 1054 4451 Nam
1110 4397 1196 4459 iis,
1253 4395 1348 4464 qui
1380 4399 1584 4448 malum
1629 4411 1751 4449 esse
1791 4408 2006 4460 norant,
2039 4416 2101 4451 at:

1738 343 1842 398 ΜΛ
1857 340 2062 400 ΝΓΕῘ,
2078 344 2087 370 '
2104 344 2142 397 Ei
2186 344 2270 400 ΓΑ
2285 344 2627 406 L/EOLOGI

3719 345 3824 406 376

2956 470 2998 520 li
3009 466 3080 521 E'.

2321 561 2602 612 ’Λκούσιον
2634 559 2802 612 κακὸν
2829 561 3136 629 νομιζέσθω
3162 576 3253 611 -σοι
3285 559 3344 611 τὸ
3373 558 3535 626 μόνον
3565 575 3818 627 πεπραγ-

2239 652 2398 718 μένον
2430 654 2550 705 κατ’
2578 654 2825 719 ἄγνοιαν,
2856 653 3019 706 καλόν
3059 670 3122 718 γε
3185 653 3261 722 τῷ
3313 652 3556 705 ποιοῦντι
3601 655 3819 722 νομιζόε

2239 759 2419 811 μενον.
2470 744 2542 795 Τὸ
2602 745 2710 812 γὰρ
2755 745 2826 796 δι’
2883 745 3153 812 αἰσχύνην
3206 744 3533 812 γιγνόμενον
3588 745 3618 813 ἢ
3678 745 3816 810 πρὸς

2233 836 2607 903 παράκλησιν,
2654 836 2685 904 ἦ
2755 836 2889 904 πρὸς
2945 836 3122 888 ὁτιοῦν
3179 835 3375 903 βίαιον,
3435 836 3493 886 ού
3556 835 3813 905 καθαρῶς

2232 927 2510 979 ἀκούσιον.
2549 928 2620 977 0-3
2659 928 2763 997 γὰρ
2810 929 2837 979 ὅ
2867 945 2918 978 τι
2968 927 3168 995 βίαιον.
3203 927 3234 996 ἣ
3292 927 3727 996 παρακλητικὸν,
3776 929 3808 997 ἢ

2234 1021 2552 1084 ἐφελκτικδν
2578 1020 2776 1083 ἄλλως,
2811 1021 2842 1088 ἢ
2875 1021 3064 1092 ἕτερόν
3098 1039 3147 1072 τι
3177 1021 3446 1082 τοιοῦτον,
3471 1021 3626 1091 παρὰ
3655 1024 3815 1074 τοῦτο

2233 1114 2328 1165 καὶ
2372 1111 2537 1164 καλὸν
2570 1113 2647 1177 τῶ
2697 1113 3008 1181 πεπραχότι
3063 1113 3353 1166 δέδοκται*
3402 1116 3468 1184 τῇ
3507 1114 3816 1182 παραθέσει

2233 1205 2561 1273 κουφότερον
2592 1205 2795 1274 ἑτέρων
2828 1201 2984 1268 οἶμαι
3015 1204 3223 1266 κακῶν,
3251 1205 3381 1257 ὥστ’
3413 1197 3482 1257 ἐξ
3517 1207 3592 1275 μή
3625 1223 3709 1263 τις
3751 1207 3812 1258 τὸ

2230 1296 2399 1344 κακὸν
2431 1293 2506 1354 ὡς
2535 1293 2699 1345 καλὸν
2733 1296 3044 1360 ἐργάζοιτο,
3073 1294 3170 1346 οὐκ
3223 1294 3436 1360 ἀγνοῶν
3486 1296 3808 1363 ἐργάζεται.

2231 1389 2340 1439 Καὶ
2371 1389 2431 1439 τὸ
2484 1387 2556 1456 μὴ
2594 1396 2712 1438 κατ’
2752 1390 2979 1454 ἄγνοιαν
3020 1389 3120 1440 οὐκ
3170 1387 3450 1452 ἀκούσιον,
3476 1388 3666 1458 ὥσπερ
3710 1389 3812 1458 τὴν

2229 1480 2404 1550 ἀρχὴν
2463 1480 2701 1548 εἴρηται.
2747 1481 2855 1531 Καὶ
2903 1481 3011 1549 μὴν
3047 1481 3107 1532 τὸ
3166 1479 3241 1549 μὴ
3297 1481 3442 1534 κατὰ
3499 1481 3810 1549 συνείδησιν

2230 1573 2443 1641 ἀγαθὴν
2478 1573 2896 1641 ὲνεργούμενον,
2931 1572 3034 1624 κᾶν
3088 1571 3286 1634 ἐνδεῶς·
3345 1571 3482 1642 πρὸς
3527 1571 3587 1626 τὸ
3641 1573 3812 1625 κακὸν

2230 1664 2350 1734 ἔχῃ,
2384 1665 2569 1732 χεῖρόν
2605 1666 2719 1716 ἐστι
2770 1665 2890 1732 μεθ’
2940 1664 3254 1735 ὑπερϐολῆς
3297 1663 3390 1715 τοῦ
3440 1664 3718 1732 χειρίστου
3750 1683 3810 1716 τε

2229 1756 2324 1806 καὶ
2363 1753 2754 1824 χαλεπωτέραν
2806 1756 2916 1807 τῶν
2964 1757 3208 1817 πάντων,
3245 1756 3469 1809 ἐπειδὰν
3519 1758 3594 1828 μὴ
3623 1757 3809 1825 βουλο-

2231 1845 2417 1913 μένοις
2459 1848 2590 1913 ἡμίν
2618 1846 2858 1900 ἐπέλθοι.
2902 1848 2992 1915 Μὴ
3025 1849 3207 1899 τοίνυν
3245 1849 3578 1917 πράττωμεν
3609 1849 3799 1911 κακὸν,

2226 1938 2318 1991 ἐπὶ
2343 1939 2420 2007 τῷ
2450 1939 2611 1992 λῦσαι
2672 1942 2858 2008 μεῖξον
2884 1957 2898 1971 ·
2945 1942 3060 1994 ἀλλ’
3100 1942 3201 1994 ὅσα
3244 1944 3342 2010 μὲν
3373 1946 3451 2003 εἰς
3483 1941 3806 2011 ἀνθρώπους

2224 2029 2372 2097 ἥκει,
2412 2030 2718 2097 ἀγαπῶμεν
2769 2032 3130 2100 πράττοντες,
3164 2032 3240 2092 ὡς
3299 2033 3371 2101 μή
3422 2050 3474 2083 τι
3525 2033 3807 2101 μήσαιμεν

2226 2123 2411 2175 κακῶν
2459 2123 2681 2182 ἑκόντες
2733 2124 2886 2186 ὄντες
2934 2126 3069 2190 ἡμῖν
3117 2127 3326 2187 αὐτοῖς.
3362 2119 3462 2176 Ὧν
3495 2126 3551 2178 δὲ
3585 2125 3805 2176 τελέσαι

2226 2213 2428 2280 Κύριος
2469 2215 2626 2281 μόνος
2678 2216 2705 2266 ὁ
2755 2216 2886 2276 Θεὸς
2937 2217 3078 2277 ἐστι,
3108 2219 3269 2267 ταυτὶ
3297 2216 3352 2268 δὲ
3388 2217 3586 2285 ἐκείνῳ
3631 2232 3803 2267 κατα-

2224 2304 2583 2372 λιμπάνωμεν
2617 2305 2732 2373 μετ’
2766 2306 2998 2359 ἐλπίδων
3030 2307 3254 2374 ἀγαθῶν
3277 2322 3290 2336 ·
3324 2309 3418 2362 καὶ
3449 2309 3588 2376 ὅπερ
3618 2307 3682 2361 ἂν
3708 2307 3804 2359 αύ-
3851 2369 3858 2380 1

2223 2397 2312 2459 τδς
2337 2396 2486 2467 διδῷ,
2517 2399 2860 2468 εὐχαρίστως
2895 2400 3171 2470 φέρωμεν.

2935 2671 3076 2738 Kq'.

2292 2765 2500 2835 Νόμιζε
2555 2766 2759 2836 μηδένα
2807 2765 3135 2834 ἀνθρώπιον,
3186 2767 3277 2818 καὶ
3328 2764 3440 2824 τῶν
3481 2767 3580 2836 τὴν
3627 2769 3799 2836 μείζω

2218 2856 2450 2924 δύναμιν
2489 2858 2864 2924 κεκτημένων,
2887 2857 3148 2909 δύνασθαι
3179 2857 3378 2927 βλάψαι
3406 2860 3499 2911 καὶ
3532 2859 3624 2911 τὸν
3657 2877 3794 2927 φαυ-

2219 2949 2466 3010 λότατον,
2509 2950 2583 3017 μὴ
2641 2951 3049 3019 συγχωροῦντος
3099 2950 3191 3002 τοῦ
3255 2952 3578 3018 κρείττονος,
3635 2950 3665 3020 ἤ
3718 2952 3789 3003 δι’

2217 3037 2472 3108 ὀργὴν,ἣ
2519 3039 2649 3107 πρὸς
2691 3039 2749 3090 τὸ
2799 3040 3072 3107 ἡμέτερον
3119 3041 3437 3109 ἀφορῶντος
3494 3043 3782 3110 συμφέρον.

2975 3131 3307 3200 λρίθμηνται,
3340 3138 3428 3184 καὶ
3464 3133 3571 3184 τῶν
3601 3150 3787 3203 στρουσ

2216 3221 2348 3271 θίων
2397 3221 2616 3288 φροντίς
2659 3222 2797 3281 ἐστι,
2846 3224 2943 3273 καὶ
3001 3223 3352 3290 φαυλοτέρων
3415 3227 3783 3292 πραγμάτωι.

2217 3309 2345 3361 ’Ὀτε
2379 3310 2434 3360 δὲ
2464 3310 2614 3361 ταῦθ’
2647 3310 2818 3374 οὕτως
2863 3313 2996 3380 ἔχει,
3028 3313 3110 3374 τίς
3143 3313 3208 3366 ἂν
3239 3313 3417 3383 ψυχῆς
3464 3315 3792 3383 καθάψαιτο,
3846 3327 3858 3337 ’

2215 3403 2246 3470 ἦ
2277 3402 2408 3466 γοῦν
2443 3403 2574 3470 μιᾶς
2630 3403 2833 3471 ταύτης
2864 3405 3164 3473 δυνάμεως,
3193 3407 3222 3477 ἢ
3248 3408 3538 3471 διαθέσεως
3564 3427 3796 3478 χρηστο-

2215 3495 2398 3558 τέρας,
2437 3494 2538 3546 κᾶν
2575 3495 2925 3563 ὑπισχνῆται,
2958 3495 3061 3548 κᾶν
3114 3499 3334 3567 ἀπειλῇ,
3373 3499 3474 3551 κᾶν
3505 3499 3795 3567 βιάζηται,

2215 3584 2291 3652 μὴ
2344 3584 2680 3653 συνθεμένης
2733 3587 2951 3654 πρῶτον
2988 3588 3180 3656 αὐτῆς,
3224 3591 3318 3641 καὶ
3368 3593 3800 3659 προστριόείτης

2211 3677 2275 3745 τῇ
2305 3675 2488 3746 λύμῃς
2531 3676 2696 3729 Ἀλλὰ
2746 3677 2800 3730 τί
2845 3679 2934 3730 τὸν
2967 3679 3257 3750 ἄνθρωπον
3289 3682 3471 3748 λέγω;
3503 3684 3613 3735 οὐδ’
3656 3685 3802 3736 aii-:3:

2210 3765 2280 3816 τὰ
2312 3769 2642 3834 κακουργεῖν
2690 3769 2982 3834 σοφώτατα
3019 3771 3309 3840 πνεύματα
3357 3771 3515 3825 τοῦτο
3546 3773 3794 3827 δύναται.

2211 3856 2376 3908 Ὥστε
2420 3859 2486 3909 τὰ
2537 3858 2837 3926 γιγνόμενα
2869 3861 3088 3926 πρῶτον
3137 3863 3490 3931 πράττοντες,
3522 3862 3640 3916 εἶτα
3670 3866 3795 3932 Θεῷ

2211 3947 2612 4017 Θαρῤήσαντες,
2665 3951 2736 4019 μὴ
2772 3953 2977 4020 φῦΰοις,
3023 3953 3097 4022 μὴ
3143 3955 3311 4024 βίαις,
3345 3955 3420 4027 μὴ
3455 3955 3794 4023 δελεάσμασι

2211 4041 2636 4111 παρενεχθῶμεν
2666 4042 2768 4112 τῆς
2799 4046 3066 4113 ἀτραποῦ.
3091 4049 3188 4099 Ἂν
3217 4046 3274 4100 δέ
3307 4047 3407 4101 πού
3437 4063 3495 4114 γε
3521 4047 3792 4116 φανῶμεν

2207 4131 2404 4196 ἥττους
2456 4132 2516 4183 ού
2566 4134 2747 4186 καλῶν
2799 4137 2976 4203 ἔργων
3035 4136 3214 4206 (μόλις
3273 4139 3382 4207 γὰρ
3430 4137 3674 4204 ἀγγέλων
3727 4141 3796 4191 τὸ

2207 4219 2550 4290 ἄπταιστον),
2592 4225 2723 4292 ἡμῖν
2759 4228 2942 4288 αὐτοῖς
2989 4228 3089 4296 τὴν
3143 4229 3423 4297 ἁμαρτίαν
3475 4227 3794 4296 ἀναθετέον,

2207 4315 2254 4362 εί
2289 4314 2362 4382 μὴ
2396 4315 2516 4365 κατ’
2551 4315 2776 4381 ἄγνοιαν
2803 4318 2940 4379 ὅλως
2969 4319 3214 4384 γέγονεν.
3253 4319 3432 4371 Εἰδὸσι
3476 4319 3585 4389 γὰρ
3613 4320 3793 4387 αὐτὴν

2207 4403 2395 4466 κακὸν,
2415 4403 2503 4456 διά
2536 4422 2583 4457 τι
2613 4406 2656 4457 δ’
2685 4404 2777 4460 οὖν
2803 4410 3188 4477 ὲνεργὴσασιν,
3217 4410 3277 4462 ού
3305 4410 3548 4471 λείπεται
3579 4417 3791 4480 παραί-

523 4491 888 4544 nihilominus
919 4489 990 4541 ob
1018 4487 1257 4555 aliquam
1292 4501 1514 4542 causam
1551 4477 1906 4550 admiserint,
1941 4503 2105 4542 excu-
2141 4488 2183 4546 D
2210 4510 2384 4561 τησις,

525 4578 666 4634 satio
702 4579 848 4632 nulla
883 4583 1133 4644 superat.

1209 4667 1424 4722 XXVII.

593 4764 877 4817 Arbitrare
908 4776 1006 4815 eor
1042 4771 1222 4824 tuum,
1259 4760 1462 4814 bonum
1513 4761 1675 4829 quasi
1711 4752 1982 4830 quoddam
2014 4781 2106 4820 so-

526 4857 636 4909 lum
675 4870 798 4908 esse
829 4871 928 4924 per
956 4869 1033 4919 se,
1068 4851 1216 4923 quod
1249 4853 1318 4906 ob
1369 4851 1685 4907 ariditatem
1718 4855 1862 4908 illam
1896 4866 2105 4911 natura:

526 4959 872 4998 communem
901 4945 988 5010 (de
1009 4953 1229 5012 peccato
1251 4942 1552 5012 primorum
1578 4956 1862 5011 parentum
1888 4947 2102 5014 loqttor,

523 5044 748 5106 propter
791 5035 939 5102 qttod
977 5035 1129 5104 omni
1161 5034 1487 5103 {excidimus
1523 5037 1741 5106 gratia),
1788 5039 1925 5092 nihil
1978 5041 2101 5093 boui

523 5127 806 5196 producat.
842 5123 1046 5179 Deinde
1097 5142 1193 5196 per
1248 5128 1606 5195 baptismum,
1655 5129 1806 5183 velut
1856 5142 2098 5184 aratrum

522 5204 822 5288 quoddam,
852 5226 1200 5286 repurgatum
1226 5233 1347 5272 esse
1369 5220 1472 5274 Deo
1500 5237 1513 5284 ;
1541 5228 1594 5273 et
1612 5236 1708 5289 per
1730 5221 2098 5290 irrigationem

522 5307 815 5378 unguenti,
846 5311 912 5360 de
945 5307 1083 5360 duro
1108 5308 1249 5362 mole
1281 5307 1509 5374 factum,
1540 5319 1598 5365 et
1620 5313 1808 5367 odoris
1846 5314 1990 5378 loco,
2023 5315 2101 5368 ni-

521 5398 596 5454 hil
628 5398 881 5454 habentis
911 5397 1072 5465 grati,
1106 5400 1328 5451 odorem
1373 5399 1797 5468 l'ragrantiorem
1833 5419 2097 5459 consecu-

519 5498 635 5544 tum
661 5507 676 5555 ;
716 5489 971 5543 mandata
1003 5488 1242 5556 denique
1272 5487 1484 5553 divina,
1522 5494 1680 5560 quasi
1710 5497 1984 5562 quoddam
2014 5513 2100 5551 se-

518 5596 664 5643 men,
709 5581 1028 5650 accepisse;
1070 5581 1215 5648 quod
1272 5579 1417 5633 intra
1453 5597 1514 5636 se
1543 5583 1776 5651 jactum,
1837 5588 1887 5640 vi
1919 5589 2096 5655 poculi

518 5684 834 5738 mensaeque
868 5686 1037 5725 sacra:
1069 5669 1296 5729 nutriat,
1357 5667 1755 5726 incrementum
1787 5685 1837 5727 et
1869 5678 2098 5730 maturi-

517 5768 687 5815 tatem
719 5762 982 5828 perducat
1010 5770 1173 5833 atque
1217 5769 1530 5816 conservet.
1563 5763 1665 5816 Per
1695 5766 1879 5822 lolium
1912 5778 2093 5824 autem

2938 4685 3063 4738 KZ’.

2279 4768 2408 4820 Νύει
2452 4787 2538 4837 μοι
2575 4773 2672 4835 τὴν
2726 4773 2824 4840 σὴν
2876 4777 3106 4844 καρδίαν
3155 4781 3652 4849 οἱονεὶ-ιχρησίμην
3683 4782 3798 4852 γῆν

2209 4859 2268 4911 τὸ
2323 4859 2446 4912 καθ’
2496 4865 2665 4929 αὐτὴν
2716 4861 2901 4928 οὖσαν,
2938 4871 3029 4920 καὶ
3081 4870 3160 4938 τῷ
3210 4872 3372 4942 κοινῷ
3419 4875 3516 4941 τῆς
3571 4875 3794 4942 φύσεως

2207 4951 2402 5019 αὐχμῷ
2455 4952 2620 5020 (λέγω
2658 4955 2720 5023 δὴ
2768 4958 2865 5024 τὴν
2915 4963 3330 5032 προπατορικὴν
3383 4964 3685 5032 ἁμαρτίαν,
3718 4968 3794 5020 δι’

2206 5042 2272 5110 ἣν
2321 5043 2419 5110 τῆς
2489 5046 2713 5112 χάριτος
2776 5049 3248 5123 ἐκπεπτώκαμεν)
3305 5054 3549 5122 φύουσαν
3611 5059 3790 5125 μηδὲν

2208 5133 2376 5199 ὑγιές.
2438 5131 2570 5188 Εἶτα
2632 5138 2706 5205 τῷ
2765 5140 3099 5209 βαπτίσματι
3154 5145 3345 5216 ῶσπερ
3405 5149 3624 5217 ἀρότρῳ
3676 5155 3794 5206 τινὶ

2156 5257 2164 5264 -
2205 5225 2680 5295 άνακαθαρθεῖσαν
2709 5231 2846 5299 Θεῷ,
2881 5235 2975 5285 καὶ
3007 5239 3072 5304 τῇ
3120 5237 3213 5288 τοῦ
3249 5239 3422 5306 μύρου
3453 5240 3643 5311 ἀρδείᾳ
3676 5243 3795 5297 ἀπὸ

2206 5317 2448 5386 σκληρᾶς
2479 5321 2558 5381 εἰς
2595 5323 2810 5391 ἁπαλὴν
2844 5329 3338 5397 μετενηνεγμένην,
3377 5332 3469 5382 καὶ
3512 5331 3571 5395 ἐξ
3600 5333 3789 5404 ὀσμῆς

2201 5409 2354 5462 οὐδὲν
2404 5411 2633 5479 ἐχούσης
2686 5415 2872 5484 χάριεν
2928 5419 3007 5480 εἰς
3057 5421 3429 5492 εὐωδεστέραν
3477 5425 3788 5481 ἑλθοῧσανο

2204 5502 2405 5570 σπόρον
2435 5503 2491 5554 δὲ
2523 5508 2620 5567 τὰς
2655 5508 2874 5580 ἐντολὰς
2926 5511 3232 5582 δεξαμένην
3255 5531 3266 5541 ·
3307 5518 3397 5566 καὶ
3430 5520 3493 5586 τῇ
3550 5518 3644 5569 τοῦ
3682 5539 3789 5573 πο-

2199 5595 2390 5663 τηρίου
2433 5597 2682 5665 δυνάμει,
2725 5601 2818 5652 καὶ
2859 5601 2959 5667 τῆς
3008 5605 3310 5671 τραπέζης,
3342 5609 3652 5676 τρέφουσαν
3686 5618 3789 5666 καὶ

2199 5682 2468 5748 αὔξουσαν
2511 5689 2570 5739 τὸ
2613 5691 2974 5758 καταϐληθὲν,
3009 5696 3097 5745 καὶ
3128 5695 3486 5761 ’τελει,οὖταν,
3521 5701 3615 5752 καῖ
3659 5703 3785 5754 δια-

2202 5775 2502 5837 σώζουσαν.
2541 5779 2763 5843 Ζιζάνια
2809 5784 2865 5834 δὲ
2897 5783 3004 5835 τῶν
3050 5786 3262 5854 ἐχθρῶν
3307 5790 3404 5849 τὰς
3439 5791 3773 5854 ὑπερῧςλὶις,
