4166 6270
404 399 512 464 337

1400 408 1817 469 ΡΒίΈΟΕΡΤΑ
1856 361 2387 470 ’EDUCATIONIS
2424 410 2697 471 REGIzE.

3464 481 3468 485 _
3541 409 3646 471 333

398 520 493 572 καὶ
537 518 636 580 τὰς
684 519 959 590 μηχανὰς,
991 522 1088 593 οὐχ
1134 517 1297 594 ἦττον
1345 518 1525 595 οἶμαι,
1553 525 1662 578 τῶν
1687 586 1694 596 _
1722 526 1978 594 πονηρῶν

2086 527 2323 581 hostium
2356 528 2597 597 Intellige
2628 524 2972 593 superjectus
3002 531 3165 591 atque
3194 523 3501 589 machinas,
3538 541 3645 580 non

399 612 782 682 ἀνθρώπων,ἢ
817 613 916 676 τὰς
960 617 1068 667 τῶν
1108 615 1376 685 δαιμόνων
1407 615 1619 670 αύτῶνο
1649 610 1726 671 ὧν
1772 616 1965 684 καιρὸς

397 706 476 767 εἰς
504 706 565 757 τὺ
614 708 889 774 σπαρῆναι
920 706 980 759 τὸ
1008 707 1108 775 τῆς
1140 709 1378 772 διανοέας
1408 708 1565 777 ἡμῶν
1604 708 1802 778 ἀμελές
1829 709 1968 761 ἐστι.

401 797 543 867 Πρός
573 814 636 864 γε
660 798 770 867 *τὴν
803 796 974 866 αὔξην
1016 798 1048 866 ή
1092 798 1322 869 δύναμις
1357 799 1417 852 τδ
1453 800 1585 870 πρὸς
1619 800 1719 864 τὰς
1752 801 1972 862 ἐντολὰς

399 887 680 957 ὀλιγώρως
708 889 859 957 ἡμᾶς
888 888 1054 958 ἔχειν.
1080 888 1243 942 Ὥστε
1267 889 1331 942 τὸ
1375 890 1546 943 κακὸν
1575 888 1795 958 ἀληθῶς
1832 890 1971 957 μᾶλ-

399 975 489 1029 λον
517 978 783 1047 ἡμέτερόν
806 979 944 1040 ἐστι,
978 979 1086 1030 τῶν
1119 979 1493 1046 ἐκλελυμένων
1523 979 1618 1033 καὶ
1643 979 1970 1031 ἀναπεπτω-

399 1070 594 1134 κότων,
649 1069 680 1138 ἢ
736 1050 846 1122 τῶν
896 1068 1096 1134 ἔξωθεν
1154 1070 1384 1139 ἐχθρῶν,
1428 1065 1511 1132 οἷς
1563 1072 1594 1140 ἡ
1649 1070 1747 1140 τῆς
1794 1069 1973 1138 λύμης

402 1158 558 1225 ἰσχὺς
603 1157 772 1228 ἡτῶν
805 1158 1047 1221 ἐκείνους
1086 1158 1393 1229 δεχομένων
1440 1160 1708 1231 χαυνότης
1756 1157 1975 1218 πάντως

398 1246 571 1302 ἐστίν.

1113 1429 1246 1485 KH'.

471 1514 544 1571 Ἦ
576 1518 685 1571 τῶν
725 1520 810 1585 ἐφ’
840 1520 974 1588 ἡμῖν
1005 1518 1066 1571 ὃν
1094 1520 1155 1571 τό
1190 1536 1247 1572 τε
1291 1520 1586 1573 πεπεῖσθαι
1618 1523 1730 1583 τοῖς
1760 1502 1982 1591 δαίμοσι

398 1613 494 1664 καὶ
541 1617 653 1673 τοῖς
710 1612 935 1679 φθόροις
983 1612 1317 1681 ἀνθρώποις,
1353 1614 1412 1665 τό
1459 1630 1518 1665 τε
1568 1613 1863 1667 διαπτύσαι
1915 1614 1985 1668 τὰ

398 1704 603 1755 τούτων
638 1703 1005 1772 βουλεύματα,
1031 1704 1444 1771 παραινούντων
1468 1706 1601 1773 ἡμῖν
1626 1707 1691 1758 τὰ
1711 1707 1981 1774 χείριστα.

401 1796 472 1847 Τὸ
500 1795 591 1847 τὸν
636 1795 816 1848 αὐτῶν
863 1796 1146 1849 αἰτιᾶσθαι
1194 1796 1537 1870 φθόνονηκαὶ
1589 1796 1648 1848 τὸ
1680 1797 1983 1877 κακόηθες.

401 1887 549 1953 ἡμᾶς
596 1886 795 1947 αὐτοὺς
825 1884 999 1947 αἰτίας
1035 1883 1481 1955 ἐλευθεροῦντας,
1509 1886 1730 1940 ἐπειδάν
1776 1903 1828 1938 τι
1861 1887 1972 1939 τῶν

401 1977 587 2029 κακῶν
627 1977 963 2045 ὲνεργῶμεν.
994 1977 1198 2044 ματαία
1245 1977 1444 2045 σκῆψις
1486 1978 1581 2029 καὶ
1612 1978 1778 2047 λῆρος
1812 1978 1972 2047 ﬁala.-

399 2084 511 2128 τος.
539 2066 729 2129 Οὐδεὶς
758 2067 866 2135 γὰρ
892 2065 1229 2119 οὐδεπώποτ’
1262 2067 1328 2119 ἂν
1360 2067 1582 2121 ἔπεισεν
1620 2069 1808 2121 οὐδένα
1840 2070 1975 2121 πάν-

396 2174 504 2208 των
550 2156 877 2226 ἀνθρώπων,
916 2157 991 2228 μὴ
1039 2158 1441 2227 βεϐουλημένον
1490 2147 1806 2227 πεισθῆναι.
1845 2161 1972 2223 Πῶς

397 2247 539 2316 γάρ;
580 2248 743 2301 Ὥστε
788 2249 1017 2320 γνώμης
1063 2250 1124 2302 τὸ
1158 2249 1474 2303 πεπεῖσθαι.
1504 2251 1676 2305 Τοῦτο
1708 2252 1763 2304 δὲ
1809 2253 1969 2305 ἑκού-

399 2356 515 2391 σιον
544 2340 638 2392 καὶ.
670 2338 958 2411 ἡμέτερον,
984 2341 1045 2394 οὐ
1072 2340 1179 2393 τῶν
1207 2341 1464 2411 θύραθεν.
1497 2342 1556 2394 El
1588 2344 1688 2410 μὲν
1713 2343 1806 2396 οὖν
1833 2344 1971 2414 πρδς

400 2434 522 2501 βίαν
550 2436 684 2504 ἡμῖν
714 2436 925 2504 ἐγίνετο
958 2437 1016 2489 τὸ
1054 2437 1366 2501 πεπεῖσθαι,
1395 2436 1556 2499 ἄλλος
1603 2440 1668 2491 ἄν
1719 2457 1802 2493 σοι
1840 2441 1972 2508 παρ’

398 2526 556 2594 ἡμῶν
604 2527 822 2593 ἐγένετο
866 2526 1023 2595 λόγος
1050 2541 1064 2556 ⁸
1108 2526 1297 2597 ἐπειδὴ
1331 2528 1386 2580 δὲ
1422 2530 1796 2598 προαιρέσεως
1834 2534 1974 2598 ἠμε-

398 2619 580 2686 τέρας,
610 2616 816 2686 ταύτης
863 2617 921 2668 δὲ
952 2617 1143 2685 κύριος
1185 2617 1343 2684 μόνος
1375 2621 1402 2670 ὁ
1443 2620 1800 2688 κεκτημένος,
1833 2621 1969 2687 ἀγα.

399 2708 546 2775 πητᾶ
598 2707 667 2759 τὰ
705 2705 983 2776 λεχθέντα.
1026 2707 1214 2774 Ἀρκεῖ
1263 2707 1372 2773 γὰρ
1424 2707 1597 2759 ταῦτα
1649 2708 1819 2772 δεῖξαι
1871 2713 1966 2763 τὸν

401 2796 685 2867 ἄνθρωπον
718 2798 942 2865 ἀγαθὸν,
977 2796 1040 2867 ἢν
1071 2796 1249 2866 ἐθέλῃ.
1280 2797 1374 2849 καὶ
1417 2797 1589 2850 κακὸν
1628 2800 1975 2868 γιγνόμενον,

402 2888 484 2941 ὅτι
523 2887 665 2942 θέλει
690 2906 704 2919 ⁸
747 2889 884 2957 ὅπερ
933 2887 1039 2940 ἔδει
1090 2887 1307 2949 πάντως
1339 2876 1623 2955 δεδεῖχθαι.
1658 2890 1975 2955 Καταγελα-

405 2962 648 3050 στέονδὴ
676 2979 743 3032 τὰ
768 2980 894 3042 τοὺς
919 2978 1148 3042 πολλοὺς
1172 2979 1442 3046 κηλοῦντα
1476 2981 1570 3032 καὶ
1600 2980 1971 3049 δεδιττόμενοι,

405 3073 498 3124 καὶ
528 3072 752 3126 δοκείτω
792 3073 998 3127 διωκτὰ
1049 3073 1149 3142 μὲν
1185 3072 1346 3140 μόνον
1378 3074 1583 3134 ἐκεῖνα,
1619 3073 1759 3127 ἆττα
1788 3074 1850 3145 δὴ
1884 3076 1976 3129 τὸν

2078 619 2259 675 minus
2291 620 2663 688 improborum
2692 618 2773 686 (ut
2795 617 3045 684 equidem
3079 614 3335 685 arbitror)
3363 616 3644 671 hominum

2074 724 2236 778 quam
2274 710 2517 778 ipsorum
2572 710 2881 763 daemonum
2912 725 2926 761 :
2995 723 3228 777 quorum
3263 710 3648 776 opportunitas

2080 803 2146 855 ad
2182 812 2480 858 sementem
2542 802 2842 856 faciendam
2880 809 3082 856 nostra:
3113 800 3316 855 mentis
3348 808 3429 854 est
3459 800 3646 854 indili-

2080 893 2260 962 gentia
2288 908 2303 955 ;
2339 892 2719 946 succreseemli
2772 907 2903 945 vero
2936 891 3170 946 facultas
3200 907 3228 946 a
3258 901 3445 947 nostra
3477 892 3529 945 in
3555 894 3652 945 ob-

2082 983 2369 1037 servandis
2410 984 2697 1051 pratceptis
2744 982 3041 1039 oscitantia
3092 981 3478 1051 proﬁciscitur.
3530 981 3646 1047 Qut.

2085 1075 2165 1135 ﬁt.
2197 1076 2400 1129 malum
2458 1083 2516 1128 ut
2562 1076 2744 1143 potius
2804 1083 3054 1146 nostrum
3091 1074 3162 1128 sit
3199 1073 3650 1138 exustimamlum,

2082 1168 2172 1233 qui
2210 1168 2465 1222 dissoluti
2498 1177 2552 1222 et
2596 1167 2771 1235 supini
2824 1182 3038 1229 sumus,
3076 1181 3238 1234 quam
3293 1175 3648 1219 esternorum

1998 1276 2001 1283 ί
2082 1259 2316 1311 hostium
2342 1273 2605 1325 :quornm
2633 1258 2811 1311 omnis
2834 1258 2886 1311 in
2917 1257 3314 1323 corrumpendo
3342 1257 3422 1308 vis
3478 1255 3655 1306 omni-

2084 1362 2156 1401 no
2185 1348 2381 1415 pendet
2413 1350 2480 1401 ab
2527 1348 2742 1401 illorum
2782 1346 3034 1413 segnitie,
3063 1347 3156 1413 qui
3211 1358 3305 1399 eos
3332 1345 3650 1397 admittunt.

2606 1492 2611 1495 _
2746 1437 2987 1490 XXVIII.
3325 1445 3331 1451 ’

2158 1531 2290 1583 Tam
2336 1530 2714 1598 obtemperare
2747 1529 3095 1584 daemonibus
3141 1543 3205 1580 ac
3244 1527 3517 1596 pestiferis
3552 1527 3650 1579 ho-

2088 1621 2349 1683 minibus,
2389 1636 2549 1689 quam
2585 1620 2927 1680 earumdem,
2974 1622 3038 1672 ad
3069 1618 3305 1687 pCSsima
3360 1618 3654 1671 cohortan-

2090 1713 2245 1775 tium,
2279 1713 2510 1765 consilia
2552 1725 2832 1780 respuere.
2885 1718 3076 1763 nostra
3106 1709 3269 1762 situm
3297 1718 3379 1762 est
3408 1708 3463 1759 in
3504 1716 3653 1774 pote-

2089 1811 2245 1857 state.
2275 1800 2603 1855 Eorumdem
2636 1811 2691 1855 et
2722 1800 2982 1854 invidiam
3011 1809 3062 1853 et
3095 1799 3359 1852 malitiam
3390 1813 3655 1852 accusare

2087 1910 2212 1949 cum
2278 1894 2404 1948 mali
2441 1893 2571 1961 quid
2620 1880 2998 1959 designamus,
3052 1900 3270 1944 uosmet.
3324 1892 3471 1958 ipsos
3502 1888 3653 1943 omni

2079 1987 2235 2053 culpa
2264 1984 2567 2045 liherando,
2594 1990 2888 2051 praetextus
2912 1996 3081 2033 vanus
3101 1988 3203 2041 est,
3232 1988 3654 2047 extremumque

2079 2074 2371 2139 delirium;
2405 2075 2604 2141 quippe
2655 2086 2816 2124 nemo
2875 2085 3114 2138 unquam
3169 2069 3339 2122 ullum
3394 2069 3643 2122 omnium

2079 2166 2394 2220 mortalium
2450 2163 2727 2219 suadendo
2763 2161 2999 2230 impulit,
3033 2163 3126 2229 qui
3177 2159 3495 2228 persuaderi
3552 2175 3651 2210 no-

2078 2255 2291 2310 luisset.
2320 2253 2440 2318 Quo
2468 2253 2613 2308 enim
2641 2253 2694 2306 in
2725 2262 2883 2321 pacto
2919 2252 3035 2304 ﬁeri
3088 2251 3303 2318 possit?
3331 2250 3385 2302 lu
3417 2249 3655 2304 hominis

2079 2346 2246 2414 igitur
2297 2354 2378 2399 est
2416 2344 2647 2399 arbitrio
2683 2344 2872 2408 situm,
2927 2353 2983 2396 ut
3031 2342 3448 2412 persuadeatur.
3491 2341 3648 2406 Quod

2080 2448 2256 2491 autem
2313 2436 2384 2489 ita
2438 2442 2814 2504 comparatum
2868 2442 2971 2497 est,
3027 2432 3390 2485 voluntarium
3442 2442 3547 2493 est,
3590 2444 3653 2485 ac

2082 2538 2357 2591 nostrum,
2392 2542 2500 2580 non
2528 2527 2917 2580 extrariorum.
2953 2520 3106 2588 Quod
3140 2525 3183 2576 si
3215 2526 3266 2578 vi
3300 2524 3452 2576 ﬁeret
3478 2522 3531 2575 in
3561 2539 3658 2575 no-

2083 2619 2167 2673 bis
2210 2619 2512 2687 persuasio,
2547 2618 2653 2670 alia
2692 2628 2972 2670 uteremur
3000 2618 3269 2668 oratione.
3327 2612 3481 2666 Nunc
3527 2627 3651 2666 eum

2084 2724 2111 2761 a
2149 2718 2334 2771 nostra
2362 2709 2600 2778 pendeat
2623 2708 2915 2772 electione,
2945 2707 3103 2773 cujus
3129 2704 3386 2759 dominus
3414 2710 3498 2757 est
3521 2702 3659 2757 dun-

2087 2811 2236 2855 taxat
2276 2802 2342 2866 is,
2373 2803 2462 2871 qui
2491 2816 2551 2854 ea
2582 2800 2845 2870 praeditus
2876 2811 2954 2852 cSt
2980 2815 3103 2868 qme
3135 2797 3391 2861 dicimus,
3423 2794 3661 2865 amplec-

2087 2892 2244 2946 tenda
2277 2894 2521 2946 veniunt.
2552 2892 2761 2961 Quippe
2791 2891 2928 2945 satis
2956 2898 3060 2954 est,
3093 2890 3160 2944 iis
3189 2888 3430 2958 probari,
3453 2886 3656 2941 bonum

2084 3001 2205 3040 esse
2238 2986 2537 3049 hominem,
2583 2986 2625 3037 si
2662 2983 2788 3036 velit
2824 2992 2873 3036 et
2913 2981 3113 3035 malum
3150 2980 3289 3043 fieri,
3324 2977 3453 3048 quia
3484 2976 3654 3031 velit:

2085 3080 2230 3147 quod
2286 3078 2513 3143 omnino
2547 3081 2987 3131 demonstratum
3021 3073 3288 3143 oportuit.
3317 3074 3395 3125 Ac
3430 3070 3660 3140 proinde

406 3164 609 3230 ἀγαθὸν
640 3166 774 3232 ἡμῖν
807 3164 1104 3216 συνάπτειν
1140 3163 1433 3231 δεσπότην,
1468 3165 1680 3229 φευκτὰ
1708 3166 1762 3218 δὲ
1793 3167 1972 3221 πάντα

2086 3172 2260 3225 risum
2286 3176 2588 3228 merentur.
2632 3182 2755 3236 quae
2805 3166 3001 3233 vulgus
3057 3165 3344 3218 hominum
3401 3162 3655 3229 decipere

407 3256 503 3308 atati.
531 3255 761 3326 φοϐερὰ,
791 3256 891 3309 ὅσα
925 3258 1017 3309 τὸν
1047 3256 1207 3326 μόνον
1231 3255 1461 3324 φοϐερὸν
1493 3257 1820 3327 συγκρούειν
1847 3261 1980 3331 ἡμῖν

404 3345 648 3402 δύναται.

2087 3261 2456 3328 territareque
2510 3258 2710 3319 solent,
2762 3273 2823 3311 ac
2858 3256 3231 3315 statuendum,
3284 3269 3349 3307 ea
3417 3263 3658 3308 tantum-

2085 3356 2248 3410 modo
2275 3353 2599 3421 expelenda,
2628 3366 2750 3420 quae
2781 3350 2982 3403 bonum
3008 3347 3161 3400 illmn
3185 3346 3468 3400 dominum
3501 3343 3660 3397 nohis

408 3441 728 3504 conciliare,
769 3439 1022 3511 fugienda
1076 3455 1205 3495 vero
1247 3455 1369 3497 esse
1408 3456 1472 3499 ac
1507 3445 1790 3511 terribilia,
1840 3453 2185 3520 quacunth
2234 3449 2410 3503 solum
2468 3446 2622 3500 illum
2678 3442 2976 3498 terribilem
3026 3441 3316 3495 adversum
3379 3451 3480 3491 nos
3528 3451 3669 3492 con-

412 3532 578 3585 citare
609 3540 856 3600 possunt.

748 3672 755 3679 .
1134 3625 1262 3680 ΚΘ.

458 3700 465 3711 ³
489 3714 701 3766 Πολλῶν
752 3731 814 3782 γε
872 3713 1086 3785 θρήνων
1146 3716 1316 3782 ἄξιον,
1384 3718 1637 3785 ἐξουσίαν
1693 3722 1981 3791 εἰληφότας

414 3804 577 3857 τέκνα
611 3802 747 3855 Θεοῦ
781 3805 1058 3871 γενέσθαι,
1083 3806 1268 3859 ἔπειτα
1302 3808 1576 3862 δουλεύειν
1609 3812 1814 3864 ἐθέλειν
1835 3829 1850 3842 ·
1888 3815 1981 3864 καὶ

413 3898 603 3948 τούτου
630 3897 887 3966 τυχόντας
919 3897 1110 3965 βοηθοῦ
1138 3900 1276 3951 κατὰ
1308 3901 1415 3952 τῶν
1445 3902 1634 3954 παθῶν
1662 3920 1716 3955 τε
1752 3906 1847 3956 καὶ
1875 3904 1981 3956 τῶν

411 3985 704 4055 δαιμόνων,
760 3985 950 4056 ὥσπερ
987 3987 1085 4055 τὴν
1133 3987 1755 4057 βοήθειανιφεύγοντας,
1790 3995 1983 4062 ἥττους

413 4079 637 4130 ἐκείνων
668 4077 996 4147 φαίνεσθαι·
1037 4079 1134 4131 καὶ
1182 4082 1342 4149 χεῖρα
1376 4082 1682 4149 ὀρέγοντος,
1708 4083 1808 4146 τὰς
1849 4086 1987 4152 ἡμε-

412 4171 577 4248 τέρας
614 4170 962 4246 συστέλλειν·
1006 4173 1102 4223 καὶ
1135 4171 1436 4239 δυναμένου
1474 4173 1659 4226 δοῦναι
1685 4175 1782 4243 τὴν
1813 4171 1984 4247 ἧτταν

413 4261 872 4325 ἀνακαλέσασθαι,
899 4261 997 4314 καὶ
1042 4261 1369 4329 βουλομένου
1410 4263 1568 4316 τοῦτο
1607 4265 1983 4335 δωρήσασθαι,

418 4346 698 4420 μονονουχῖ
731 4350 1014 4403 διαπτύειν
1060 4352 1209 4420 ἡμᾶς
1247 4350 1344 4419 τὴν
1390 4353 1570 4422 χάριν.
1603 4354 1769 4406 ’Λνευ
1804 4354 1861 4406 δὲ
1895 4359 1989 4407 καὶ

413 4444 643 4512 ταυτησὶ
690 4443 787 4513 τῆς
834 4443 1147 4512 ὑπερφυοῦς
1192 4443 1414 4514 ἀρωγῆς
1471 4461 1527 4496 τε
1587 4445 1682 4497 καὶ
1732 4446 1987 4515 βοηθείας

2778 3620 2971 3674 XXIX.

2159 3717 2256 3773 Est
2283 3718 2510 3771 omnino
2535 3714 2721 3768 multis
2754 3729 2840 3766 res
2873 3712 3035 3776 digna
3073 3712 3346 3783 lacrymis.
3378 3728 3476 3767 nos
3507 3722 3660 3777 pote-

2091 3820 2286 3865 statem
2316 3810 2561 3876 adeptos,
2597 3815 2653 3859 ut
2675 3805 2972 3858 efﬁciamur
3000 3804 3088 3859 Dei
3118 3805 3235 3867 lilii,
3271 3806 3441 3858 nihilo
3477 3807 3661 3860 minus

2092 3900 2299 3954 servire
2355 3898 2536 3950 velle:
2604 3896 2775 3947 Deum
2848 3903 3042 3948 nactos
3110 3895 3495 3963 opitulator-em
3550 3906 3656 3967 tam

2094 3997 2282 4043 contra
2308 3986 2458 4049 vitia,
2487 4000 2652 4052 quam
2677 3984 2827 4052 ip'sos
2851 3984 3147 4049 dmmonas,
3168 3987 3312 4039 velut
3335 4001 3489 4055 opem
3512 3986 3658 4040 illam

2085 4078 2356 4146 fugientes
2401 4077 2469 4129 ab
2500 4075 2581 4128 eis
2616 4075 2761 4128 vinci
2798 4090 2812 4126 :
2883 4088 3100 4127 manum
3141 4077 3259 4143 ipso
3323 4079 3660 4147 porrigente,

2086 4155 2306 4223 nostras
2337 4184 2366 4223 a
2401 4167 2558 4222 nobis
2613 4168 2815 4221 attrahi
2859 4184 2981 4220 cum
3026 4168 3141 4237 ipse
3172 4158 3435 4239 praestare
3466 4172 3658 4239 possit,

2088 4260 2330 4313 utetiam
2365 4257 2494 4311 victi
2548 4257 2755 4310 cladem
2811 4240 3209 4323 resarciamus,
3273 4260 3437 4328 idque
3473 4261 3658 4330 largiri

2086 4355 2253 4419 velit;
2313 4370 2409 4408 nos
2444 4370 2471 4405 c
2503 4352 2788 4406 contrario
2840 4354 3072 4422 gratiam
3111 4354 3255 4406 illam
3313 4363 3520 4407 tantum
3552 4370 3661 4408 non

2087 4460 2371 4512 respuere.
2398 4443 2541 4509 Quin
2572 4454 2625 4496 et
2657 4443 2865 4511 absque
2896 4442 3001 4496 hac
3028 4443 3225 4511 insigni
3255 4458 3355 4511 ope
3383 4455 3546 4511 atque
3569 4459 3664 4495 au-

416 4537 581 4587 πᾶσιν
609 4534 727 4597 ἐξὸν
760 4535 982 4600 ἀγαθοῖς
1024 4530 1162 4586 εἶναι
1220 4535 1695 4603 προαιρουμένοις,
1732 4538 1978 4606 σχέτλιον

2091 4537 2238 4600 xilio,
2273 4550 2397 4590 cum
2431 4534 2688 4588 omnibus
2711 4550 2833 4588 esse
2859 4534 3017 4588 bonis
3049 4536 3232 4595 liceat,
3263 4535 3527 4603 siquidem
3558 4535 3663 4586 hoe

379 4628 474 4684 ,τὸ
514 4626 588 4693 μὴ
643 4624 952 4689 βούλεσθαι.
985 4625 1144 4694 Αὐτῷ
1179 4626 1287 4692 γὰρ
1329 4626 1473 4692 μόνῳ
1524 4626 1631 4678 τῶν
1669 4628 1888 4681 πάντων
1924 4630 1983 4693 ἐξ

414 4716 636 4784 ἀγαθῶν
693 4717 772 4777 εἰς
809 4716 1046 4781 φαύλους
1097 4716 1392 4784 ἐρχόμεθα.
1439 4717 1504 4768 Ἦ
1556 4719 1662 4786 γὰρ
1714 4720 1778 4789 δὴ
1822 4721 1983 4788 φύσις

416 4811 547 4880 ἡμῖν
572 4808 669 4876 τὴν
704 4806 926 4875 πρώτην
954 4808 1132 4875 ἀγαθή
1171 4825 1229 4859 τε
1258 4809 1395 4870 ὅλως
1426 4811 1662 4875 ἐγένετο,
1701 4815 1790 4864 καὶ
1821 4814 1879 4865 ὲν
1908 4812 1985 4880 τῷ

416 4897 568 4967 καλῷ
590 4900 862 4965 διαμεῖναι
891 4898 1121 4966 δύναμιν
1151 4900 1359 4967 εἴληφε.
1396 4901 1505 4952 Καὶ
1533 4901 1580 4952 εἰ
1622 4902 1759 4970 πρὸς
1788 4903 1847 4953 τὸ
1879 4907 1988 4971 χεῖ-

422 5008 511 5059 ρον
561 4990 660 5056 τὴν
707 4988 961 5058 βούλησιν
1012 4992 1293 5044 αἰτιᾶσθαι
1326 4992 1556 5053 δίκαιον,
1594 4992 1834 5059 δηλονίτι
1890 4996 1987 5047 καὶ

416 5083 553 5151 πρὸς
607 5081 872 5150 θάτερον*
931 5081 1092 5149 ἀρκεῖ
1164 5081 1350 5133 λοιπὸν
1410 5081 1733 5150 βουληθῆναι
1782 5086 1876 5137 καὶ
1926 5085 1987 5136 τὸ

416 5172 564 5233 εἰκὸς
616 5172 933 5240 ἐνεργῆσαι,
971 5171 1155 5240 ῥᾴδιον
1189 5171 1248 5224 ὃν
1293 5175 1369 5225 τδι
1401 5172 1644 5241 νικῆσαι,
1679 5176 1732 5227 εἰ
1758 5190 1864 5227 τινι
1896 5177 1986 5228 καὶ

418 5264 678 5332 τρόπαιον
706 5263 799 5331 ἀφ’
827 5263 987 5333 ἡμῶν
1015 5264 1265 5334 ἔστηκεν.

479 5368 509 5393 κ
1151 5356 1233 5407 Λ¹.

491 5447 740 5499 "Att-mm
785 5445 886 5514 μὲν
913 5446 1012 5514 τῆς
1062 5446 1272 5499 ἑαυτῶν
1303 5446 1476 5516 ἀρχῆς
1508 5448 1762 5517 ἤρτηται,
1795 5450 1888 5502 uati.
1921 5449 1986 5518 δὴ

418 5541 510 5592 καὶ
561 5538 735 5591 ταῦτα
783 5538 853 5590 τὰ
904 5536 1029 5589 καθ’
1067 5539 1238 5605 ἡμᾶς.
1281 5538 1355 5590 Οὐ
1411 5537 1521 5609 γὰρ
1556 5537 1725 5601 ἐστιν,
1769 5541 1986 5611 ἐκείνης

418 5628 582 5699 οὔσης
614 5628 841 5698 σαθρᾶς,
871 5629 941 5681 τὰ
983 5628 1097 5698 μετ’
1131 5627 1348 5698 ἐκείνην
1400 5629 1667 5697 ἱδρῦσθαι.
1703 5630 1803 5699 Εῑη
1841 5631 1888 5682 δ’
1914 5632 1984 5685 ἂν

418 5720 525 5773 τῶν
574 5721 856 5790 ἡμετέρων
907 5721 1252 5791 πραγμάτων
1304 5721 1471 5790 ἁρχὴ,
1522 5722 1615 5774 καὶ
1665 5722 1844 5790 βάσις.
1887 5724 1985 5776 καὶ

426 5812 570 5878 ῥίζα.
615 5814 707 5866 καὶ
733 5812 786 5864 εἰ
818 5830 870 5865 τι
898 5813 1159 5866 τοιοῦτον.
1202 5814 1231 5865 ἡ
1284 5811 1473 5865 ποὼτη
1510 5813 1723 5866 κίνησις
1756 5817 1852 5866 sic
1879 5817 1984 5867 du-

2088 4628 2310 4690 eligant,
2347 4627 2562 4693 indigna
2611 4642 2698 4679 res
2748 4639 2856 4689 est,
2893 4642 3000 4679 non
3046 4627 3206 4689 velle,
3237 4625 3372 4680 Nam
3411 4627 3515 4680 hoc
3543 4628 3663 4680 solo

2089 4719 2154 4772 tle
2179 4717 2340 4770 bouis
2370 4718 2550 4785 pravis
2582 4716 2865 4771 eﬂieimur.
2914 4715 3126 4784 Quippe
3154 4726 3345 4770 natura
3378 4717 3541 4770 nobis
3595 4718 3669 4771 ab.

2089 4808 2248 4862 initio
2274 4809 2412 4860 bona
2437 4824 2662 4875 prorsus
2687 4808 2923 4871 exsistit,
2951 4820 3004 4863 et
3027 4810 3078 4862 in
3105 4808 3249 4861 bono
3271 4811 3659 4876 perseverandi

2093 4906 2415 4966 potestatem
2447 4900 2680 4967 accepit.
2725 4899 2881 4963 Quod
2915 4899 2959 4953 si
3007 4900 3220 4967 justum
3264 4910 3368 4965 est,
3406 4900 3661 4969 imputari

2095 4987 2360 5040 voluntati
2387 4988 2806 5040 conversionem
2832 4989 2898 5041 ad
2921 4989 3146 5049 malum,
3172 4990 3310 5042 idem
3335 5000 3389 5043 et
3412 4992 3463 5043 iu
3492 4993 3663 5046 altero

2098 5075 2427 5130 Iaeiemlum.
2462 5076 2669 5131 Soliieit
2727 5078 2895 5146 igitur
2936 5079 3095 5141 velle.
3137 5080 3391 5148 quodque
3426 5097 3521 5149 par
3555 5091 3661 5141 est.

2097 5183 2283 5237 agerc,
2309 5185 2432 5221 ('Illtl
2463 5170 2621 5222 facile
2654 5170 2725 5222 sit
2754 5171 2981 5224 victoria
3020 5172 3200 5238 potiri.
3230 5171 3357 5226 licet
3382 5172 3450 5225 ab
3477 5172 3662 5241 aliquo

2095 5262 2176 5314 vel
2214 5274 2474 5330 Iropzeum
2503 5262 2570 5314 de
2608 5264 2763 5316 nobis
2791 5262 2860 5315 sit
2881 5264 3199 5317 excitatum.

2792 5356 2957 5412 XXX.

2165 5447 2273 5502 Res
2327 5450 2598 5504 universa:
2651 5465 2679 5502 a
2722 5465 2824 5504 suo
2881 5449 3151 5518 principio
3190 5446 3445 5518 pendent,
3498 5455 3661 5515 atque
3728 5434 3735 5441 ’

2094 5540 2258 5592 etiam
2290 5552 2512 5595 nostrae.
2550 5542 2684 5603 l‘Jam
2724 5542 2840 5594 ﬁeri
2873 5541 3078 5609 nequit,
3112 5552 3170 5593 ut
3208 5542 3255 5594 si
3294 5539 3483 5603 fragile
3510 5538 3660 5605 prin-

2093 5630 2294 5697 Cipium
2355 5634 2447 5694 sit,
2508 5616 2612 5685 lixa
2643 5632 2757 5687 sint
2811 5643 2980 5698 atque
3015 5630 3254 5692 stabilia,
3308 5641 3429 5695 qum
3460 5641 3657 5681 conse-

2094 5734 2359 5787 quuntur.
2394 5722 2677 5778 Sitautem
2723 5725 3069 5792 negotiorum
3112 5730 3426 5775 nostrorum
3452 5717 3661 5785 princi-

2091 5816 2238 5868 pium
2294 5823 2350 5869 ct
2373 5815 2521 5869 basis
2576 5825 2629 5867 et
2679 5815 2855 5872 radix.
2893 5813 3022 5868 etsi
3067 5810 3197 5881 quid
3250 5808 3502 5877 talcldicl
3546 5809 3653 5862 alio
