4166 6270
566 361 672 425 339

565 665 894 720 tendendum
925 678 1011 724 est
1041 684 1202 738 recte,
1228 693 1326 732 nec
1351 690 1553 738 temere
1575 687 1704 755 quid
1735 690 2128 760 inchoandum,

562 758 606 810 si
645 759 819 816 bonus
853 768 976 830 quis
1003 785 1124 824 esse
1156 773 1307 829 velit.
1335 779 1560 847 Agenda
1590 793 1716 838 sunt
1759 788 1905 840 enim
1943 758 2125 844 omnia

561 850 801 905 adhibita
829 859 1297 932 consideratione,
1317 869 1538 935 judicio,
1563 877 1814 941 consilio,
1845 883 2130 934 conscien-

562 946 656 1007 tia,
688 955 739 998 et
771 950 974 1018 ubique.
1010 958 1296 1026 prmcipuzc
1324 973 1507 1029 partes
1541 965 1772 1021 honesto
1803 971 2124 1027 tribuendm.

557 1035 738 1091 Tarde
760 1044 979 1109 quidem
1005 1053 1408 1114 procedendum
1437 1057 1488 1108 in
1515 1059 1864 1115 decernendo
1891 1080 1904 1125 ;
1935 1081 2123 1119 verum

556 1130 649 1180 ubi
699 1144 845 1186 recte
882 1141 1251 1206 consulueris,
1290 1147 1560 1202 ambobus
1600 1157 1934 1205 currendum
1972 1158 2125 1224 pedi-

492 1229 517 1310 :I
554 1219 678 1279 bus.
712 1223 903 1280 Itidem
935 1246 1041 1283 non
1068 1237 1274 1301 agenda
1307 1239 1554 1302 confuse,
1587 1259 1704 1310 quae
1734 1244 1874 1298 forte
1903 1262 1960 1300 se
1997 1249 2126 1300 οπρ-

498 1325 504 1336 '
553 1325 724 1381 runt;
758 1319 852 1372 sed
892 1338 1108 1391 semper
1137 1328 1330 1393 prima,
1367 1333 1626 1391 primum.
1662 1334 1795 1389 Nam
1827 1353 2016 1406 magna
2043 1341 2125 1392 vis

551 1408 769 1462 ordinis
809 1421 913 1475 est,
966 1424 1133 1485 atque
1183 1422 1260 1473 uti
1294 1423 1418 1490 quis
1449 1439 1478 1477 a
1523 1425 1882 1483 dilationibus
1911 1433 2121 1484 abhor-

551 1508 672 1552 reat
709 1516 723 1552 :
757 1517 882 1555 cum
924 1508 1110 1562 multis
1142 1510 1350 1565 diversa
1388 1513 1788 1581 factitantibus,
1822 1523 2120 1591 czeleroqui

551 1594 1044 1662 praestantissimis,
1075 1614 1151 1653 eae
1185 1617 1271 1655 res
1301 1606 1471 1657 exitio
1505 1605 1729 1660 fuerint.

1247 1710 1436 1772 XXXI.

1736 389 2138 459 MANUEIJS
2179 402 2620 473 PALAZOLOGI

565 478 786 534 nomine
836 493 1036 552 potest,
1093 489 1304 558 primus
1351 492 1519 548 animi
1577 508 1801 568 motus;
1859 506 1902 559 si
1935 509 2129 576 placet,
2167 519 2210 576 Α

563 571 729 627 etiam
766 581 1006 631 extratia
1043 585 1293 651 quaedam
1325 589 1445 657 ejus
1478 591 1736 662 impulsio
1767 615 1781 652 :
1823 571 2021 667 quibus
2052 571 2133 658 at;

3705 439 3821 506 διο

2241 519 2464 624 χῆςζεξ
2495 525 2554 624 δὲ
2586 525 2790 624 βούλει,
2823 532 2915 585 καὶ
2949 535 2978 605 ἡ
3007 535 3240 606 θύραθεν
3276 542 3606 614 ἐγγινομένη
3643 553 3819 624 ταύτῃ

2239 611 2513 710 προσϐολή
2537 632 2550 645 ·
2589 613 2679 679 αἶς
2731 623 3021 692 προσέχειν
3049 630 3152 699 χρή
3195 631 3399 696 καλῶς,
3433 611 3525 688 καὶ
3559 611 3632 708 μη
3676 611 3816 710 προΣ

2235 700 2414 765 πετῶς
2467 706 2757 776 ἐγχειρεῖν,
2814 714 2862 765 εί
2920 716 3106 784 μέλλει
3161 738 3243 783 τις
3293 724 3500 790 ἀγαθὸς
3558 700 3813 784 έσεσθιαι·

2238 791 2424 844 Πάντα
2461 796 2570 864 γὰρ
2607 803 2785 854 ποιεῖν
2825 809 3095 876 προσήκει
3128 812 3339 881 σκέψει,
3369 818 3463 868 καὶ
3492 820 3690 887 κρίσει,
3719 825 3818 876 καὶ

2233 889 2476 952 γνώσει,
2551 891 2648 943 καὶ
2710 896 3058 964 συνειδήσει,
3119 904 3214 955 καὶ
3267 905 3469 960 διδόναι
3534 913 3816 982 πανταχοῦ

2231 979 2454 1044 κρατεῖν
2503 980 2562 1032 τὸ
2621 984 2808 1040 καλόν.
2853 989 2962 1041 Καὶ¹
3027 993 3163 1060 πρὸς
3220 1000 3319 1063 μὲν
3370 1000 3467 1061 τὰς
3509 979 3817 1068 ἀποφάσεις

2232 1066 2394 1138 σχολῇ
2433 1069 2670 1138 βαδίζειν
2693 1092 2707 1106 ·
2742 1075 3168 1153 βεϐουλευμένον
3206 1087 3261 1139 δὲ
3287 1089 3492 1153 καλῶς,
3521 1066 3644 1144 δυσί
3681 1097 3814 1146 ποσὶ

2227 1156 2444 1249 τρέχειν
2467 1175 2480 1189 ’
2517 1163 2781 1230 πράττειν
2808 1185 2868 1221 τε
2902 1171 2975 1241 μὴ
3005 1174 3239 1246 φύρδην,
3273 1177 3308 1231 a
3343 1179 3498 1249 τύχοι
3526 1199 3541 1214 ·
3578 1183 3695 1234 ἀλλ’
3725 1186 3815 1238 ἀεὶ

2226 1248 2294 1300 τά
2321 1250 2516 1320 πρῶτα
2549 1255 2803 1324 πρώτως.
2838 1262 3000 1330 Μέγα
3039 1266 3146 1334 γὰρ
3182 1267 3360 1337 ίσχύει
3408 1248 3586 1338 τάξις,
3617 1275 3713 1326 καὶ
3747 1275 3812 1327 τὸ

2230 1339 2303 1408 μὴ
2355 1343 2567 1414 χαίρειν
2621 1347 2929 1417 ἀναϐολαῖς,
2985 1357 3081 1408 καὶ
3134 1358 3368 1422 πολλούς
3421 1379 3486 1429 γε
3545 1365 3811 1420 τάναντία

2227 1433 2467 1501 καθεῖλε,
2502 1438 2668 1492 τάλλα
2705 1441 3024 1510 βελτίστους
3056 1448 3428 1520 ὑπάρχοντας.

2953 1737 3074 1792 AA'.

621 1818 877 1876 Numinis
909 1840 1040 1878 sane
1070 1825 1239 1880 divini
1271 1829 1458 1894 fuerit,
1489 1841 1542 1886 ct
1585 1835 1781 1901 quibus
1821 1837 1907 1890 illa
1947 1839 2112 1892 facul-

2298 1834 2370 1886 Τὸ
2422 1837 2520 1904 μὲν
2568 1839 2657 1891 ἀεὶ
2689 1843 2762 1893 τὰ·
2806 1843 3001 1911 βελτίω
3042 1847 3150 1898 τῶν
3180 1848 3442 1918 χειρόνων
3477 1852 3801 1922 ἐκλέγεσθαι

548 1922 635 1967 tas
661 1914 728 1968 ab
759 1917 948 1969 eodem
981 1918 1145 1971 fuerit
1172 1935 1457 1985 concessa,
1484 1938 1592 1990 prae
1617 1925 1981 1984 deterioribus
2006 1947 2116 1985 me-

549 2003 687 2057 liora
741 2020 960 2075 semper
1002 2009 1226 2076 eligere.
1273 2011 1642 2070 Nihilominus
1684 2021 2020 2083 conandum,
2059 2031 2117 2076 ut

547 2096 804 2152 omnibus
860 2099 1037 2154 modis
1088 2117 1390 2171 agnoscas,
1427 2122 1545 2175 qua?
1591 2110 1798 2178 optima
1824 2112 2116 2166 videantur

546 2202 713 2252 esse;
746 2199 910 2258 atque
937 2194 1122 2260 agnita
1159 2193 1350 2261 facias,
1383 2207 1437 2250 et
1470 2199 1688 2266 quidem
1718 2202 1920 2257 talibus
1949 2205 2113 2258 mini-

544 2293 634 2331 me
669 2280 888 2333 saliet-is
914 2300 927 2347 ;
954 2299 1077 2335 nam
1113 2295 1170 2338 ut
1207 2287 1442 2353 primum
1477 2289 1608 2342 illud
1645 2300 1727 2345 cst
1758 2292 1874 2356 Dei,
1920 2295 2000 2348 sic
2034 2298 2115 2348 al-

546 2378 721 2424 terum
756 2373 806 2424 in
835 2373 1112 2430 hominem
1154 2379 1321 2431 cadit.
1365 2378 1601 2434 Necesse
1639 2391 1725 2437 est
1758 2385 1902 2438 enim
1938 2387 2112 2454 magis

544 2479 642 2517 eos
674 2465 795 2518 aliis
830 2480 1109 2536 compotes
1138 2470 1350 2523 virtutis
1383 2471 1540 2535 uilici,
1573 2474 1652 2526 vel
1682 2474 1746 2528 ad
1771 2490 1889 2528 eam
1920 2477 2110 2531 saltem

541 2551 774 2625 prepi'us
808 2560 1088 2624 accedere,
1117 2563 1208 2630 qui
1246 2565 1422 2617 oculis
1459 2565 1510 2617 in
1544 2566 1616 2627 id,
1645 2568 1786 2634 quod
1823 2569 2108 2624 honestum

541 2656 644 2703 est.
672 2650 918 2714 directis,
961 2656 1571 2722 praestantissimormn,
1603 2674 1713 2712 uon
1744 2659 2108 2727 plurimorum

531 2743 789 2797 aetiones
816 2751 978 2813 atque
1000 2735 1225 2801 consilia
1249 2763 1464 2817 semper
1489 2749 1792 2814 intuentur,
1820 2762 1872 2805 et
1896 2768 2112 2806 eorum-

541 2834 664 2886 dem
697 2837 903 2888 exitum
951 2823 1244 2891 observant
1277 2855 1291 2892 :
1326 2855 1391 2893 ac
1428 2841 1492 2894 iis
1545 2844 1787 2909 quidem.
1819 2859 1938 2910 quze
1983 2860 2108 2899 esse

541 2923 683 2977 bona
709 2925 1016 2979 docuerunt
1039 2937 1268 2982 eventus
1291 2931 1415 2998 ipsi,
1435 2933 1589 3000 quasi
1617 2933 1818 2998 regulis
1841 2945 2107 2988 utuntur:

540 3015 814 3068 contraria
863 3018 1246 3085 magistrorum
1280 3020 1403 3075 loco
1432 3023 1535 3075 sibi
1563 3025 1923 3090 constituunt,
1958 3043 2026 3081 ne
2055 3027 2105 3079 in

540 3101 682 3154 mala
711 3103 1019 3157 consimilia
1050 3118 1229 3160 ruant.

1213 3219 1428 3277 XXXII.

613 3301 918 3358 Admodum
953 3307 1193 3375 jucunda
1227 3327 1313 3366 res
1360 3324 1445 3367 est
1474 3312 1701 3382 erudiri,
1735 3334 1843 3372 non
1890 3322 2105 3390 lapsum

541 3395 824 3460 patiendo,
851 3400 945 3451 sed
986 3401 1237 3457 acerbius
1269 3405 1472 3473 aliquid
1500 3407 1816 3475 devitando,
1855 3427 1976 3464 cum
2000 3399 2109 3475 lac-

541 3495 630 3540 tus
653 3488 883 3545 alterius
905 3507 1094 3546 eri-ore.
1118 3497 1342 3561 peritior
1366 3497 1554 3554 fueris.
1583 3501 1754 3569 Major
1773 3516 1951 3557 autem
1982 3521 2108 3572 pars

540 3579 848 3642 hominum,
883 3585 960 3636 uti
997 3586 1215 3653 quidem
1249 3599 1492 3656 apparet.
1527 3591 1666 3646 hanc
1698 3610 1808 3646 rem
1862 3597 2103 3664 negligit,

539 3680 594 3722 et
621 3673 962 3729 calamitates
989 3679 1238 3744 prOprias
1263 3691 1564 3750 exspectat,
1599 3695 1656 3736 ut
1681 3701 1775 3752 per
1797 3703 1857 3740 ca
1889 3691 2106 3741 erudia-

539 3770 630 3814 tur
667 3781 680 3816 :
714 3779 874 3832 quam
908 3766 1304 3823 institutionem
1342 3776 1592 3828 mercede
1621 3775 1804 3829 damni
1838 3793 1979 3846 sa‘pe
2009 3795 2104 3847 pa-

537 3865 660 3905 rum
694 3843 1012 3922 reparabilis
1063 3870 1401 3929 compensat.
1441 3862 1605 3917 Iidem
1652 3880 1988 3921 consuevere
2020 3869 2128 3920 (ii--

538 3959 684 4007 cere,
726 3949 1023 4014 medicum,
1077 3955 1167 4019 qui
1206 3970 1399 4008 nomen
1454 3957 1557 4010 hoc
1593 3971 1920 4014 consecutus
1969 3961 2039 4014 sit
2076 3977 2104 4015 e

536 4038 789 4100 scientia,
825 4054 930 4093 non
974 4041 1050 4095 illi
1085 4058 1268 4111 parem
1300 4061 1441 4109 esse,
1471 4048 1561 4115 qui
1594 4047 1773 4102 varios
1799 4051 1852 4101 iu
1885 4053 2104 4105 morbos

535 4127 812 4182 inciderit.
845 4129 924 4185 Tu
955 4148 1083 4187 vero
1121 4137 1278 4190 modo
1318 4137 1456 4190 velis
1513 4138 1677 4191 etiam
1705 4154 1811 4192 non
1848 4141 2103 4208 patiendo

533 4223 740 4290 poteris
762 4227 993 4280 evadere
1022 4228 1268 4294 peritior,
1300 4229 1343 4281 si
1370 4229 1713 4284 calamitates
1741 4230 1974 4284 aliorum
2003 4247 2101 4300 pro

534 4316 644 4372 tuis
673 4317 916 4385 duxeris,
960 4335 1260 4385 earumque
1308 4335 1503 4374 causas
1537 4321 1837 4385 vitaveris;
1884 4331 1938 4374 et
1977 4323 2102 4390 qui-

531 4410 656 4464 dem
689 4411 791 4466 hoc.
827 4422 936 4465 tam
973 4423 1231 4468 accurate
1272 4414 1656 4482 consequeris,
1688 4426 1752 4466 ac
1786 4413 1832 4466 si
1864 4415 2098 4483 teipsum

533 4503 587 4556 in
619 4519 707 4557 res
742 4505 1003 4558 adversas
1031 4505 1290 4559 incidisse
1318 4505 1675 4573 contingeret.

1201 4619 1440 4675 XXXIII.

603 4710 853 4768 Tendere
887 4711 1240 4782 cupiditatem
1271 4713 1579 4778 hominum,
1613 4729 1644 4770 e
1681 4716 1904 4785 pulvere
1937 4716 2105 4786 spiri-

535 4815 704 4873 tuque
759 4807 1156 4869 constantium,
1199 4807 1364 4861 modo
1405 4806 1625 4876 quidem
1659 4823 1903 4870 sursum.
1941 4809 2104 4862 modo

532 4908 665 4949 vero
697 4897 977 4962 deorsum,
1025 4901 1160 4954 nihil
1205 4915 1337 4954 sane
1366 4901 1492 4954 novi
1524 4901 1703 4954 fuerit.
1738 4902 1846 4956 Sed
1880 4911 2100 4971 oportet

531 4993 713 5043 virum
747 4994 1264 5052 prazstantissimum
1297 5009 1407 5048 non
1439 4995 1702 5048 continuo
1733 4994 2098 5062 voluptatum,

533 5081 765 5146 irarum,
786 5092 1054 5138 terrorum
1076 5085 1531 5154 impressionibus
1547 5087 1961 5154 expugnabilem
1981 5101 2103 5140 sese

533 5174 801 5238 praebere,
847 5174 992 5241 quod
1025 5175 1358 5232 eﬂeminatis
1407 5178 1655 5232 accidere.
1687 5178 1956 5240 videmus,
2003 5177 2098 5245 qui

532 5277 590 5316 se
613 5263 694 5316 vel
719 5263 850 5331 ipsis
876 5264 1115 5318 hostium
1147 5269 1578 5333 praecursoribus
1603 5269 1849 5322 dedunt:
1877 5269 1969 5322 sed
1999 5268 2101 5320 itu-

533 5363 742 5408 motum
766 5370 986 5408 manere
1019 5371 1082 5409 ac
1109 5373 1230 5410 esse
1261 5361 1759 5423 stabiletu,exitutn
1795 5362 1874 5415 rei
1907 5362 2096 5416 cuius-

531 5461 640 5516 que
683 5449 1114 5516 perquireulcm.
1168 5447 1304 5501 Nam
1353 5451 1640 5505 confestim
1691 5453 2097 5521 emergentihus

533 5554 715 5592 rerum
751 5538 1038 5608 principiis
1069 5555 1374 5602 accurrere,
1402 5559 1522 5610 quin
1559 5544 1818 5598 suavibus
1855 5545 2096 5599 exordiis

530 5629 763 5683 blandiri
789 5646 1142 5694 consuevere,
1175 5646 1298 5684 cum
1323 5633 1520 5686 occulti
1555 5636 1667 5687 sint
1696 5650 1887 5688 eorum
1933 5635 2092 5698 lines,

528 5721 618 5772 vix
655 5723 973 5778 hominibus
1001 5725 1209 5779 insanis
1242 5725 1641 5792 cumpetiverit.
1677 5727 1860 5795 Itaque
1882 5729 1947 5778 da
1973 5741 2101 5794 ope-

533 5826 676 5878 ram,
710 5824 771 5868 ut
798 5816 985 5872 firmus
1017 5819 1095 5872 sis
1125 5817 1550 5888 atque-stabilis.
1586 5834 1796 5886 resque,
1826 5819 1984 5872 lim-tu
2017 5821 2100 5871 iu-

2219 1923 2356 1977 Θεοῦ
2420 1926 2486 1980 ἂν
2544 1930 2651 1999 εἴη,
2687 1932 2781 1984 καὶ
2833 1928 2914 1995 οἷς
2980 1934 3045 1987 ἂν
3095 1938 3353 2007 μεταδοίη
3409 1948 3644 2012 ταυτησὶ
3701 1948 3800 2014 τῆς

2216 2017 2537 2088 δυνάμεως·
2583 2025 2879 2093 πειρᾶσθαι
2943 2027 3127 2094 μέντοι
3181 2032 3451 2100 προσήκει
3509 2035 3802 2101 γινώσκειν

2219 2107 2389 2162 ἅπασι
2417 2111 2660 2179 τρόποις,
2697 2114 2834 2167 ἅττα
2885 2117 3138 2186 βέλτιστα
3183 2121 3402 2174 πάντων
3434 2121 3576 2176 εἶναι
3627 2127 3799 2190 δοκεῖ,

2217 2203 2312 2253 καὶ
2335 2203 2676 2270 γινώσκοντα
2705 2211 2898 2269 ποιεῖν,
2928 2211 3023 2262 καὶ
3053 2211 3280 2266 τοιαῦτα
3314 2214 3389 2284 μὴ
3419 2218 3800 2284 κορέννυσθαι.

2231 2291 2317 2353 Ὧς
2349 2295 2456 2363 γὰρ
2489 2296 2550 2348 τὸ
2582 2299 2802 2364 πρῶτον
2833 2300 2992 2366 Θεοῦ,
3037 2301 3182 2358 οὕτω
3221 2305 3280 2357 τὸ
3301 2304 3557 2373 δεύτερον
3586 2309 3799 2378 ἀνδρός.

2228 2382 2466 2455 Ἀνάγκη
2498 2387 2608 2457 γὰρ
2641 2389 2843 2458 μᾶλλον
2884 2393 2992 2444 τῶν
3024 2394 3201 2448 ἀλλων
3232 2396 3513 2465 ἐπιτυχεῖς
3555 2399 3802 2462 ἐκείνους

2215 2477 2470 2544 γενέσθαι
2525 2481 2623 2548 τῆς
2675 2483 2899 2549 ἀρετῆς,
2940 2484 2971 2554 ἦ
3020 2486 3153 2552 γοῦν
3203 2489 3276 2556 μὴ
3337 2489 3526 2559 πόρρω
3581 2490 3800 2552 βάλλειν

2216 2569 2409 2636 αὐτῆς,
2443 2571 2557 2622 ὅσοι
2591 2573 2654 2641 δὴ
2691 2573 2831 2640 πρὸς
2867 2574 2928 2627 τὸ
2971 2577 3133 2628 καλὸν
3174 2579 3515 2647 ἀφορῶντες,
3543 2582 3643 2644 τάς
3681 2583 3795 2634 τῶν

2213 2658 2468 2727 ἀρίστων,
2506 2662 2625 2730 οὐχὶ
2653 2663 2760 2714 τῶν
2786 2664 3054 2718 πλείστων
3082 2668 3314 2736 πράξεις
3347 2685 3406 2722 τε
3437 2672 3534 2722 καὶ
3566 2671 3794 2740 γνώμας

2213 2751 2296 2801 ἀεὶ
2334 2750 2654 2812 σκοποῦσιν.
2691 2750 2789 2806 εἶτ’
2821 2755 3146 2824 ὲπιτηροῦσι
3172 2758 3240 2810 τὰ
3267 2759 3474 2813 τούτων
3501 2762 3631 2830 τέλη
3656 2778 3668 2791 ·
3697 2764 3793 2816 καὶ

2211 2844 2326 2903 ταῖς
2381 2842 2480 2910 μὲν
2529 2844 2726 2906 καλαῖς
2781 2846 2847 2898 ὲκ
2898 2847 3007 2899 τῶν
3069 2849 3356 2902 ἐκϐάσεων
3413 2851 3790 2920 δεδειγμέναις

2211 2932 2399 3003 ὥσπερ
2438 2935 2626 2988 κανόσι
2674 2937 2954 3005 χρῶνται’
2994 2941 3094 3003 τὰς
3143 2943 3192 2994 δ’
3239 2942 3495 3005 ἐναντίας
3531 2944 3785 3010 φανείσας

2215 3025 2362 3090 σφῶν
2401 3025 2580 3078 αὐτῶν
2630 3028 2989 3091 διδασκάλους
3034 3032 3301 3098 ποιοῦσιν,
3334 3033 3476 3086 ὥστε
3519 3035 3590 3104 μὴ
3630 3051 3782 3102 περι-

2213 3118 2401 3168 πεσεῖν
2437 3120 2550 3179 τοῖς
2581 3119 2792 3187 ὁμοίοις
2823 3121 3073 3184 κακοῖς.¹

2939 3236 3062 3293 AB’.

2291 3321 2420 3374 Ἦδύ
2479 3341 2529 3375 τι
2581 3324 2638 3376 τὸ
2700 3326 2892 3392 μαθεῖν
2952 3329 3122 3390 ἐστιν,
3167 3331 3266 3384 οὐκ
3333 3333 3401 3384 ὲκ
3442 3331 3535 3384 τοῦ
3591 3334 3787 3386 παθεῖν

2211 3411 2536 3476 πταίσαντα,
2580 3412 2698 3464 ἀλλ’
2755 3417 2817 3466 ὲκ
2861 3415 2956 3466 τοῦ
3007 3417 3434 3485 διαπεφευγέναι
3477 3420 3536 3472 τὸ
3584 3422 3781 3489 δυσχε-

2213 3501 2493 3568 ρέστερον,
2530 3507 2593 3573 τῇ
2645 3505 2756 3556 τῶν
2809 3505 2986 3558 ἄλλων
3017 3508 3320 3580 διαμαρτίᾳ
3367 3513 3652 3581 γενόμενον
3680 3513 3781 3580 Ep.-

2209 3594 2545 3663 πειρότερον.
2578 3598 2639 3648 Οἱ
2695 3597 2914 3660 πλείους
2969 3599 3045 3660 δὲ,
3099 3599 3173 3662 ὡς
3218 3601 3415 3666 ἔοικεν,
3449 3602 3784 3672 ὀλιγωροῦσι

2207 3683 2358 3735 τοῦδε
2403 3683 2500 3735 τοῦ
2553 3686 2904 3753 πράγματος,
2951 3689 3048 3740 καὶ
3099 3690 3195 3752 τὰς
3238 3691 3446 3753 οἰκείας
3500 3693 3789 3762 συμφορὰς

2209 3776 2587 3842 ἀναμένουσιν,
2647 3776 2788 3829 ὥστε
2833 3779 2962 3846 παρ’
3020 3781 3244 3834 ἐκείνων
3311 3782 3528 3852 μαθεῖν,
3595 3785 3790 3852 μισθὸν

2207 3867 2544 3933 παρέχοντες
2575 3869 2808 3934 ταυτησὶ
2846 3868 2944 3935 τῆς
2985 3869 3279 3939 μαθήσεως
3313 3871 3546 3940 ζημίαν,
3585 3875 3790 3927 πολλά-

2207 3975 2296 4020 κις
2327 3957 2433 4009 οὐδ’
2463 3957 2847 4028 εὐανάκλητον.
2879 3959 3062 4021 Μῦθος
3091 3961 3146 4014 δέ
3187 3963 3273 4025 τίς
3303 3966 3454 4016 ἐστιν
3488 3965 3694 4031 αὐτοῖς,
3721 3965 3784 4018 ού

2206 4051 2457 4102 τοσοῦτον
2490 4051 2673 4119 ἰατρὸν
2704 4045 2846 4103 εἶναι
2889 4052 2982 4104 τὸν
3019 4055 3299 4126 ἐπιστήμη
3334 4056 3478 4107 τοῦτ’
3518 4057 3667 4118 ὄντα,
3703 4058 3781 4118 ὡς

2205 4144 2297 4194 τὸν
2333 4145 2790 4212 περιπεπτωκότα
2822 4144 3110 4206 ποικίλοις
3142 4147 3359 4199 πάθεσι.
3387 4148 3458 4198 Σὺ
3489 4147 3533 4200 δ’
3575 4148 3642 4200 ἂν
3676 4149 3784 4216 μά-

2207 4232 2342 4295 θοις,
2373 4236 2420 4285 εί
2452 4233 2654 4302 βούλει,
2689 4238 2782 4286 καὶ
2811 4235 2886 4304 μὴ
2916 4236 3129 4300 παθὼν,
3165 4237 3263 4300 τὰς
3293 4239 3403 4290 τῶν
3434 4239 3609 4291 ἄλλων
3639 4257 3783 4308 συμ-

2206 4327 2376 4394 φορὰς
2415 4327 2809 4396 οἰκειούμενος,
2849 4329 2943 4380 καὶ
2983 4329 3051 4380 τὰ
3097 4331 3303 4383 τούτων
3337 4331 3491 4384 αἴτια
3523 4333 3786 4398 φυλαττὸ-

2209 4432 2388 4483 μενος.
2417 4413 2559 4467 οὕτω
2593 4417 2943 4468 παντάπασιν
2976 4419 3244 4487 ἀκριϐῶς,
3270 4418 3461 4491 ὥσπερ
3498 4420 3565 4474 ἂν
3601 4421 3656 4474 εί
3701 4437 3784 4473 σοι

2134 4520 2180 4572 ι)
2210 4504 2405 4571 συνέϐη
2441 4507 2922 4573 περιπεπτιιικέναι
2963 4509 3075 4569 τοῖς
3112 4507 3391 4577 χαλεποῖς.

2932 4623 3056 4676 ΛΓ’.

2290 4712 2508 4765 Ῥέπειν
2555 4715 2654 4785 τὴν
2709 4714 3009 4783 ἐπιθυμίαν
3049 4712 3384 4784 ἀνθρώπων,
3416 4715 3480 4767 ἑκ
3519 4716 3642 4784 χοὸς
3691 4716 3789 4769 καὶ

2207 4807 2515 4874 πνεύματος
2549 4808 2923 4878 ὑπαρχόντων,
2941 4808 3064 4858 τοτὲ
3091 4807 3187 4878 μὲν
3213 4808 3344 4873 ἀνω,
3365 4806 3488 4859 τοτὲ
3517 4807 3579 4860 δὲ·
3604 4808 3780 4870 κάτω,

2202 4901 2356 4952 οὐδὲν
2393 4900 2459 4953 ἂν
2514 4900 2600 4969 εἴη
2659 4901 2833 4970 δήπου
2888 4901 3099 4953 καινόν.
3151 4901 3243 4951 Δεῖ
3297 4899 3355 4952 δὲ
3415 4900 3506 4953 τὸν
3558 4886 3786 4970 ἷριστον

2202 4991 2371 5061 ἄνδρα
2403 4990 2477 5062 μὴ
2505 4993 2624 5054 ταῖς
2651 4991 2860 5060 ἐφόδοις
2895 4993 3005 5044 τῶν
3037 4991 3261 5059 ἡδονῶν,
3299 4992 3394 5043 καλ⁵
3424 4992 3533 5044 τῶν
3564 4991 3777 5059 θυμῶν,

2201 5085 2294 5134 καὶ
2323 5080 2431 5133 τῶν
2457 5080 2639 5149 φόϐων
2667 5080 2829 5142 εὐθὺς
2861 5080 3132 5133 εὐάλωτον
3169 5075 3335 5141 εἶναι,
3370 5079 3398 5131 ὃ
3436 5081 3561 5141 τοὺς
3590 5097 3785 5146 γυναι-

2201 5174 2394 5226 κώδεις
2419 5172 2639 5241 ὁρῶμεν
2669 5173 3000 5240 πάσχοντας,
3024 5170 3380 5239 προδιδόντας
3414 5170 3554 5235 σφᾶς
3581 5169 3784 5231 αὐτοὺς

2199 5266 2310 5325 τοῖς
2353 5261 2733 5333 προδραμοῦσι
2765 5261 2873 5314 τῶν
2900 5261 3210 5328 πολεμίων·
3248 5261 3386 5313 ἀλλὰ
3436 5260 3625 5328 μένειν
3658 5258 3787 5312 τοῦ-

2199 5373 2290 5410 τον
2323 5356 2584 5426 ἀτρέμας,
2624 5355 2823 5422 πάγιον
2871 5353 3010 5408 εἶναι
3062 5353 3329 5423 ζητοῦντα
3384 5352 3443 5406 τὸ
3471 5351 3620 5413 τέλος
3651 5350 3785 5404 ἑκά-

2202 5465 2326 5500 στου
2379 5447 2724 5516 πράγματος.
2757 5446 2828 5498 Τὸ
2872 5446 2980 5516 γὰρ
3018 5447 3221 5498 αὐτίκα
3264 5443 3551 5513 φανείσαις
3580 5443 3791 5510 ἀρχαῖς,

2200 5542 2544 5611 πραγμάτων
2582 5543 2970 5610 προστρέχειν,
3011 5541 3442 5600 ὑποσαινούσαις
3471 5536 3783 5606 προοιμίοις

2199 5639 2450 5704 χαρίεσι,
2484 5634 2593 5686 τῶν
2641 5634 2811 5685 τελῶν
2847 5635 3039 5695 αὑταῖς
3078 5633 3495 5704 κρυπτομένων,
3535 5631 3685 5698 μόλις
3714 5627 3784 5679 ἂν

2201 5726 2464 5792 ἁρμόσειε
2538 5724 2946 5793 τετυφωμένοις
3023 5721 3358 5792 ἀνθρώποις.
3433 5722 3597 5787 Ζῆτει
3683 5713 3781 5769 οῦν

2201 5815 2415 5887 ἐδραῖς
2459 5810 2621 5878 εἶναι,
2666 5814 2758 5866 καὶ
2804 5815 3023 5869 σκοπῶν
3073 5815 3135 5869 τὺ
3171 5814 3362 5885 πέρας,
3389 5812 3599 5883 πρᾶττε
3627 5825 3640 5839 '
3675 5810 3774 5862 aut
