4166 6270
428 394 524 459 341

1419 395 1830 457 PRZECEPTA
1864 397 2382 459 EDUCATIONIS
2425 401 2708 462 REGlrE.

3627 408 3680 441 ’ἒ

3581 435 3676 469 0Θῖ

413 512 519 582 πρὸ
547 508 738 564 τούτου
775 508 910 580 μηδὲ
964 507 1234 579 ὲγχείρει’
1276 508 1419 580 ὄφρα
1448 527 1528 577 σε,
1554 511 1676 564 καθ’
1715 511 1986 583 Ὅμηρον,

2096 521 2274 575 tuens,
2328 513 2511 580 agito:
2569 513 2714 578 quod
2759 512 2932 582 prius,
2968 528 3129 583 quam
3167 514 3381 580 feceris,
3417 518 3552 572 nihil
3586 523 3679 575 in-

415 607 606 659 τξωσιν

847 779 1001 850 ἠμὲν
1027 781 1175 842 νέοι,
1211 781 1322 850 ἡδὲ
1357 783 1656 852 γέροντες.

414 872 720 942 Προσθεεην
750 873 796 924 δ’
826 873 892 926 ἂν
933 872 1130 941 ἔγωγε,
1162 872 1307 944 ὄφρα
1363 892 1421 928 σε
1464 876 1724 944 πολέμιος
1771 877 1992 948 φρίττῃ,

415 967 511 1018 καὶ
540 967 778 1037 ὑπήκοος
809 967 936 1038 φιλῇ
959 987 973 1000 ·
1001 969 1094 1021 καὶ
1121 968 1378 1040 θαυμάζῃ
1409 969 1510 1038 μὲν
1533 970 1706 1039 φίλος,
1735 970 1995 1044 θαυμάζῃ

414 1058 474 1111 δὲ
505 1058 797 1128 συγγενὴς,
833 1059 930 1113 καὶ
964 1061 1079 1123 τοῖς
1107 1060 1215 1116 ὑπὸ
1262 1061 1358 1115 σού
1397 1063 1820 1132 πεπραγμένοις
1856 1063 1993 1116 πάν-

413 1167 508 1214 τες
540 1152 973 1223 ἐκπλήττωνται.

1152 1246 1273 1300 ΛΔ’.

492 1337 729 1407 Ὗψηλόν
756 1356 819 1406 γε
859 1338 1134 1408 οὐδαμῶς,
1170 1340 1293 1392 οὐδὲ
1341 1343 1610 1411 μεγίστης
1649 1342 1993 1413 φρονήσεως,

408 1425 530 1479 οὐδὲ
565 1428 765 1497 πολλῆς
804 1430 1208 1497 γενναιότητος,
1241 1431 1302 1483 τὸ
1352 1431 1428 1501 μὴ
1466 1433 1587 1494 ταῖς
1615 1432 1884 1500 πρώταις,
1920 1432 1996 1495 ὡς

408 1520 474 1572 ἄν
502 1539 588 1582 τις
621 1521 791 1582 εἴποι,
820 1522 930 1575 τῶν
967 1523 1146 1592 ἔργων
1200 1525 1296 1578 καὶ⁵
1331 1524 1615 1594 λογισμῶν
1666 1526 1998 1580 ἐπιπνεύσε-

408 1627 493 1664 σιν
523 1613 781 1681 ἀκίνητόν
816 1632 940 1666 τινα
970 1616 1279 1683 γίγνεσθαι.
1304 1618 1352 1668 εἰ
1387 1615 1463 1686 μὴ
1499 1619 1594 1669 καὶ
1627 1617 1690 1669 τὸ
1727 1619 1999 1689 προσδρα-

411 1705 534 1771 μεῖν
568 1706 663 1759 καὶ
688 1707 1044 1776 οἰκειωθῆναι
1077 1707 1243 1760 καλὸν
1270 1707 1336 1762 ἂν
1365 1709 1545 1770 εἴποις
1572 1707 1735 1771 εὐθὺς
1767 1710 1996 1777 φανέντι

409 1797 700 1866 πράγματι
742 1799 1016 1869 βλαϐερῷ.
1053 1800 1232 1852 Ὅπου
1296 1799 1404 1868 γὰρ
1461 1799 1557 1851 καὶ
1608 1804 1722 1862 τοῖς
1777 1801 1997 1868 ἀλόγοις

409 1887 692 1955 ἐμπέφυκέ
720 1907 803 1952 τις
835 1891 1012 1958 ἰσχὺς,
1044 1891 1105 1941 τὸ
1143 1891 1425 1958 συμφέρον
1456 1890 1563 1943 ἀπὸ
1593 1891 1687 1943 τοῦ
1723 1890 1994 1960 βλάπτον-

404 1995 496 2038 τος
529 1979 906 2049 διακρίνουσα,
940 1980 1006 2033 ἂν
1053 1981 1190 2050 μηδὲ
1244 1981 1323 2041 εἰς
1374 1981 1492 2034 ἴσον
1532 1982 1714 2044 αὐτοῖς
1746 1981 1994 2052 ἔλθωμεν

404 2072 454 2122 οἱ
507 2070 652 2142 λόγῳ
709 2075 861 2142 μόνοι
915 2076 1296 2144 τετιμημένοι,
1353 2074 1470 2126 ἀλλ’
1529 2076 1740 2145 ἀρκέσῃ
1802 2076 1907 2143 μὲν
1962 2079 1992 2144 ἡ

403 2164 568 2230 φύσις
601 2165 856 2229 ἐκείνοις,
892 2167 1028 2234 παρ’
1059 2168 1195 2236 ἡμῖν
1250 2167 1305 2220 δὲ
1348 2169 1442 2220 καὶ
1475 2169 1536 2221 τὸ
1566 2169 1790 2238 λογικὸν
1825 2171 1992 2222 ἀσθε-

403 2255 494 2318 νὲς
526 2259 693 2328 φανῇ,
732 2259 851 2320 πῶς
886 2260 986 2326 μὲν
1021 2262 1082 2313 οὗ
1138 2261 1386 2330 σχέτλιον
1441 2263 1682 2331 κομιδῆ;
1733 2264 1850 2326 πῶς
1892 2265 1991 2315 οὐκ

403 2349 672 2420 αἰσχύνης
707 2350 997 2405 ἀνάπλεων
1017 2369 1032 2416 ;

1131 2531 1260 2584 AE'.

491 2612 926 2692 Ἵέραξ,ἱ’ππος,
983 2624 1134 2693 ἰχθὺς
1174 2623 1316 2676 κατά
1363 2622 1544 2690 λόγον,
1577 2623 1637 2675 οὑ
1695 2623 1792 2676 σὺν
1846 2622 1990 2688 λόγῳ

407 2718 476 2770 τὰ
531 2720 884 2786 συμφέροντα
948 2717 1213 2786 πράττειν
1290 2715 1645 2785 πεφύκασινο
1710 2714 1851 2767 ὥστε
1910 2717 1991 2768 δεῖ

405 2807 585 2877 πολλῷ
624 2825 687 2876 γε
731 2808 936 2878 μᾶλλον
977 2809 1122 2876 ἡμᾶς
1150 2807 1247 2859 σὺν
1271 2807 1416 2876 λόγῳ
1445 2808 1716 2874 πράττειν
1750 2807 1816 2856 τὰ
1848 2807 1988 2857 κατὰ

403 2898 597 2964 λόγον,
645 2901 1086 2967 ἀπαιτουμένους
1145 2899 1299 2968 παρὰ
1361 2900 1460 2966 τῆς
1525 2897 1743 2965 φύσεως
1809 2898 1987 2966 ἀρχῆς

406 2991 752 3062 βλαπτούσης
812 2994 1127 3065 ἀποπηδᾷν.
1177 2995 1250 3046 Οὐ
1317 2995 1423 3063 μὴν
1486 2993 1714 3054 ἐκείνοις
1772 2992 1984 3060 μέμψις

403 3085 607 3147 δικαία,
641 3084 800 3155 θυμῷ
844 3103 904 3137 τε
957 3082 1052 3140 xii.
1096 3084 1364 3154 ἐπιθυμίᾳ
1421 3085 1794 3139 δουλεύουσιν.
1848 3083 1984 3136 Οὐδὲ

327 3182 334 3188 ’
404 3177 512 3246 γὰρ
545 3179 724 3248 ψυχὴν
751 3179 979 3248 λογικὴν
1013 3180 1261 3248 ἡγεμόνα
1311 3179 1418 3231 τῶν
1451 3178 1630 3247 ἔργων
1661 3179 1980 3248 κέκτηνται.

413 3270 595 3340 Ἠμᾶς
623 3271 678 3324 δὲ
710 3271 854 3342 λόγῳ
898 3272 1351 3339 κεκοσμημένους
1402 3272 1510 3341 χρὴ
1547 3272 1639 3322 τὸν
1679 3269 1805 3323 νοῦν
1840 3271 1986 3339 ήνίο-
2013 3285 2055 3342 C

403 3378 495 3431 χον
531 3362 826 3432 ἐπιστῆσαι
869 3364 983 3425 τοῖς
1034 3363 1403 3429 ἀλογωτέροις
1448 3364 1690 3415 τουτοισὶ
1734 3363 1986 3420 πάθεσιν,

404 3455 474 3508 ἵν’
576 3456 638 3508 τὸ
685 3457 902 3524 λογικὸν
935 3457 1180 3526 ἐνεργὸν,
1215 3459 1309 3510 καὶ
1349 3457 1489 3509 κατὰ
1521 3455 1704 3525 χώραν
1745 3458 1883 3527 μένῃ
1928 3458 1990 3509 τὸ

405 3549 599 3618 δῶρον,
634 3545 677 3615 ᾧ
707 3552 816 3602 τῶν
867 3551 1046 3604 ἄλλων
1091 3550 1421 3620 διιστάμεθα
1456 3548 1632 3614 ζώων.
1685 3549 1773 3612 Ὠς
1816 3546 1887 3619 ἦν
1919 3567 1984 3617 γε

407 3641 659 3704 κρεῖττον
707 3641 842 3707 μηδὲ
891 3641 990 3710 τὴν
1041 3641 1216 3710 ἀρχὴν
1269 3639 1553 3708 εἰληφέναι
1597 3640 1697 3704 τὴν
1734 3639 1986 3708 χάριν,ἢ

405 3728 672 3792 λαϐόντας
712 3733 776 3783 ἐκ
825 3733 984 3798 Θεοῦ,
1022 3733 1214 3787 ἔπειτα
1245 3733 1429 3796 κακῶς
1467 3733 1640 3801 αὐτὴν
1687 3733 1982 3786 διαθεῖναι.

1129 3912 1268 3978 ΔΕΓ.

478 3998 707 4072 Ὠσπερ·
743 4003 860 4065 τοῖς
913 4001 1132 4068 ἀλόγοις
1175 4004 1234 4055 τὸ
1293 4003 1438 4056 κατά
1495 4003 1677 4070 λόγον,
1712 4003 1856 4056 οὓτω
1893 4007 1986 4056 καὶ

402 4094 516 4155 τοῖς
566 4092 811 4160 λογικοῖς
857 4093 918 4146 τὸ
963 4096 1062 4165 σὺν
1105 4094 1268 4164 λόγῳ.
1305 4094 1458 4162 Ἔχει
1496 4097 1552 4148 δὲ
1595 4096 1748 4148 τουτὶ
1784 4098 1984 4165 τούμὸν

406 4186 543 4239 πολὺ
570 4167 670 4240 ’καὶ
707 4186 897 4256 μεῖζον
919 4184 1021 4240 ’τοῦ
1053 4164 1178 4240 κατ’
1209 4188 1396 4239 ἐκεῖνα
1422 4202 1436 4216 ·
1474 4189 1555 4240 ὅτι
1590 4188 1890 4242 τούκείνων
1917 4189 1983 4242 ἂν

403 4280 490 4350 εἴη
521 4280 769 4348 φυσικῶς
809 4275 1073 4330 τοιούτων
1112 4276 1426 4346 ὀρέγεσθαι.
1459 4277 1494 4330 ἃ
1529 4278 1588 4329 τὸ
1617 4277 1718 4348 ζῇν
1752 4280 1981 4343 ἐκείνοις

405 4375 709 4442 συνίστησι,
740 4371 834 4424 καὶ
866 4371 1010 4422 ποιεῖ
1044 4369 1099 4420 τὸ
1123 4374 1280 4436 γένος
1314 4370 1560 4436 διαρκεῖν
1585 4370 1979 4443 ἑπιμήκιστον.

404 4464 572 4517 Τοῦτο
617 4463 673 4515 δὲ
725 4461 837 4515 καὶ·
875 4461 978 4530 τῆς
1039 4461 1318 4530 ἡμετέρας
1372 4461 1491 4511 ἐστὶ
1541 4461 1778 4528 φύσεως.
1820 4461 1891 4514 Τὸ
1933 4463 1980 4516 δ’

404 4557 670 4626 ἡμέτερον
699 4555 880 4615 αὐτοῖς
909 4552 1160 4620 οὐδαμῶς
1186 4553 1326 4610 ἐστι.
1363 4553 1438 4604 Τὸ
1482 4553 1581 4620 μὲν
1607 4555 1717 4624 γὰρ
1747 4555 1803 4606 ἐν
1835 4555 1978 4625 λόγῳ

2024 1933 2071 1991 Β

2102 601 2351 670 clioa‘bis,
2397 614 2454 658 ut
2488 607 2693 660 honore
2728 616 2780 660 te
2822 606 3078 672 alliciant",
3117 610 3419 662 secundum
3475 611 3674 668 Home~

2102 710 2249 757 rum,

2549 788 2871 857 juvenesque
2923 805 3192 858 senesque.

2103 872 2314 939 Quibus
2346 877 2602 946 equidem
2659 878 2982 946 adjecerim,
3016 889 3075 934 ut
3110 891 3160 932 te
3194 881 3450 934 formidet
3481 883 3676 944 hostis.

2101 976 2152 1021 et
2199 969 2456 1024 subditus
2485 981 2631 1025 amet
2667 989 2680 1026 :
2741 970 3050 1025 admiretur
3101 973 3334 1037 amicus,
3375 967 3680 1042 itidemque

2100 1067 2368 1126 cognatus
2408 1060 2712 1114 admiretur
2749 1078 2763 1115 :
2801 1070 2856 1115 et
2890 1076 3084 1116 omnes
3119 1063 3183 1116 ad
3217 1078 3298 1127 ea,
3337 1081 3456 1133 qua:
3503 1067 3598 1119 abs
3632 1076 3682 1120 te

2101 1156 2247 1216 gesta
2275 1147 2405 1212 sint,
2442 1135 2860 1220 obstupesr-ant.

2770 1241 3013 1298 XXXIV.

2172 1326 2410 1384 Omnino
2452 1331 2684 1388 sublime
2716 1334 2973 1400 quiddam
3023 1351 3130 1390 non
3169 1346 3275 1402 est,
3306 1354 3405 1393 nec
3435 1341 3516 1395 vel
3560 1356 3677 1394 ma-

2106 1418 2264 1472 ximae
2298 1420 2626 1488 prudentiae,
2661 1424 2744 1478 vel
2800 1425 2998 1480 indolis
3032 1427 3188 1481 valde
3235 1445 3534 1497 generosae,
3568 1447 3674 1485 non

2102 1507 2169 1560 ad
2205 1509 2410 1576 primos
2461 1527 2688 1581 operum
2731 1523 2898 1583 atque
2933 1517 3329 1583 cogitationum
3363 1521 3444 1588 (ut
3485 1521 3558 1574 ita
3597 1523 3679 1575 di-

2102 1600 2299 1665 xerim)
2350 1601 2564 1658 amatus
2597 1613 2651 1657 et
2686 1620 2852 1660 auras
2895 1608 3182 1662 immotum
3221 1625 3343 1664 sese.
3385 1614 3628 1680 praebere
3660 1633 3672 1666 :

2100 1690 2207 1744 nisi
2238 1690 2380 1744 forte
2412 1695 2701 1761 pulchrum
2736 1713 2856 1751 esse
2885 1699 3110 1764 dixeris,
3148 1717 3274 1755 mox
3302 1704 3366 1754 ad
3405 1704 3674 1771 objectam

2101 1797 2214 1836 rem
2247 1785 2464 1839 noxiam
2490 1802 2803 1854 accurrere,
2830 1803 2991 1859 atque
3018 1793 3163 1846 illam
3189 1795 3374 1847 statim
3398 1799 3672 1865 amplecti.

2101 1872 2231 1926 Nam
2281 1890 2406 1929 cum
2450 1879 2614 1930 etiam
2654 1879 2836 1934 brutis
2873 1881 3249 1938 animantibus
3300 1903 3328 1937 a
3367 1898 3560 1940 natura
3595 1892 3673 1942 vis

2100 1967 2347 2034 quaedam
2385 1967 2456 2022 sit
2490 1969 2680 2035 indita,
2709 1986 2811 2040 qua
2839 1972 2984 2041 quod
3024 1976 3266 2042 expedit.
3300 1993 3328 2030 a
3389 1979 3553 2031 noxio
3592 1983 3676 2034 di-

2101 2070 2366 2115 scernunt
2400 2079 2412 2114 :
2443 2064 2534 2132 qui
2557 2081 2664 2118 non
2699 2053 2980 2134 indignum
3009 2071 3164 2123 valde
3185 2072 3278 2134 sit,
3310 2087 3414 2125 non
3445 2073 3676 2142 ignomi-

2100 2152 2205 2205 nim
2231 2153 2476 2221 plenum,
2507 2157 2552 2208 si
2594 2173 2715 2221 nos,
2748 2159 2838 2225 qui
2866 2160 2967 2213 soli
3000 2161 3212 2216 ratione
3253 2177 3444 2218 sumus
3473 2169 3672 2228 ornati,

2098 2259 2166 2297 ne
2194 2261 2352 2313 pares
2389 2248 2612 2315 quidem
2659 2251 2739 2304 eis
2775 2251 2972 2314 simus,
3008 2253 3101 2307 sed
3154 2253 3290 2322 ipsis
3325 2256 3545 2324 quidem
3582 2273 3677 2310 na-

2099 2345 2219 2390 tura
2253 2337 2511 2400 snliiciat,
2562 2342 2613 2394 in
2648 2344 2807 2398 nobis
2856 2353 3036 2400 autem
3085 2348 3314 2404 rationis
3347 2366 3565 2422 quoque
3595 2352 3676 2408 fa-

2096 2428 2273 2484 cultas
2305 2433 2660 2501 elanguescat
2689 2442 2703 2452 '

2768 2527 2985 2584 XXXV.

2165 2613 2461 2684 Accipiter,
2486 2633 2683 2685 equus.
2716 2623 2885 2690 piscis
2907 2627 3207 2680 secundum
3236 2629 3528 2695 rationem,
3563 2647 3670 2686 non

2095 2719 2215 2757 cum
2273 2707 2504 2774 ratione,
2542 2709 2724 2766 facere
2769 2713 2870 2767 sibi
2919 2718 3292 2773 conducibilia
3345 2722 3673 2777 naturaliter

2096 2796 2297 2850 solent.
2328 2797 2497 2854 Multo
2542 2804 2716 2873 magis
2752 2820 2853 2859 nos
2888 2804 3068 2861 facere
3106 2809 3306 2864 rationi
3338 2823 3668 2868 cosentanea

2091 2905 2212 2943 cum
2238 2893 2447 2946 ratione
2470 2894 2752 2960 debemus,
2776 2915 2804 2952 a
2835 2900 3035 2967 quibus
3059 2901 3171 2970 ipsa
3201 2912 3392 2957 natura
3415 2908 3669 2973 postulat,

2091 2993 2148 3035 ut
2179 2997 2208 3034 a
2243 2985 2408 3037 noxio
2449 2986 2720 3055 principio
2756 2991 2920 3043 veluti
2953 2993 3288 3050 resiliamus.
3322 2996 3412 3050 Illa
3445 2999 3667 3066 quidem

2088 3074 2407 3139 reprehendi
2436 3078 2584 3132 nullo
2611 3078 2738 3147 jure
2761 3093 3016 3150 possunt,
3045 3099 3168 3138 cum
3202 3085 3297 3139 irae
3339 3088 3666 3160 libidinique

2087 3161 2347 3226 serviunt,
2378 3181 2481 3218 non
2517 3168 2659 3221 enim
2685 3171 2919 3225 anima’m
2960 3174 3166 3227 ratione
3195 3179 3470 3244 praeditam
3502 3180 3672 3235 l'aclo-

2093 3263 2208 3303 rum
2263 3253 2456 3307 ducem
2486 3255 2705 3311 habent.
2741 3262 2810 3314 At
2841 3277 2941 3316 nos
2971 3263 3060 3331 qui
3099 3266 3311 3320 ratione
3341 3283 3536 3324 sumus
3569 3289 3662 3324 or-

2096 3345 2231 3408 nati,
2284 3355 2522 3400 mentem
2574 3350 2853 3418 przeiicere
2906 3357 3326 3411 moderatricem
3378 3361 3667 3418 ali'ectibus

2093 3433 2242 3490 hisce
2275 3437 2452 3504 brutis
2480 3451 2699 3509 opertet
2730 3462 2743 3498 :
2779 3454 2836 3498 ut
2869 3447 2948 3500 vis
3004 3450 3233 3504 rationis
3270 3450 3454 3504 eliicax
3488 3455 3583 3519 sit,
3615 3468 3668 3510 et

2092 3525 2250 3583 donis
2277 3529 2410 3584 illud
2447 3531 2722 3588 incolume
2745 3536 2919 3592 soliis
2949 3549 3189 3603 maneat,
3221 3557 3329 3608 quo
3355 3544 3567 3597 caneris
3599 3549 3666 3599 ab

2091 3621 2459 3677 animantibus
2477 3625 2890 3695 distinguimur.
2911 3628 3180 3684 Nimirum
3200 3645 3505 3702 praestaret,
3527 3637 3665 3691 hanc

2090 3715 2320 3779 gratiam
2370 3732 2472 3772 nos
2516 3733 2545 3770 a
2597 3719 2706 3775 Deo
2753 3738 3008 3791 prorsum
3048 3741 3158 3779 non
3196 3728 3470 3795 accepisse
3501 3747 3663 3799 quam

2089 3812 2371 3871 acceptam
2414 3810 2554 3863 male
2588 3813 2877 3868 collocare.

2750 3904 2992 3960 XXXVI.
3045 3951 3050 3955 .

2161 3985 2277 4042 Non
2305 3991 2465 4044 aliter
2514 4003 2673 4060 atque
2715 3996 2906 4058 brutis.
2943 4000 3087 4067 quod
3132 4005 3435 4059 secundum
3492 4010 3658 4062 ratio-

2088 4093 2235 4144 nem,
2260 4083 2334 4135 ita
2356 4084 2564 4138 ratione
2588 4088 2846 4153 przeditis,
2870 4093 3010 4157 quo-.l
3039 4107 3161 4145 eum
3190 4097 3416 4150 ratione.
3460 4097 3654 4154 Verum

2088 4169 2139 4222 in
2176 4186 2260 4224 me
2289 4175 2430 4237 quod
2464 4184 2568 4238 est,
2599 4178 2770 4232 multo
2805 4183 2978 4248 majus
3009 4195 3089 4236 est
3120 4202 3204 4248 eo,
3237 4194 3377 4254 quod
3413 4191 3465 4242 in
3502 4191 3657 4259 ipsis.

2082 4261 2217 4316 Nam
2261 4265 2313 4318 in
2351 4269 2430 4321 eis
2454 4278 2535 4322 est
2569 4272 2831 4326 naturalis
2857 4275 3122 4339 ejusmodi
3149 4294 3329 4331 rerum
3360 4285 3652 4348 appetitus,

2082 4369 2204 4423 qua:
2235 4373 2321 4410 res
2358 4374 2546 4412 eorum
2581 4362 2702 4416 vitae
2743 4367 2996 4432 prmeidio
3035 4379 3184 4433 sunt,
3223 4381 3274 4424 et
3304 4374 3562 4438 elliciunt,
3597 4387 3653 4430 ut

2082 4462 2250 4514 genus
2282 4450 2458 4517 ipsum
2511 4470 2672 4521 quam
2726 4456 3034 4512 diutissime
3082 4462 3258 4515 duret.
3300 4462 3415 4517 Hoc
3469 4477 3650 4520 autem

2081 4550 2268 4595 nostra
2306 4558 2526 4612 quoque
2557 4556 2750 4601 natura
2797 4567 3086 4605 commune
3121 4571 3244 4607 cum
3285 4558 3418 4625 ipsis
3477 4560 3656 4624 habet,

406 4619 499 4698 καὶ
533 4619 673 4698 κατὰ
700 4644 892 4711 λόγον’
925 4643 986 4695 τὸ
1022 4619 1079 4694 δὲ
1113 4643 1259 4695 κατὰ
1300 4643 1460 4710 λόγον
1495 4645 1594 4697 οὐκ
1731 4619 1974 4717 ἀνάγκης

2092 4649 2208 4688 cum
2241 4637 2307 4689 ab
2337 4652 2422 4701 eo,
2465 4640 2611 4706 quod
2643 4652 2889 4710 nostrum
2917 4655 3020 4710 est,
3052 4646 3139 4700 illa
3170 4650 3325 4716 plane
3359 4651 3659 4706 destituan-

405 4738 461 4786 ὲν
517 4734 682 4802 λόγῳ.
706 4733 781 4787 Οὐ
832 4733 942 4802 γὰρ
992 4733 1379 4800 ἀντιστρέφειν
1438 4734 1690 4806 ἀνάγκη·
1731 4737 1866 4798 ὅλως
1921 4739 1980 4790 δὲ

403 4823 558 4877 τουτὶ
607 4822 666 4874 τὸ
702 4822 874 4890 διίρον
924 4821 1102 4890 ψυχῆς
1137 4820 1409 4873 ἀθανάτου
1462 4823 1629 4892 μόνης
1654 4840 1668 4855 ν
1707 4827 1886 4877 ἐκεῖνο
1921 4825 1977 4878 δὲ

406 4917 497 4967 καὶ
526 4913 741 4982 φύσεως
776 4910 1126 4980 ἀναισθήτου.
1157 4912 1360 4982 Πολλῆς
1390 4912 1482 4965 οὖν
1516 4915 1685 4983 γέμον
1716 4918 1978 4989 αἰσχύνης

403 5023 464 5058 τε
502 5006 595 5057 καὶ
643 5004 848 5073 ζημίας
884 5003 1016 5070 μηδὲ
1061 5003 1202 5054 κατὰ
1226 5002 1384 5070 λόγον
1424 5002 1546 5072 ζῇν,
1575 5003 1667 5067 οὓς
1704 5007 1880 5074 χρεὼν
1922 5009 1980 5060 ἐν

404 5099 550 5167 λόγῳ
578 5098 740 5166 ζῆσαι
769 5115 781 5124 ν
821 5096 921 5148 οὐκ
952 5095 1259 5156 ἀπεικότως
1307 5095 1348 5145 δ’
1381 5095 1446 5146 ἂν
1479 5097 1690 5162 γένοιτο
1723 5101 1836 5161 τοῖς
1878 5100 1980 5170 ζῇν

403 5191 547 5244 κατᾶ
608 5190 676 5241 τὰ
730 5188 902 5254 ἄλογα
959 5186 1416 5254 προαιρουμένοις
1471 5187 1579 5238 τῶν
1634 5188 1870 5255 λογικῶν
1919 5193 1980 5242 τὸ

409 5283 532 5352 μηδ’
566 5283 648 5342 εἰς
687 5283 801 5334 ῐσον
835 5280 1065 5339 ἐκείνοις
1100 5279 1381 5346 ἔρχεσθαι.
1418 5279 1629 5348 ’Ύψους
1664 5282 1772 5350 γὰρ
1803 5284 1978 5351 ἀποῤ-

409 5372 678 5443 ραγέντας
727 5371 874 5440 ἡμᾶς
935 5369 1180 5429 ἑκόντας,
1217 5367 1360 5435 λέγω
1408 5369 1470 5439 δὴ
1506 5370 1600 5422 τοῦ
1648 5373 1785 5439 μετὰ
1817 5373 1978 5442 λόγου

408 5465 616 5532 βιῶναι,
653 5463 753 5515 οὐκ
787 5461 1014 5521 ἀπεικὸς
1069 5460 1460 5529 παραδραμεῖν
1489 5464 1978 5532 καταφερομένους

407 5559 475 5608 τὰ
502 5556 641 5609 κατὰ
677 5551 858 5624 χώραν
890 5552 1120 5620 μένοντα
1150 5551 1258 5602 τῶν
1290 5550 1527 5617 ἀλόγων,
1570 5554 1664 5604 καὶ
1694 5555 1792 5620 τὴν
1824 5555 1976 5620 τάξιν

411 5648 654 5711 σώζοντα
688 5646 786 5716 τὴν
840 5644 1076 5714 ὲξαρχῆς
1125 5644 1311 5704 αὐτοῖς
1344 5643 1659 5714 δεδομένην,
1692 5649 1786 5697 καὶ
1833 5649 1977 5701 κατὰ

408 5740 568 5803 λόγον
606 5739 846 5810 βιοῦντα.

2089 4734 2194 4778 tur.
2227 4725 2384 4791 Quod
2438 4730 2581 4782 enim
2645 4731 2699 4784 in
2755 4732 2987 4800 ratione,
3049 4735 3188 4789 idem
3251 4746 3304 4790 et
3354 4744 3653 4796 secundum

2088 4820 2395 4876 rationem:
2431 4825 2574 4892 quod
2614 4838 2794 4881 autem
2846 4831 3144 4884 secundum
3206 4834 3494 4898 rationem,
3547 4853 3655 4894 non

2087 4909 2247 4962 etiam
2273 4914 2581 4968 necessario
2598 4918 2650 4968 in
2671 4918 2881 4972 ratione
2905 4937 2918 4985 ;
2945 4923 3145 4989 quippe
3171 4940 3276 4978 non
3306 4937 3388 4980 est
3413 4943 3655 4994 necesse,

2089 5018 2317 5070 prorsus
2343 5015 2400 5059 ut
2434 5007 2536 5062 ista
2568 5024 2666 5062 ceu
2701 5013 2850 5078 paria
2913 5015 3014 5066 sibi
3052 5019 3443 5083 respondeant.
3478 5027 3654 5091 Atque

2089 5096 2189 5148 hoc
2222 5112 2354 5151 sane
2406 5099 2605 5152 dontim
2658 5104 2935 5170 peculiare
2971 5107 3142 5161 solius
3209 5120 3292 5163 est
3330 5111 3658 5168 inunortalis

2088 5189 2320 5243 animm:
2359 5191 2488 5245 illud
2538 5202 2714 5247 autem
2782 5197 2833 5248 in
2891 5208 3136 5253 naturam
3193 5218 3412 5272 quoque
3460 5222 3656 5258 sensus

2086 5293 2360 5347 expertem
2413 5284 2576 5337 cadit.
2623 5285 2803 5354 Itaque
2861 5290 3016 5356 plena
3068 5307 3152 5345 res
3199 5306 3278 5346 est
3324 5295 3553 5362 insignis
3602 5305 3656 5347 et

2089 5375 2441 5439 turpitudinis
2493 5387 2547 5430 et
2603 5394 2775 5444 noxm,
2833 5396 2898 5434 ne
2938 5384 3154 5449 quidem
3206 5403 3300 5439 eos
3348 5389 3651 5439 secundum

2089 5465 2348 5516 rationem
2386 5469 2586 5531 vivere,
2620 5470 2817 5536 quibus
2856 5470 2909 5524 in
2940 5488 3037 5526 usu
3086 5475 3312 5527 rationis
3361 5477 3650 5527 vivendum

2085 5566 2224 5610 erat.
2245 5557 2501 5626 Adeoque
2527 5577 2630 5612 non
2660 5561 2756 5614 abs
2788 5578 2843 5613 re
2869 5565 3151 5631 contigeri:
3181 5565 3390 5616 ratione
3417 5563 3654 5628 prteditis

2085 5651 2177 5717 qui
2208 5651 2483 5704 brutorum
2523 5668 2674 5705 more
2714 5654 2893 5707 vivere
2923 5657 3146 5718 malunt,
3180 5655 3354 5707 brutis
3387 5670 3452 5706 ne
3499 5669 3654 5721 pares
3719 5644 3730 5653 ’

2086 5741 2305 5808 quidem
2343 5743 2673 5796 habeantur.
2706 5740 2839 5796 Nam
2866 5755 3058 5810 spoate
3086 5753 3272 5796 nostra
3309 5759 3406 5796 nos
3446 5749 3507 5798 de
3538 5755 3654 5800 cnl-

411 5835 555 5890 miue
589 5834 808 5889 sublimi
841 5830 1104 5900 deiectos,
1137 5832 1281 5902 quod
1339 5831 1548 5888 scilicet
1585 5840 1670 5888 est
1720 5847 1842 5887 cum
1883 5834 2091 5889 ratione
2140 5836 2342 5900 virere,
2404 5837 2566 5892 facile
2636 5836 2890 5891 dabimus
2956 5838 3232 5906 praeterire
3290 5852 3476 5904 cursu,
3523 5841 3649 5895 dum

1405 6079 1430 6088 η
