4166 6270
463 421 565 485 345

1420 390 1831 467 ΡῐιιιεαειῖΤΑ
1869 395 2395 462 EDUCATIONIS
2430 392 2704 454 REGIIE.

3581 372 3690 439 3w

459 540 595 601 ξεων
626 528 845 601 ἔχεσθαι
886 525 1184 597 παραινοῦν
1204 538 1218 552 ⁸
1249 522 1342 576 καὶ
1364 525 1431 592 τῇ
1460 521 1560 590 μὲν
1596 519 1703 585 τῶν
1733 518 1796 570 οὐ
1846 514 2026 587 καλῶν

2156 512 2366 569 ιοιιάσιῐι
2401 524 2429 563 a
2455 508 2633 569 malis,
2656 513 2710 560 et
2732 482 3119 573 pulcherrimis
3148 495 3309 553 factis
3333 493 3697 552 insistendum

460 626 636 692 ἀποχῇ
669 620 935 690 μηδαμῶς
967 617 1144 686 αἴρειν
1188 615 1353 669 αὑτὸν
1385 613 1460 682 (τί
1492 613 1601 680 γὰρ
1650 609 1821 677 ἀργίᾳ
1854 608 2031 659 κοινὸν

459 719 555 772 καὶ
590 718 939 784 φρονήματος
963 709 1265 779 ἁφορμῇ;“ι,
1290 709 1353 776 τῇ
1386 705 1442 758 δὲ
1478 704 1676 772 μετοχῇ
1709 701 1818 756 τῶν
1857 698 2032 766 βελτί-

465 806 604 861 στων
659 808 914 861 ἄπαυστοι
962 803 1203 872 χαίρειν·
1248 800 1340 851 καὶ
1374 796 1547 864 τούτῳ
1582 792 1731 862 αὑτῷ
1780 791 2032 860 βέλτιστα

460 900 754 966 γινώσκειν
791 899 860 948 τὰ
910 893 1269 963 μετεχόμενα,
1303 889 1381 957 τῷ
1414 888 1617 957 μηδένα
1654 886 1815 953 κόρον
1851 880 2031 934 αὑτῶν

462 993 785 1060 λαμϐάνειν.
837 989 958 1039 Τῶν
987 987 1095 1055 γὰρ
1130 983 1347 1050 ἀληθῶς
1380 978 1599 1048 ἀγαθῶν
1628 978 1730 1030 οὐκ
1757 975 1836 1028 ἔνι
1870 973 2032 1042 κόρον

462 1082 592 1134 ποτὲ
621 1080 821 1134 λαϐεῖν.

1203 1252 1290 1306 Μ’.
1547 1300 1559 1313 ,

546 1353 611 1405 Ἥ
640 1351 799 1419 φύσις
830 1349 1018 1416 ὥσπερ
1070 1348 1230 1416 ὄρους
1260 1346 1427 1413 ἑαυτῇ
1461 1344 1555 1397 καὶ
1583 1344 1696 1403 τοῖς
1742 1338 2036 1407 πράγμασι

464 1420 696 1505 τ’ἐθεικε,
731 1445 824 1496 καὶ
854 1443 933 1494 δεῖ
970 1441 1061 1493 τὸν
1108 1439 1301 1508 ἄριστα
1340 1438 1441 1506 ζῇν
1472 1436 1722 1488 ἐθέλοντα
1766 1432 1863 1500 τὴν
1903 1428 2038 1482 τῶν·

468 1537 524 1589 δε
552 1536 756 1602 γνῶσιν
788 1535 981 1601 θηρᾷν,
1014 1532 1107 1583 καὶ
1137 1529 1313 1596 φιλεῖν
1355 1527 1559 1590 ταύτην
1582 1526 1683 1591 τὴν
1722 1524 1918 1592 θήραν,
1944 1521 2039 1574 καὶ

469 1630 569 1695 ζῆν
600 1628 803 1679 ἐθέλειν
849 1625 999 1685 ἐντὸς
1053 1623 1159 1676 τῶν
1193 1624 1334 1686 ὅρων
1355 1637 1370 1651 ·
1418 1620 1513 1672 καὶ
1537 1621 1598 1671 τὸ
1629 1617 1802 1677 ἄλλως
1833 1614 2039 1666 διακεῖ-

472 1720 592 1770 σθαι
630 1718 763 1783 μηδὲ
799 1716 988 1782 βιωτὸν
1013 1712 1282 1783 ἡγεῖσθαι.
1323 1711 1381 1762 Ὀ
1405 1710 1510 1777 γὰρ
1542 1708 1615 1775 μὴ
1638 1704 1793 1765 εἰδὼς
1836 1702 1893 1754 τὸ
1922 1703 2040 1754 δέον

476 1811 592 1869 πῶς
627 1811 724 1877 μὲν
755 1809 820 1860 ἂν
856 1807 1033 1859 ἐκεῖνο
1081 1806 1281 1874 φιλήσῃ
1309 1820 1321 1866 ;
1376 1800 1492 1863 πῶς
1524 1798 1566 1850 δ’
1598 1798 1664 1850 ἂν
1693 1796 1766 1865 μὴ
1804 1793 2039 1861 φιλήσας

473 1901 816 1968 ἐργάσηται;
848 1900 964 1958 πῶς
1011 1895 1055 1947 δ’
1093 1896 1157 1948 ἂν
1188 1897 1262 1960 μὴ
1295 1893 1567 1961 πράττων,
1610 1890 1688 1949 si;
1725 1886 1838 1951 ἕξιν
1870 1883 2038 1953 ἔλθῃς

477 1992 593 2050 πῶς
625 1990 669 2043 δ’
698 1989 765 2043 ἂν
801 1987 875 2039 ὢν
913 1987 1092 2039 καλῶν
1125 1983 1403 2052 ἀδαήμων,
1442 1981 1583 2033 κατᾶ
1607 1978 1667 2028 τὸ
1696 1976 1844 2038 ἔπος,
1881 1974 2043 2035 καλὸς

472 2083 677 2142 ἐκεῖνος
710 2079 905 2145 γένοιτ’
931 2077 1018 2138 ἂν,
1051 2076 1081 2144 ἥ
1112 2074 1387 2142 νομίζοιτο
1417 2076 1528 2132 τοῖς
1553 2070 1772 2133 καλοῖ;;
1804 2068 1957 2127 ἐλπὶς
1987 2065 2043 2118 δὲ

473 2170 550 2233 τίς
578 2168 917 2239 διορθώσεως
947 2167 1022 2237 τῷ
1054 2167 1187 2235 μηδὲ
1216 2165 1348 2232 γοῦν
1367 2162 1741 2229 αἰσθανομένῳ
1775 2159 1836 2211 τὺ
1868 2158 2048 2226 πλημ-

482 2263 664 2333 μελὲς,
701 2261 834 2329 μηδὲ
871 2258 1281 2327 δυσχεραίνοντι
1306 2255 1384 2325 τῷ
1420 2252 1594 2321 κακῷ,
1630 2251 1763 2321 μηδὲ
1794 2249 2045 2321 ζητοῦντι

478 2351 693 2414 πάντως
718 2350 1000 2420 διόρθωσιν
1021 2366 1037 2415 ;
1644 2348 1655 2365 '

1204 2609 1342 2664 MA’.

551 2705 732 2775 Συχνὰ
767 2705 921 2759 ποιοῦ
950 2704 1049 2773 τὴν
1079 2704 1304 2774 ἔρευναν
1336 2702 1444 2756 τῶν
1471 2700 1575 2753 ὑπὸ
1601 2697 1696 2752 σοῦ
1728 2695 2053 2766 πεπραγμέο

482 2812 608 2857 νων,
642 2796 735 2846 καὶ
771 2797 882 2855 τοῖς
920 2796 1016 2862 μὲν
1055 2795 1127 2857 ὡς
1164 2793 1364 2863 ἄριστά
1401 2808 1481 2843 σοι
1514 2787 1811 2859 πραχθεῖσι
1860 2784 2050 2838 κανόσι

483 2887 597 2956 χρῶ
623 2888 757 2955 πρὸς
790 2888 882 2939 τὸν
915 2888 1040 2955 ἑξῆς
1066 2886 1276 2939 ἅπαντα
1315 2884 1529 2953 χρόνον*
1560 2883 1627 2933 τὰ
1655 2880 1711 2933 δὲ
1744 2879 1894 2948 πρὸς,
1919 2878 2052 2947 βλά-

485 2978 586 3043 ϐην
618 2993 699 3028 σοι
721 2975 957 3043 λήξαντα
987 2974 1349 3044 φυλάττεσθαι
1379 2972 1635 3041 παραίνει
1670 2969 1872 3034 σαυτῷ.
1898 2968 2052 3021 Οὕτω

485 3087 566 3120 τοι
598 3071 693 3122 καὶ
719 3070 981 3137 ἔμπορος,
1003 3071 1097 3121 καὶ
1123 3069 1231 3129 πᾶς
1263 3067 1399 3137 πρὸς
1427 3066 1610 3133 κέρδος
1632 3061 2049 3132 ἀγωνιζόμενος.

2132 614 2293 672 atque
2312 603 2388 657 uti
2410 595 3032 671 proptcr’abstinentiam
3052 609 3082 647 a
3102 591 3263 647 rebus
3288 604 3396 643 non
3414 587 3575 642 bonis
3597 585 3704 639 mi-

2136 699 2280 750 nime
2310 696 2548 763 seipsum
2577 691 2701 759 quis
2724 688 2913 743 efferat
2942 685 3090 756 (quid
3119 683 3265 738 enim
3296 679 3522 750 ignavias
3549 691 3705 731 com-

2112 796 2298 841 ‘mune
2322 800 2447 840 cum
2491 783 2659 837 animi
2694 776 3007 845 elatione?)
3033 818 3048 841 ,
3073 775 3190 829 -sed
3226 773 3551 841 optimorum
3602 778 3707 821 usu

2135 893 2193 933 se
2219 884 2535 946 perpetuum
2563 873 2816 936 oblectet,
2848 870 3022 938 deque
3047 868 3151 921 hoc
3174 867 3294 934 ipso
3318 876 3480 932 quam
3504 859 3704 946 optima

2135 983 2255 1024 esse
2285 969 2579 1036 adgnoscat
2626 980 2714 1022 ea.
2752 975 2984 1031 quorum
3035 974 3136 1013 usu
3170 956 3392 1020 fruitur,
3431 954 3476 1007 si
3516 941 3704 1005 eorum

2137 1058 2284 1112 nulla
2311 1060 2487 1126 ipsum
2512 1056 2692 1124 capiat
2725 1055 2971 1108 satietas.
3003 1047 3138 1103 Nam
3172 1062 3296 1118 qua:
3328 1057 3524 1114 reapse
3567 1041 3709 1096 bona

2139 1162 2289 1217 sunt,
2318 1151 2383 1204 iis
2414 1147 2667 1204 exsatiari
2692 1161 2799 1200 non
2828 1144 2974 1198 licet.

2872 1231 2987 1286 XL.

2213 1333 2251 1385 A
2284 1339 2475 1382 natura
2505 1329 2641 1381 certi
2694 1326 2912 1392 quidam
2958 1322 3114 1390 quasi
3166 1319 3367 1374 limites
3422 1326 3533 1368 tum
3582 1313 3715 1379 ipsi-

2142 1430 2249 1474 met
2277 1428 2505 1481 naturte,
2549 1427 2660 1470 tum
2684 1416 2852 1469 rebus
2879 1420 3007 1469 sunt
3033 1409 3340 1471 constituti,
3368 1394 3607 1473 querum
3637 1401 3711 1466 is,
3772 1420 3782 1447 ι

2141 1514 2232 1583 qui
2263 1512 2467 1579 optime
2506 1510 2699 1564 vivere
2732 1508 2903 1576 cupit,
2942 1507 3201 1572 indagare
3236 1499 3487 1555 notitiam
3522 1495 3711 1556 debet,

2142 1618 2303 1672 atque
2339 1607 2477 1658 hanc
2528 1601 2929 1669 iudagationem
2981 1598 3243 1666 diligere;
3278 1593 3417 1647 velle
3479 1591 3717 1659 denique

2142 1698 2283 1750 intra
2315 1696 2512 1748 limites
2564 1694 2710 1761 ipsos
2741 1691 3023 1745 continere
3062 1702 3206 1752 sese,
3256 1699 3355 1739 nec
3390 1683 3549 1736 aliter
3582 1678 3716 1734 οσο-

2145 1798 2234 1842 cto
2293 1785 2582 1838 vivendum
2638 1782 2917 1836 arbitrari.
2972 1778 3106 1832 Nam
3172 1777 3264 1846 qui
3321 1777 3516 1835 nescit,
3585 1771 3715 1840 quid

2145 1895 2357 1947 aequum
2391 1885 2708 1944 rectumque
2764 1874 2857 1934 sit,
2899 1886 3135 1940 quonam
3171 1871 3224 1925 id
3276 1877 3432 1937 pacto
3489 1864 3720 1935 diliget?

2147 1986 2321 2038 quove
2352 1976 2532 2038 pacto,
2591 1968 2634 2021 si
2666 1981 2770 2019 non
2805 1965 3016 2032 diligat,
3052 1961 3371 2030 praestabit?
3418 1961 3716 2026 quomodo,

2147 2061 2192 2116 si
2232 2077 2336 2114 non
2392 2068 2638 2130 praestet,
2674 2056 2740 2111 ad
2790 2055 3035 2121 habitum
3093 2052 3410 2123 perveniet?
3440 2052 3718 2120 quomodo

2147 2154 2418 2208 hortorum
2472 2153 2720 2221 ignarus,
2758 2158 2818 2203 ut
2880 2149 2933 2202 in
2983 2146 3224 2202 carmine
3288 2145 3489 2199 dicitur
3542 2144 3722 2195 bonus

2147 2245 2358 2308 evadet,
2389 2254 2487 2297 aut
2517 2244 2693 2295 bonus
2726 2257 2756 2295 a
2798 2241 2957 2294 bonis
2989 2237 3393 2293 existimabitur
3417 2236 3442 2288 τ
3472 2246 3721 2303 quamam

2148 2353 2273 2405 spes
2300 2335 2699 2391 emendationis
2747 2333 2816 2387 de
2843 2347 2933 2397 eo,
2964 2331 3056 2400 qui
3100 2329 3286 2385 delicti
3345 2342 3511 2382 sensu
3546 2331 3721 2388 caret,

2151 2443 2253 2484 nec
2282 2427 2514 2482 moleste
2566 2425 2675 2480 fert
2704 2423 2931 2488 Iualum,
2964 2436 3066 2477 nec
3117 2418 3558 2476 emendationem
3613 2415 3726 2470 ullo

2152 2518 2314 2574 modo
2342 2516 2559 2588 quaerit.

2854 2602 2990 2659 XLI.

2223 2701 2301 2755 Ne
2328 2699 2548 2754 desinas
2568 2697 2881 2765 frequenter
2897 2694 3239 2757 examinare,
3256 2704 3379 2761 quae
3394 2691 3492 2743 abs
3512 2697 3564 2743 te
3584 2688 3728 2743 facta

2153 2802 2298 2858 sunt,
2318 2807 2380 2844 ac
2398 2790 2701 2844 rectissime
2719 2788 2939 2856 quidem
2996 2787 3185 2853 gestis,
3211 2784 3374 2839 veluti
3401 2783 3608 2836 normis
3627 2780 3730 2834 uti-

2155 2898 2239 2941 tor
2260 2884 2326 2938 ad
2353 2882 2598 2937 omnium
2622 2880 2886 2949 deinceps
2928 2879 3094 2931 vitam
3130 2897 3145 2930 :
3170 2890 3291 2945 quae
3310 2889 3442 2928 vero
3497 2875 3725 2927 noxium

2155 2978 2317 3032 linem
2338 2975 2673 3035 habuerunt,
2693 2971 2762 3024 ab
2781 2970 2847 3024 iis
2864 2977 2924 3024 ut
2940 2969 3284 3035 caveas,ipse
3304 2966 3399 3019 tibi
3416 2964 3721 3032 praecipito.

2157 3065 2248 3120 Sic
2281 3063 2539 3118 nimirum
2571 3070 2625 3114 et
2646 3065 2919 3113 mercator
2945 3056 3196 3111 factitare
3218 3055 3381 3112 solet.
3412 3063 3468 3108 et
3492 3053 3732 3123 quicun-

488 3160 715 3224 Λογίζου
752 3161 814 3226 δὴ
846 3160 942 3228 τὴν
969 3157 1290 3227 καθημέραν
1321 3156 1524 3225 ζημίαν
1553 3172 1611 3209 τε
1647 3155 1831 3208 καὶτὰ
1864 3153 2047 3222 κέρδη¹

2160 3172 2267 3226 que
2295 3156 2455 3225 lucro
2476 3153 2636 3222 potiri
2662 3151 2875 3205 nititur.
2902 3147 3161 3214 Quotidie
3194 3148 3456 3201 damnum
3501 3145 3728 3213 pariter,

487 3255 587 3309 κᾶν
618 3255 869 3320 εὐτυχῇς,
899 3251 1188 3320 εὐφραίνου
1211 3266 1224 3279 ·
1256 3251 1390 3319 πρὸς
1413 3249 1440 3302 ὃ
1466 3249 1510 3301 δ’
1534 3249 1863 3316 ἀντέκρουσε
1892 3245 2056 3314 τύχη,

486 3346 645 3399 τοῦτο
676 3345 750 3404 δεῖ
786 3340 960 3410 πειρῶ
1029 3340 1391 3410 διορθοῦσθαι.
1435 3341 1541 3392 Καὶ
1568 3338 1664 3406 τὴν
1704 3338 1803 3405 μὲν
1855 3336 2057 3404 ἀρετὴν

488 3437 676 3507 χρῆμα
710 3436 1004 3503 θειότερον,
1026 3433 1123 3502 τὴν
1143 3432 1199 3484 δὲ
1224 3431 1419 3483 κακίαν
1454 3429 1584 3482 αὐτὸ
1614 3445 1677 3495 γε
1697 3427 1857 3480 τοῦτο
1888 3425 2057 3479 κακὸν

489 3526 623 3592 ἡγοῦ
646 3544 658 3556 ο
692 3525 758 3576 ἵν’
786 3527 841 3574 ἐν
871 3525 1063 3590 κήποις
1092 3522 1188 3589 μὲν
1213 3519 1429 3587 ἐκείνης
1460 3518 1748 3587 χορεύσῃς,
1792 3516 1852 3567 τὸ
1877 3516 1932 3566 δὲ
1959 3514 2058 3582 τῆς

494 3615 685 3681 ὶοιπῆς
719 3613 1027 3683 ἁπορῤίῲῃς
1058 3612 1294 3672 δυσῶδες
1318 3628 1331 3640 ·
1375 3611 1469 3662 καὶ
1501 3611 1654 3677 τήνδε
1718 3609 1816 3677 μὲν
1856 3608 2056 3676 φύγῃς.

494 3705 707 3769 ἐκείνην
743 3704 795 3753 δὲ
832 3702 1094 3763 συντόνως
1128 3700 1344 3770 διώξῃς.
1390 3700 1596 3753 Ἐθέλει
1632 3701 1739 3767 γάρ
1766 3716 1847 3759 τις
1881 3699 2059 3767 μένειν

495 3796 551 3845 ἐν
584 3788 626 3860 ᾧ
656 3793 946 3861 θαυμάζει,
981 3796 1072 3844 καὶ
1107 3793 1453 3861 μεταϐαίνειν
1489 3790 1547 3854 ἐξ
1568 3790 1626 3842 οὗ
1659 3789 1896 3851 κακίζει.

1213 3963 1349 4020 MB’.

561 4058 729 4114 Ψιλὸν
764 4061 865 4127 τῆς
885 4060 1034 4121 θείας
1068 4057 1197 4112 ὄντα
1228 4056 1528 4126 δυνάμεως,
1575 4056 1805 4124 μάταιον
1837 4063 2063 4121 περιπε-

495 4155 737 4223 φράχθαι
762 4152 985 4219 σιδήρῳ,
1015 4150 1272 4220 περιττὸν
1302 4149 1360 4201 τὸ
1384 4149 1704 4217 ἀγρυπνεῖν,
1737 4144 1795 4198 τὺ
1816 4144 2059 4214 φροντίσι

491 4247 774 4317 τήκεσθαι.
816 4247 916 4299 Ἂν
942 4245 1136 4314 ἔρημοι
1167 4243 1371 4311 ταύτης
1397 4235 1565 4308 ὦμεν,
1591 4237 1743 4291 κενὸν
1775 4240 1799 4290 ὁ
1829 4224 2057 4304 δορυφό-

497 4356 607 4406 ρος,
630 4342 719 4391 καὶ
747 4339 778 4406 ἡ
804 4335 1123 4404 ἀκρόπολις,
1149 4334 1243 4385 καὶ
1269 4334 1300 4401 ἡ
1335 4331 1671 4398 πολυχειρῐα,
1702 4329 1793 4380 καὶ
1825 4327 1891 4378 τὰ
1919 4324 2059 4394 σοφὰ

497 4429 881 4498 μηχανήματα.
949 4425 1195 4493 Ἐκείνης
1242 4419 1589 4491 εὐμοιροΰντί
1648 4436 1750 4482 σοι,
1811 4417 2058 4485 φίλτατε,

2159 3259 2212 3304 et
2249 3250 2401 3304 lucra
2427 3254 2738 3314 computato
2766 3263 2779 3311 ;
2810 3246 2968 3310 sique
2998 3258 3087 3298 res
3132 3255 3396 3311 prospere
3439 3241 3729 3304 cesserint,

2155 3343 2310 3396 laetus
2329 3349 2448 3396 esto
2473 3357 2487 3394 :
2517 3341 2602 3395 sin
2637 3338 2900 3394 adversus
2928 3336 2983 3405 iu
3011 3350 3069 3390 re
3097 3335 3355 3403 quapiam
3395 3347 3561 3388 casus
3584 3330 3735 3385 acci-

2153 3433 2315 3495 derit,
2349 3431 2397 3485 ei
2422 3430 2622 3483 mederi
2648 3429 2828 3481 stude.
2856 3425 3125 3480 Virtutem
3151 3438 3248 3492 pro
3270 3438 3327 3477 re
3347 3419 3736 3483 diviniore,vi-

2158 3526 2291 3579 tium
2321 3538 2419 3591 pro
2448 3537 2535 3585 eo,
2563 3520 2708 3589 quod
2734 3526 2841 3580 est,
2877 3518 3077 3571 malum
3113 3515 3347 3578 scilicet,
3388 3513 3590 3567 habeto
3621 3528 3636 3566 :
3672 3520 3732 3566 ut

2157 3616 2212 3670 in
2243 3616 2390 3668 illius
2418 3613 2640 3681 quidem
2668 3609 2845 3663 hortis
2873 3607 3029 3676 quasi
3060 3604 3348 3673 tripudies,
3383 3602 3549 3667 huius
3591 3615 3724 3655 vero
3767 3624 3789 3646 ο

2160 3705 2410 3758 faetorem
2446 3704 2664 3769 rejicias
2699 3719 2711 3752 :
2744 3700 2883 3750 hanc
2910 3700 3105 3765 fugias,
3140 3695 3284 3746 illam
3334 3692 3495 3746 enixe
3543 3705 3730 3759 perse-

2157 3793 2362 3861 qllaris.
2390 3792 2519 3844 Nam
2547 3793 2595 3843 ei
2620 3791 2852 3858 quisque
2870 3788 3080 3843 diutius
3101 3787 3366 3840 inhaerere
3392 3785 3565 3851 cupit,
3587 3784 3732 3849 quod

2158 3886 2462 3939 admiratur
2490 3902 2503 3949 ;
2528 3893 2581 3935 et
2613 3883 2680 3936 ab
2706 3897 2770 3935 eo
2804 3888 3049 3934 remotus
3076 3893 3220 3943 esse,
3247 3876 3390 3945 quod
3436 3875 3733 3942 improbat.

2873 3968 3040 4023 XLII.

2233 4066 2395 4119 lnane
2419 4063 2676 4131 quildam
2699 4070 2801 4125 est,
2830 4061 2978 4130 quia
3008 4067 3268 4129 potestate
3294 4058 3478 4113 divina
3530 4059 3602 4112 sit
3642 4055 3739 4109 dc-
3784 4040 3799 4061 ¹

2180 4157 2429 4217 stitutus,
2458 4154 2605 4210 ferro
2639 4152 2905 4206 munitum
2949 4165 3107 4215 esse;
3136 4165 3553 4219 supervacuum,
3573 4162 3743 4202 excu-

2162 4246 2281 4301 bias
2303 4261 2484 4316 agere,
2515 4244 2663 4298 curis
2694 4242 2995 4297 tabescere.
3016 4241 3097 4293 Ab
3125 4241 3225 4293 hac
3256 4240 3300 4293 si
3332 4240 3736 4300 desideramur,

2165 4355 2302 4391 vana
2337 4337 2417 4390 vis
2447 4334 2769 4396 satellitum,
2817 4331 3049 4396 arcium,
3106 4344 3427 4399 magnarum
3461 4328 3740 4396 copiarum

2158 4429 2590 4496 callidarumque
2632 4425 2998 4478 molitionum.
3061 4418 3191 4487 Ejus
3244 4420 3290 4474 si
3322 4421 3598 4489 particeps
3641 4417 3741 4482 sis,

496 4520 587 4569 καὶ
610 4521 676 4569 τὰ
705 4518 1021 4587 δυσχερείας
1052 4515 1225 4584 μεστὰ
1251 4513 1466 4582 εὐμαρῆ
1516 4512 1610 4564 καὶ
1639 4510 1759 4564 λεῖα
1791 4510 2039 4578 φανεῖται

2170 4520 2499 4577 charissime
2533 4505 2820 4582 Iili,'etiam
2853 4516 3010 4584 plena
3034 4513 3372 4567 difficultatis
3404 4509 3746 4579 apparebunt

499 4606 609 4674 Τῆς
646 4610 916 4675 ἀηττήτου
966 4607 1021 4657 δὲ
1073 4603 1245 4674 ῥοπῆς
1298 4603 1557 4672 ἐπιτυχὴς
1600 4601 1665 4653 ἂν
1710 4600 1913 4668 γένοιο,
1960 4599 2058 4659 τὰς

497 4702 834 4769 ἐγχειρήσειε
867 4697 970 4750 ἀπὸ
994 4696 1215 4749 δικαίων
1237 4696 1580 4763 ποιούμενος,
1612 4694 1708 4747 καὶ
1752 4692 1932 4760 λήγων
1980 4690 2057 4751 εἰς

500 4792 901 4860 φιλάνθρωπον,
937 4792 1029 4841 καὶ
1060 4788 1161 4856 προ
1216 4788 1307 4840 τοῦ
1345 4787 1473 4839 ἰδίου
1507 4785 1672 4838 καλοῦ
1708 4786 1786 4846 εἰς
1816 4784 1876 4835 τὸ
1902 4782 2057 4849 κοινῇ

504 4886 745 4935 συνοῖσον
787 4881 960 4950 ὁρῶν·
1009 4880 1103 4932 καὶ⁹
1138 4880 1269 4932 Θεδιθ
1321 4878 1677 4949 μιμούμενος,
1732 4879 1828 4931 καὶ
1866 4874 2061 4926 σαυτὸν

501 4974 610 5035 τοῖς
642 4970 865 5024 σεαυτοῦ
899 4970 1123 5039 μίμημα
1153 4966 1327 5038 ταύτῃ
1358 4966 1635 5036 παρέχων.

1236 5167 1363 5221 Ml".

573 5266 775 5336 Ὕδραν
799 5265 1039 5334 τέμνεις,
1065 5263 1350 5330 παροιμία,
1383 5260 1443 5312 τδ
1480 5258 1772 5326 ἀνέφικτον
1801 5256 2061 5327 δηλοῦσα.

498 5360 610 5413 Καὶ
641 5360 669 5410 ὀ
703 5357 763 5410 τὸ
793 5358 923 5409 ἴδιον
950 5356 1175 5423 Θέμενος
1209 5353 1313 5422 πρὸ
1346 5352 1452 5404 τῶν
1489 5351 1640 5419 κοινῇ
1673 5350 2061 5417 συμφερόντων

502 5453 635 5520 πρὸξ
668 5449 855 5502 ἑαυτὸν
888 5448 1172 5514 ἐφέλκεται
1196 5447 1420 5514 ταυτηνὶ
1453 5445 1551 5511 τὴν
1584 5442 1787 5495 εἰκόνα.
1834 5441 1921 5493 Ἐν
1955 5442 2063 5510 γὰρ

504 5543 576 5612 τῷ
606 5542 770 5611 κοινῴ
814 5541 963 5608 καλῷ
996 5538 1090 5592 καὶ
1137 5539 1195 5589 τὸ
1230 5539 1462 5589 ἑκάστου
1500 5536 1890 5600 συνυπάγεται.
1924 5535 2064 5587 Καθ’

500 5633 600 5686 ἕνα
637 5634 821 5699 μέντοι
859 5631 1120 5699 πράττειν
1150 5624 1207 5680 εὖ
1243 5629 1341 5693 οὐκ
1370 5626 1664 5695 ἐνδέχεται,
1690 5625 1813 5677 οὔτε
1851 5625 2065 5692 ἰδιώτην

502 5722 893 5791 οὗτἪρχοντα.
929 5722 1022 5772 Δεῖ
1068 5720 1174 5787 γὰρ
1216 5719 1277 5788 δὴ
1307 5719 1406 5786 τὴν
1443 5715 1686 5784 κεφαλὴν
1724 5714 1833 5767 τῶν
1885 5714 2063 5783 μελῶν

506 5815 811 5884 φρονείξειν
844 5816 931 5867 καὶ
960 5812 1236 5883 κήδεσθατ,
1275 5812 1364 5864 καὶ
1392 5811 1489 5878 τῆ;
1515 5808 1755 5875 κεφαλῆς
1785 5807 2062 5874 ἐπιμελεῖ-

2163 4615 2257 4667 tibi
2280 4613 2453 4664 facilia
2475 4609 2638 4664 simul
2657 4618 2708 4662 et
2729 4592 2912 4674 piana.
2937 4606 3087 4660 lianc
3107 4615 3288 4658 autem
3310 4606 3564 4656 invictam
3584 4615 3744 4670 opem

2165 4704 2507 4774 impetrabis,
2543 4702 2587 4757 si
2613 4699 3001 4768 cunctajustis
3035 4696 3307 4765 impulsus
3358 4696 3541 4749 causis
3582 4706 3753 4746 occe-t
3788 4743 3801 4781 ε

2164 4799 2330 4868 peris,
2366 4811 2427 4878 ac
2459 4797 2510 4847 in
2543 4792 2945 4848 humanitatem
2974 4788 3225 4850 desieris,
3259 4786 3549 4855 potiustlue
3571 4782 3748 4852 publi-
3788 4788 3794 4796 ‘

2167 4906 2286 4944 eam
2320 4889 2385 4943 ad
2416 4888 2723 4949 utilitatem,
2759 4900 2921 4954 quam
2952 4883 3237 4953 privatam,
3272 4878 3610 4949 respexeris:
3645 4878 3747 4931 hac

2172 4966 2382 5035 ratione
2413 4992 2524 5033 tum
2560 4981 2674 5049 ipse
2698 4978 2866 5031 Deum
2888 4978 3134 5042 imitans,
3157 4986 3269 5029 tum
3293 4975 3398 5028 tuis
3422 4968 3745 5026 hominibus

2168 5078 2396 5146 teipsum
2426 5073 2747 5127 imitandum
2771 5070 3060 5125 exhibens.

2850 5161 3035 5216 XLIII.

2240 5257 2355 5313 Mos
2376 5258 2537 5327 vulgo
2558 5266 2809 5324 receptus
2837 5262 2943 5316 est,
2973 5261 3029 5308 ut
3060 5250 3287 5323 hydram
3314 5260 3562 5304 resecare
3589 5242 3741 5298 dica-

2171 5359 2280 5416 tur,
2307 5352 2399 5415 qui
2428 5366 2564 5411 rem,
2597 5364 2758 5415 quam
2788 5346 2977 5416 nequit
3007 5343 3252 5414 assequi,
3298 5341 3539 5396 molitur.
3592 5334 3742 5389 Hane

2170 5441 2459 5509 imaginem
2484 5441 2536 5494 in
2568 5453 2628 5492 se
2662 5435 2939 5501 transfert,
2968 5437 3061 5505 qui
3089 5436 3304 5504 privata
3331 5424 3618 5486 commoda
3639 5437 3742 5492 pu-

2169 5532 2327 5587 blicis
2355 5530 2633 5600 anteponit
2660 5510 2693 5594 ;⁸
2721 5543 2844 5583 nam
2883 5527 3319 5596 uniuscujusque
3376 5523 3579 5573 bonum
3630 5529 3735 5582 pu-

2169 5623 2309 5676 blico
2329 5621 2659 5677 continetur.
2685 5618 2947 5672 Scorsum
2967 5627 3116 5671 certe
3144 5628 3249 5667 nec
3274 5606 3479 5663 homini
3503 5605 3582 5672 pri
3594 5614 3736 5668 rato,

2173 5729 2270 5770 nec
2299 5712 2527 5782 principi
2556 5727 2676 5766 esse
2704 5712 2859 5764 beato
2887 5709 3033 5762 licet.
3065 5701 3401 5771 Caputenim
3435 5708 3623 5765 gerere
3641 5708 3737 5748 cu-

2172 5822 2285 5861 ram
2324 5806 2688 5861 membrorum
2719 5809 2948 5870 oportet,
2979 5813 3039 5851 ac
3076 5791 3311 5849 vicissim
3346 5787 3591 5844 membra
3635 5794 3730 5841 ea.
