4166 6270
441 343 550 406 34Ἰ

1611 340 2012 401 MANUELIS
2051 339 2498 401 PAL/EOLOGI

3581 337 3688 400 3I8

440 457 568 524 pitis
599 454 798 509 habere
818 453 1108 515 rationem,
1136 449 1181 503 si
1216 444 1423 504 Salvum
1453 465 1572 506 esse
1594 452 1752 506 debet
1784 454 2010 519 animal,

2146 456 2244 545 ’θέι
2271 457 2338 508 τά
2370 459 2525 527 μέλη,
2560 460 2607 510 εἰ
2647 459 2732 511 δεῖ
2769 460 2829 512 τὸ
2881 457 3426 525 ζῶονουνίστασθαι,
3461 457 3558 510 καὶ
3587 457 3686 525 τὴν

439 550 829 615 integrumque
858 543 1193 599 conservari.
1229 542 1359 595 Nam
1391 545 1722 606 membrum,
1754 547 1898 614 quod
1929 562 2014 598 re-

441 651 652 693 sectum
686 647 791 700 est,
833 645 1184 705 posteaquam
1221 622 1894 704 reliquorumasocie'tate
1929 651 2016 689 re-

443 731 682 791 vulsum,
715 745 964 784 seorsum
997 745 1119 782 esse
1151 729 1292 795 cepit
1325 747 1336 792 ;
1370 729 1471 781 boc
1507 729 1626 796 ipso
1678 729 1889 782 scilicet
1931 737 2017 783 est

442 834 739 874 mortuum.
804 819 948 874 Idem
979 821 1141 888 capiti
1176 835 1204 872 a
1233 821 1490 876 membris
1512 821 1782 890 dirempto
1801 823 2016 875 continé

441 926 566 979 gere
595 928 820 967 necesse
845 923 952 978 est;
981 914 1180 981 quippe
1200 928 1297 966 nec
1319 919 1482 981 caput
1517 928 1614 968 nec
1657 913 1897 968 membra
1939 914 2022 967 vi-

439 1017 566 1058 vere
587 1019 836 1059 seorsum
867 1016 1120 1074 possunt.

1134 1095 1312 1150 XLIV.

515 1207 750 1262 Omnino
773 1207 989 1262 diﬂicile
1004 1218 1090 1262 est
1107 1225 1253 1272 eum,
1275 1211 1366 1278 qui
1393 1212 1609 1278 paulum
1629 1211 1756 1278 quid
1781 1213 1906 1264 mali
1927 1213 2020 1265 de-

441 1297 702 1367 signavit,
733 1314 837 1351 non
867 1299 921 1351 in
949 1300 1151 1366 majora
1183 1301 1310 1353 vitia
1356 1301 1458 1354 labi
1498 1319 1511 1355 :
1538 1302 1684 1356 velut
1737 1319 1883 1367 eum,
1929 1304 2023 1373 qtti

441 1390 568 1443 boni
595 1388 725 1456 quid
753 1389 902 1452 fecit,
937 1407 1043 1443 non
1071 1392 1235 1444 etiam
1287 1393 1510 1446 meliore
1577 1394 1760 1460 potiri.
1811 1395 2023 1463 Quippe

444 1482 645 1536 factum
675 1483 928 1537 vitiosum
964 1499 1100 1537 noxa
1130 1484 1448 1549 conuiuatur,
1485 1501 1549 1538 ac
1573 1487 1774 1539 malum
1803 1490 2025 1554 grav-ins

446 1573 630 1627 ciIicit.
663 1572 799 1639 Ipsae
831 1589 961 1627 vero
981 1575 1255 1636 resboute,
1287 1585 1494 1628 catenae
1517 1577 1799 1645 cujusdam
1821 1579 2014 1643 instar,

449 1666 681 1720 invicem
710 1665 1006 1730 cohaerent,
1026 1665 1187 1733 cujus
1209 1666 1388 1731 aliqua
1415 1681 1542 1733 pars
1564 1668 1896 1734 apprehendi
1921 1686 2025 1722 non

449 1765 650 1827 potest.
683 1757 816 1824 quin
842 1757 1090 1825 proxima
1120 1772 1336 1824 quoque
1356 1773 1449 1824 per
1477 1773 1594 1810 eam
1629 1759 1792 1812 simul
1825 1775 2023 1828 appre-

451 1848 740 1911 hendatur,
769 1862 832 1900 ac
865 1862 960 1916 per
990 1847 1146 1900 istam
1187 1863 1377 1901 rursus
1411 1849 1513 1900 alia
1535 1867 1548 1912 ;
1573 1864 1668 1917 per
1720 1851 2023 1917 quamlibet

445 1939 683 2009 denique
728 1951 957 2008 partem,
986 1939 1310 2008 simpliciter
1337 1953 1549 1995 omnes.
1610 1947 1851 1997 Intentus
1887 1959 2020 2012 ergo

447 2029 607 2083 factis
645 2029 940 2096 praeclaris,
968 2039 1022 2082 et
1064 2029 1293 2098 gloriam
1345 2029 1697 2097 patientibus,
1745 2048 1874 2086 cave
1937 2034 2021 2088 vel

449 2116 735 2170 minimum
765 2117 892 2184 quid
917 2117 1189 2171 illaudatae
1218 2118 1292 2170 rei
1315 2121 1604 2186 peregeris.
1630 2119 1858 2174 Habitus
1882 2125 2026 2176 enim

448 2223 481 2260 a
512 2207 693 2276 parvis
717 2207 950 2275 orditur,
972 2223 1262 2276 rerumque
1283 2209 1634 2263 minimarum
1662 2213 2028 2278 accessiones,

455 2299 855 2369 nisiquoddam
883 2301 1186 2354 intercedat
1215 2301 1689 2367 impedimentum,
1737 2305 1789 2356 iu
1845 2305 2025 2359 infini-

455 2398 568 2443 tum
601 2391 1190 2459 progressahmaxima
1208 2407 1426 2460 quoque
1456 2408 1692 2462 corpora
1721 2397 2031 2451 necessario

456 2482 822 2550 superabunt.

1162 2574 1324 2630 XLV.

530 2684 675 2741 Fieri
715 2687 1008 2757 praefectus
1033 2689 1210 2758 cupis,
1238 2689 1505 2759 bonisque
1554 2693 1810 2746 maximis
1845 2693 2030 2762 potiri.

461 2763 693 2848 praecipe
723 2780 906 2833 animo
935 2789 1048 2844 tuo,
1102 2797 1169 2834 ne
1221 2782 1582 2850 cogitationes
1630 2784 1715 2836 vel
1773 2785 2030 2853 exiguum

465 2869 699 2923 fructum
727 2870 990 2925 allaturas
1021 2872 1290 2939 negligat:
1323 2873 1417 2926 sed
1451 2873 1703 2927 admittat
1726 2875 1904 2928 omnia
1933 2890 2033 2928 cu-

465 2960 612 3029 pide,
646 2963 848 3031 quibus
869 2963 1124 3016 meliores
1155 2963 1444 3020 efﬁcimur.
1467 2965 1520 3020 Si
1551 2969 1680 3034 quid
1707 2977 1890 3021 autem
1915 2969 2034 3021 ani-

464 3051 538 3105 Ini
572 3054 976 3106 contentionem
1007 3054 1088 3106 vel
1123 3069 1312 3122 parum
1346 3057 1575 3122 relaxat,
1600 3074 1663 3112 ac
1696 3074 1805 3126 quo
1853 3059 2034 3113 minus

2117 548 2444 616 ὁλοκληρίαν
2503 550 2684 620 ἐαυτῷ
2733 553 3083 621 περισώζειν.
3117 552 3191 603 Τό
3252 569 3308 603 τε
3337 551 3446 620 γὰρ
3482 549 3688 618 τμηθὲν

2117 639 2225 690 τῶν
2257 640 2457 708 μελῶν,
2514 641 2615 709 τῆς
2655 644 2965 712 κοινότητος·
2998 645 3231 704 ἐκστάν,
3267 644 3360 696 καὶ
3393 641 3518 695 καθ’
3555 643 3692 696 αὐτό

2121 728 2374 792 γεγονὸς,
2417 714 2572 798 αὑτῷ
2622 746 2684 796 γε
2723 731 2897 801 τούτῳ
2929 731 3280 800 νενέκρωται.
3313 733 3425 784 Καὶ
3478 733 3691 800 κεφαλὴ

2121 817 2229 868 τῶν
2257 818 2435 886 μελῶν
2463 823 2790 890 χωρισθεῖσα
2844 822 2988 874 τοῦτ’
3028 823 3094 876 ἂν
3133 823 3294 886 εὐθὺς
3339 822 3520 877 πάθοι.
3571 823 3692 891 Ζωὴ

2123 908 2233 980 γὰρ
2255 907 2381 962 οὔτε
2413 911 2652 982 κεφαλῇ,
2687 913 2809 966 οὔτε
2837 915 3046 982 μέλεσι,
3079 914 3263 984 χωρίς.
3635 914 3645 924 ’

2845 1097 2898 1148 Μ
2902 1099 2975 1149 Δ’.

2200 1202 2451 1256 Χαλεπὸν
2503 1207 2735 1274 σμικρόν
2774 1224 2826 1258 τι
2875 1207 3160 1270 πράξαντα
3200 1209 3310 1260 τῶν
3357 1209 3566 1271 κακῶν,
3620 1211 3698 1278 μὴ

2127 1296 2238 1356 τοῖς
2296 1295 2507 1361 μείζοσι
2541 1300 2890 1364 περιπεσεϊψ
2937 1295 3126 1366 ὥσπερ
3173 1299 3266 1352 καί
3320 1316 3373 1352 τι
3425 1300 3590 1352 καλὸν
3622 1301 3700 1370 μὴ

2133 1387 2425 1454 μετασχεῖν
2467 1385 2560 1438 τοῦ
2591 1387 2883 1455 βελτίονος.
2915 1392 3072 1459 Κακῇ
3104 1391 3210 1457 γὰρ
3246 1390 3444 1459 πράξει
3483 1391 3545 1444 τὸ
3576 1390 3705 1460 βλά-

2129 1491 2263 1526 πτον
2295 1475 2597 1540 ἀκολουθεῖ,
2629 1479 2720 1529 καὶ
2764 1479 2824 1532 τὸ
2853 1480 3025 1532 δεινὸν
3055 1481 3351 1548 ἐργάζεται
3381 1481 3701 1551 χαλεπώτε-

2133 1583 2245 1634 ρον.
2284 1567 2469 1618 Ἐοικε
2502 1565 2557 1618 δὲ
2603 1569 2670 1620 τὰ
2701 1569 2882 1642 ἀγαθᾴ
2935 1572 3099 1640 σειρᾷ
3145 1570 3390 1640 ἀλλήλων
3441 1572 3704 1640 ἐχόμενα,

2129 1651 2197 1724 ἦς
2228 1657 2326 1708 οὒκ
2364 1657 2443 1709 ἔνι
2493 1659 2692 1727 μέρους
2728 1660 3046 1728 λαῦόμενον,
3091 1660 3166 1731 μὴ
3208 1663 3275 1714 δι’
3309 1663 3518 1715 ἐκείνου
3545 1665 3704 1716 λαϐέ-

2134 1745 2252 1798 σθαι
2286 1764 2402 1809 πως
2435 1751 2527 1800 καὶ
2553 1749 2646 1802 τοῦ
2680 1751 3091 1820 πλησιάζοντος,
3129 1755 3224 1806 καὶ
3249 1754 3316 1806 δι’
3350 1755 3556 1808 ἐκείνου
3600 1758 3707 1808 πά-

2128 1839 2210 1890 λιν
2240 1841 2458 1908 έτέρου,
2493 1845 2587 1894 καὶ
2630 1845 2849 1898 πάντων
2883 1845 3074 1908 ἁπλῶς
3109 1848 3181 1899 δι’
3203 1849 3456 1900 ἑκάστου.
3500 1849 3703 1918 Προσέ-

2129 1948 2240 2000 χων
2271 1934 2453 1984 τοίνυν
2491 1936 2605 1996 τοῖς
2634 1935 2817 1998 καλοῖς
2843 1939 2940 1990 καὶ
2981 1937 3140 2001 δόξαν
3196 1941 3451 2007 φέρουσιν
3495 1938 3700 2006 ἔργοις.

2136 2023 2210 2090 μὴ
2241 2024 2542 2093 καταδέχου
2574 2026 2672 2079 καὶ
2712 2027 2773 2078 τὸ
2807 2027 3138 2095 φαυλότατον
3169 2029 3276 2081 τῶν
3316 2030 3416 2082 οὐκ
3451 2031 3704 2082 ἐπαινου-

2135 2113 2311 2182 μένων
2343 2113 2694 2183 ἐργάξεσθαι.
2722 2117 2872 2182 Ἐξις
2901 2119 3009 2188 γὰρ
3038 2121 3142 2172 ἀπὸ
3178 2120 3428 2189 σμικρῶν
3451 2122 3699 2190 ἄρχεται.

2133 2207 2227 2257 καὶ
2251 2205 2308 2257 αί
2330 2206 2438 2260 τῶν
2465 2208 2763 2278 ἐλαχίστων
2793 2212 3126 2280 προσθῆκαι,
3161 2212 3227 2280 ἢν
3261 2213 3333 2280 μὴ
3367 2212 3426 2264 τὸ
3453 2211 3708 2265 κωλῦσαν

2134 2296 2370 2358 ἐπέλθοι,
2397 2301 2475 2362 είς
2504 2301 2730 2371 ἄπειρον
2765 2304 3205 2373 ἐξενηνεγμέναι,
3236 2304 3332 2358 καὶ
3359 2304 3427 2358 τὰ
3473 2305 3713 2372 μέγιστα

2133 2387 2242 2439 τῶν
2269 2391 2537 2457 σωμάτων
2567 2393 2884 2460 ἀναγκαίως
2917 2395 3338 2466 ὑπερϐήσονται.

2852 2570 2904 2622 Μ
2915 2571 2983 2624 E'.

2211 2683 2310 2734 Ἦν
2338 2683 2612 2751 ἐπιθυμῇς
2641 2681 2997 2749 τελειότητος,
3031 2683 3123 2736 καὶ
3157 2683 3430 2752 μεγίστων
3456 2685 3516 2735 ἐν
3548 2683 3712 2752 μεθέ-

2141 2773 2220 2836 ξει
2249 2773 2428 2825 καλῶν
2453 2772 2725 2839 γενέσθαι,
2762 2775 3137 2842 παρακελεύου
3185 2777 3249 2844 τῇ
3279 2774 3445 2843 ψυχῇ,
3479 2775 3552 2844 μὴ
3583 2776 3711 2837 τοὺς

2143 2865 2312 2932 μικρὰ
2336 2864 2678 2923 συνοίσοντας
2713 2864 2987 2932 ὑπερορᾷν
3019 2865 3346 2932 λογισμούςο
3380 2863 3493 2915 ἀλλ’
3533 2864 3712 2916 ἀσπαο

2141 2955 2268 3015 σίως
2299 2953 2551 3023 δέχεσθαι
2603 2957 2733 3013 πᾶν,
2768 2949 2812 3023 ᾧ
2869 2954 3114 3023 βελτίους
3169 2955 3491 3022 γιγνόμεθα.
3538 2955 3610 3007 Τὸ
3654 2956 3711 3006 δέ

2145 3045 2319 3115 βραχὺ
2371 3047 2549 3114 ψυχῆς
2583 3046 2673 3098 τὸν
2719 3049 2872 3098 τόνον
2903 3045 3212 3115 ὑποχαλῶν,
3246 3047 3341 3098 καὶ
3370 3049 3434 3115 τῇ
3480 3046 3612 3110 πρὸς
3646 3049 3712 3096 τὰ

467 3141 535 3194 ad
561 3141 782 3196 meliora
807 3143 1167 3211 prependeat,
1195 3144 1442 3213 impedit,
1476 3147 1528 3200 id
1556 3149 1784 3201 omnino
1831 3165 1897 3202 ne
1935 3151 2036 3202 ad-

2146 3140 2374 3204 κρείττω
2415 3142 2556 3208 ροπῇ
2593 3141 3055 3208 προσιστάμενον,
3110 3137 3246 3206 μηδὲ
3287 3140 3384 3202 τὴν
3416 3138 3581 3207 ἀρχὴν
3620 3136 3706 3188 δέ·

474 3231 828 3288 mittat.Nam
863 3246 918 3288 et
970 3235 1174 3289 m’alum
1221 3245 1274 3290 et
1333 3237 1561 3300 bonum,
1613 3229 2044 3308 cogitationibus

469 3319 743 3390 illapsum,
767 3323 819 3376 in
839 3338 976 3391 opus
995 3324 1144 3379 exire
1170 3328 1453 3380 consuevit
1470 3335 1522 3380 et
1544 3329 1627 3382 via
1648 3329 1880 3396 quadam
1906 3346 2028 3394 pro-

469 3410 785 3478 grediendo,
817 3412 872 3466 in
909 3413 1154 3466 habitum
1189 3415 1443 3468 stabilem
1467 3419 1622 3482 quasi
1647 3434 2041 3473 concrescere:

472 3501 565 3569 qui
595 3517 718 3556 cum
743 3503 909 3556 animi
937 3503 1282 3560 facultatibus
1308 3508 1629 3575 augescens.
1662 3510 1766 3562 illis
1795 3511 1927 3576 ipsis
1952 3527 2047 3578 par

471 3607 593 3648 esse
614 3595 814 3656 studet,
847 3611 969 3663 quas
987 3611 1118 3650 sane
1150 3597 1378 3651 contieri
1409 3599 1613 3668 nequit,
1641 3608 1698 3652 ut
1727 3601 1907 3668 aliqua
1961 3617 2048 3652 ra-

474 3684 623 3739 tione
661 3694 967 3740 mutentur.

1161 3778 1350 3832 XLVI.

549 3886 710 3945 Recte
725 3888 914 3958 facies,
932 3906 994 3946 ac
1014 3891 1162 3945 valde
1179 3893 1394 3962 quidem
1416 3894 1778 3958 laudabiliter,
1793 3894 1834 3946 si
1855 3896 2048 3963 ιιι-ομι-

477 3981 671 4035 cundis
689 3983 911 4052 optima,
932 3999 1052 4037 cum
1075 3997 1305 4055 utraque
1323 4004 1430 4040 non
1452 3989 1594 4050 licet,
1611 3988 1826 4056 diliges.
1844 3987 1952 4040 IIuc
1978 3989 2046 4039 ab

479 4083 698 4128 oratore
715 4077 982 4141 prolatum
1004 4087 1108 4142 est,
1126 4087 1290 4147 atque
1309 4081 1383 4132 uti
1401 4080 1509 4134 Deo
1526 4089 1762 4150 gratum,
1787 4081 1858 4134 ita
1888 4082 2045 4133 bonis

481 4177 512 4216 a
535 4162 666 4217 viris
686 4163 849 4223 etiam
882 4164 1208 4222 factitatum.
1238 4169 1292 4223 Si
1315 4171 1444 4238 quid
1479 4171 1530 4223 in
1564 4172 1856 4239 perniriem
1905 4169 2046 4223 nosti

482 4247 809 4314 desiturum,
827 4252 946 4321 ejus
965 4255 1251 4310 adversnre
1271 4259 1630 4326 principium;
1657 4257 1869 4312 tametsi
1891 4259 2048 4310 blan-

480 4342 632 4406 dum,
654 4346 869 4400 tametsi
888 4348 1189 4414 jucundum
1212 4349 1302 4411 sit,
1331 4350 1544 4402 tametsi
1570 4349 1896 4416 voluptatem
1924 4349 2047 4402 infi-

483 4433 650 4487 nitam
680 4438 1024 4504 polliceatur.
1057 4439 1191 4493 Nam
1222 4441 1423 4494 malum
1469 4457 1662 4510 reapse
1709 4443 1909 4495 malum
1959 4453 2044 4496 est

485 4540 548 4577 ac
574 4525 733 4594 plane
759 4529 1004 4592 stultum,
1035 4529 1116 4583 vel
1136 4530 1581 4600 incltoare,.quod
1608 4532 1867 4602 perficere
1889 4532 2056 4596 nolis,

484 4618 568 4669 vel
597 4632 720 4673 cuin
752 4634 935 4676 escam
958 4620 1103 4676 ferro
1158 4621 1356 4678 videris
1389 4623 1622 4688 aﬂixam,
1653 4636 1876 4693 propter
1897 4640 2061 4693 appe-

490 4709 647 4762 titum
677 4711 900 4768 alterius
927 4723 1218 4783 utrumque
1245 4715 1530 4783 deglutire.
1565 4716 1718 4781 Quod
1751 4718 1797 4771 si
1850 4717 2060 4772 mentes

493 4801 677 4869 aliquo
695 4805 824 4860 vitio
845 4818 1114 4875 corruptae
1135 4823 1243 4860 non
1272 4807 1493 4871 fuerint,
1511 4809 1651 4863 baud
1675 4818 1955 4876 acceptum
1975 4825 2065 4864 es-

491 4905 551 4944 se
577 4895 774 4960 poterit
800 4897 910 4950 ullo
941 4899 1122 4962 modo,
1152 4903 1298 4968 quod
1344 4902 1409 4953 ad
1444 4911 1658 4969 tempus
1704 4903 1924 4970 quidem
1970 4901 2062 4971 jn-

495 4982 736 5038 cundum
767 4994 886 5054 est;
915 4996 970 5043 at
995 4991 1247 5045 comitem
1267 4991 1428 5047 habet
1452 4992 1692 5047 dolorem
1713 5003 2060 5062 perpetuum.

1164 5103 1373 5160 XLVII.

578 5188 861 5246 Universis
889 5203 969 5247 est
1001 5209 1289 5251 commune
1309 5184 1653 5264 mortalibus,
1683 5207 1743 5252 ut
1763 5199 1950 5255 invitis
1965 5199 2066 5253 ali-

497 5283 630 5354 quid
654 5284 900 5340 accidere
928 5287 1100 5354 possit
1119 5305 1132 5341 :
1152 5297 1208 5342 at
1227 5290 1440 5358 sponte,
1461 5307 1582 5359 quae
1604 5291 1764 5344 noxia
1793 5299 1942 5351 sunt.
1966 5292 2066 5344 ad-

502 5379 816 5441 mittere,ne
833 5377 1010 5433 brutis
1029 5379 1247 5449 quidem
1272 5383 1549 5450 proprium
1580 5399 1595 5436 :
1624 5384 1842 5451 quando
1861 5392 2072 5436 contra-

463 5541 466 5544 .
503 5469 646 5523 rium
679 5485 895 5539 quoque
927 5471 1076 5538 prius
1102 5482 1184 5526 est
1208 5473 1662 5528 demonstratum.
1685 5475 1860 5530 Semel
1882 5487 2072 5544 captus

505 5561 743 5618 esicave
767 5564 845 5617 bis
865 5564 1101 5633 rapiare,
1123 5579 1190 5618 ne
1209 5566 1423 5632 capiare
1443 5567 1660 5635 saepius,
1677 5567 2075 5622 consuetudine

508 5652 838 5722 depravatus
868 5677 882 5723 ;
909 5673 1040 5711 neve
1074 5657 1217 5712 furto
1251 5656 1527 5725 frequenti
1581 5659 1808 5714 vitiosus
1849 5659 2070 5724 evadas,

495 5755 766 5817 totusque
788 5751 1123 5820 turpitudine
1149 5751 1401 5816 relertus,
1431 5750 1495 5805 ad
1518 5751 1718 5806 bonum
1745 5751 1921 5807 redire
1943 5751 2078 5804 dilli-

2145 3229 2359 3297 χεσθαι.
2398 3232 2502 3282 Καὶ
2535 3232 2595 3282 τὸ
2625 3232 2794 3284 κακὸν
2819 3232 2950 3302 γὰρ.
2985 3232 3076 3284 καὶ
3109 3232 3165 3284 τὸ
3193 3231 3418 3297 ἀγαθὸν,
3451 3232 3568 3291 ταῖς
3596 3228 3710 3280 δια-

2146 3321 2316 3382 νοίαις
2352 3323 2743 3391 συγγινόμενον
2799 3325 2879 3385 είς
2910 3325 3071 3393 ἔργον
3103 3323 3376 3376 ἐκϐαίνειν
3408 3323 3590 3385 εἴωθε,
3622 3322 3717 3375 καὶ

2144 3411 2247 3478 ὁδῷ
2279 3410 2510 3479 βαδίζον,
2539 3414 2618 3474 είς
2652 3413 2765 3476 ἕξιν
2807 3413 3150 3481 πήγνυσθαι·
3189 3416 3221 3481 ἢ
3254 3415 3370 3474 ταῖς
3403 3416 3503 3480 τῆς
3537 3413 3720 3482 ψυχῆς

2149 3501 2518 3570 συναυξομένη
2573 3504 2858 3569 δυνάμεσι,
2893 3503 3186 3572 φιλονεικεῖ
3220 3506 3281 3556 τὸ
3315 3503 3428 3554 ἴσον
3480 3504 3723 3566 ἐκείναις
3799 3495 3802 3497 ’

2148 3593 2345 3662 ἔχοντα
2369 3595 2675 3662 φαίνεσθαι,
2708 3595 2773 3659 ἃς
2808 3595 3248 3667 μεταϐεϐλῆσθαι
3286 3597 3387 3666 οὐχ
3416 3592 3529 3648 οἷόν
3566 3613 3651 3649 τε.

2853 3777 3005 3843 tum

2224 3889 2400 3939 Καλὸν
2431 3889 2524 3940 καὶ
2553 3883 2673 3940 λίαῖο
2699 3889 2984 3942 ἐπαινετὸν
3043 3890 3162 3942 ἀντὶ
3186 3889 3292 3941 τῶν
3314 3889 3486 3959 ἡδέων
3513 3888 3578 3939 τὰ
3602 3887 3721 3954 βέλ-

2131 3997 2332 4054 ,τιστα,
2363 3981 2457 4032 ἐὰν
2490 3980 2563 4051 μὴ
2588 3981 2874 4050 ἀμφότερα
2905 3981 3019 4051 ἐξῇ,
3075 3981 3394 4051 λαμϐάνειν.
3424 3979 3578 4032 Οὕτω
3613 3994 3717 4029 που

2150 4071 2228 4140 τῷ
2261 4072 2450 4142 ῥήτορι
2508 4073 2744 4142 εἴρηται,
2774 4075 2867 4126 καὶ⁸
2891 4074 3009 4142 Θεῷ
3034 4075 3204 4141 φίλον,
3238 4075 3330 4127 καὶ
3359 4074 3466 4132 τοῖς
3497 4072 3723 4137 ἀγαθοῖς

2150 4159 2375 4228 ἀνδράσι
2407 4161 2795 4231 διεπέπρακτο.
2826 4165 2889 4215 Ὃ
2920 4163 2982 4231 δὴ
3006 4165 3296 4231 γινώσκεις
3318 4164 3473 4233 λῆεον
3497 4166 3572 4226 είς
3600 4163 3726 4215 ὄλε-

2152 4249 2300 4320 θρον,
2331 4252 2522 4304 τούτου
2571 4254 2668 4322 τὴν
2701 4255 2873 4324 ἀρχὴν
2896 4257 3263 4325 ἀποστρέφου,
3303 4257 3409 4309 κᾶν
3503 4257 3724 4326 χαρίεσ-

2153 4357 2242 4405 σα,
2280 4341 2383 4394 κᾶν
2488 4343 2715 4414 τερπνὴ,
2751 4329 2853 4398 κάν
2951 4348 3151 4417 μυρίαν
3176 4347 3369 4417 ἡδονὴν
3399 4348 3731 4415 ἐπαγγελλο-

2162 4433 2319 4503 μένη.
2356 4437 2537 4487 Δεινδν
2567 4437 2675 4503 γάρ
2698 4435 2887 4504 ὅντως,
2924 4438 3119 4501 δεινὸν,
3141 4441 3236 4492 καὶ
3258 4440 3540 4502 παντελῶς
3577 4441 3732 4508 ἀνόη-

2165 4541 2277 4600 τον,
2302 4523 2333 4593 ἢ
2365 4527 2580 4579 τελέσαι
2616 4528 2694 4597 μὴ
2721 4528 3047 4598 βουλόμενον
3079 4529 3370 4597 ἄρξασθαι,
3397 4531 3428 4599 ἢ
3455 4532 3516 4582 τὸ
3543 4531 3735 4599 δέλεαρ

2173 4616 2347 4669 ἰδόντα
2380 4620 2680 4688 περιπαρέν
2728 4618 2806 4688 τῷ
2839 4620 3063 4690 σιδήρῳ,
3109 4617 3226 4672 εἶτα
3252 4619 3341 4672 διὰ
3371 4619 3600 4688 θάτερον
3634 4638 3735 4673 κα-

2169 4713 2383 4763 ταπιεῖν
2421 4711 2724 4781 ἀμφότερα.
2755 4713 2932 4775 ’Ὀλως
2962 4714 3019 4766 δὲ
3042 4714 3136 4776 τὰς
3167 4713 3371 4784 φρένας
3400 4713 3476 4782 μὴ
3499 4712 3738 4782 βεϐλαμ-

2175 4801 2356 4868 μένοις
2387 4803 2491 4854 ὑπό
2521 4821 2612 4856 του
2643 4804 2848 4866 πάθους
2874 4806 2976 4866 οὐκ
3005 4805 3070 4858 ἂν
3101 4808 3277 4858 ἐκεῖνο
3303 4806 3516 4873 γένοιτο
3559 4805 3738 4871 φίλον,

2171 4897 2199 4948 ὃ
2222 4897 2355 4966 πρὸς
2381 4896 2530 4966 ὥραν
2568 4899 2666 4967 μὲν
2705 4899 2824 4968 ἡδὺ,
2850 4900 3093 4968 λυπηρδν
3127 4899 3182 4952 δὲ
3211 4900 3462 4952 πάντοτε.

2899 5105 2950 5156 Μ
2959 5101 3030 5157 Z'.

2251 5199 2486 5250 Ἀκοντα
2543 5200 2642 5267 μέν
2671 5214 2722 5250 τι
2770 5197 2961 5249 παθεῖν
3011 5195 3318 5265 ἀνθρώποις
3351 5197 3488 5248 πᾶσι
3524 5197 3700 5248 κοινόν
3726 5213 3742 5228 ο

2181 5289 2376 5361 γνώμῃ
2405 5289 2462 5341 δὲ
2491 5289 2807 5358 προσίεσθαι
2839 5288 2908 5340 τὰ
2939 5287 3178 5356 βλαϐερά
3208 5287 3315 5339 οὐδ’
3344 5287 3562 5354 ἀλόγοις
3589 5287 3744 5351 ἴδιον,

2181 5384 2316 5435 ὅπου
2373 5398 2435 5448 γε
2494 5382 2586 5434 καὶ
2621 5379 2933 5432 τούναντίον
2983 5378 3494 5448 προαποδὲδεικται.
3560 5378 3745 5441 Ἤλως

2183 5472 2326 5538 ἅπαξ
2355 5488 2370 5532 ;
2404 5471 2572 5538 φεῦγε
2612 5473 2671 5522 τὸ
2697 5473 2777 5532 δὶς
2808 5471 3034 5535 ἁλῶναι,
3065 5470 3152 5523 ἴνα
3185 5470 3258 5538 μὴ
3288 5468 3551 5530 πολλάκις
3582 5467 3750 5536 ἀλῷς,

2184 5566 2249 5633 τῇ
2279 5561 2538 5632 συνηθείᾳ
2556 5560 2931 5632 παρενεχθεὶς,
2958 5562 3051 5611 καὶ
3075 5562 3139 5630 τῇ
3170 5560 3385 5628 συνεχεῖ
3415 5559 3588 5625 κλοπῇ
3618 5559 3752 5625 πρὸς

2187 5657 2440 5723 ἀπειρίαν
2463 5654 2836 5723 παρεκταθῇς,
2865 5654 2955 5703 καὶ
2983 5653 3242 5721 αἰσχύνης
3263 5667 3325 5717 γε
3363 5648 3629 5718 πλησθῇς,
3663 5648 3753 5698 καὶ

2192 5750 2326 5818 πρὸς
2378 5746 2436 5799 τὸ
2471 5746 2631 5799 καλὸν
2680 5743 3103 5812 δυσεπίςςεροφος
3135 5742 3344 5812 μείνῃς.
3410 5741 3514 5792 Τὸν
3539 5739 3645 5807 γὰρ
3673 5739 3753 5799 εἰς
