4166 6270
467 406 573 471 349

1420 410 1826 474 ΡΒᾸΞΟΕΡΤΑ
1868 414 2227 474 ΕΟΗΟΛΤΙι
2245 416 2334 475 εΝι
2351 418 2388 475 S
2428 416 2711 478 REGI/E.

3590 411 3703 474 3.50

468 523 762 593 τοῦσχατον
793 521 903 576 τῶν
929 508 1115 576 κακῶν
1132 524 1433 594 ἀφιγμένον
1469 526 1548 587 είς
1578 526 1677 595 τὴν
1708 527 1814 579 τῶν
1847 525 2028 579 καλῶν

2140 529 2306 581 culter
2336 529 2531 597 possis.
2566 527 2697 582 Nam
2730 528 2824 597 qui
2852 528 3115 582 malorum
3140 527 3208 582 ad
3236 535 3540 583 extremum
3584 540 3710 594 per-

470 616 714 685 κορυφὴν
739 615 1055 667 ἐπανελθεῖν
1093 616 1154 667 οὒ
1195 616 1397 684 ῥᾴδιον.
1434 618 1524 668 Δεῖ
1564 618 1621 669 δὲ
1660 618 1904 685 νομίζειν
1946 619 2037 672 τὸν

468 707 723 776 ἄρχοντα,
772 708 977 777 μηδένα
1017 708 1200 761 λαθεῖν
1235 702 1348 761 οίόν
1379 725 1436 760 τε
1466 695 1628 771 εἶναι,
1682 709 1851 762 κακόν
1884 709 2033 763 δντα.

470 799 679 861 Πάντες
706 802 812 868 γὰρ
843 802 899 863 ἐς
922 799 1108 854 τοῦτον
1140 800 1330 872 ὁρῶσι,
1365 802 1564 870 μᾶλλον
1591 802 1727 869 πρὸς
1745 802 1871 863 τοὺς
1901 801 2037 871 ὑπὲρ

470 892 675 945 τούτων
718 892 915 956 ἄθλους
973 893 1381 961 ἀποδυσάμενον
1441 896 1473 961 ἢ
1512 896 1636 954 τοὺς
1689 895 1827 963 ὑπὲρ
1883 894 2038 960 δόξης

472 983 603 1034 ποτὲ
629 984 687 1034 ὲν
722 984 1117 1052 Παναθηναίοις
1148 986 1574 1054 ἠγωνισμένους.
1611 986 1686 1038 Οὐ
1728 985 2040 1053 θαυμαστὸν

471 1074 516 1126 δ’
547 1074 950 1144 ἀγωνιζόμενον
992 1078 1366 1130 πεπτωκέναι.
1406 1077 1479 1129 Τὸ
1532 1078 1744 1131 κεῖσθαι
1775 1078 1832 1130 δὲ
1864 1078 2039 1130 θέλειν

474 1166 771 1235 ὑπερφυῶς
799 1166 1021 1221 ἄτοπον.
1070 1166 1176 1220 Τοῦ
1219 1168 1317 1236 μὲν
1347 1172 1455 1238 γὰρ
1484 1170 1654 1222 πολλά
1678 1169 1743 1223 ἂν
1778 1169 1924 1223 αῖτια
1947 1169 2041 1237 γέ-

474 1274 648 1311 νοιντο
672 1273 685 1287 ⁸
713 1257 807 1310 τοῦ
834 1258 893 1310 δὲ
931 1258 1033 1326 τὴν
1079 1260 1307 1328 γνώμην
1352 1260 1520 1331 μόνην
1552 1260 1840 1313 αἰτιατέον.
1884 1261 2041 1311 Ἐστι

472 1348 529 1402 δέ
555 1365 658 1400 που
690 1350 782 1401 καὶ
815 1348 1114 1402 παλαίοντα
1143 1351 1563 1419 κατενεχθῆναι,
1606 1353 1700 1404 καὶ
1728 1352 1883 1416 δόξαν
1919 1350 2041 1401 ἀντὶ

473 1441 656 1510 ψόγων
714 1442 1045 1513 πορίσασθαι
1098 1443 1228 1512 παρ’
1258 1444 1591 1511 ἐπιστήμοσι
1635 1444 1940 1503 δικασταῖς.
1969 1442 2043 1495 Τὸ

474 1532 872 1602 προθυμεῖσθαι
902 1533 1012 1602 γὰρ
1061 1533 1273 1599 ἀνδρός.
1323 1534 1396 1585 Τὸ
1442 1534 1501 1586 δὲ
1533 1534 1799 1602 σφαλῆναι
1834 1536 1924 1585 καὶ
1952 1534 2043 1584 τύ-

475 1641 601 1694 χηςο

1206 1894 1278 1947 Ml
1286 1891 1338 1947 ι’.

560 1984 673 2039 Ῥεῖ
704 1987 802 2054 μὲν
850 1988 877 2038 ό
924 1986 1034 2055 βίος
1066 1988 1219 2053 ἡμῖν,
1256 1987 1350 2038 καὶ
1383 1986 1573 2038 στάσιν
1616 1988 1728 2057 ἔχει
1760 1986 1858 2055 τὴν
1889 1986 2043 2056 κίνη-

477 2092 595 2131 σιν·
626 2078 684 2129 τὸ
710 2079 765 2130 δὲ
801 2078 1050 2131 σύντονον
1103 2078 1249 2145 αὖτῴ
1286 2079 1422 2146 πρὸς
1453 2078 1729 2138 παντελῶς
1761 2079 2039 2145 ἀκίνητον,

472 2168 506 2237 ἢ
541 2168 724 2233 καλὸν,
757 2167 789 2236 ἢ
822 2166 1155 2227 τούναντίον,
1191 2168 1328 2233 μετὰ
1358 2168 1455 2235 τὴν
1483 2166 1689 2219 ἐνθένδε
1719 2167 1873 2235 λῆξιν
1907 2169 2039 2218 ἀπο-

472 2258 819 2310 καθίσταται.
863 2258 1142 2326 Παραῤῥεῖ
1186 2258 1242 2309 δὲ
1297 2259 1406 2318 τοῖς
1444 2260 1641 2321 ποσὶν,
1685 2258 1758 2317 ὡς
1814 2257 2038 2323 ρύακες,

472 2347 810 2417 ἑκατέρωθεν
838 2348 948 2398 τῶν
988 2346 1171 2398 καλῶν
1210 2348 1305 2399 καὶ
1333 2347 1441 2397 τῶν
1464 2349 1653 2399 κακῶν
1683 2347 1747 2397 τὰ
1776 2348 1944 2397 αἴτια.
1982 2347 2041 2397 ’0

471 2438 663 2490 κώθων
692 2438 748 2491 δὲ
778 2438 835 2488 ἐν
862 2440 1063 2506 χεροῖν,
1117 2440 1212 2489 καὶ
1246 2439 1467 2503 ἕτοιμον
1502 2438 1733 2501 ἀντλεῖν,
1766 2440 2043 2506 ὁποτέρωα

473 2529 563 2581 θεν
593 2529 658 2581 ἄν
710 2547 793 2590 τις
834 2528 1095 2595 βούλοιτο.
1134 2530 1319 2581 Ἔοικε
1369 2530 1423 2580 δὲ
1470 2530 1565 2579 καὶ
1596 2530 1769 2597 ἀγορᾷ
1821 2520 1886 2579 τά
1918 2526 2043 2580 καθ’

469 2622 616 2689 ἡμᾶς
649 2621 973 2690 πράγματα,
1002 2623 1095 2674 καὶ
1118 2620 1293 2682 ἔξεστι
1321 2620 1453 2688 πρὸς
1478 2620 1669 2687 κέρδος
1700 2619 1825 2670 νοῦν
1858 2619 2042 2686 ἔχουσι

471 2713 649 2766 πάντα
708 2712 1009 2779 πράττειν,
1076 2714 1316 2773 πωλεῖν,
1379 2712 1702 2774 ἀλλάττειν,
1762 2712 2039 2763 ὠνεῖσθαι.

469 2804 734 2870 Μεμπτῖιν
762 2802 854 2857 οὖν
910 2802 1127 2864 πάντως
1182 2802 1371 2870 σαφῶς
1413 2804 1530 2854 ἐστι
1556 2803 1763 2872 χάλκεα
1794 2804 2041 2870 χρυσέων

468 2893 852 2964 ἀλλάττεσθαι.
899 2892 1134 2961 Δίσχρὸν
1174 2892 1451 2944 ταλάντων
1499 2892 1833 2960 πιπράσκειν
1859 2891 2035 2955 δόξαν.

468 2984 653 3036 Δεινὸν
698 2983 1006 3053 ἐλευθερίαν
1042 2982 1333 3051 προδοῦναι
1376 2984 1574 3045 παντὸς
1604 2983 1787 3035 ἕνεκα.
1836 2984 2039 3034 Παντε-

465 3075 571 3137 λῶς
604 3075 856 3143 ἀνόητον,
891 3074 985 3126 καὶ
1014 3074 1084 3125 τά
1113 3075 1377 3143 εἰρημένα
1422 3074 1557 3140 πρὸς
1588 3075 1748 3125 ἑαυτὸ
1782 3072 2037 3141 συνελκύ-

2139 620 2365 675 venerit.
2402 620 2446 673 is
2469 621 2734 673 bonorum
2765 620 2828 673 ad
2856 620 3112 675 verticem
3136 635 3241 673 non
3277 619 3435 672 facile
3462 627 3710 673 reverte-

2140 718 2247 763 tur.
2288 711 2451 763 Debet
2476 720 2654 763 autem
2687 711 3007 764 existimare
3033 712 3308 778 princeps,
3344 712 3617 763 nemitem
3652 724 3711 764 se

2142 801 2307 855 latere
2331 803 2571 869 posse,si
2595 803 2772 855 malus
2804 804 2894 855 sit.
2922 801 2977 854 In
3004 802 3182 869 ipsum
3212 816 3447 869 namque
3477 802 3708 867 conjecti

2139 900 2268 946 sunt
2298 893 2542 945 omnium
2570 894 2738 954 oculi,
2770 894 2833 947 ad
2862 894 3212 961 suscipienda
3246 909 3342 962 pro
3360 895 3569 947 cunctis
3592 910 3712 947 cer-

2140 984 2344 1037 tamina
2377 984 2549 1052 magis
2582 985 2909 1048 accinctum,
2944 1000 3105 1053 quam
3132 985 3205 1037 illi
3231 987 3502 1053 quondam
3535 993 3710 1047 erant,

2141 1078 2230 1143 qui
2254 1077 2438 1144 glorire
2463 1091 2623 1129 causa
2648 1092 2677 1129 a
2710 1076 3082 1131 Panathenaeis
3129 1076 3283 1131 festis
3334 1078 3710 1131 decertabant.

2142 1164 2328 1231 Neque
2353 1180 2483 1218 vero
2516 1168 2713 1219 mirum
2747 1176 2852 1228 est,
2912 1177 3209 1220 certantem
3259 1167 3367 1219 labi
3396 1183 3408 1220 :
3437 1166 3528 1219 sed
3588 1179 3713 1233 pro-

2145 1266 2373 1310 stratum
2404 1258 2585 1323 jacere
2616 1258 2777 1322 velle,
2805 1274 3152 1325 summopere
3202 1258 3526 1312 adsurdum.
3576 1255 3711 1309 Nam

2146 1346 2275 1400 illud
2305 1347 2525 1412 quidem
2546 1350 2731 1403 multis
2756 1364 2819 1401 ex
2844 1351 3025 1402 causis
3052 1351 3165 1403 ﬁeri
3192 1358 3389 1417 potest,
3410 1348 3716 1401 huiusvero

2144 1440 2298 1507 culpa
2324 1440 2424 1493 soli
2449 1450 2532 1492 est
2554 1440 2880 1493 ascribenda
2903 1441 3190 1494 voluntati.
3210 1441 3350 1505 Quin
3373 1446 3427 1493 et
3447 1438 3712 1506 prosterni
3782 1452 3788 1515 γ

2145 1540 2345 1595 potest,
2366 1531 2457 1595 qui
2491 1530 2748 1593 luctatur,
2775 1546 2838 1584 ac
2869 1530 3042 1584 nihilo
3068 1532 3247 1585 minus
3307 1531 3451 1599 apud
3497 1530 3710 1598 jttdiccs
3780 1518 3787 1551 ⁵

2148 1635 2323 1672 rerum
2347 1620 2549 1687 peritos
2566 1620 2792 1687 gloriam
2808 1621 3059 1687 vituperii
3089 1622 3204 1673 loco
3238 1632 3542 1688 reportare.
3579 1619 3712 1670 Nam

2146 1709 2244 1760 νίιί
2277 1717 2380 1769 est,
2415 1710 2599 1761 animo
2623 1711 2751 1772 quid
2784 1711 2951 1763 alacri
2990 1711 3269 1777 suscipere
3301 1728 3313 1762 :
3340 1710 3453 1778 spei
3487 1709 3716 1762 l'rustra-
3771 1739 3775 1743 ι

2148 1800 2245 1859 tio,
2277 1800 2528 1853 fortunae.

2818 1889 3045 1944 XLVIII.

2217 1982 2393 2036 Cursu
2426 1991 2688 2051 perpetuo
2720 1982 2831 2035 vita
2865 1991 3050 2034 nostra
3078 1980 3216 2041 ﬂuit,
3240 1987 3292 2033 et
3323 1986 3476 2033 extra
3505 1984 3711 2029 motum

2146 2074 2385 2140 quietem
2415 2074 2618 2125 nullam
2656 2073 2836 2126 habet.
2867 2072 3173 2126 Continuus
3202 2082 3382 2123 autem
3415 2084 3611 2122 cursus
3651 2068 3714 2119 il-

2146 2165 2193 2217 le
2221 2173 2339 2231 post
2366 2174 2609 2217 exactam
2643 2165 2781 2215 hanc
2814 2164 2975 2215 vitam
3002 2164 3055 2215 in
3089 2176 3311 2229 prorsus
3336 2158 3612 2213 immobile
3634 2157 3715 2207 vel

2146 2255 2347 2307 bonum
2379 2256 2461 2307 vel
2492 2255 2689 2307 malum
2719 2254 2938 2307 desinit.
2976 2252 3052 2303 Ad
3088 2252 3253 2319 pedes
3287 2250 3539 2316 utrinque
3571 2248 3687 2298 rivu

2146 2347 2320 2399 lorum
2356 2346 2528 2399 instar
2569 2353 2792 2398 manant
2824 2345 3091 2396 bonorum
3131 2358 3193 2395 ac
3249 2342 3516 2394 malorum
3552 2352 3714 2390 occa-

2144 2441 2344 2492 siones.
2378 2438 2603 2491 Estetin
2626 2436 2876 2489 manibus
2895 2436 3175 2503 poculum,
3216 2448 3278 2487 ac
3328 2430 3711 2489 haurirelicct,

2146 2529 2506 2595 undecunque
2542 2527 2784 2582 libuerit.
2814 2525 2955 2579 Foro
2990 2540 3209 2593 quoque
3238 2539 3324 2577 res
3352 2525 3603 2576 humana:
3644 2522 3717 2574 si—

2149 2620 2304 2672 miles
2335 2626 2483 2676 sunt.
2515 2627 2567 2670 et
2597 2626 2792 2669 cuncta
2829 2626 3007 2668 mente
3044 2615 3253 2683 praediti
3278 2613 3457 2666 facere
3476 2628 3573 2664 suo
3591 2628 3714 2663 cum

2143 2711 2298 2764 lucro
2352 2717 2627 2776 possunt;
2664 2717 2996 2774 permutare,
3055 2705 3305 2765 vendere,
3367 2717 3715 2769 comparare.

2142 2803 2480 2870 Quapropter
2511 2797 2733 2850 omnino
2753 2795 3071 2863 reprehendi
3117 2803 3371 2859 meretur,
3424 2794 3516 2862 qui
3576 2807 3721 2851 (ιιι-οι

2143 2908 2265 2949 cum
2286 2892 2464 2944 aureis
2486 2895 2763 2958 permutat
2794 2904 2808 2940 :
2836 2897 3011 2955 turpe.
3039 2885 3255 2939 talentis
3273 2886 3499 2955 gloriam
3519 2885 3717 2936 vende-

2143 2999 2234 3039 re:
2270 2983 2549 3052 indignum
2585 2980 2882 3034 libertatem
2902 2978 3144 3046 cujusvis
3164 2976 3236 3028 rei
3256 2990 3417 3029 causa
3460 2974 3714 3041 prodere:

2148 3075 2383 3130 stultum
2416 3086 2662 3140 prorsus,
2694 3078 2746 3123 et
2767 3077 2876 3121 tam
2899 3068 3155 3129 indicata,
3176 3082 3338 3135 quam
3355 3067 3537 3121 omnia
3554 3066 3717 3121 simul

469 3181 591 3228 σαν,
632 3166 726 3216 καὶ
779 3163 939 3216 πάνθ’
990 3163 1126 3233 ὁμοῦ
1162 3165 1231 3217 τά
1285 3164 1452 3230 κακὰ,
1492 3165 1711 3217 αἰωνίου
1770 3164 2035 3233 πρίασθαι

2145 3166 2514 3234 complectens
2550 3164 2712 3229 mala,
2741 3156 3134 3230 temporarium
3169 3170 3373 3215 aeterno
3408 3160 3706 3215 redimere.

467 3259 823 3328 πρόσκαιρον.

1202 3350 1341 3403 ΜΘ’.

537 3441 749 3494 Παλαιά
778 3460 863 3504 τις
909 3441 1040 3507 δόξα
1072 3442 1167 3493 καὶ
1213 3441 1440 3511 διαρκὴς
1489 3440 1619 3511 ἄχρι
1652 3441 1768 3504 νῦν,
1824 3441 1891 3493 τὰ
1933 3443 2034 3510 μὲν

436 3531 441 3535 ’
467 3527 633 3584 δεινὰ,
662 3528 797 3593 μετά
823 3529 882 3579 τὸ
910 3530 1116 3596 τρῶσαι
1148 3531 1241 3581 καὶ
1268 3524 1635 3598 ἀπηλλάχθαι,
1669 3532 1867 3600 ἡδονὴν
1897 3534 2035 3599 άμε-

469 3614 771 3683 ταμέλητον
823 3617 1201 3683 ἀντεισάγειν·
1233 3619 1301 3669 τὰ
1342 3618 1401 3670 δὲ
1450 3619 1661 3687 τερπνὰ
1701 3619 2031 3671 τούναντίον.

474 3702 702 3769 Ἐμοιγέ
742 3721 824 3756 τοι
853 3707 1279 3778 παραδοξότερον
1314 3709 1564 3761 ἐνταυθοῖ
1598 3709 1842 3776 νομίζειν
1869 3710 2035 3777 παρί-

470 3806 682 3855 σταται,
713 3792 773 3842 οὐ
818 3792 1155 3862 ψευδομένης
1190 3796 1289 3862 τῆς
1334 3796 1502 3848 πάλαι
1537 3796 1717 3860 δόξης.
1766 3797 1899 3857 Ταῖς
1926 3797 2036 3865 γὰρ

464 3879 685 3949 ἡδοναῖς
711 3883 810 3944 τὰς
858 3882 1056 3945 λύπας,
1088 3887 1179 3936 καὶ
1228 3886 1289 3937 τὸ
1314 3886 1537 3955 ἥδεσθαι
1565 3888 1683 3947 ταῖς
1706 3886 1904 3948 λύπαις
1945 3889 2034 3955 μί-

463 3974 696 4040 γνυσνθαί
734 3990 849 4037 πως
888 3974 979 4025 τὸν
1020 3976 1198 4028 πάντα
1228 3978 1443 4044 χρόνον,
1478 3977 1769 4045 ἀφορώσης
1802 3980 1898 4044 τῆς
1932 3982 2036 4048 ψυ-

461 4065 565 4138 χῆς
594 4066 673 4127 είς
723 4067 817 4133 ὅγε
861 4065 1012 4134 λήξει
1043 4065 1195 4127 τέλος
1228 4067 1489 4133 ἑκάτερον
1510 4083 1525 4096 ·
1565 4068 1659 4118 καὶ
1682 4067 1770 4119 διὰ.
1811 4069 1909 4137 μὲν
1939 4071 2036 4137 τὴν

461 4157 839 4227 ἀπαραίτητον
873 4158 1095 4211 κόλασιν
1125 4158 1222 4227 τῆς
1254 4158 1505 4211 ἐνταυθοῖ
1537 4160 1799 4229 πονηρίας
1830 4161 2037 4229 ἀδημο-

462 4249 660 4319 νούσης
700 4252 760 4301 ὲν
814 4249 890 4317 τῷ
923 4249 1020 4319 τὴν
1053 4250 1267 4318 τρυφὴν
1314 4250 1475 4319 ἔργον
1506 4249 1671 4320 ἔχειν,
1729 4250 1820 4301 διὰ
1850 4250 1905 4302 δὲ
1939 4252 2036 4319 τὴν

460 4343 828 4410 προκειμένην
886 4344 1000 4402 τοῖς
1060 4341 1402 4409 θλιϐομένοις
1463 4340 1766 4394 ἀπόλαυσιν
1816 4342 1876 4393 ὲν
1924 4346 2035 4402 τοῖς

458 4434 737 4493 ἐπιπόνοις
771 4434 1227 4501 εὐφραινομένης.
1263 4433 1428 4487 Οὐδὲν
1461 4434 1570 4503 ἄρα
1604 4434 1682 4502 τῷ
1728 4434 1827 4503 βίῳ
1859 4434 2032 4488 x101-

462 4524 553 4591 ρον
580 4523 822 4591 ἀκριὸῶς
878 4522 945 4575 ἂν
1008 4527 1241 4589 γένοιτο,
1292 4523 1443 4584 ὄντος
1493 4527 1585 4577 καὶ
1636 4525 1729 4577 τοῦ
1780 4526 2029 4595 σώματος

458 4615 588 4682 ἡμῖν
616 4613 675 4677 ἐξ
706 4614 981 4676 ἐναντίων,
1016 4613 1327 4682 ζητούντων
1355 4615 1675 4683 ἀναγκαίως
1704 4617 1773 4667 τὰ
1806 4619 2024 4687 γνήσια,

459 4706 553 4759 καὶ
584 4706 978 4769 στασιαζόντων
1005 4706 1281 4776 ἀλλήλοις.

1204 4886 1286 4940 N'.

528 4983 693 5049 ’Όρον
728 4979 999 5047 ἁμαρτίας
1026 4980 1160 5049 ἡγοῦ
1193 4982 1284 5032 ἐπὶ
1306 4982 1506 5044 παντὸς
1538 4982 1733 5051 ἐφεξῆς
1768 4984 2031 5053 πράγμα-

454 5087 545 5130 τος
571 5070 629 5121 τὸ
655 5070 720 5121 τὰ
752 5068 1032 5138 ὑπάλληλα
1054 5069 1205 5140 τέλη,
1241 5070 1315 5129 ὡς
1339 5070 1402 5122 ἄν
1438 5089 1519 5134 τις
1546 5074 1714 5137 εἴποι,
1742 5076 1836 5127 καὶ
1860 5076 2031 5129 πολλὰ

454 5161 562 5213 τῶν
592 5164 726 5230 πρὸς
748 5162 809 5212 τὸ
840 5162 993 5223 τέλος
1026 5161 1186 5229 μόνον
1216 5161 1553 5232 ὑπάρχοντα,
1585 5167 1659 5227 ὠς
1686 5167 2029 5222 τελικὼτατα

452 5253 580 5321 τέλη
616 5252 723 5304 τῶν
767 5249 1080 5321 ἀνθρώποις
1124 5269 1186 5319 γε
1237 5256 1527 5321 πρακτέων
1575 5256 2024 5323 ὑπολαμϐάνειν·

450 5345 601 5397 τουτὶ
634 5345 740 5412 γάρ
776 5342 933 5409 μόνον
961 5344 1070 5395 τῶν
1118 5345 1336 5396 πάντων
1365 5346 1555 5412 ἔμοιγε
1588 5346 1710 5415 ῥίζα
1745 5349 1893 5401 δοκεῖ
1928 5353 2029 5402 πά-

454 5451 552 5504 σης
583 5434 857 5502 ἁμαρτίας
908 5434 1195 5503 ὑπάρχειν.
1260 5434 1343 5497 Ὠς
1385 5437 1412 5487 ὅ
1450 5453 1513 5503 γε
1568 5435 1827 5510 διελεῖνῇ
1887 5443 2026 5511 χρῆν

451 5530 810 5597 ἐπιστάμενος
844 5527 924 5599 (ἐξ
946 5528 1251 5589 ὑποθέσεως
1275 5528 1330 5579 δὲ
1362 5530 1618 5599 εἰρήσθω.
1641 5533 1715 5583 Οὐ
1741 5533 1848 5601 γάρ
1866 5534 2029 5586 δυνα-

450 5624 541 5675 τὸν
570 5621 841 5690 ἀνθρώπῳ
881 5621 961 5681 είς
983 5620 1242 5672 τοσοῦτον
1276 5623 1531 5688 γνώσεως
1563 5624 1915 5694 ἐληλακέναι,
1952 5629 2023 5694 μὴ

453 5714 795 5785 βοηθουμένῳ
817 5711 1044 5777 θεόθενγ
1065 5712 1090 5762 ό
1115 5711 1247 5779 γοῦν
1270 5712 1571 5783 διακρίνειν
1595 5714 1769 5783 ὀρθῶς
1793 5717 2024 5785 δυνάμε-

454 5826 536 5869 vo,-
568 5806 631 5859 τὰ
663 5804 791 5873 τέλη
837 5818 903 5855 τι
926 5806 1019 5856 καὶ
1052 5804 1119 5858 τά
1157 5806 1294 5876 πρὸς
1321 5807 1481 5870 αὐτὰ,
1526 5806 1617 5859 καὶ
1668 5806 1763 5867 ἔτι,
1786 5826 1846 5874 γε
1876 5814 1932 5860 τὸ
1959 5809 2016 5860 ἓν

2815 3340 3003 3397 XLIX.

2211 3438 2346 3492 Tum
2377 3446 2528 3491 vetus
2549 3445 2652 3501 est,
2682 3444 2793 3489 tum
2828 3435 3103 3501 hodieque
3119 3432 3325 3486 durans
3342 3430 3553 3501 Opinio,
3575 3430 3713 3483 mala

2140 3541 2423 3598 postquam
2455 3530 2655 3582 vulnus
2692 3526 2987 3580 inllixerint
3014 3534 3067 3578 et
3100 3524 3351 3584 velarint,
3381 3527 3713 3589 voluptatem

2146 3624 2465 3690 rependere,
2500 3621 2658 3687 cujus
2691 3618 2964 3671 neminem
3006 3616 3302 3683 poeniteat;
3349 3612 3609 3679 jucunda,
3634 3611 3718 3663 di—

2139 3730 2358 3767 versum
2389 3713 2587 3765 facere.
2622 3710 2747 3763 Mihi
2779 3724 2907 3761 vero
2932 3723 3069 3761 nova
3102 3706 3346 3774 quaedam
3378 3704 3443 3756 ad
3476 3705 3713 3756 animum

2142 3804 2344 3856 accidit
2376 3803 2581 3870 opinio.
2614 3803 2789 3869 prisca
2819 3800 3177 3851 nillilominus
3210 3798 3299 3849 illa
3326 3804 3583 3848 manente
3610 3809 3704 3845 ve-

2143 3910 2219 3947 ra.
2255 3894 2386 3946 Nam
2421 3894 2652 3955 arbitor,
2676 3892 3043 3959 voluptatibus
3080 3889 3316 3951 dolores,
3354 3902 3416 3940 ac
3438 3883 3718 3937 doloribus

2140 3985 2468 4052 voluptatem
2503 3984 2698 4047 quovis
2757 3991 3000 4049 tempore
3030 3978 3436 4048 quodammodo
3468 3976 3715 4039 misceri;

2139 4075 2266 4127 dum
2304 4061 2670 4140 animusfqui
2706 4071 2828 4126 linis
2864 4072 3154 4139 utriusque
3179 4071 3250 4125 sit
3278 4069 3517 4131 futurus,
3545 4068 3743 4134 περὶ-⁸

2141 4167 2240 4225 cit,
2280 4181 2338 4218 ac.
2371 4174 2589 4233 propter
2618 4163 2926 4217 inevitabile
2954 4164 3175 4231 quidem
3237 4160 3568 4230 supplicium
3626 4157 3714 4209 hic

2139 4256 2389 4309 admissae
2419 4255 2783 4322 improbitatis
2814 4254 3059 4322 angitur,
3097 4252 3323 4321 quoties
3354 4250 3572 4303 deliciis
3622 4264 3717 4300 oc-

2138 4356 2363 4415 cupatur
2393 4365 2405 4400 :
2436 4358 2654 4414 propter
2680 4347 3009 4413 voluptatem
3048 4359 3200 4403 vero,
3257 4342 3590 4408 propositam
3627 4340 3714 4398 iis.

2139 4440 2227 4506 qui
2265 4438 2597 4504 alllignntur,
2636 4439 2685 4490 in
2722 4437 2979 4489 :erumnis
3014 4434 3253 4487 laetitiam
3285 4432 3531 4501 percipit.
3574 4429 3715 4481 Nihil

2136 4541 2283 4587 certe
2310 4531 2378 4583 ab
2410 4533 2556 4584 omni
2596 4530 2819 4581 mistura
2850 4544 3042 4595 purum
3071 4543 3190 4579 esse
3222 4527 3274 4577 iu
3299 4525 3581 4577 hominum
3607 4524 3713 4575 vita

2132 4633 2330 4693 potest,
2355 4641 2476 4677 cum
2495 4636 2693 4689 corpus
2718 4634 2933 4686 quoque
2989 4618 3279 4671 contrariis
3310 4632 3376 4668 ex
3402 4619 3560 4666 relus
3590 4629 3718 4666 con—

2132 4728 2256 4782 stet,
2283 4718 2455 4771 allinia
2491 4716 2590 4767 sibi
2631 4714 2940 4769 necessario
2974 4712 3369 4779 qnzcreutibns,
3401 4720 3454 4761 et
3485 4709 3621 4759 inter
3658 4721 3716 4759 se

2137 4806 2555 4862 dissidentibus.

2900 4895 2962 4945 ι..

2205 4988 2375 5042 Velim
2432 4990 2731 5052 existimes,
2771 4988 2908 5040 hanc
2969 4986 3269 5038 ﬁnitionem
3326 4998 3445 5035 esse
3504 4979 3705 5049 peccati

2133 5084 2326 5151 quavis
2358 5084 2411 5135 in
2461 5097 2551 5145 re;
2585 5082 2933 5134 subalternos
2964 5078 3213 5132 videlicet
3251 5075 3410 5137 lines,
3450 5084 3505 5127 nt
3530 5076 3601 5126 ita
3632 5075 3707 5125 lo-

2131 5190 2289 5244 quar,
2326 5182 2380 5227 et
2416 5188 2606 5226 eorum
2655 5171 2958 5238 complura,
3010 5184 3126 5238 quae
3185 5175 3391 5221 tantmn
3432 5166 3497 5218 ad
3546 5164 3703 5216 linem

2132 5268 2422 5333 pertinent,
2495 5281 2590 5332 pro
2648 5261 3058 5331 perfectissimis
3115 5259 3312 5312 ﬁnibus
3371 5256 3705 5325 agendarum

2132 5357 2453 5409 mortalibus
2489 5369 2671 5407 rerum
2722 5355 2946 5405 ducere.
2994 5348 3127 5402 Nam
3181 5348 3357 5402 solum
3415 5346 3513 5396 hoc
3569 5342 3710 5393 inter

2131 5449 2311 5500 omnia
2344 5447 2473 5499 mihi
2505 5445 2723 5510 quidem
2754 5444 2905 5495 radix
2942 5442 3121 5495 omnis
3147 5454 3267 5494 esse
3308 5432 3518 5505 peccati
3557 5432 3707 5483 vide-

2133 5549 2239 5593 tur.
2281 5540 2399 5604 Quo
2434 5540 2509 5601 Iit,
2544 5536 2721 5605 utqui
2760 5535 2911 5588 novit
2960 5534 3313 5601 distinguere,
3354 5527 3500 5577 velut
3544 5537 3706 5589 opor-A

2133 5641 2207 5684 tet
2231 5634 2353 5701 (hoc
2394 5640 2569 5683 autent
2605 5644 2666 5681 ex
2720 5628 3009 5696 hypothesi
3053 5624 3254 5675 dictum
3306 5626 3471 5677 esto;
3518 5621 3705 5681 nequit

2132 5724 2271 5775 enim
2314 5722 2379 5775 ad
2439 5730 2644 5773 tantam
2694 5719 2857 5770 homo
2902 5713 3184 5784 pervenire
3231 5706 3535 5763 scientiam,
3601 5703 3703 5754 nisi

2127 5800 2391 5862 divinitus
2419 5806 2748 5875 adjuvetur):
2778 5802 2868 5871 qui
2921 5816 3049 5867 ergo
3091 5805 3235 5847 recte
3269 5802 3439 5859 potest
3502 5792 3703 5841 disci-r-
