4166 6270
468 337 567 397 351

1624 341 2020 399 MANUELlS
2066 343 2149 398 PA
2165 339 2285 398 Ι..Ἐέ
2303 339 2505 398 ΠὩΩΙ

3614 337 3722 402 352

475 467 605 507 nere
637 461 748 506 tum
809 453 960 516 lines,
1009 462 1120 506 tum
1179 469 1292 523 quae
1335 455 1398 509 ad
1443 470 1536 509 eos
1587 456 1915 523 diriguntur,
1982 471 2042 508 ac

2164 458 2322 505 :xs't'vo
2355 455 2716 506 :sitxtbtarov
2754 455 2937 522 τέλος,
2991 458 3125 528 πρὸς
3176 459 3269 525 ὅγε
3332 455 3509 510 πάντα
3556 455 3720 524 φύσει

477 555 734 613 praeterea
783 546 942 597 ﬁnem
1011 545 1162 598 illum
1229 547 1708 614 perfectissimum,
1767 548 1835 601 ad
1887 563 2044 615 quem

476 636 658 688 omnia
693 643 886 687 natura
917 639 1144 689 tendunt
1172 637 1384 706 (Deum,
1437 639 1679 708 inquam,
1730 654 1894 708 supra
1927 639 2051 692 uni—

478 740 631 778 versa
665 726 940 795 positum),
1006 739 1058 802 et
1083 730 1175 797 qui
1244 729 1423 784 facere
1453 733 1588 794 vult,
1651 732 1797 800 quod
1858 731 2050 784 melius

476 830 598 870 esse
624 818 807 873 novit:
843 817 887 870 is
927 834 1053 871 vero
1082 836 1179 873 nec
1224 823 1377 875 tactis
1408 822 1715 891 deliquerit,
1752 837 1850 874 nec
1867 823 2049 888 dictis,

479 921 575 960 uec
603 902 1050 975 cegitatiouibus,‘
1091 928 1190 966 nec
1216 914 1381 966 animi
1421 915 1528 967 ulla
1554 915 1634 968 vel
1659 914 1943 980 facultate,
1969 915 2054 970 vel

478 1007 654 1062 metu,
690 1000 771 1053 vel
815 999 1188 1065 dispositione.
1223 1004 1302 1055 vel
1333 1003 1634 1058 aﬂ‘ectione.

1217 1095 1304 1150 LI.

552 1178 896 1234 Manifestum
941 1195 1021 1236 est
1075 1201 1250 1253 regem
1298 1203 1418 1240 esse
1478 1187 1865 1254 legislatorem,
1913 1186 2056 1257 judi-
2129 1246 2137 1261 ‘

479 1285 709 1338 cetuun
732 1275 1072 1330 subditorum
1111 1281 1504 1335 constitutum:
1544 1281 1814 1334 hominem
1876 1283 2055 1336 homi-

481 1381 608 1417 num
641 1382 655 1427 ;
688 1368 970 1420 mortalem
1016 1373 1364 1436 mortalium;
1419 1375 1566 1428 nulla
1599 1391 1655 1428 re
1703 1377 1910 1430 czeteris
1961 1393 2054 1430 su-

478 1455 769 1521 perierem,
796 1461 898 1511 nisi
947 1460 1227 1523 dignitate.
1263 1463 1367 1517 Sed
1420 1465 1560 1518 idem
1605 1466 1780 1521 bonus
1840 1482 2058 1536 quoque

480 1561 573 1598 rex
606 1548 733 1610 erit,
763 1561 817 1602 et
854 1550 1132 1617 lcgislator
1157 1555 1324 1617 milis,
1358 1563 1414 1608 et
1454 1557 1938 1623 prmstantissimus
1974 1557 2058 1626 ju-

479 1637 580 1689 dex
613 1678 628 1702 ,
662 1641 704 1692 si
740 1640 1063 1708 principem,
1099 1653 1153 1695 et
1179 1645 1567 1710 legislatorem,
1593 1658 1646 1700 et
1668 1648 1904 1716 judicem
1941 1651 2058 1718 ipse

485 1729 589 1779 sibi
624 1731 941 1792 constituet,
996 1749 1202 1802 proque
1263 1737 1472 1791 viribus
1516 1738 1841 1803 imitabitur,
1897 1750 2055 1794 aster-

2151 548 2403 605 κινεῖται,
2439 546 2572 613 ὅπερ
2608 547 2752 596 ἐστὶν
2777 548 2804 597 6
2835 546 3052 600 πάντων
3099 547 3384 609 ἐπέκεινα,
3425 547 3520 598 καὶ
3548 548 3718 597 ποιεῖν

2151 634 2348 686 ἐθέλων
2387 636 2524 703 ὅπερ
2581 633 2874 687 ἐπίσταται
2910 635 3120 704 βέλτιον
3170 635 3230 689 δν
3251 651 3264 665 ·
3297 638 3326 688 6
3355 635 3595 697 τοιοῦτος
3617 639 3721 688 οὐκ

2155 727 2218 779 ἂν
2246 726 2481 797 ἁμάρτοι
2511 727 2610 778 οὐκ
2629 726 2831 796 ἔργοις,
2861 727 2922 780 οὐ
2958 726 3159 796 λόγοις,
3189 729 3248 780 οὐ
3278 727 3580 796 λογισμοῖς,
3599 726 3722 778 οὐδὲ

2157 817 2258 883 μιᾷ
2288 815 2388 883 τῆς
2417 816 2594 885 ψυχῆς
2630 817 2862 886 δυνάμει
2900 833 2980 884 τε,
3032 819 3127 873 καὶ
3155 819 3391 888 κινήσει,
3420 818 3516 870 καὶ
3541 816 3722 870 διαθέ-

2155 922 2262 973 σει,
2296 907 2391 959 καὶ
2420 909 2624 977 σχέσει.

2860 1091 2908 1144 Ν
2914 1091 2987 1144 Αο.

2226 1179 2540 1248 Νομοθέτης
2576 1181 2674 1248 μὲν
2723 1181 2750 1232 ὁ
2786 1180 3061 1250 βασιλεὺς,
3105 1181 3198 1234 καὶ
3252 1178 3442 1248 κριτὴς
3487 1176 3598 1230 τῶν
3631 1177 3723 1232 ὑπ’

2158 1277 2318 1330 αὐτὸν
2345 1278 2732 1340 ἁναδέδεικται,
2764 1275 3066 1346 ἀνθρώπων
3095 1275 3378 1345 ἄνθρωπος
3413 1274 3510 1337 ὢν,
3533 1275 3725 1340 θνητὸς

2159 1369 2392 1435 θνητῶν,
2427 1371 2593 1439 μηδὲν
2625 1369 2782 1422 πλέον
2811 1371 2952 1439 ἔχων
2982 1369 3016 1437 ἢ
3067 1369 3283 1437 σχῆμα·
3318 1368 3406 1436 εἴη
3437 1366 3483 1420 δ’
3525 1366 3589 1419 ἂν
3631 1366 3728 1418 καὶ

2162 1460 2413 1528 βασιλεὺς
2444 1461 2662 1527 ἀγαθὸς,
2689 1461 2781 1513 καὶ
2809 1459 3106 1528 νομοθέτης
3125 1459 3382 1527 χρηστὸς,
3413 1457 3507 1509 κοιλ¹
3532 1459 3727 1524 κριτὴς

2159 1551 2233 1612 ὡς
2262 1554 2504 1618 ἄριστος,
2540 1553 2797 1620 ἄρχοντα,
2862 1553 2956 1604 καὶ
3014 1551 3334 1619 νομοθέτην,
3395 1551 3488 1602 καὶ
3530 1549 3728 1618 κριτὴν

2161 1641 2353 1692 ἑαυτοῦ
2383 1641 2730 1706 ποιούμενος,
2758 1643 2851 1693 καὶ
2868 1641 2941 1699 ὼς
2976 1641 3094 1692 ἐνὸν
3128 1639 3462 1707 μιμούμενος
3482 1638 3571 1689 τὸν
3595 1637 3729 1691 alti;—

2163 1749 2275 1783 νιον
2303 1733 2707 1802 αὐτοκράτορα,
2761 1733 2862 1804 τὸνἦ
2905 1732 3056 1802 αὑτῷ
3091 1734 3150 1783 τὸ
3184 1732 3462 1799 σκῆπτρον
3492 1729 3731 1798 ἐγχειρί-

486 1821 796 1872 nmnillmu
852 1823 1257 1890 imperatorem,
1317 1828 1405 1895 qui
1469 1840 1743 1897 sceptrum
1804 1831 1852 1883 ci
1913 1831 2057 1884 dedit

2164 1836 2350 1880 σαντα,
2385 1820 2474 1873 τὸν
2507 1822 2600 1873 καὶ
2624 1823 2758 1880 πᾶσι
2791 1821 2890 1888 μὲν
2916 1823 3065 1889 ἑξῆς,
3097 1821 3334 1889 μάλιστα
3357 1821 3413 1872 δὲ
3433 1822 3542 1881 τοῖς
3575 1820 3731 1888 βασι-

487 1912 538 1962 iu
572 1928 766 1967 manus
799 1957 813 1975 ,
855 1915 946 1983 qui
973 1929 1031 1970 ut
1068 1918 1325 1974 omnibus
1373 1920 1424 1972 in
1461 1922 1794 1986 universum,
1842 1924 1914 1976 ita
1948 1939 2062 1976 ma-

487 2008 630 2060 xime
665 2008 882 2075 regibus
929 2010 1167 2079 seipsnm
1227 2014 1382 2080 quasi
1418 2013 1702 2067 furi-nulam
1745 2016 2059 2082 quamdam,

487 2107 540 2150 et
579 2113 846 2160 normam,
879 2111 932 2154 et
959 2102 1158 2168 legem,
1194 2119 1302 2156 nou
1341 2104 1520 2156 minus
1542 2105 1720 2168 factis,
1757 2123 1918 2174 quam
1943 2123 2064 2162 ver-

486 2189 570 2242 bis
594 2191 822 2256 praebuit
854 2209 867 2256 ;
894 2195 1050 2256 cujus
1089 2194 1327 2260 denique
1355 2195 1506 2263 justo
1554 2205 1685 2248 nutu
1720 2213 1902 2250 rerum
1948 2199 2062 2252 lucc

487 2281 818 2337 universitas
845 2287 1068 2348 regitur.
1128 2286 1492 2350 Quamobrem
1525 2289 1615 2352 qui
1670 2290 1798 2342 huic
1856 2291 2061 2343 servire

485 2372 772 2435 detrectat,
809 2385 905 2428 aut
932 2377 1149 2429 diversa
1187 2387 1426 2431 sectatur
1458 2381 1528 2432 ab
1557 2382 1640 2444 iis,
1673 2396 1794 2447 qua:
1842 2383 1911 2434 ab
1941 2383 2061 2450 ipso

488 2465 627 2517 facta
656 2477 803 2527 sunt,
837 2478 927 2520 aut
973 2471 1291 2536 probantur,
1321 2473 1364 2526 is
1414 2477 1636 2538 omnino
1677 2491 1888 2541 servus,
1938 2491 2059 2528 om-

486 2557 615 2610 nino
648 2561 1000 2628 mancipium,
1054 2579 1153 2616 nec
1187 2567 1383 2629 saneti,
1446 2582 1543 2619 nec
1586 2568 1702 2620 sani
1742 2569 2054 2637 quidquam,

487 2649 619 2702 nihil
655 2666 891 2719 unquam
917 2653 1050 2713 ,boni
1079 2656 1189 2708 ullo
1229 2657 1392 2710 modo
1425 2657 1626 2714 fecerit.

1239 2747 1350 2802 Lll.

559 2832 920 2901 Corrignntur
949 2839 1210 2902 exemplis
1232 2840 1618 2904 quidam,alios
1651 2841 1818 2895 ﬂectit
1843 2844 2056 2898 oratio:

489 2923 734 2974 nonnulli
805 2925 1028 2979 stimulo
1073 2927 1337 2992 indigent,
1394 2931 1481 2983 alii
1529 2931 1706 2988 freno.
1768 2933 1893 2988 llaec
1949 2936 2055 2988 divi

488 3013 732 3079 Gregorii
761 3030 860 3068 \ov
903 3024 1008 3070 est.
1037 3017 1300 3072 Omnibus
1353 3023 1535 3076 omnia
1567 3025 1684 3087 ﬁas,
1727 3026 1880 3093 quod
1920 3025 1970 3078 iu
2006 3033 2058 3080 te

487 3106 706 3168 quidem
738 3108 856 3171 erit,
915 3097 1341 3173 prout'siugnlis
1392 3113 1678 3180 expediet:
1731 3124 1787 3167 ut
1833 3118 2056 3168 omnino

490 3196 778 3260 quosdam,
806 3197 965 3250 veluti
1009 3199 1164 3253 divus
1199 3202 1490 3269 Apostolus
1539 3206 1625 3258 ille
1665 3207 1920 3276 loquitur,
1978 3210 2058 3263 lu-

488 3285 917 3339 eril'acias.Nam
972 3289 1084 3342 fieri
1117 3293 1340 3358 't-equit,
1372 3304 1428 3346 ut
1483 3310 1705 3349 omnes:
1756 3300 1973 3366 quando
1992 3317 2059 3355 ne

492 3377 633 3430 lli-us
689 3380 907 3444 quidem
952 3381 1023 3442 id,
1064 3383 1134 3434 ob
1177 3398 1294 3436 cam
1353 3401 1572 3440 causam
1650 3389 1811 3441 homo
1859 3391 2061 3446 factus.

488 3469 756 3525 Omnibus
777 3480 954 3524 autent
995 3479 1207 3540 placere
1257 3477 1418 3527 nolis.
1477 3477 1686 3547 Quippe
1721 3485 1769 3531 si
1819 3485 2058 3537 omnibus

489 3561 768 3628 placerem,
825 3579 929 3615 non
966 3580 1131 3616 essent
1204 3565 1404 3619 Christi
1450 3585 1649 3631 servm,
1691 3571 1864 3638 inquit
1920 3572 2058 3626 ide-n

495 3645 810 3720 Aposttilus.
857 3656 1238 3723 Arrogantiam
1271 3658 1373 3709 sibi
1426 3660 1687 3712 duntaxat
1734 3656 2057 3730 placentem,

495 3747 692 3814 ubique
734 3745 924 3810 fugito,
957 3742 1405 3805 contubernalem
1456 3752 1784 3817 solitudinis,
1822 3763 1878 3806 ut
1911 3754 2062 3808 Plato

493 3846 700 3891 ccHSet.
734 3837 864 3890 Nam
890 3847 941 3890 et
975 3841 1233 3892 Servator
1287 3850 1470 3893 uoster
1507 3843 1620 3908 ip~e
1672 3845 1771 3897 sibi
1801 3863 1905 3897 non
1951 3843 2062 3912 pla-

492 3931 623 3989 cuit,
663 3931 737 3982 uti
762 3932 1019 3994 scriptum
1045 3942 1146 3994 est,
1185 3933 1276 3984 St‘d
1321 3949 1485 3984 unum
1521 3935 1619 3988 hoc
1644 3946 1903 4003 perpetuo
1937 3954 2062 4004 spe-

493 4021 694 4081 etabat,
723 4031 780 4073 ut
809 4021 978 4072 bonos
1010 4023 1259 4075 meliores
1283 4023 1534 4085 ellicr-ret,
1575 4013 1632 4078 et.
1653 4029 1847 4089 malos,
1868 4030 2064 4082 immu-

497 4122 639 4162 talos
666 4109 883 4170 animis,
912 4112 1226 4170 corrigeret.
1258 4113 1391 4165 Cum
1429 4115 1570 4166 enim
1600 4118 1780 4170 onmia
1813 4121 1891 4171 sic
1917 4136 2063 4172 com—

499 4211 685 4268 parata
713 4202 841 4263 sint,
884 4209 941 4254 ut
997 4203 1253 4256 aﬂiuitate
1289 4206 1504 4272 quidem
1559 4208 1820 4271 alliciant,
1880 4210 2062 4263 diver-

493 4297 653 4349 sitate
712 4309 837 4347 vero
887 4302 1368 4362 avertant;atque
1423 4297 1596 4363 ipsum
1646 4301 1958 4352 conﬁrmari
1995 4301 2060 4353 ad

494 4388 863 4456 in'iproborum
898 4401 1100 4448 mores,
1128 4397 1185 4438 ut
1227 4401 1320 4439 eos
1361 4387 1426 4439 ad
1483 4390 1792 4442 societatem
1831 4391 1912 4444 sui
1948 4392 2065 4461 pcl-

2165 1909 2348 1962 λεῦσιν
2370 1911 2565 1964 ἑαυτὸν
2603 1915 2992 1982 παρεσχηκότα
3023 1913 3216 1975 τύπον,
3247 1913 3338 1963 καὶ
3368 1911 3589 1972 κανόνα,
3637 1910 3731 1961 καὶ

2164 2000 2348 2069 νόμον.
2384 2004 2482 2072 οὐχ
2507 1999 2670 2073 ἦττον
2706 2003 2890 2072 ἔργοις
2921 2005 2952 2072 ἢ
2991 2004 3192 2071 λόγοις.
3227 1997 3301 2056 υῦ
3337 2005 3430 2055 καὶ
3451 2005 3517 2070 τῇ
3551 2003 3734 2071 δικαίᾳ.

2162 2092 2328 2162 ψήφῳ
2369 2095 2520 2147 τουτὶ
2545 2095 2603 2146 τὸ
2642 2097 2865 2164 σύμπαν
2898 2096 3155 2152 ἰθύνεται.
3197 2097 3284 2155 Ὠς
3317 2096 3346 2148 ὅ
3377 2112 3438 2162 γε
3474 2095 3610 2163 πρὸς
3632 2095 3732 2162 τὴν

2163 2183 2316 2235 τοῦδε
2345 2184 2588 2236 δουλείαν
2626 2187 2964 2254 ἀφηνιάζων,
3015 2187 3050 2256 ἢ
3074 2185 3171 2254 τὴν
3223 2185 3472 2238 ἐναντίαν
3502 2184 3732 2253 βαδίζων

2162 2274 2269 2324 τῶν
2307 2274 2496 2344 ἐκείνῳ
2530 2277 2933 2344 πεπραγμένων
2983 2277 3040 2344 ἢ·
3064 2277 3405 2346 φιλουμὲνων
3435 2278 3570 2338 ὅλως
3607 2275 3730 2329 δοῦ-

2163 2363 2273 2425 λος,
2323 2365 2457 2426 ὅλως
2495 2365 2848 2435 ἀνδράποδον,
2902 2367 3053 2419 οὐδὲν
3106 2368 3281 2434 ὑγιὲς,
3332 2367 3484 2421 οὐδὲν
3515 2367 3583 2420 ἂν
3617 2365 3730 2420 οὐδ’

2162 2455 2465 2510 ὁπωστιοῦν
2493 2457 2737 2510 οὐδέποτ’
2764 2459 3057 2528 ἐργάσαιτο
3095 2461 3331 2530 χρηστόν

2885 2741 2931 2796 Ν
2937 2743 3004 2798 Β¹.

2233 2829 2370 2893 Τοὺς
2407 2831 2508 2900 μὲν
2536 2831 2658 2899 ἄγει
2681 2833 2857 2900 λόγος,
2886 2836 2934 2886 οἱ
2958 2835 3015 2886 δὲ
3055 2834 3413 2904 ρυθμίζονται
3436 2835 3725 2905 παραδείγ-

2166 2937 2314 2989 ματι.
2360 2923 2424 2975 Οἱ
2465 2923 2562 2990 μὲν
2591 2924 2806 2977 δέονται
2838 2926 3069 2994 κέντρου
3100 2966 3114 2988 ,
3143 2928 3192 2978 oi
3221 2927 3277 2980 δὲ
3315 2929 3547 2997 χαλινοῦ.
3579 2931 3719 2998 Γρη-
3749 2959 3752 2962 ·

2164 3015 2348 3083 γορίου
2379 3015 2523 3068 θείου
2573 3016 2730 3069 τοῦτο
2776 3018 2949 3086 φωνή.
2983 3016 3147 3070 Γενοῦ
3181 3020 3244 3089 δὴ
3307 3023 3440 3073 πᾶσι
3469 3022 3636 3074 πάντα
3666 3021 3726 3073 τὸ

2163 3105 2303 3157 κατὰ
2353 3107 2412 3157 σὲ
2444 3107 2579 3174 πρὸς
2617 3108 2676 3160 τὸ
2715 3109 2994 3177 συμφέρον
3039 3109 3324 3162 ἑκάστωνσ
3383 3113 3470 3164 ἵνα
3518 3112 3730 3167 παντως

2161 3197 2307 3258 τινας
2347 3198 2633 3270 κερδάνῃς,
2666 3199 2808 3250 κατὰ
2837 3200 2927 3250 τὸν
2960 3198 3102 3251 θεῖον
3139 3201 3485 3255 Ἀπ-ὅστολον.
3523 3203 3735 3263 Πάντας

2163 3287 2272 3354 γὰρ
2303 3286 2587 3351 ἀδύνατον,
2622 3289 2781 3341 ὁπότε
2816 3288 2939 3356 μηδ’
2966 3291 2992 3342 6
3022 3290 3173 3352 Θεὸς,
3204 3291 3342 3360 ὑπὲρ
3365 3293 3556 3344 τούτου
3580 3309 3740 3359 γεγο-

2162 3377 2265 3438 νὼς
2300 3378 2606 3447 ἅνθρωπος.
2652 3380 2743 3450 Μὴ
2775 3381 2894 3434 θέλε
2933 3383 2987 3434 δὲ
3021 3384 3193 3435 πᾶσιν
3226 3383 3504 3451 ἀρέσκειν.
3536 3384 3602 3437 El
3628 3385 3740 3452 γὰρ

2162 3467 2353 3521 πᾶσιν
2392 3469 2678 3536 ἤρεσκον,
2717 3471 2974 3538 Χριστοῦ
3019 3473 3239 3539 δοῦλος
3290 3477 3400 3528 οὐκ
3442 3475 3520 3528 ἂν
3557 3476 3737 3543 ἥμην,

2165 3563 2329 3626 φησὶν
2363 3564 2388 3609 6
2421 3561 2580 3623 αὐτὸς
2624 3563 2968 3626 Ἀπνὸστολος.
3023 3550 3198 3632 φεῦγε
3250 3565 3306 3617 δέ
3342 3583 3431 3633 μοι
3463 3566 3742 3633 πανταχοῦ

2163 3650 2262 3719 τὴν
2281 3650 2588 3716 αὐθάδειαν,
2605 3655 2810 3725 ἐρημίᾳ
2829 3657 3100 3720 σύνοικον,
3125 3657 3264 3709 κατὰ
3291 3657 3741 3710 Πλάτωνα.Ἑπεὶ

2163 3743 2256 3792 καὶ
2286 3744 2314 3794 6
2367 3729 2746 3812 Euripi)va
2794 3748 2890 3816 οὐχ
2941 3748 3118 3818 ἑαυτῷ
3152 3750 3370 3818 ἤρεσεν,
3405 3749 3594 3819 ὥσπερ
3645 3753 3736 3816 γέ-

2163 3852 2432 3905 γραπται,
2467 3837 2582 3890 ἀλλ’
2612 3838 2669 3889 έν
2700 3854 2761 3903 γε
2797 3839 2951 3894 τοῦτο
2994 3841 3211 3892 σκοπῶν
3238 3842 3553 3904 διετέλεσεν,
3585 3845 3731 3902 ὅπως

2163 3927 2292 3989 τούς
2315 3947 2371 3980 τε
2401 3932 2801 3998 χρηστοτέρους
2829 3930 3070 3999 βελτίους
3097 3932 3268 4002 δείξῃ,
3310 3934 3404 3984 καὶ
3445 3933 3562 3993 τοὺς
3591 3949 3733 3998 φαυ-

2163 4018 2414 4088 λοτέρους
2440 4021 2908 4089 ἐπανορθώσηται,
2965 4021 3460 4090 μεταϐαλλομένους
3481 4022 3577 4090 τὴν
3595 4021 3739 4087 γνὼο

2170 4127 2299 4178 μην.
2345 4111 2564 4180 Ἐπειδὴ
2593 4113 2701 4181 γὰρ
2740 4113 2948 4179 πέφυκε
2983 4112 3160 4165 πάντα
3195 4115 3259 4182 τῇ
3291 4111 3388 4179 μὲν
3417 4111 3738 4180 γνησιότητι

2166 4202 2397 4269 θέλγειν,
2429 4206 2494 4273 τῇ
2543 4203 2587 4255 δ’
2618 4203 2990 4273 ἀλλοτριότητι
3037 4204 3372 4274 ἀποτρέπειν
3397 4220 3408 4233 ·
3442 4204 3536 4256 καὶ
3570 4221 3744 4272 μετα-

2167 4293 2462 4361 ϐεϐλῆσθαι
2517 4293 2706 4347 τοῦτον
2761 4298 2896 4362 πρὸς
2941 4294 3010 4346 τὰ
3057 4294 3164 4347 τῶν
3207 4294 3458 4362 πονηρῶν
3500 4294 3631 4364 ἢθη,
3668 4292 3748 4354 ὥς

2167 4384 2535 4453 ἐφελκύσηται
2565 4387 2787 4446 τούτους
2820 4385 2953 4453 πρὸς
2985 4386 3084 4452 τὴν
3126 4384 3291 4437 αὐτοῦ
3324 4385 3745 4449 κοινωνίανμσύ·

495 4482 701 4540 liceret,
729 4481 955 4533 minime
1010 4480 1368 4533 conveniebat
1415 4481 1636 4549 (quippe
1702 4485 1974 4538 hominem
2012 4488 2061 4540 id

2169 4480 2356 4546 δαμῶς
2393 4478 2716 4547 γιγνόμενον
2746 4475 2813 4548 ἦν
2843 4479 2923 4546 (ού
2956 4480 3064 4548 γὰρ
3084 4479 3218 4547 πρὸς
3250 4478 3470 4544 ἀνδρὺς,
3499 4478 3657 4546 μήτοι
3683 4492 3745 4542 γε

493 4575 787 4636 tleenisset,
830 4571 1248 4633 ucduth-um).
1308 4585 1732 4629 consentaneum
1792 4587 1926 4645 erat,
1963 4581 2066 4634 hoc

493 4669 675 4736 potius
706 4664 856 4733 eligi,
896 4672 956 4718 ut
987 4665 1133 4731 ipsos
1160 4668 1223 4717 a:l
1251 4668 1586 4720 consortium
1633 4685 1790 4721 suum
1835 4685 2062 4724 convero

493 4771 646 4820 teret,
680 4769 730 4811 et
750 4757 812 4810 ad
845 4757 1076 4811 salutem
1107 4772 1266 4809 manu
1319 4760 1472 4823 quasi
1527 4761 1772 4812 duceret.
1830 4760 1926 4812 llic
1965 4760 2061 4813 tibi

493 4851 688 4903 modus
721 4849 1067 4915 usurpandus
1111 4850 1233 4906 erit,
1273 4864 1392 4900 eum
1422 4850 1559 4901 male
1610 4851 1851 4903 viventes
1895 4851 2064 4903 corri-

492 4957 621 5010 gere
662 4941 823 4994 voles.

1200 5031 1332 5086 Llli.

562 5120 793 5189 Insignis
820 5130 901 5175 est
927 5135 1130 5175 corona
1154 5138 1362 5192 regum,
1413 5123 1887 5192 pulcherrimcque
1939 5139 2070 5178 con-

492 5224 659 5278 tcxta,
691 5213 908 5266 mistum
943 5212 1318 5281 intelligentia!
1368 5218 1533 5268 robur
1592 5218 1859 5282 corporis.
1910 5215 2064 5280 Quod

495 5308 539 5360 si
589 5325 617 5361 a
673 5314 941 5376 potestate
994 5305 1135 5358 absit
1215 5308 1468 5368 eruditio,
1501 5320 1612 5362 tum
1661 5309 1836 5376 ipsum
1877 5310 2065 5367 robur,

493 5407 607 5450 tum
645 5396 912 5466 quidquid
964 5381 1260 5461 aliudrius
1296 5409 1378 5450 est
1421 5401 1655 5465 generis,
1704 5409 2063 5468 prmtcrrpiam

495 5493 638 5558 quod
665 5489 1007 5543 nihilsecum
1048 5486 1152 5539 fert
1188 5487 1338 5548 boni,
1374 5489 1557 5542 damni
1615 5503 1834 5557 quoque
1865 5489 2067 5556 smpius

496 5584 840 5636 occasionem
866 5581 1088 5650 praebet.
1125 5578 1336 5647 Quippe
1370 5596 1464 5632 nec
1486 5596 1659 5648 equus
1680 5581 1960 5633 animosus
1987 5591 2070 5632 at-

498 5690 603 5739 que
625 5673 880 5729 robustus
899 5674 1018 5728 usui
1041 5674 1203 5728 fuerit
1226 5671 1393 5738 equiti
1415 5671 1640 5740 vulgari.
1660 5672 1888 5737 Quando
1907 5671 2071 5753 igitur

504 5764 665 5819 etiam
700 5767 751 5819 id
782 5767 1003 5821 noxium
1054 5777 1152 5832 cst,
1203 5763 1348 5834 quod
1399 5763 1536 5819 inest
1583 5772 1790 5818 natura:
1842 5764 2067 5826 bonum,

2164 4571 2228 4638 δὴ
2243 4569 2424 4638 Θεοῦ)ο
2442 4571 2586 4633 εἰκὸς
2607 4567 2675 4638 ἦν
2693 4573 2866 4622 ἐκεῖνο
2891 4569 3092 4637 μᾶλλον
3111 4569 3326 4622 ἑλέσθαι
3347 4571 3569 4629 τούτους
3589 4585 3754 4633 μετα-

2169 4663 2352 4716 ῦαλεῖν
2381 4664 2514 4731 προς
2569 4665 2666 4732 τὴν
2701 4663 2867 4715 αὐτοῦ
2905 4663 3234 4729 μετουσίαν,
3276 4663 3366 4712 καὶ
3395 4661 3529 4729 πρὸς
3575 4669 3750 4728 σωτη-

2171 4757 2291 4825 ρίαν
2333 4757 2618 4824 ὁδηεγῆσαι.
2661 4757 2828 4816 Οὗτός
2871 4773 2954 4806 σοι
2990 4755 3255 4822 χρηστέος
3295 4756 3323 4806 6
3354 4754 3576 4821 τρόπος,
3601 4753 3747 4821 διορ-

2169 4849 2392 4899 θοῦσθαι
2421 4849 2626 4900 Οέλυντι
2657 4849 2874 4914 φχύλως
2905 4849 3135 4910 ζῶντας.

2901 5025 3020 5081 Nl".

2256 5123 2440 5192 Ῥώμη
2467 5123 2717 5188 σώματος
2752 5122 3171 5188 συγκεκραμένη
3195 5117 3414 5167 συνέσει
3441 5109 3748 5178 πεπλεγμέ-

2173 5231 2260 5274 νος
2291 5215 2489 5281 ἄριστα
2511 5213 2622 5272 τοῖς
2640 5208 3031 5280 τυραννεύουσι
3055 5208 3339 5274 στέφανος.
3369 5206 3485 5258 Κᾶν
3511 5205 3624 5272 ἀπῇ
3649 5202 3749 5267 τῆς

2172 5301 2488 5364 δυναστείας
2513 5304 2545 5370 ἡ
2590 5301 2897 5362 παίδευσις,
2930 5299 2992 5351 τὸ
3024 5301 3215 5368 ῥώμης
3248 5297 3467 5365 χρῆμα,
3499 5297 3593 5346 καὶ
3639 5293 3748 5345 πᾶν

2169 5395 2434 5449 τοιοῦτον,
2464 5394 2597 5463 πρὸς
2627 5394 2704 5460 τῷ
2733 5391 2899 5461 μηδέν
2933 5408 2984 5442 τι
3018 5390 3407 5458 προσενεγκεῖν
3428 5387 3535 5439 τῶν
3566 5384 3750 5436 καλῶν

2175 5490 2268 5540 καὶ
2300 5486 2504 5554 βλάϐην
2533 5486 2682 5537 ἐστιν
2707 5486 2794 5536 ὅτε
2825 5481 3212 5552 προύξένησεν.
3243 5479 3396 5531 Ἐπεὶ
3423 5477 3547 5546 μηδ’
3587 5475 3754 5536 ἵππος

2175 5577 2526 5647 ὑπέρθερμος
2557 5593 2614 5627 τε
2637 5578 2732 5628 καὶ
2759 5572 2979 5643 ἰσχυρὸς
3014 5573 3186 5624 ίππέα
3223 5570 3493 5640 βάναυσον
3519 5565 3756 5634 ὤνησεν.

2177 5674 2346 5724 Ὅταν
2364 5669 2455 5722 οὖν
2479 5668 2572 5722 καί
2589 5670 2648 5719 τὸ
2668 5665 2832 5719 καλὸν
2856 5667 2953 5733 τῆς
2977 5664 3193 5731 φύσεως
3219 5657 3760 5730 βλαϐερὸν,παιδείας

2179 5767 2441 5831 ἄγευστον
2469 5761 2548 5823 ὃν,
2587 5759 2768 5812 πόσων
2795 5758 2973 5810 πόνων
3004 5758 3097 5808 καὶ
3125 5753 3362 5822 σπουδῆς
3383 5747 3640 5803 ὠνεῖσθαι
3657 5747 3758 5816 τὴν
