4166 6270
396 350 501 414 353

398 571 480 618 σις
514 555 629 624 ἅμα
656 556 794 623 πρδς
826 551 1077 620 τάγαθὸν,
1111 553 1297 623 νεότης
1322 555 1636 623 φιλομαθῶς
1659 541 1717 607 τέ
1745 555 1965 625 ἔχουσα,

398 644 492 698 καὶ
536 647 784 713 ἐνεργεῖν
824 643 1109 707 ἐθέλουσα,
1162 644 1191 697 δ
1250 645 1562 714 μεμάθηκε.
1598 645 1819 706 Σύνεσις
1864 646 1973 712 γὰρ

397 734 575 805 ἀγαθὴ
608 736 669 788 οὐ
703 736 816 798 τοῖς
859 738 1104 799 συνετοίς
1149 736 1360 802 ἁπλῶς,
1390 738 1526 790 ἀλλὰ
1569 738 1679 798 τοίς
1726 736 1972 790 ποιοῦσιν

395 826 583 895 αὐτήν.
608 828 764 879 Δυοῖν
794 826 887 879 οὖν
909 826 1107 889 ὄντοιν,
1142 829 1336 898 ἄρχειν
1368 846 1450 891 τε,
1481 832 1573 881 καὶ
1610 829 1827 897 ίδιῶτην
1865 833 1970 882 ὐπ-

397 920 611 985 άρχειν,
648 921 740 969 καὶ
785 920 1047 989 ἐκατέρου
1076 921 1457 990 διαιρουμένου
1490 925 1571 984 εἰς
1597 923 1657 974 τὸ
1696 921 1872 983 καλῶς
1909 939 1969 972 τε

396 1009 492 1059 καὶ
519 1008 622 1077 μὴ,
659 1007 877 1080 ζηλωτὴ
924 1014 1022 1076 μὲν
1059 1010 1310 1080 ξυνωρὶς,
1359 1014 1406 1064 εἰ
1452 1013 1512 1075 ἐξ
1545 1015 1751 1082 ἀμφοῖν
1799 1014 1969 1083 αὐτὴν

400 1098 819 1169 ξυναρμόσειας,
848 1102 880 1170 ὴ
912 1101 1006 1152 τοῦ
1020 1101 1214 1171 ἄρχειν
1240 1103 1334 1155 καὶ
1362 1104 1543 1166 καλῶς
1566 1121 1580 1134 ο
1607 1105 1668 1156 οὐ
1699 1104 1805 1174 μὴν
1831 1105 1877 1155 δ’
1903 1105 1970 1157 ἂν

397 1192 482 1261 εἴη
518 1192 626 1244 τῶν
660 1194 760 1245 οὐκ
798 1195 1216 1262 ἐπαινουμένων
1248 1195 1308 1248 τὸ
1331 1197 1424 1248 καὶ
1454 1197 1556 1268 τὴν
1583 1200 1784 1266 μοῖραν
1816 1200 1971 1264 στέρ-

398 1299 562 1349 γοντα
612 1283 710 1351 τῆς
743 1284 1016 1346 ἰδιωτείας
1044 1285 1105 1353 τὸ
1160 1286 1345 1356 σχῆμα
1392 1287 1591 1351 σώζειν
1641 1288 1715 1348 ὡς
1746 1287 1968 1356 ἄριστα.

397 1374 656 1427 Δείπετσι
688 1376 945 1429 κάκιστον
977 1374 1136 1441 εἶναι,
1167 1379 1561 1432 δυναστεύοντα
1590 1379 1799 1442 κακῶς,
1848 1376 1967 1445 Θεῷ

397 1467 491 1517 καὶ
513 1463 776 1520 συνειδότι
797 1468 1182 1539 προσκρούειν,
1206 1471 1364 1541 δόξης
1383 1472 1567 1540 κενῆς,
1596 1470 1806 1524 καὶτοῦ
1834 1487 1970 1540 χρη-

396 1560 719 1630 ματίζεσθαι
755 1563 847 1614 καὶ
879 1560 1150 1631 ρᾳθυμείν
1174 1563 1358 1616 ἕνεκα.

1346 350 1761 415 ΡΠᾸΞΟΕΡΤΚ
1802 349 2317 409 EDUCATIONIS
2359 350 2642 409 REGI.E.
2719 299 2729 311 '

400 462 634 532 μάθησιν
666 461 781 526 δεϊ;
815 460 993 514 Καλὸν
1025 460 1080 513 δέ
1107 461 1197 513 ml
1230 462 1328 532 ἡδὺ
1356 461 1538 530 θέαμα
1566 465 1658 516 καὶ
1684 464 1966 533 παράκληο

2072 466 2116 517 si
2151 467 2545 520 abcruditionc
2580 465 2941 520 destituatur:
2975 466 3191 534 quantis
3214 466 3512 531 laboribus,
3537 485 3644 536 (μω
3736 538 3739 539 ν

3538 351 3641 412 354

2076 559 2279 621 studio,
2328 558 2590 610 doctrinae
2636 556 2878 627 cognitio
2928 564 3012 609 est
3071 558 3639 623 comparandaYPui-

2075 650 2268 703 chrum
2303 663 2434 703 sane
2459 648 2875 717 jttcundumque
2912 650 3285 717 spectaculum
3342 660 3446 713 est,
3477 662 3531 705 et
3564 657 3646 704 iu-

2074 741 2433 793 citamcntum
2475 738 2749 807 quoddam
2788 738 2853 790 ad
2881 738 3105 803 bonum,
3163 738 3424 806 juventus
3468 749 3521 793 et
3555 740 3643 794 di-

2072 831 2259 884 scendi
2314 830 2530 898 cupida,
2567 839 2622 883 et
2670 831 2815 898 qtth
2874 830 3087 893 didicit,
3131 830 3263 898 ipsis
3302 831 3459 884 lactis
3506 847 3645 899 prae-

2069 923 2489 978 standiJ‘eritia
2522 938 2757 992 namque
2784 938 2892 976 non
2948 923 3266 991 simpliciter
3327 924 3516 992 peritis
3560 936 3644 977 est

2069 1016 2230 1081 bona,
2278 1016 2373 1070 sed
2407 1015 2659 1083 peritiam
2695 1031 2848 1069 suam
2891 1015 3316 1068 declarantibus.
3349 1014 3483 1068 Cum
3514 1031 3643 1082 ergo

2068 1108 2189 1158 duae
2215 1120 2301 1157 res
2324 1105 2453 1165 sint,
2482 1104 2772 1174 imperare,
2807 1119 2871 1158 ac
2913 1108 3180 1173 privatum
3230 1119 3371 1167 esse,
3408 1120 3639 1173 quorum

2070 1207 2360 1265 utrumque
2423 1199 2776 1267 distinguitur
2804 1198 2859 1250 in
2895 1198 2968 1262 id,
3024 1200 3167 1268 quod
3204 1209 3374 1261 recte,
3423 1214 3642 1266 quoque

2068 1303 2228 1343 secus
2251 1290 2341 1341 ﬁt:
2397 1290 2672 1357 egregium
2718 1303 2851 1342 sane
2895 1304 2993 1355 par
3048 1288 3234 1352 fuerit,
3269 1303 3333 1342 ex
3376 1289 3640 1342 ambobus

2070 1362 2390 1445 conﬂatum,
2450 1382 2720 1448 imperare
2772 1380 3002 1441 scilicet,
3057 1395 3121 1433 ac
3151 1386 3300 1433 recte
3349 1380 3641 1447 imperare.

2066 1471 2177 1525 Nec.
2213 1472 2390 1524 laudis
2443 1466 2638 1539 expers
2691 1471 2814 1532 crit,
2844 1471 3124 1547 qui_sorte
3188 1484 3285 1523 sua
3334 1479 3640 1525 contentus.

2067 1563 2192 1617 vita:
2225 1564 2447 1632 privata:
2477 1563 2739 1615 ratimtem
2779 1577 2938 1630 quant
2972 1563 3178 1628 Optime
3215 1570 3413 1614 tuetur.
3435 1552 3669 1620 μεθίημ’
3746 1551 3751 1555 ’

395 1672 515 1713 esse
545 1659 866 1725 pessimum,
898 1660 991 1729 qui
1020 1669 1288 1729 potestate
1323 1661 1574 1727 abutens,
1606 1659 1773 1716 Deum
1808 1658 2015 1729 pariter
2044 1670 2098 1713 et
2125 1659 2522 1712 conscientiam
2589 1657 2814 1710 otl'cndit
2883 1671 3036 1710 vanae
3084 1656 3290 1725 gloriae,
3365 1671 3527 1724 opum
3590 1664 3647 1708 et

397 1750 627 1819 ignavia:
656 1765 844 1805 causa.

1117 1840 1241 1895 Na“

469 1933 634 1986 Ούδέν
664 1934 792 2002 ὑμῖν
819 1934 915 1995 τὰς
938 1931 1117 1994 λύπας
1139 1932 1389 2001 ἐντήκειν
1423 1929 1636 1994 εἴωθεν,
1665 1932 1742 1997 ὡς
1769 1934 1831 1985 τδ
1847 1936 1969 1995 rati;

396 2024 716 2093 ἐπιθυμίαις
764 2026 980 2077 ἔκδοτον
1020 2021 1181 2077 εἶναι.
1235 2026 1428 2093 Ζητείν
1480 2024 1578 2091 μέν
1612 2027 1717 2094 γὰρ
1749 2026 1966 2095 ἀνάγκη

394 2117 483 2169 τὸν
510 2120 815 2186 ἐφιέμενον·
839 2117 898 2169 ἐν
927 2117 981 2169 δέ
1004 2115 1080 2185 τῷ
1106 2116 1204 2186 βίῳ
1233 2116 1300 2169 τὰ
1322 2117 1421 2181 τῆς
1443 2118 1742 2187 ἀποτυχίας
1765 2120 1966 2172 πλεον-

397 2209 565 2262 εκτεῖ.
627 2209 733 2260 Kal
769 2207 939 2260 πολλὰ
971 2224 1054 2270 τις
1083 2208 1313 2270 ἐλπίσας
1341 2208 1616 2278 εὑρήσειν,
1646 2210 1845 2276 ὀλίγων
1867 2210 1964 2278 μό-

390 2299 478 2361 λις
525 2299 908 2375 ἐπιτετύχηκε.
947 2299 1111 2349 Τουτὶ
1162 2297 1219 2351 δὲ
1278 2296 1402 2368 ῥίζα
1431 2300 1528 2351 τοῦ
1571 2299 1853 2369 τήκεσθαι.
1893 2300 1967 2352 Τὸ

398 2390 505 2461 ἄρα
537 2392 767 2460 πάσχειν
792 2389 1136 2455 λυπούμενον
1164 2391 1234 2441 ’ἐκ
1265 2390 1372 2443 τῶν
1398 2391 1706 2460 ἐπιθυμιῶν
1743 2392 1817 2455 ὡς
1850 2395 1967 2445 ἐπι-

399 2481 593 2534 τοπολὺ
621 2483 890 2549 γίγνεται.
918 2482 1027 2533 Kal
1045 2481 1232 2533 λοιπὸν
1264 2481 1391 2533 νοῦν
1420 2482 1603 2551 ἔχουσι
1629 2484 1699 2534 τὰ
1717 2483 1817 2552 τῆς
1848 2486 1967 2536 ἐπι-

402 2571 603 2639 θυμίας
640 2570 929 2634 κολάζειν·
980 2570 1048 2622 ἵν’
1095 2567 1224 2643 ᾖτδ
1254 2570 1448 2625 δάκνον
1500 2574 1681 2640 ὀλίγον
1726 2575 1966 2636 σπανίως

402 2661 863 2729 ἀποτυγχάνουσι.
894 2660 1001 2712 Καὶ
1024 2658 1199 2722 ἄλλως
1222 2660 1280 2712 δέ
1309 2665 1618 2729 περινοστεῖ
1641 2661 1733 2714 τὸν
1758 2662 1967 2731 ἀνθρώ-

403 2772 558 2809 πινον
588 2746 706 2824 βίον
749 2752 1136 2822 συμπτώματα
1172 2769 1294 2805 τινα
1328 2751 1651 2819 πλήττοντα,
1698 2753 1793 2805 καὶ
1837 2754 1967 2822 ῥᾷον

400 2851 464 2903 ἄν
481 2866 565 2911 τις
593 2848 801 2915 γένοιτο
825 2844 1111 2914 πτηνὺνβξ
1131 2844 1441 2915 ἀνθρώπου,
1462 2845 1492 2914 ἢ
1517 2844 1749 2915 καθαρὸς
1775 2844 1965 2913 ὀφθείη

398 2941 650 2995 τουτωνί.
682 2939 1008 3010 Πειρᾶταιδ’
1040 2937 1136 2990 οῦν
1164 2937 1366 3001 αὐτῶν,
1385 2937 1453 3004 ἢν
1482 2937 1708 3008 ἐπέλθῃ,
1739 2939 1858 3007 οὐχὶ
1878 2954 1967 2989 το-

402 3033 591 3085 σοῦτον
620 3032 825 3100 ἀγρίων
857 3033 886 3083 ὀ
917 3028 1378 3100 προύργιαίτερον
1409 3030 1637 3098 θέμενος
1684 3032 1895 3098 φέρειν,
1920 3030 1965 3084 ἃ

403 3122 479 3193 μὴ
506 3123 729 3176 δύναται
757 3122 1004 3193 διορθοῦν
1029 3138 1040 3151 ·
1072 3120 1229 3183 εἰδὼς
1264 3121 1340 3192 μὴ
1375 3117 1514 3175 είναι
1549 3123 1774 3176 δυνατὸν
1819 3121 1965 3194 λύπῃ

397 3214 458 3268 τὸ
487 3215 692 3269 λυποῦν
724 3215 1044 3271 ἀποθέσθαι.

1115 3488 1233 3544 NE’.

396 3592 407 3599 ‘
472 3582 787 3648 Φιλοσοφίαν
804 3580 1248 3651 ἐπιδεικνύμενος
1268 3597 1351 3641 τις
1363 3580 1471 3633 τῶν
1492 3580 1751 3647 ποιητῶν,
1772 3578 1962 3649 εἴρηκε

388 3673 605 3726 -τοιάνδε
637 3671 862 3739 γνώμην
873 3682 899 3724 ".

546 3763 667 3814 οὐκ
697 3762 867 3814 ἐστιν
881 3760 1077 3829 εὑρεῖν
1101 3760 1244 3823 βίον
1269 3760 1509 3813 ἄλυπον
1532 3761 1601 3811 ἐν
1629 3759 1854 3812 οὐδενί.

468 3854 677 3916 Πάντες
707 3852 805 3921 μέν
832 3849 925 3903 οὖν
955 3852 1146 3919 ἐκείνῳ
1169 3850 1629 3918 συμφθέγξονται,
1649 3853 1745 3917 τῆς
1769 3852 1965 3915 πείρας

396 3943 759 4011 διδασκούσης
788 3941 1020 4010 τάληθές
1045 3956 1061 3973 ·
1096 3941 1243 3993 δοκεῖ
1269 3942 1325 3993 δέ
1355 3959 1446 4008 μοι
1478 3941 1598 3992 λίαν
1636 3946 1803 4008 σαφὲς
1834 3957 1964 3992 κατ-

395 4035 755 4089 εσκευακέναι
785 4034 876 4085 τὸν
916 4033 1107 4100 ἄνδρα.
1141 4033 1412 4094 Ἕκαστος
1435 4033 1542 4099 γὰρ
1576 4033 1861 4082 ἐπίσταται
1902 4033 1966 4083 ἐκ

394 4127 503 4181 τῶν
556 4126 705 4178 ἰδίων
742 4123 1134 4192 ἀτυχημάτων,
1170 4125 1264 4177 καὶ
1301 4123 1498 4189 γένοιτ’
1531 4122 1598 4174 ἂν
1645 4119 1965 4182 διδάσκαλος

394 4219 500 4271 τῶν
529 4220 585 4270 ἐν
616 4216 693 4287 τῷ
713 4217 817 4287 βίῳ
845 4217 1053 4269 κακῶν.
1080 4215 1379 4282 Φιλόσοφον
1403 4212 1457 4265 δὲ
1482 4213 1654 4283 ἀληθῆ
1683 4213 1965 4281 νομιστέον

395 4310 488 4363 τὸν
523 4309 724 4380 μᾶλλον
772 4308 954 4377 ἔργοις
989 4306 1020 4376 ἢ
1053 4307 1231 4373 λόγοις
1277 4306 1748 4374 ἐπιδεικνύμενον.
1784 4305 1880 4372 Εἴτε
1920 4307 1964 4356 δ’

396 4404 463 4456 ἂν
491 4403 642 4464 οὗτος
683 4402 909 4463 ἐκεῖνος,
945 4396 974 4448 ὁ
1005 4396 1185 4449 καλῶν
1215 4395 1364 4465 αὐτῷ
1391 4397 1660 4464 κειμένων
1697 4396 1774 4456 εἰς
1812 4396 1965 4463 αἰρε-

399 4511 483 4547 σιν
538 4495 597 4545 τδ
622 4496 874 4562 κρεῖττον
907 4489 1261 4557 ἐκλεγόμενος
1286 4504 1301 4517 ·
1330 4489 1515 4540 κακῶν
1547 4488 1604 4540 δέ
1639 4487 1960 4555 ἐπενεχθέν-
1989 4518 2037 4572 D

396 4602 524 4649 των,
552 4583 613 4637 τὸ
634 4582 964 4649 κουφότερον
987 4581 1296 4651 δεχόμενος,
1331 4579 1427 4631 καὶ
1446 4579 1506 4629 τὸ
1541 4578 1638 4645 μέν
1668 4578 1832 4630 καλὸν
1861 4594 1960 4631 κα-

396 4673 503 4735 λῶς
533 4671 915 4739 ἐργαζόμενος,
940 4671 1000 4719 τὸ
1025 4670 1083 4720 δέ
1111 4668 1344 4735 χαλεπὸν
1373 4667 1715 4738 πειρώμενος
1746 4669 1959 4737 φέρειν,
1983 4723 2009 4736 χ

395 4764 473 4825 ὡς
510 4762 767 4831 ἐλάχιστα
805 4760 1155 4829 λυπούμενος.

1101 4938 1241 5005 NQ".

469 5034 654 5088 Ἥδιον
679 5033 901 5105 εἰρήνης
922 5030 1094 5096 οὐδὲν,
1119 5031 1179 5082 ού
1206 5031 1275 5099 μό
1288 5047 1367 5083 ιον
1386 5031 1527 5100 λέγω
1559 5030 1657 5100 τῆς
1685 5030 1960 5098 ἰδιωτικῆς

407 5128 628 5196 ,αυτησὶ
655 5127 753 5193 τῆς
782 5124 906 5177 καθ’
947 5124 1197 5188 ἕκαστον,
1226 5123 1359 5175 ἀλλὰ
1390 5124 1455 5193 δὴ
1493 5124 1588 5177 καὶ
1619 5122 1714 5191 τῆς
1750 5124 1957 5192 κοινῆς,

404 5222 493 5290 σῆς
531 5218 639 5273 τῶν
698 5218 976 5287 ἀρχόντων
1014 5218 1146 5288 πρὸς
1178 5218 1467 5286 ἄρχοντας.
1520 5216 1630 5267 Kal
1674 5214 1853 5282 πολλῷ
1895 5230 1957 5281 γε

403 5311 596 5382 Ιιᾶλλον
626 5309 831 5377 ταύτην
858 5307 1077 5377 ἐκείνης
1117 5309 1442 5377 προτίθημι,
1471 5307 1566 5360 an
1598 5308 1708 5368 τοῖς
1742 5305 1959 5367 πολλοῖς

406 5401 687 5470 ὒφέλιμον,
718 5402 813 5453 καὶ
845 5399 1187 5470 χορηγοῦσαν
1216 5398 1421 5467 θατέρᾳ.
1446 5402 1543 5459 τὰς
1573 5399 1848 5467 ἀφορμάς.
1893 5398 1958 5449 Εἰ

403 5493 524 5562 γοῦν
546 5495 687 5558 ἐνὸν,
718 5493 858 5544 κατὰ
888 5494 981 5543 τὸν
1014 5491 1157 5543 θεῖον
1197 5490 1545 5555 ’Λπόστολον,
1566 5491 1703 5558 μετὰ
1738 5490 1957 5542 πάντων

398 5589 660 5659 ιίρήνευε,
724 5588 819 5639 καὶ
873 5585 1101 5653 μηδενὸς
1151 5584 1397 5657 ύπάρξῃς
1426 5582 1649 5659 κακοῦ·
1699 5582 1833 5634 ἀλλὰ
1865 5582 1958 5633 καὶ

391 5680 518 5741 τοὺς
543 5678 703 5732 τοῦτο
733 5676 1020 5739 ποιοῦντας
1050 5675 1229 5746 πειρῶ
1262 5675 1510 5728 κωλύειν.
1549 5674 1696 5743 Μηδὲ
1732 5673 1958 5743 πολέμει

395 5770 529 5838 πρὸς
554 5769 816 5838 ἀδελφοὺς
838 5769 963 5831 τοὺς
988 5768 1096 5820 ἀπὸ
1119 5766 1382 5838 Χριστοῦ,
1405 5767 1540 5837 μήτε
1575 5767 1683 5837 μὴν
1715 5769 1845 5837 πρὸς
1874 5768 1958 5817 δν-

2798 1837 2937 1893 'LIV.

2141 1930 2380 1985 Blandiri
2413 1930 2823 1997 cepiditatibus,
2887 1931 3078 1999 eisque
3118 1928 3359 1984 deditum
3416 1944 3557 1989 esse,
3588 1928 3641 1982 id

2068 2039 2197 2077 vero
2230 2023 2547 2101 majorcs’in
2580 2022 2738 2075 nobis
2763 2022 3005 2075 excitare
3040 2023 3255 2075 dolores
3286 2022 3440 2085 solet,
3475 2038 3638 2089 quam

2069 2114 2216 2167 nulla
2244 2129 2329 2167 res
2355 2114 2479 2167 alia.
2517 2113 2649 2166 Nam
2678 2115 2768 2181 qui
2797 2115 3021 2182 appetit,
3054 2122 3263 2181 quaerat
3288 2129 3512 2166 necesse
3533 2122 3638 2166 est.

2067 2203 2135 2256 At
2164 2203 2216 2256 in
2251 2204 2532 2256 hominum
2567 2204 2672 2255 vita
2701 2205 2932 2271 repulsae
2975 2205 3469 2272 frustrationesque
3525 2205 3642 2272 spei

2069 2296 2466 2364 frequentiores
2493 2304 2640 2351 sunt.
2693 2296 2889 2348 ltidem
2950 2298 3043 2365 qui
3104 2298 3271 2349 multa
3304 2314 3362 2352 se
3400 2307 3644 2365 repertu-

2070 2402 2188 2440 rum
2223 2388 2468 2457 putabat,
2506 2390 2592 2440 vix
2631 2404 2801 2456 pauca
2855 2392 3234 2443 nattciscitur:
3267 2406 3328 2443 ea
3368 2405 3495 2443 vero
3525 2389 3642 2457 {du-

2069 2478 2202 2532 loris
2231 2485 2320 2533 est
2339 2481 2510 2542 radix,
2530 2491 2859 2549 quapropter
2885 2482 3222 2550 aegritudinis
3252 2496 3447 2536 sensus
3481 2497 3511 2535 e
3541 2498 3642 2535 cu-

2068 2570 2386 2637 piditatibus
2410 2574 2730 2641 plerumque
2773 2576 3036 2627 nascitur.
3081 2573 3315 2641 Ideoque
3367 2583 3553 2637 restat,
3583 2582 3643 2628 ut

2071 2671 2249 2715 mente
2281 2664 2487 2731 praediti
2524 2665 2805 2718 libidinem
2852 2666 3016 2717 animi
3058 2674 3383 2719 coerceant:
3415 2682 3523 2732 quo
3546 2680 3643 2732 spe

2069 2766 2166 2803 sua
2199 2751 2465 2819 frustrati,
2496 2756 2734 2809 minores
2765 2756 2932 2808 animi
2958 2762 3173 2809 mo‘rsus
3202 2756 3399 2809 ferant.
3428 2757 3641 2825 Quippe

2068 2845 2394 2913 caeteroquin
2423 2846 2583 2898 etiam
2616 2862 2776 2900 casus
2795 2847 2976 2901 acerbi
3014 2850 3230 2916 quidam
3283 2850 3334 2900 itt
3360 2851 3466 2901 vita
3497 2864 3643 2902 mor~

2071 2937 2256 2992 talium
2285 2939 2429 2992 velut
2455 2939 2832 3007 objurgantur,
2872 2947 2926 2993 et
2979 2939 3192 2992 facilius
3223 2955 3289 2993 ex
3324 2940 3542 2995 homine
3575 2941 3640 2993 ﬂ-

2066 3028 2143 3079 eri
2172 3030 2344 3095 possit
2390 3030 2527 3091 aris,
2557 3044 2720 3097 quant
2764 3037 2820 3080 ut
2872 3029 2939 3080 ab
2970 3029 3116 3081 hisce
3168 3045 3302 3097 pure
3355 3030 3636 3084 liberetur.

2075 3116 2269 3172 Verum
2320 3135 2437 3183 eos,
2487 3121 2529 3174 si
2563 3123 2782 3189 quidem
2827 3124 3108 3183 accedant,
3173 3137 3275 3174 non
3305 3122 3440 3175 adeo
3493 3124 3645 3175 diros

2065 3211 2362 3279 experitur,
2396 3212 2484 3277 qui
2523 3213 2890 3278 prtcstabilius
2945 3227 3065 3266 esse
3116 3221 3290 3279 putat,
3348 3228 3410 3265 ea
3467 3213 3635 3275 ferre,

2065 3315 2187 3369 quae.
2220 3300 2493 3367 corrigere
2520 3316 2624 3352 non
2658 3301 2827 3365 licet,_
2856 3315 2980 3353 cum
3022 3299 3141 3353 ﬁeri
3167 3315 3272 3352 non
3333 3314 3493 3367 posse
3543 3312 3641 3352 no-

2066 3392 2158 3456 rit,
2193 3401 2250 3445 ut
2274 3391 2520 3445 dolorem
2563 3391 2753 3445 dolore
2783 3392 3032 3457 repellat.

2809 3480 2915 3535 LV.
3004 3474 3015 3481 ’

2134 3574 2335 3630 Volens
2397 3585 2552 3643 poeta
2601 3575 2821 3644 quidam
2865 3576 3163 3642 pratdicare
3214 3576 3636 3647 philosophiam,

2065 3668 2387 3720 sententiam
2419 3665 2726 3733 hujusntodi
2758 3667 3024 3732 protulit:

2135 3759 2407 3826 Nusquam
2440 3759 2660 3809 inveniri
2689 3761 2799 3810 vita
2831 3759 3008 3811 dolore
3051 3771 3445 3828 carenspolest.

2141 3848 2274 3901 Iluic
2306 3847 2465 3901 facile
2497 3850 2677 3901 cuncti
2736 3850 3123 3911 assentientur,
3179 3853 3510 3919 experientia
3539 3855 3632 3903 do-

2067 3950 2222 3991 cente
2249 3939 2392 4006 quod
2424 3954 2611 3991 verum
2637 3946 2741 3992 est.
2778 3939 2906 3994 Mihi
2938 3942 3157 4009 quidem
3196 3944 3277 3995 vir
3313 3943 3400 3998 hic
3437 3945 3633 3997 diluci-

2066 4030 2133 4084 de
2151 4047 2261 4083 rem
2284 4031 2583 4098 explicasse
2615 4032 2845 4086 videtur.
2878 4031 3089 4087 Etenim
3124 4035 3275 4090 novit
3297 4035 3397 4090 hoc
3421 4052 3484 4090 ex
3515 4038 3634 4092 suis

2068 4123 2296 4191 quisque
2328 4123 2544 4177 casibus
2579 4125 2846 4186 adversis,
2889 4125 2959 4177 ita
2997 4126 3237 4193 quidem,
3278 4136 3335 4181 ut
3371 4127 3534 4181 etiam
3566 4128 3633 4180 de

2069 4212 2189 4265 vita:
2226 4214 2383 4267 malis
2406 4215 2556 4289 alios
2599 4230 2817 4268 movere
2852 4215 3044 4283 possit.
3073 4216 3119 4269 ls
3146 4226 3329 4270 autem
3363 4233 3492 4270 vere
3512 4218 3633 4285 phi-

2066 4303 2324 4374 losophus
2378 4306 2774 4359 existimandus
2837 4314 2938 4368 est,
2986 4306 3081 4374 qui
3137 4322 3196 4360 se
3255 4308 3632 4376 philosophum

2068 4396 2224 4449 lactis
2275 4396 2454 4463 potius
2518 4412 2679 4463 quam
2716 4397 2890 4450 verbis
2923 4398 3135 4464 pruhat.
3164 4400 3239 4450 Ac
3266 4399 3386 4452 talis
3415 4400 3632 4467 quidem

2067 4492 2112 4553 is
2150 4490 2329 4552 fuerit,
2354 4491 2446 4556 qui
2497 4488 2765 4542 honorum
2824 4490 3086 4542 electione
3134 4480 3456 4558 proposita,‘
3487 4492 3632 4559 quod

2064 4581 2262 4634 melius
2287 4588 2389 4641 est,
2437 4580 2623 4647 eligit;
2655 4581 2812 4634 malis
2858 4581 3211 4642 irruentibus,
3261 4582 3404 4649 quod
3461 4582 3634 4634 levius

2063 4681 2166 4735 est,
2199 4671 2412 4738 accipit,
2450 4678 2503 4722 et
2529 4670 2618 4737 qui
2659 4685 2747 4732 eo,
2789 4672 2931 4737 quod
2976 4672 3173 4723 bonum
3205 4683 3306 4734 est,
3341 4682 3485 4725 recte
3531 4675 3634 4723 uti-

2064 4769 2170 4820 tur,
2210 4763 2462 4827 quodque
2518 4773 2700 4825 grave.
2736 4760 2815 4812 sic
2842 4760 3072 4814 tolerare
3124 4762 3336 4826 nititur,
3361 4770 3421 4814 ut
3469 4778 3630 4830 quam

2064 4853 2349 4904 minimum
2381 4835 2579 4905 doloris
2618 4851 2834 4904 sentiat.

2754 4938 2887 4994 LVI.

2132 5030 2715 5101 Multojucundissmta
2737 5048 2823 5086 res
2850 5040 2933 5087 est
2959 5033 3201 5086 omnium
3228 5050 3327 5102 pax
3352 5050 3366 5099 ;
3406 5049 3512 5088 non
3542 5037 3626 5089 illa

2061 5133 2268 5178 tantum
2316 5124 2523 5192 privata
2586 5125 2949 5191 singulorum,
3005 5125 3099 5179 sed
3159 5126 3370 5193 publica
3412 5144 3631 5195 quoque

2062 5217 2367 5284 principum
2401 5231 2525 5283 erga
2559 5216 2875 5283 principes:
2907 5231 3069 5283 quam
3124 5219 3374 5285 equidem
3408 5218 3631 5284 privata:

2062 5308 2225 5376 longe
2250 5319 2540 5375 antepono,
2564 5307 2730 5360 veluti
2763 5308 3011 5375 pluribus
3039 5308 3251 5374 utilem,
3280 5318 3334 5363 et
3359 5309 3435 5361 illi
3472 5309 3627 5361 alteri

2062 5416 2254 5467 magna
2312 5402 2639 5470 praebentem
2683 5400 2758 5454 rei
2806 5400 3095 5455 familiaris
3155 5401 3418 5455 subsidia.
3479 5399 3627 5462 Qua-

2059 5504 2278 5562 propter
2308 5495 2352 5547 si
2382 5493 2494 5545 lieri
2543 5503 2733 5560 potcSt,
2767 5494 2909 5561 quod
2952 5502 3200 5561 magnns‘
3221 5489 3509 5560 Apostolus
3538 5489 3631 5543 ille

2061 5583 2325 5652 praecipit,
2368 5597 2556 5652 pacem
2592 5598 2714 5636 cum
2737 5584 2995 5637 omnibus
3032 5582 3200 5642 colas,
3235 5595 3336 5633 nec
3372 5576 3495 5629 mali
3523 5591 3627 5629 au-

2060 5682 2177 5727 ctor
2199 5672 2361 5727 ullius
2391 5683 2512 5727 esto
2539 5688 2552 5725 :
2588 5672 2684 5726 sed
2702 5672 2819 5740 ejus
2845 5682 3094 5726 auctores
3123 5669 3386 5736 impedire
3414 5666 3622 5723 nititor.

2057 5767 2201 5824 Neve
2238 5778 2424 5823 contra
2464 5766 2664 5820 fratres
2693 5766 3033 5820 Christianos
3066 5762 3265 5817 bellum
3301 5758 3492 5826 gerito,
3526 5774 3624 5813 nec
