4166 6270
521 330 628 392 3ῖὸ

1677 324 2073 386 MANUELIS
2118 326 2559 386 PALJEOLOGI

3657 329 3763 393 3ῖὸ

519 439 776 492 adversus
814 435 975 489 alium
1004 448 1409 503 quemcunque,
1437 442 1534 483 νῦν
1553 433 1837 487 ιῑιὶῠὺαῑτῐιη
1868 450 2090 503 quoque

2194 435 2398 497 τινοῦν,
2414 435 2448 504 ἦ
2475 433 2772 503 βαρδάρων
2792 432 2971 498 ἔθνος,
3000 434 3059 486 ὲν
3083 434 3333 499 σπονδαῖς
3360 452 3442 487 σοι
3466 440 3767 501 καταστὰν,

519 532 818 591 nationem,
851 528 1050 581 foedere
1081 525 1443 592 tibijunctam
1497 525 1637 591 quod
1676 525 1787 593 ipsa
1834 538 2086 581 sanetum

517 635 571 674 et
603 621 915 673 inviolatum
965 633 1083 671 csse
1116 619 1262 670 velit.
1311 616 1588 670 Adversus
1610 617 1733 672 τιιυε
1769 626 1970 681 autem,
1995 620 2088 686 qui

518 713 710 765 volunt
755 710 982 778 injurias
1019 708 1239 772 inferre,
1296 708 1472 761 modis
1525 709 1777 763 omnibus
1828 710 2005 768 virum
2037 720 2089 765 te

521 804 778 871 pnebeas.
823 802 937 854 Non
991 802 1137 855 enim
1200 801 1400 852 bonum
1441 808 1543 859 est,
1603 800 1667 852 ad
1716 800 2087 856 defensionem

516 898 673 963 plane
708 909 815 947 non
855 893 1078 962 impelli,
1115 890 1209 946 sed
1251 889 1537 943 dillieulter
1561 891 1626 943 ad
1673 889 1809 943 iram
1858 892 2085 946 moveri.

1218 982 1373 1035 LVII.

583 1076 803 1131 Minime
838 1074 1046 1135 dubito,
1101 1072 1340 1129 fassuros
1374 1091 1586 1140 omnes,
1626 1076 1899 1129 hominem
1956 1074 2090 1129 stul-

520 1176 634 1220 tum
665 1182 805 1225 esse.
842 1166 936 1235 qui
967 1166 1133 1218 ullum
1168 1180 1393 1233 prorsus
1433 1167 1708 1219 hominem
1760 1173 1911 1234 putet
1955 1164 2087 1217 alie-

519 1274 669 1311 num.
702 1256 833 1309 Nam
867 1258 932 1309 ab
966 1271 1073 1309 uno
1108 1257 1370 1324 progeniti
1407 1272 1597 1311 sumus
1625 1272 1837 1319 omnes,
1875 1256 2087 1309 tametsi

516 1345 699 1409 lingua
734 1344 1158 1411 distinguantur,
1191 1354 1243 1396 et
1278 1344 1399 1396 aliis
1441 1345 1857 1413 quibuscunque
1900 1346 2084 1408 rebus,

516 1437 597 1491 vel
628 1438 744 1506 ipsa
778 1437 1058 1505 religione.
1114 1435 1453 1505 Quapropter
1482 1437 1754 1491 hominem
1805 1438 2084 1489 hominum

516 1528 785 1583 rationem
821 1530 1018 1582 habere
1048 1544 1143 1595 par
1175 1538 1279 1591 est,
1305 1539 1358 1582 et
1398 1530 1668 1583 universis
1702 1538 1892 1596 optare
1917 1528 2083 1589 bona,

2200 524 2292 577 καὶ
2332 529 2523 594 τηρεῖν
2565 526 2731 586 αὐτὰς
2756 525 2960 578 ἐθέλον.
2984 526 3077 577 Δεῖ
3100 525 3156 577 δὲ
3183 526 3457 579 δεικνύναι
3487 528 3583 581 τὸν
3601 529 3775 599 ἄνδρα

2198 618 2406 670 ἀδικεῖν
2437 618 2685 669 ἐθέλουσι
2714 618 2892 671 πάντα
2920 617 3142 686 τρόπον.
3173 618 3247 669 Ού
3276 618 3382 687 γὰρ
3413 620 3617 686 ἀγαθὸν
3644 622 3773 673 άκίο

2198 726 2360 776 νητον
2406 711 2487 771 είς
2533 709 2746 779 ἄμυναν
2796 706 2961 776 εἶναι,
3021 710 3158 762 ἀλλὰ
3203 709 3527 781 δυσκίνητον
3577 714 3655 777 είς
3678 713 3770 783 ὀρ-

2197 801 2328 869 γήνο

2917 976 3024 1029 NZ'

2267 1068 2494 1135 Νομίζω
2524 1068 2731 1131 πάντας
2760 1069 2825 1122 ἂν
2876 1071 3044 1136 φάναι
3072 1068 3281 1137 ἠλίθιον
3312 1068 3600 1138 ἄνθρωπον
3629 1069 3768 1126 εἶναι

2195 1160 2286 1213 τὸν
2319 1160 2612 1228 νομίζοντα
2653 1161 2936 1231 ἀλλότριον
2968 1161 3318 1215 παντάπασιν
3374 1162 3661 1231 ἄνθρωπον
3686 1160 3767 1218 εῐ-

2196 1262 2303 1297 ναι.
2339 1247 2543 1308 Πάντες
2590 1248 2699 1317 γὰρ
2730 1248 2846 1309 ὲνδς
2874 1249 3090 1314 ἔκγονα,
3123 1249 3228 1302 κᾶν
3273 1250 3540 1321 διαλέκτῳ
3580 1253 3768 1321 διαφε-

2198 1337 2440 1407 ρώμεθα,
2477 1340 2581 1391 κᾶν
2608 1340 2955 1406 οἱστισινοῦν,
2990 1340 3103 1393 κᾶν
3123 1342 3270 1409 αὐτῷ
3298 1343 3623 1412 σεϐάσματι,
3658 1347 3769 1399 Καὶ

2194 1430 2375 1481 τοίνυν
2404 1430 2692 1496 ἄνθρωπον
2721 1431 2850 1483 ὄντα
2895 1431 3199 1501 ἀνθρώπων
3231 1434 3492 1502 κήδεσθαι
3523 1436 3622 1500 δεῖ,
3672 1439 3768 1490 καὶ

2198 1526 2553 1595 συνεύχεσθαι
2578 1530 2687 1588 τοῖς
2715 1527 2855 1588 ὅλοις
2881 1526 3084 1593 ἀγαθὰ,
3116 1530 3187 1591 ὡς
3219 1530 3357 1607 ἐνὸν,
3381 1529 3454 1591 ὡς
3481 1530 3658 1599 θέμις,
3689 1532 3767 1593 ὡς

518 1630 782 1687 quantum
815 1617 937 1685 ejus
996 1628 1049 1669 et
1072 1617 1188 1669 fieri
1244 1626 1443 1685 potest,
1485 1626 1537 1669 et
1570 1618 1649 1669 fas
1702 1627 1804 1681 est,
1838 1630 1896 1670 et
1951 1617 2090 1669 licet.

2203 1618 2399 1683 ἔξεστι.
2428 1619 2603 1687 Κοινὴ
2656 1620 2763 1685 γάρ
2796 1620 2827 1687 ἡ
2863 1619 3045 1685 φύσις,
3085 1622 3179 1673 καὶ
3234 1623 3401 1674 πᾶσιν
3454 1622 3647 1690 ἔδαφος
3683 1623 3763 1690 ἓν,

518 1707 730 1775 Quippe
751 1716 942 1760 natura
990 1708 1298 1760 communis
1336 1718 1439 1768 est,
1468 1717 1521 1761 et
1555 1709 1918 1775 pavimentum
1960 1724 2094 1761 cuu-

518 1801 619 1855 ctis
648 1815 842 1860 unum,
882 1807 936 1853 et
969 1815 1132 1851 unum
1169 1808 1394 1861 tectum,
1428 1816 1643 1868 unaque
1696 1801 1805 1859 lux,
1837 1816 1975 1854 unus
2002 1815 2095 1853 aer

515 1906 791 1960 expansus
819 1906 849 1945 a
879 1906 1059 1943 rerum
1108 1890 1322 1958 opiﬁce.
1380 1889 1619 1959 Denique
1667 1891 1989 1958 simpliciter
2025 1890 2093 1942 ab

516 1998 581 2036 eo
612 1997 731 2049 quae
770 1982 1212 2050 proficiscuntur,
1266 1983 1578 2035 cornmunia
1610 1992 1757 2035 sunt.
1811 1980 2095 2034 Nihilomi-

519 2092 678 2131 nusa
711 2078 1002 2131 remotiore
1052 2077 1490 2137 discernendum,
1551 2076 1697 2144 quod
1751 2075 1972 2143 propius
2012 2083 2096 2128 est

522 2175 670 2238 (nam
705 2170 920 2238 plurimi
956 2178 1081 2223 sunt
1127 2169 1545 2239 necessitudinis
1584 2168 1830 2236 gradus),
1880 2182 1940 2219 ac
1974 2175 2093 2220 stu-

522 2263 779 2325 dendum,
815 2270 874 2314 ut
917 2276 1043 2329 erga
1106 2262 1413 2321 universos,
1478 2262 1621 2325 quod
1672 2260 1722 2311 in
1765 2269 1815 2310 te
1878 2258 2094 2326 quidem

2202 1711 2296 1761 καὶ
2326 1711 2499 1780 ὀροφὴ
2537 1710 2659 1779 μία,
2695 1712 2789 1763 καὶ
2837 1712 2895 1763 ἓν
2913 1729 2966 1763 τι
2990 1712 3127 1779 φῶς,
3160 1714 3257 1764 καὶ
3283 1709 3361 1775 εἷς
3388 1713 3495 1782 ἀήρ
3517 1714 3772 1783 ὲφήπλω-

2200 1818 2287 1853 ται
2318 1803 2469 1870 παρὰ
2500 1802 2593 1854 τοῦ
2626 1802 2984 1871 δημιουργοῦ.
3016 1806 3123 1855 Καὶ
3155 1805 3341 1866 ἁπλῶς
3376 1808 3441 1857 τὰ
3469 1807 3599 1873 παρ’
3626 1808 3767 1860 ὲκεί-

2200 1910 2292 1943 νου
2328 1892 2501 1945 κοινά.
2536 1892 2655 1961 Χρὴ
2692 1893 2874 1960 μέντοι
2918 1893 3257 1945 διαστέλλειν
3288 1894 3385 1945 τοῦ
3434 1897 3765 1965 πορρωτέρω

2198 1984 2260 2036 τὸ
2289 1985 2471 2051 ἔγγιον
2503 1985 2724 2053 (βαθμοὶ
2745 1986 2854 2053 γὰρ
2874 1985 3114 2039 πλεῖστοι
3136 1987 3235 2054 τῆς
3262 1988 3644 2055 οίκειότητος)ο
3674 1993 3768 2042 καὶ

2202 2076 2338 2127 πᾶσι
2372 2076 2470 2144 μὲν
2503 2077 2707 2143 ἀγαθὸν
2737 2074 2878 2130 εἶναι
2922 2080 2983 2131 τὸ
3018 2080 3142 2130 καθ’
3178 2081 3343 2132 αὐτόν
3371 2095 3386 2109 ο
3415 2082 3534 2141 τοῖς
3564 2082 3776 2149 μᾶλλον

2201 2167 2259 2219 δὲ
2318 2169 2606 2237 ἐγγυτάτω
2680 2170 2960 2237 ἀναλόγως
3025 2168 3394 2237 γνησιώτερον
3465 2172 3770 2240 προσφέρε-

2209 2259 2353 2313 σθαι.

520 2353 647 2415 erit,
676 2353 880 2405 bonum
910 2361 961 2406 te
996 2365 1155 2418 geras
1181 2367 1195 2403 :
1225 2351 1320 2404 sed
1358 2350 1723 2419 propioribus,
1767 2364 1977 2413 corum_
2004 2349 2185 2402 habita
2226 2350 2456 2413 ratione,
2490 2351 2635 2405 velut
2696 2351 2930 2407 aretiore
2971 2360 3025 2407 te
3077 2352 3294 2408 vinculo
3335 2352 3585 2422 junctum
3616 2352 3777 2407 exhi-

521 2444 675 2498 beas.

1244 2534 1425 2590 LVlll.

598 2633 674 2686 Eo
723 2640 989 2699 tempore,
1040 2644 1151 2697 quo
1218 2628 1589 2683 navicularius
1644 2646 1775 2684 aura
1839 2645 2096 2700 prospere

480 2789 484 2792 ς
522 2726 685 2780 ﬂante
711 2738 775 2775 ac
811 2719 1022 2788 placide
1058 2719 1171 2771 vela
1202 2718 1457 2788 implente
1490 2718 1708 2784 fruitur,
1744 2736 1865 2774 cum
1901 2737 2094 2790 magna

523 2817 731 2871 scilicet
763 2823 846 2868 est
872 2812 1157 2873 serenitas,
1192 2825 1291 2865 nec
1343 2813 1450 2866 ulla
1482 2828 1566 2865 res
1624 2814 1777 2866 triste
1836 2814 1964 2881 quid
1992 2814 2094 2865 mi-

524 2917 703 2970 natur,
737 2919 842 2957 non
877 2904 1027 2972 prius
1046 2904 1114 2955 ob
1143 2919 1261 2956 eam
1288 2905 1698 2971 prosperitatem
1749 2905 1912 2958 libere
1940 2906 2091 2959 hctus

525 3005 629 3061 est,
657 3009 821 3062 quam
866 2994 985 3045 navi
1030 3001 1172 3044 recte
1212 2993 1572 3059 prospexerit,
1606 3003 1659 3045 ut
1699 2995 1940 3061 asperior
1974 3012 2092 3047 tuu-

525 3085 661 3137 tatio
694 3082 981 3135 metuenda
1021 3096 1128 3133 non
1161 3082 1251 3134 sit.
1284 3080 1350 3133 Et
1382 3084 1599 3149 quidem
1654 3085 1887 3151 peractis
1912 3086 2093 3137 omni-

527 3176 650 3237 bus.
682 3174 747 3227 ad
797 3173 1225 3226 incolumitatem
1295 3172 1715 3240 pertinentibus,
1772 3176 1983 3228 etiamsi
2011 3176 2089 3227 vi-

522 3271 647 3322 deat
686 3266 863 3319 navim
890 3272 941 3317 el
969 3265 1140 3317 ventis
1178 3274 1231 3316 et
1269 3265 1556 3317 concitatis
1594 3280 1780 3319 eorum
1812 3267 1859 3317 vi
1912 3267 2093 3319 flueti-

522 3367 623 3417 bus
654 3359 946 3413 ﬁrmiorem
972 3372 1127 3418 esse;
1178 3372 1284 3409 non
1348 3367 1524 3409 tamen
1590 3367 1685 3410 aut
1731 3359 2089 3411 temeritatem

523 3454 728 3509 laudat.
785 3458 877 3501 aut
906 3447 1209 3499 admiratur
1243 3446 1565 3509 secordiam,
1599 3448 1691 3499 sed
1746 3448 1948 3514 vigilat,
2002 3450 2093 3500 sed

522 3541 735 3603 metuit,
760 3550 851 3592 seu
871 3547 1082 3605 portqu
1110 3546 1279 3603 optat,
1306 3536 1446 3602 quod
1483 3536 1661 3602 ignota
1679 3535 1748 3588 sit
1775 3536 1821 3588 ei
1851 3536 2012 3590 sortis
2031 3552 2094 3590 ac

524 3633 619 3685 fati
660 3632 799 3684 alea.
841 3630 971 3683 Cum
1003 3643 1135 3696 ergo
1165 3643 1252 3679 res
1300 3635 1407 3679 tuae
1436 3644 1602 3680 cursu
1660 3626 1909 3681 feruntur
1972 3644 2095 3697 pro-

522 3739 703 3789 Spero,
760 3721 1019 3790 pacisque
1076 3720 1234 3771 bonis
1272 3719 1491 3783 frueris,
1542 3719 1733 3771 bellica
1792 3720 1882 3771 tibi
1953 3728 2095 3773 cura:

524 3824 707 3876 sunto,
750 3824 910 3881 teque
935 3812 1078 3863 velut
1112 3810 1178 3864 ad
1207 3812 1403 3863 bellum
1435 3810 1729 3877 gerendum
1762 3821 2095 3870 exercetu,et

525 3908 772 3959 subditos
808 3906 873 3958 ad
917 3905 1018 3958 hoc
1053 3917 1176 3958 tuos
1226 3913 1548 3971 pra-parato.
1609 3904 1780 3956 Simul
1810 3919 1904 3972 spe
1954 3904 2095 3958 bona

524 3998 718 4059 fretus,
748 3998 864 4065 ipse
901 4006 953 4049 te
993 3998 1333 4058 confirmato,
1372 4010 1440 4048 ne
1476 3996 1793 4063 languescas
1823 4014 1835 4048 :
1869 4010 1968 4049 nec
1998 3998 2097 4048 mi-

527 4104 631 4141 nus
658 4088 902 4141 animum
934 4088 1363 4148 condocel‘aeito.
1418 4087 1737 4139 temerarius
1767 4097 1822 4139 ut
1853 4101 1974 4139 esse
2008 4104 2095 4140 ca-

527 4193 680 4242 veas,
718 4179 762 4232 si
794 4180 1015 4231 victoria
1048 4179 1113 4231 de
1171 4178 1418 4231 hostibus
1454 4179 1701 4245 potiaris.
1754 4178 2089 4231 lncertitudi-

525 4287 648 4325 netu
677 4271 910 4339 denique
949 4270 1180 4323 fortuna:
1206 4270 1430 4331 veritus,
1462 4282 1677 4337 semper
1706 4270 1946 4335 epinare,
1981 4268 2093 4320 fieri

522 4380 700 4431 posse,
734 4372 790 4417 ut
821 4363 1040 4416 labaris.
1079 4360 1175 4413 Est
1197 4362 1342 4413 enim
1374 4360 1611 4419 difﬁcile,
1636 4373 1949 4426 prosperam
1976 4360 2096 4412 illos

2910 2534 3040 2590 Nll’.

2270 2623 2341 2681 Εὖ
2378 2627 2649 2697 πνεούσης
2680 2625 2973 2680 ἀπολαύων
3001 2625 3305 2695 ναύκληρος
3331 2624 3525 2696 αὔρας,
3550 2627 3768 2696 ἡμέρως

2198 2722 2341 2774 ἱστία
2372 2720 2704 2790 πληρούσης,
2736 2718 2950 2788 αἰθρίας
2982 2719 3079 2786 μὲν
3101 2717 3268 2787 οὔσης
3297 2719 3762 2788 πολλῆς,μηδενὸς

2196 2813 2252 2865 δὲ
2284 2813 2608 2882 πράγματος
2636 2811 2985 2872 ἀπειλοῦντός
3020 2829 3070 2863 τι
3110 2811 3389 2879 δυσχερὲς,
3416 2811 3477 2862 ού
3510 2810 3765 2880 καθαρῶς

2197 2905 2274 2973 τῷ
2319 2904 2654 2972 εὐτυχήματι
2688 2904 2889 2971 χαίρει,
2941 2902 3072 2971 πρὶν
3117 2902 3432 2971 ἢδιάθι,ται
3467 2902 3643 2963 καλῶς
3692 2903 3761 2953 τὰ

2198 2995 2340 3046 κατὰ
2368 2994 2467 3059 τὴν
2494 2992 2646 3052 ναῦν,
2680 2993 2753 3052 ὡς
2791 2991 2863 3059 μὴ
2894 2991 3125 3043 δεδιέναι
3156 2993 3495 3059 τραχυτέραν
3528 2990 3757 3057 μεταϐο-

2119 3095 2161 3150 C
2194 3086 2317 3153 λήν.
2344 3084 2461 3137 Κᾶν
2495 3084 2669 3136 πάντα
2709 3082 2891 3151 πράξῃ
2926 3083 2992 3134 τὰ
3024 3083 3286 3146 σώζοντα,
3326 3084 3424 3136 κᾶν
3452 3083 3549 3151 6ρᾷ
3580 3084 3627 3134 οἱ
3658 3084 3755 3146 τὴν

2195 3174 2393 3227 ὁλκάδα
2428 3174 2667 3242 ἀνέμων,
2697 3173 2923 3225 καὶτῶν
2951 3174 3059 3225 ἀπὸ
3098 3174 3265 3226 τῶνδε
3300 3176 3576 3243 κυμάτων,
3612 3176 3762 3240 ἰσχυ-

2198 3264 2445 3335 ροτέραν,
2472 3264 2595 3317 οὒτε
2627 3264 2826 3333 θράσος
2852 3265 3155 3325 ἐπαινέσει,
3188 3263 3309 3316 οὔτε
3339 3265 3614 3333 ῥᾳθυμίαν
3638 3265 3767 3318 θαυ-

2199 3360 2363 3427 μάσει
2392 3372 2405 3386 °
2441 3358 2555 3410 ἀλλ’
2585 3358 2874 3425 ἀγρυπνεῖ,
2917 3355 3052 3408 ἀλλὰ
3085 3355 3341 3419 δέδοικεν,
3376 3356 3511 3409 ἀλλὰ
3546 3358 3765 3425 λιμένος

2197 3455 2429 3517 ἐφίεται,
2486 3453 2576 3503 τὸν
2614 3455 2711 3520 τῆς
2765 3454 2958 3519 μοίρας
3016 3450 3181 3503 κύϐον
3220 3452 3321 3502 οὐκ
3369 3452 3755 3518 ἐπιστάμενος.

2197 3545 2364 3596 Ὅταν
2404 3544 2583 3595 τοίνυν
2621 3542 2761 3595 κατὰ
2817 3542 2944 3610 ῥοῦν
2980 3559 3060 3593 σοι
3090 3544 3257 3610 τρέχῃ
3286 3542 3351 3593 τὰ
3386 3542 3758 3610 εὐτυχήματα,

2196 3637 2287 3688 καὶ
2317 3636 2423 3685 τῶν
2458 3638 2553 3701 τῆς
2584 3634 2810 3701 εἰρήνης
2845 3632 3024 3683 καλῶν
3052 3631 3356 3701 άπολαύῃς,
3390 3631 3455 3683 τὰ
3494 3632 3768 3699 πολεμικὰ

2198 3726 2511 3795 μελετάσθω
2553 3741 2656 3783 σοι,
2684 3723 2783 3777 καὶ
2809 3722 3057 3791 γύμναζε
3094 3722 3292 3775 σαυτὸν
3318 3722 3392 3782 ὠς
3422 3722 3555 3788 πρὸς
3608 3724 3768 3774 πόλει

2199 3834 2298 3885 μον
2321 3834 2331 3844 ·
2362 3819 2455 3867 καὶ
2484 3814 2735 3883 ἑτοίμαζε
2760 3817 2896 3883 πρὸς
2929 3814 3087 3865 τοῦτο
3112 3812 3171 3863 τὸ
3204 3815 3468 3879 ὑπήκοον.
3499 3815 3608 3864 Καὶ
3638 3830 3761 3865 νευο

2199 3908 2293 3975 ροῦ
2321 3906 2418 3975 μὲν
2449 3909 2567 3968 ταῖς
2598 3907 2779 3958 ἐλπίσι
2806 3909 2918 3966 ταῖς
2953 3907 3242 3973 χρησταῖς,
3266 3906 3414 3965 ὅπως
3446 3904 3521 3972 μὴ
3552 3904 3761 3971 νωθρὸς

2196 4001 2374 4063 γένοιο
2397 4010 2413 4026 ⁸
2491 3996 2686 4065 μελέτα
2726 3995 2781 4046 δὲ
2836 3995 2911 4069 μὴ
2938 3994 3339 4063 ιθρασύνεσθαι,
3372 3997 3418 4047 εί
3450 3995 3556 4045 τῶν
3602 3995 3759 4046 πολε-

2200 4088 2336 4155 μίων
2366 4092 2719 4158 κρατήσειας,
2771 4090 2843 4141 Τὸ
2876 4090 2931 4141 δὲ
2960 4089 3128 4158 τύχης
3184 4088 3409 4155 ἀόρατον
3453 4084 3660 4148 δεδιὼς,
3695 4087 3758 4139 τ’)

2200 4179 2468 4247 σφαλῆναι
2507 4181 2874 4249 προσδόκιμον
2906 4180 3019 4248 ἔχε.
3064 4180 3334 4245 Ἐνεγκεῖν
3364 4178 3470 4244 γὰρ
3500 4178 3762 4245 εὐτυχίαν

2197 4271 2431 4338 χαλεπὸν
2462 4273 2587 4332 τοὺς
2622 4271 2696 4340 μὴ
2733 4270 3046 4339 μετριάζειν
3085 4271 3292 4332 εἰδότας
3322 4284 3335 4297 ’
3376 4269 3665 4337 δυστυχίαν
3704 4269 3762 4321 δὲ

2198 4362 2521 4414 ἀνέλπιστον
2557 4364 2747 4430 φέρειν
2774 4363 2960 4430 σχεδὸν
2988 4361 3272 4414 ἀδύνατον.

524 4461 797 4512 fortunam
828 4457 1113 4510 commode
1145 4456 1308 4519 ferre,
1334 4454 1426 4521 qui
1468 4455 1747 4505 moderate
1777 4468 1835 4505 se
1884 4468 2069 4519 gerere
2099 4456 2345 4509 nesciunt
2380 4474 2393 4509 :
2447 4457 2633 4526 ,iidem
2676 4464 2734 4509 ut
2784 4471 2936 4525 aquo
2982 4457 3164 4509 animo
3244 4455 3609 4510 calamitatem
3677 4456 3763 4510 in-

521 4565 891 4625 exspectatatn
930 4551 1125 4616 ferant,
1162 4566 1325 4620 prope
1358 4548 1472 4602 fieri
1500 4548 1702 4615 nequit.

1249 4645 1386 4698 LIX.

599 4748 652 4800 ld
681 4760 899 4813 quoque
927 4758 1032 4795 non
1066 4739 1201 4793 levis
1225 4753 1346 4791 esse
1382 4735 1640 4789 momenti
1674 4735 1988 4802 praeclaram
2022 4738 2088 4790 ad

496 4818 970 4908 ‘guberuationem
1030 4833 1280 4905 duxeris”
1347 4828 1550 4882 Omnes
1607 4830 1749 4879 enim
1811 4828 2089 4896 principes

524 4929 724 4982 animis
775 4931 891 4981 suis
942 4923 1413 4991 tratnluillitatem,
1476 4930 1734 4986 quantam
1792 4919 2087 4970 maximam

526 5028 777 5090 possunt,
808 5019 1033 5071 solerter
1074 5030 1369 5083 procurare
1400 5014 1615 5063 debent.
1665 5008 1799 5061 Nam
1838 5012 1912 5062 uti
1948 5020 2087 5061 teni'

524 5120 783 5181 pestatem
818 5108 987 5160 nubes
1020 5105 1259 5168 adducit,
1296 5106 1367 5185 ita
1406 5101 1851 5169 tranquillitatem
1880 5099 2087 5151 sereni-

523 5202 781 5257 tascllicit
812 5216 825 5251 :
855 5210 1021 5265 u'que
1055 5197 1241 5250 lumini
1291 5195 1682 5262 cogitationum
1742 5193 1972 5243 maxime
1996 5207 2087 5244 so-

524 5294 637 5346 lent
664 5290 877 5344 ollicere
913 5286 1365 5355 perturbationes,
1398 5284 1573 5334 mollis
1605 5298 1665 5333 ac
1693 5282 1920 5333 remissa
1954 5282 2083 5341 vita,

521 5384 780 5445 formido,
820 5378 1096 5433 temeritas
1128 5386 1181 5429 et
1238 5375 1500 5443 quidquid
1528 5384 1608 5425 est
1654 5373 1900 5439 utrisque
1955 5388 2085 5422 cou-

522 5477 721 5539 simile,
805 5474 885 5528 sic
954 5469 1342 5523 meditationes
1410 5475 1719 5533 Opportune
1801 5464 2081 5525 institutae,

524 5566 956 5640 perturbationis
1019 5570 1294 5629 expertes,
1346 5560 1429 5611 vel
1465 5560 1516 5610 in
1552 5558 1744 5625 primis
1808 5557 2083 5609 hominem

522 5680 551 5714 c
583 5660 895 5713 dillicultale
956 5664 1186 5724 possunt
1246 5648 1563 5716 explicare:
1601 5648 1819 5715 quando
1863 5648 2085 5700 confieri

532 5762 725 5812 Dotcsl,
756 5760 809 5801 ut
835 5757 882 5802 ct
905 5756 1057 5816 parta
1079 5743 1232 5813 prius
1258 5738 1428 5808 gloria
1447 5754 1545 5807 pro
1570 5738 1777 5792 viribus
1796 5746 2081 5807 augeatur,

2900 4647 3028 4700 NG'.

2265 4740 2417 4806 Μηδὲ
2448 4741 2624 4791 ἐκεῖνο
2656 4739 2855 4808 μικρὸν
2882 4738 3041 4808 ἡγοῦ,
3077 4740 3211 4806 πρὸς
3240 4738 3299 4790 τδ
3327 4739 3549 4791 διοικεῖν
3580 4737 3761 4800 καλῶς

2190 4829 2473 4881 δύνασθαι.
2507 4828 2628 4897 Χρὴ
2664 4830 2773 4898 γάρ
2821 4829 3026 4888 πάντας
3058 4827 3326 4895 ἄρχοντας
3366 4828 3606 4897 γαλήνην
3643 4831 3761 4887 ταῖς

2192 4921 2374 4972 αὐτῶν
2400 4920 2597 4988 ψυχαῖς
2629 4919 2718 4971 καὶ
2752 4920 3001 4987 προνοεῖν
3032 4919 3125 4968 καὶ
3150 4919 3474 4986 οἰκονομεῖν,
3498 4919 3619 4969 ὅσον
3650 4913 3761 4971 οἷον

2189 5027 2271 5062 τε.
2306 5009 2562 5077 Χειμώνα
2597 5011 2697 5078 μὲν
2734 5010 2841 5077 γὰρ
2872 5009 3029 5073 νέφος
3058 5008 3277 5074 ἐπάγει,
3311 5008 3551 5077 γαλήνην
3581 5009 3636 5060 δὲ
3672 5010 3759 5060 αἱ.

2193 5101 2319 5168 θρία
2360 5104 2539 5153 ποιεῖ’
2580 5103 2673 5153 καὶ
2721 5101 3015 5167 λογισμοὺς
3066 5100 3162 5163 μὲν
3192 5099 3428 5168 τυφλοῦν
3480 5100 3757 5168 πεφύκασι

2195 5192 2426 5260 μαλιστα
2460 5192 2721 5259 ταραχαὶ,
2753 5191 2845 5242 καὶ
2882 5190 2994 5259 βίος
3039 5189 3185 5258 ἄπας
3220 5192 3405 5259 ὑγρὸς,
3442 5192 3535 5242 καὶ
3567 5191 3755 5255 δειλία,

2191 5285 2283 5333 καὶ
2318 5283 2618 5350 θρασύτης,
2655 5282 2749 5334 καὶ
2796 5283 2919 5333 ὅσον
2970 5274 3299 5351 ἀμφοτέροις
3336 5284 3716 5351 παραπλήσιον
3740 5298 3755 5312 ο

2195 5374 2416 5441 μελέται
2458 5374 2511 5423 δὲ
2561 5375 2657 5424 σὺν
2689 5372 2765 5441 τῷ
2814 5373 3013 5442 καιρῷ,
3046 5376 3289 5442 ταραχῆς
3328 5370 3630 5442 ἐλεύθεραι,
3665 5376 3760 5426 δύ-

2191 5463 2357 5514 ναιντ’
2388 5465 2452 5515 ἂν
2500 5466 2733 5531 μάλιστα
2769 5464 2986 5515 πάντων
3018 5463 3340 5531 δυσχερείας
3368 5462 3759 5531 ἀπαλλάττειν,

2191 5554 2320 5606 ὅταν
2357 5557 2453 5606 οὐκ
2503 5554 2761 5607 ἀδύνατον
2811 5553 3092 5614 παντελῶς
3124 5557 3217 5607 καὶ
3242 5556 3348 5620 κτὴν
3405 5555 3760 5623 ὑπάρχουσαν

2194 5645 2379 5709 αὔξειν
2403 5644 2653 5697 εῦκλειαν
2677 5646 2800 5700 ὅσον
2828 5644 3023 5710 ἔνεστι,
3049 5648 3142 5696 καὶ
3170 5645 3559 5713 προσπορίζειν
3581 5646 3764 5713 ἀγαθὰ

2196 5738 2292 5789 σὺν
2322 5737 2396 5806 τῷ
2419 5736 2695 5805 διαμένειν
2718 5754 2729 5767 ·
2757 5737 2848 5787 καὶ
2870 5738 3027 5787 ταυτὶ
3055 5734 3231 5797 καλῶς
3260 5737 3646 5804 ἐπιστάμενος,
3678 5737 3757 5807 μὴ
