4166 6270
403 352 504 415 357

1359 360 1772 425 PRAECEPTA
1807 341 2327 425 EDUCATIONIS
2364 363 2643 425 necte.

3527 363 3636 430 358

399 467 766 519 καταπίπτειν
795 467 912 529 ταῖς
939 472 1266 538 συμφοραῖς,
1301 473 1424 541 μηδ’
1447 474 1724 544 εὐτυχίαις
1749 477 1974 548 ἐπαίρε-

2091 487 2133 533 3t
2167 478 2431 546 ampliora
2460 479 2602 531 bona
2633 492 2741 532 non
2787 485 2995 530 tantum
3036 477 3542 554 acquirantur,_scd
3581 473 3640 534 οε

402 559 566 621 σθαι,
627 559 762 627 μηδὲ
819 560 1036 613 ἀνέσεσι
1098 563 1535 630 μαλακίζεσθαι,
1588 569 1648 618 τὸ
1705 567 1970 638 ῥᾳθυμεῖν

401 649 679 718 προῦργου
705 651 933 718 θέμενος
959 669 972 682 ·
1016 655 1165 717 ὅπως
1204 657 1379 725 ψυχῆς
1409 659 1751 728 γενναιότητι
1777 661 1971 714 δεινῶν

400 741 663 808 ἀφύκτων
710 742 1009 797 δοκούντων
1051 746 1528 814 ἀπαλλαττόμενος
1569 747 1802 819 (ἀνάγκη
1862 753 1971 821 γὰρ

401 835 582 886 αύτῶν
607 835 858 904 μετέχειν
899 836 1184 905 ἄνθρωπον
1215 840 1367 910 ὅντα)
1396 840 1581 912 δείξῃς
1614 844 1833 912 μεγέθει
1867 847 1970 912 φύ-

406 942 544 990 σεως
577 926 674 996 τὴν
707 928 986 998 βασιλείαν
1011 929 1300 987 ἀνθοῦσαν.

1140 1192 1216 1249 Ξθ.

479 1287 635 1340 Ἥκω
661 1303 745 1339 σοι
774 1285 947 1352 λέξων
975 1285 1002 1340 δ
1035 1287 1317 1357 πράττεις,
1349 1289 1541 1362 ὥσπερ
1574 1295 1624 1346 οί
1654 1296 1766 1356 τοῖς
1792 1293 1974 1346 θέουσι

402 1379 866 1453 διακελευόμενοι,
899 1379 1126 1432 Πλάτων
1172 1381 1301 1452 ἔφη.
1329 1384 1549 1452 Μηδένα
1578 1387 1763 1448 κακῶς
1794 1386 1977 1455 εἴπῃς,

407 1471 561 1540 θυμῷ
590 1469 879 1535 δουλεύων,
909 1466 942 1540 ἢ
968 1471 1326 1542 χαριζόμενος
1345 1489 1359 1504 ο
1393 1475 1531 1542 μηδὲ
1554 1474 1758 1545 πλύνῃς
1789 1474 1980 1543 ὕϐρεσι

407 1561 778 1630 κακοδαίμονά
810 1579 952 1623 τινα.
989 1561 1215 1624 δικαίως
1247 1563 1314 1616 ἂν
1343 1564 1682 1635 ἐλεούμενον,
1712 1569 1765 1619 εί
1788 1584 1872 1630 τις
1905 1567 1981 1638 μὴ

405 1653 504 1720 τῆς
529 1653 749 1720 φύσεως
776 1654 874 1722 τῆς
905 1655 1093 1720 κοινῆς
1131 1654 1463 1708 ἐπιλάθοιτο.
1503 1657 1644 1726 Ἔφη
1684 1657 1738 1711 δέ
1767 1675 1849 1717 τις
1888 1658 1985 1711 καὶ

408 1744 513 1796 τῶν
544 1744 647 1809 ἔξω
681 1743 859 1813 σοφῶν
879 1759 892 1774 ³
940 1743 1013 1797 Τὸ
1039 1744 1283 1814 ὑϐρίζειν
1328 1749 1436 1798 τῶν
1475 1747 1632 1798 τοῦτο
1661 1747 1980 1810 ποιούντων,

411 1836 660 1905 οὐχὶ-,τῶν
691 1838 1061 1906 ὑϐριζομένων
1084 1838 1289 1904 γίνεται
1319 1838 1591 1908 ἔγκλημα.
1614 1839 1686 1892 Ού
1710 1839 1815 1910 μὴν
1842 1840 1976 1892 ἀλλὰ

415 1927 507 1979 καὶ
531 1928 656 1988 τοὺς
675 1928 849 1997 τούτῳ
869 1929 1267 1996 ἐντρυφῶντας,
1288 1929 1380 1980 καὶ
1399 1929 1589 1998 συχνὸν
1607 1929 1716 1982 τῶν
1737 1929 1976 1997 ἀδελφῶν

411 2015 622 2082 γέλωτα
642 2017 1025 2084 καταχέοντας,
1049 2015 1080 2086 ἢ
1104 2016 1310 2068 πείθειν
1331 2017 1669 2086 ἀποσχέσθαι
1698 2019 1797 2088 τῆς
1821 2020 1976 2072 νόσου

408 2105 632 2174 ταύτης,
681 2107 713 2176 ἢ
760 2107 1055 2175 πειρᾶσθαι
1098 2111 1312 2170 πάντως
1357 2110 1606 2162 κωλύειν.
1639 2111 1976 2179 Κακίαδγάρ

412 2199 752 2268 προεστῶτος
780 2200 873 2252 καὶ
896 2199 1042 2252 τοῦτ’
1068 2201 1133 2254 ἀν
1163 2201 1273 2268 εἴη,
1312 2203 1374 2254 τὸ
1408 2201 1508 2262 τὰς
1537 2202 1648 2255 τῶν
1676 2203 1852 2256 ἄλλων
1885 2219 1984 2255 κα-

411 2294 560 2353 κίας,
591 2291 709 2342 ὲνὸν
744 2292 982 2360 ἐπέχειν,
1015 2293 1108 2362 ὲᾷν
1137 2293 1230 2346 ἐπὶ
1261 2293 1330 2346 τὰ
1365 2297 1550 2362 πρόσω
1585 2300 1804 2366 χωρεῖν.

2071 569 2242 623 solida
2272 570 2652 638 durabiliaque
2678 570 2996 624 reddantur.
3018 570 3194 638 Atque
3239 571 3324 624 bis
3348 584 3495 626 recte
3543 587 3642 626 co-

2071 662 2259 727 gnitis,
2293 676 2424 716 cave
2444 661 2847 715 calamitatibus
2879 662 3333 725 succumbas,nec
3367 666 3643 733 prosperis

2071 751 2349 819 eﬂ‘eraris,
2414 768 2527 806 nec
2593 754 2877 821 amplexus
2933 753 3202 821 ignaviam
3253 755 3507 809 dissolute
3569 758 3648 809 vi-

2075 848 2250 896 vendo
2275 844 2572 898 emolliaris
2609 862 2624 898 :
2660 856 2718 898 ut
2742 845 2908 897 animi
2977 845 3027 897 vi
3090 859 3351 914 generosa
3387 846 3647 900 liberatus

2072 945 2103 983 e
2129 931 2312 994 malis,
2356 947 2476 999 quae
2513 932 2845 986 inevitabilia
2902 933 3156 988 videntur
3184 938 3262 1001 (et
3294 951 3481 989 eorum
3529 937 3644 989 lleri

2075 1032 2126 1076 te
2157 1024 2496 1093 participem,
2557 1040 2680 1079 cum
2717 1028 2792 1080 sis
2825 1029 3008 1090 homo,
3055 1043 3278 1082 necesse
3307 1039 3388 1082 est
3413 1030 3458 1097 ),
3495 1029 3652 1083 indo-

2075 1117 2144 1172 lis
2167 1126 2221 1172 et
2252 1117 2455 1186 ingenii
2495 1117 2872 1187 magnitudine
2902 1134 3132 1191 regnum
3162 1119 3366 1174 ﬂoreus
3405 1122 3634 1177 eilicias.

2779 1200 2914 1265 'LX.

2147 1299 2380 1354 Tradam
2415 1302 2533 1367 tibi,
2572 1305 2716 1372 quod
2753 1319 2903 1373 agas,
2929 1319 3119 1358 eorum
3155 1319 3328 1370 more,
3367 1306 3459 1374 qui
3517 1320 3649 1359 cur—

2081 1387 2260 1445 r'eutes
2296 1393 2546 1458 incitant,
2571 1403 2632 1448 ut
2653 1394 2730 1447 ait
2753 1394 2925 1449 Plato.
2968 1395 3265 1448 Maledictis
3315 1411 3441 1464 erga
3479 1397 3649 1449 nemi-

2082 1496 2205 1534 nem
2246 1483 2435 1543 tueris,
2491 1483 2786 1540 iracundia:
2848 1487 3094 1541 serviens
3139 1498 3230 1540 aut
3286 1488 3646 1555 gratificans:

2084 1588 2221 1627 neve
2267 1576 2613 1629 contumeliis
2670 1578 2967 1646 exagitaris
3020 1578 3296 1632 hominem
3351 1580 3648 1638 infelicem,
3716 1617 3726 1623 ι

2085 1665 2562 1720 commiseratione
2626 1668 2850 1734 dignum
2914 1668 3114 1736 potius,
3156 1670 3202 1722 si
3256 1669 3380 1736 quis
3440 1679 3651 1722 naturae

2086 1757 2392 1808 communis
2451 1758 2700 1811 oblivisci
2761 1759 2915 1812 nolit.
2969 1759 3142 1811 Etiam
3190 1760 3260 1811 de
3312 1761 3651 1828 sapientibus

2083 1847 2334 1900 extrariis
2351 1849 2566 1916 quidam
2587 1850 2748 1914 dixit,
2767 1850 3215 1904 contumeliosam
3237 1851 3648 1904 insectationem

2085 1953 2190 1990 non
2220 1938 2299 1992 eis
2325 1940 2541 1993 crimini
2573 1941 2716 2006 dari,
2750 1946 2841 2012 qui
2885 1942 3185 2009 patiantur,
3223 1945 3316 1996 sed
3353 1943 3489 2010 ipsis
3520 1958 3649 1996 auc-

2087 2031 2320 2086 toribus.
2353 2031 2492 2096 Quin
2522 2045 2575 2086 et
2608 2033 2750 2095 illos,
2785 2036 2984 2102 quibus
3017 2035 3122 2087 hoc
3143 2036 3329 2087 vitium
3385 2035 3644 2102 voluptati

2084 2134 2186 2182 est,
2224 2121 2426 2190 quique
2462 2122 2746 2191 frequente
2771 2125 3040 2178 cachinno
3072 2123 3336 2176 fratribus
3365 2121 3630 2176 insultant

2091 2215 2171 2266 \‘cl
2209 2217 2531 2280 persuadere
2559 2216 2745 2280 debes,
2773 2217 2838 2271 ab
2868 2217 2969 2270 hoc
2989 2217 3064 2270 uti
3095 2217 3286 2269 morbo
3318 2215 3647 2275 abstineant,

2091 2303 2172 2356 vel
2203 2307 2426 2359 omnino
2467 2308 2600 2362 dare
2627 2323 2874 2376 operam,
2907 2317 2967 2361 ut
2997 2323 3094 2362 eos
3130 2323 3160 2361 a
3212 2307 3455 2361 facinore
3493 2320 3650 2358 coer-

413 2397 559 2438 ceas.
592 2383 725 2437 Nam
759 2395 812 2439 et
842 2386 944 2438 hoc
978 2386 1113 2440 vitio
1148 2387 1368 2441 dabitur
1398 2391 1497 2453 illi,
1524 2391 1761 2457 quicum
1787 2401 2054 2462 potestate
2080 2407 2186 2462 est,
2220 2401 2286 2463 si,
2363 2417 2486 2455 cum
2537 2402 2774 2458 aliorum
2846 2403 3093 2458 inhibere
3138 2401 3270 2455 vitia
3323 2398 3514 2470 possit,
3588 2414 3650 2452 ea

415 2476 588 2530 libere
614 2479 867 2545 progredi
914 2479 1076 2531 sinat.

1137 2570 1258 2624 ΞΝ.

488 2667 586 2716 Σὺν
618 2666 683 2716 ἂν
718 2664 805 2732 είη
835 2664 1059 2716 κάκεῖνο
1092 2664 1379 2731 πράττειν,
1410 2664 1506 2715 καὶ
1534 2664 1736 2726 παντὸς
1771 2665 1982 2718 ἐθέλον-

381 2819 390 2829 _
418 2776 508 2818 τος
540 2759 750 2827 ἄρχειν,
779 2757 970 2826 κιρνᾷν
997 2758 1116 2816 ταῖς
1142 2755 1374 2823 δωρεαῖς
1401 2756 1745 2826 ἀστειότητα,
1777 2760 1867 2810 καὶ
1892 2777 1988 2810 τα-

421 2851 614 2917 χύτητι
650 2850 942 2902 συνάπτειν
973 2847 1164 2908 αὑταῖς
1196 2846 1259 2898 τὸ
1292 2847 1486 2922 πέρας,
1516 2849 1612 2924 ὅπη
1640 2850 1862 2924 δυνατή,
1897 2853 1992 2908 Δεῖ

421 2943 476 2993 δὲ
509 2942 706 3012 μέτρον
732 2940 917 3000 αὐτοῖς
942 2937 1218 3016 μςγνόναι,
1240 2946 1306 3014 τῇ
1341 2948 1407 3014 σῇ
1431 2945 1661 3013 δυνάμει
1687 2947 1987 3014 συμϐαῖνον

421 3033 512 3084 καὶ
537 3034 647 3092 τοῖς
678 3031 1091 3108 ἐπιτηδεύμασι,
1125 3035 1222 3088 καί⁸
1266 3036 1513 3106 ποιότησι
1546 3036 1656 3096 τῶν
1684 3038 1986 3106 δεχομένων

422 3123 520 3199 τὴν
546 3124 831 3200 χᾶριν.Ὦς
859 3130 907 3180 εἰ
939 3129 1013 3198 μὴ
1041 3127 1118 3195 τῷ
1142 3127 1448 3195 γιγνομένῳ
1473 3127 1585 3187 τοῖς
1615 3125 1751 3184 ὅλοις
1783 3126 1985 3194 χρῷτο,

424 3222 540 3274 ἀλλ’
571 3221 690 3291 ἢτοι
714 3220 782 3286 ἀγ
792 3218 1100 3288 ροικότερόν
1118 3232 1198 3280 τις
1225 3217 1472 3284 δωροῖτο,
1490 3217 1522 3286 ἦ
1543 3217 1632 3267 τὸν
1655 3221 1845 3285 καιρὸν
1873 3217 1987 3268 ἐνὸν

426 3317 735 3384 συντεμεῖν,
784 3314 857 3366 ὅδ’
893 3312 1142 3382 ἐπίτηδες
1175 3313 1528 3365 ἀναϐάλλοιτο
1550 3329 1564 3343 ·
1616 3315 1710 3365 καὶ
1739 3312 1854 3380 δοίη
1887 3295 2056 3380 μὲνΩ

425 3408 563 3461 κύνα.
606 3407 682 3477 τῷ
719 3405 976 3474 ναυτικῷ,
1019 3407 1133 3473 δοίη
1180 3407 1234 3457 δὲ
1270 3405 1554 3475 θηρεύοντι
1606 3404 1835 3474 κώπην·
1894 3405 1986 3455 καὶ

427 3497 730 3564 στρατιώτῃ
793 3495 890 3562 μὲν
936 3498 1134 3557 ἵππους
1168 3496 1317 3559 δέκα,
1357 3497 1615 3565 ἱππάριον
1657 3495 1714 3546 δὲ
1755 3495 1987 3564 πονηρὸν

427 3587 504 3655 τῷ
559 3589 910 3655 στρατιωτῶν
956 3589 1220 3655 ἡγεμόνι·
1257 3588 1508 3655 ἀχαριςή
1559 3587 1714 3655 χάρις
1744 3586 1857 3655 ἣδε,
1894 3585 1988 3636 καὶ

432 3674 636 3745 βλάϐην
661 3677 794 3728 οῐσει
830 3676 1088 3745 μεγίστην
1121 3675 1323 3727 πολλῶν
1349 3674 1530 3726 ἕνεκα.

1161 3953 1263 4009 ΞῖΪ.

496 4049 672 4120 Τριχῆ
722 4046 814 4098 τοῦ
851 4046 1045 4115 χρόνου
1083 4045 1466 4114 μεριζομένου,
1497 4046 1574 4104 εἰς
1607 4044 1866 4112 σήμερον,
1903 4042 1993 4094 καὶ

428 4141 622 4212 αῠριον
659 4139 756 4192 καὶ
803 4138 952 4206 χθὲς,
987 4137 1138 4188 οὐδὲν
1167 4153 1230 4202 γε
1278 4137 1440 4204 μέρος
1471 4133 1676 4186 τούτων
1707 4133 1991 4202 ἡμέτερον,

432 4231 777 4287 σκοπούντων
803 4229 1033 4290 τάληθὲς
1063 4227 1452 4294 ἀκριϐέστερον
1477 4240 1490 4256 ’
1517 4225 1576 4277 τὸ
1607 4226 1707 4294 μὲν
1732 4227 1840 4293 γὰρ
1867 4223 1994 4292 χθὲς

429 4322 771 4395 παρελήλυθε
798 4337 812 4350 ·
843 4321 904 4374 τὸ
926 4320 970 4373 δ’
996 4319 1186 4389 αὔριον
1214 4317 1366 4370 οὔπω
1387 4318 1575 4385 γέγονε
1603 4335 1614 4346 ·
1638 4317 1698 4369 τὸ
1728 4318 1992 4384 σήμερον,

431 4419 488 4468 ἐν
515 4412 558 4484 ᾧ
585 4415 848 4482 δοκοῦμεν
895 4412 1162 4482 ίδρύσθαι,
1194 4415 1263 4461 τὰ
1293 4409 1388 4461 τοῦ
1428 4409 1837 4478 θαυματοποιοῦ
1867 4409 1976 4459 Δαι-

431 4509 590 4564 δάλου
624 4509 972 4575 τεχνάσματα
1010 4506 1088 4566 εἰς
1125 4501 1431 4572 ὑπερϐολὴν
1463 4502 1681 4570 ἀπάτης
1712 4500 1992 4566 ὑπερήλα-

2807 2579 2944 2634 LXI.
3009 2622 3011 2624 ς

2162 2667 2308 2723 Velle
2345 2670 2509 2724 debes
2543 2671 2645 2726 hoc
2675 2686 2896 2741 quoque
2925 2679 3038 2724 tum
3071 2670 3185 2738 ipse
3219 2677 3500 2736 praistare,
3538 2677 3650 2722 tum

2091 2761 2340 2834 quisquis
2365 2762 2640 2832 imperare
2693 2764 2914 2831 cogitat,
2975 2771 3033 2815 ut
3064 2762 3382 2814 muneribus
3449 2761 3653 2813 urbana

2093 2857 2340 2928 quzedam
2393 2857 2765 2910 admisceatur
2843 2855 3094 2918 comitas,
3145 2853 3370 2922 ipsaque
3418 2844 3654 2918 largitio,

2091 2959 2291 3018 quanta
2323 2949 2440 3002 fieri
2480 2949 2713 3002 maxima
2749 2946 3028 3000 celeritate
3080 2954 3280 3013 potest,
3327 2945 3394 2998 ad
3450 2946 3656 2997 exitum

2093 3042 2438 3110 perducatur.
2478 3038 2668 3092 Modus
2691 3040 2894 3091 eisdem
2924 3035 3298 3099 adhibendus,
3328 3037 3421 3104 qui
3447 3035 3656 3088 viribus

2093 3133 2204 3186 tuis
2234 3132 2539 3194 conveniat,
2588 3145 2650 3182 ac
2691 3129 3125 3198 professionibus
3179 3136 3234 3180 et
3298 3127 3658 3194 qualitatibus

2094 3239 2304 3288 eorum,
2348 3224 2439 3292 qui
2495 3224 2700 3275 donum
2757 3222 3052 3290 accipiunt.
3119 3221 3328 3288 Quippe
3379 3220 3482 3273 nisi
3536 3221 3658 3288 quis

2093 3318 2317 3368 omnino
2352 3330 2411 3368 se
2439 3315 2576 3382 gerit
2609 3330 2674 3366 ex
2705 3315 2914 3367 ratione
2965 3314 3169 3377 decori,
3213 3313 3305 3365 sed
3361 3313 3440 3366 vel
3475 3328 3658 3380 agres-

2095 3409 2202 3460 tius
2233 3407 2419 3470 donat,
2450 3407 2532 3459 vel
2566 3422 2687 3460 cum
2715 3415 2928 3474 tempus
2953 3405 3276 3458 imminuere
3311 3405 3521 3461 liceret.
3545 3402 3660 3471 ipse

2093 3499 2159 3550 de
2187 3497 2452 3550 industria
2480 3512 2590 3548 rem
2618 3497 2856 3549 extrahit
2894 3514 2908 3560 ;
2943 3511 3005 3548 ac
3043 3506 3216 3549 nautae
3243 3510 3434 3549 canem
3473 3494 3657 3559 oll'ert,

2093 3589 2338 3641 venatori
2366 3603 2593 3646 remum;
2624 3587 2780 3640 militi
2805 3590 2989 3640 decem
3026 3601 3217 3654 equos,
3273 3586 3392 3637 duci
3425 3585 3659 3637 militum

2095 3678 2272 3745 exigui
2299 3678 2559 3731 momenti
2584 3678 2874 3743 equuleum
2907 3695 2920 3729 :
2949 3678 3158 3745 ingrata
3185 3677 3387 3729 scilicet
3420 3678 3521 3728 erit
3556 3677 3662 3730 ista

2097 3770 2291 3836 gratia,
2323 3769 2618 3837 multisque
2640 3769 2706 3823 de
2731 3774 2914 3824 causis
2941 3769 3328 3822 detrimentum
3367 3767 3661 3819 maximum

2099 3860 2308 3913 afferet.
2691 3849 2702 3862 ’

2801 3950 2961 4005 LXII.

2171 4042 2362 4095 Omnia
2385 4029 2727 4110 iemporibus
2763 4043 2815 4095 in
2847 4043 2950 4096 tria
2980 4042 3308 4106 distributis,
3344 4042 3397 4096 in
3436 4042 3661 4096 hodier-

2100 4150 2228 4188 num
2261 4142 2314 4187 ct
2349 4136 2668 4197 crastinmn,
2704 4141 2758 4187 et
2789 4134 3126 4195 hesternum,
3153 4134 3298 4187 nulla
3319 4150 3441 4202 pars
3471 4135 3663 4187 harum

2101 4235 2288 4280 nostra
2323 4234 2426 4290 est,
2482 4225 2525 4279 si
2578 4239 2764 4278 verum
2815 4225 3069 4279 subtilius
3147 4225 3349 4279 intueri
3396 4227 3662 4279 volemus.

2101 4320 2309 4387 Quippe
2340 4327 2555 4384 tempus
2614 4318 2930 4370 hesternum
2980 4316 3288 4384 praeteriit;
3351 4317 3652 4368 crastinum

2102 4411 2328 4463 necdum
2354 4409 2572 4461 advenit
2595 4424 2610 4472 ;
2657 4407 3003 4468 hodiernum,
3023 4405 3371 4472 cui;videmur
3393 4404 3666 4468 insistere,

2103 4500 2472 4568 prodigiorum
2527 4497 2903 4565 opiticisillius
2946 4495 3144 4549 Daedali
3172 4503 3480 4549 commenta
3505 4494 3670 4548 nimi-

436 4619 546 4654 σεν.
589 4601 676 4652 Ἐν
715 4598 825 4667 γὰρ
857 4598 1053 4666 ἀκαρεῖ
1082 4598 1179 4664 τῆς
1213 4593 1362 4662 ῶρας
1390 4592 1725 4660 τεμνόμενον
1756 4590 1987 4659 διαρρεῖ,

2102 4604 2263 4658 opere
2283 4589 2518 4642 fallendo
2540 4598 2780 4657 superat.
2819 4587 3030 4641 Etenim
3089 4587 3354 4656 temporis
3393 4595 3670 4640 momento

436 4692 755 4761 κρατεῖσθαι
785 4688 1163 4757 νομιζόμενον,
1193 4688 1288 4736 καὶ
1317 4683 1666 4735 διολισθαίνει
1701 4681 1868 4750 πρινὴ
1898 4697 1995 4732 κα-

435 4781 542 4842 λῶς
572 4779 853 4847 νοηθῆναι.
879 4779 988 4830 Καὶ
1020 4776 1116 4844 μὲν
1139 4775 1202 4843 δὴ
1229 4774 1433 4843 βέλτιον
1462 4772 1810 4840 ἀπολαύομεν
1837 4771 1995 4822 ὲνίων

438 4870 809 4937 ἐλπιζομένων
842 4869 873 4934 ἢ
902 4868 1037 4932 πρὸς
1075 4867 1219 4935 ἡμᾶς
1264 4865 1772 4933 παραγιγνομένων,
1805 4864 1998 4929 φεύγει

436 4959 545 5027 γὰρ
585 4958 680 5026 τὴν
712 4955 988 5024 αἴσθησιν,
1038 4956 1144 5025 πρὸ
1179 4953 1270 5006 τοῦ
1308 4954 1518 5005 τελέσαι
1545 4955 1612 5004 τὰ
1641 4955 1761 5004 κατ’
1789 4951 1998 5014 ἐλπίδα,

437 5051 534 5102 καὶ
564 5051 721 5100 λυπεῖ
751 5047 827 5116 τῷ
851 5047 1160 5112 ἀποπτῆναι
1186 5045 1365 5109 πλέον,
1400 5047 1432 5116 ἢ
1460 5045 1739 5114 χαρίζεται
1765 5045 1840 5112 τῷ
1873 5059 2002 5108 συγ-

435 5141 734 5209 γεγονέναι.
798 5140 1014 5191 Μᾶλλον
1064 5138 1120 5190 δὲ
1169 5142 1238 5192 τὰ
1291 5139 1410 5190 καθ’
1463 5141 1606 5208 ἡμᾶς
1665 5139 1896 5197 ἅπαντα,
1938 5138 2002 5205 ἣν

435 5233 679 5304 ἀκριϐῶς
734 5233 986 5302 θεωρήτῃ
1045 5249 1150 5296 τις,
1215 5231 1444 5300 ὀρνίθων
1484 5214 1640 5300 δίκην
1687 5230 2002 5298 πετομένων

436 5327 583 5396 ἡμᾶς
606 5329 963 5394 παρέρχεται.
993 5323 1179 5375 Καίτοι
1205 5327 1296 5374 καὶ
1325 5325 1479 5392 ἡμεῖς
1502 5323 1638 5374 αύτά
1662 5338 1837 5389 παρατ
1850 5320 2001 5389 ρέχο-

441 5433 562 5484 μεν,
588 5416 848 5484 διηνεκῶς
868 5415 1011 5483 ἡμᾶς
1043 5414 1476 5483 παρατρέχοντα.
1505 5414 1614 5465 Καὶ
1641 5412 1699 5464 τὸ
1730 5411 1864 5464 πολὺ
1889 5413 2000 5464 δειο

437 5510 680 5572 νότατον,
733 5508 1085 5576 ἀνεπινόητος
1128 5510 1159 5575 ἡ
1207 5508 1512 5576 διόρθωσις.
1544 5506 1710 5575 Νόμῳ
1749 5506 1855 5573 γὰρ
1895 5503 1996 5570 φύ-

439 5617 575 5662 σεως
605 5601 870 5669 γίγνεται.
905 5600 1038 5653 Σκιά
1068 5600 1134 5652 τά
1165 5599 1312 5667 τῇδε,
1351 5599 1504 5668 ὄναρ,
1541 5599 1762 5662 καπνὸς,
1794 5597 2000 5666 ἀπάτη.

2105 4689 2371 4733 resectum
2388 4678 2599 4742 difﬂuit,
2618 4693 2739 4730 cum
2763 4677 2932 4731 teneri
2951 4687 3192 4746 putetur,
3215 4692 3279 4731 ac
3315 4680 3484 4747 prius,
3505 4693 3667 4744 quam

2104 4779 2248 4824 recte
2284 4771 2630 4838 percipiatur,
2651 4770 2931 4823 d.labitur.
2953 4769 3094 4834 Quin
3119 4770 3280 4823 etiam
3317 4771 3508 4824 melius
3539 4785 3672 4822 non-

2100 4862 2264 4916 nullis
2291 4864 2342 4914 in
2367 4877 2462 4928 spe
2494 4861 2684 4928 positis
2729 4859 2984 4921 fruimur,
3012 4875 3176 4928 quam
3225 4859 3314 4913 ubi
3338 4861 3562 4927 propius
3603 4860 3671 4913 ad

2101 4970 2200 5008 nos
2219 4953 2506 5007 accedunt.
2525 4952 2660 5005 Nam
2684 4963 2898 5020 sperata
2917 4954 3088 5021 prius,
3105 4967 3267 5022 quam
3293 4954 3668 5021 perficiantur,

2100 5058 2319 5096 sensum
2337 5043 2617 5112 effugiunt,
2636 5043 2864 5110 plusque
2883 5043 3148 5095 molestia:
3171 5050 3356 5095 creant
3381 5043 3670 5104 avolando,

2109 5151 2270 5202 quam
2299 5134 2528 5201 jucundi
2577 5149 2799 5188 accessu
2846 5148 2947 5187 suo
3005 5134 3329 5202 largiantur.
3368 5131 3462 5186 Vel
3491 5134 3675 5203 potius

2107 5228 2289 5279 omnia
2329 5235 2535 5290 nostra,
2570 5226 2617 5278 si
2665 5214 2788 5292 quis
2819 5233 3073 5278 accurate
3103 5225 3435 5290 consideret,
3480 5226 3664 5277 instar

2108 5324 2288 5375 avium
2351 5319 2658 5372 volantium
2705 5334 2804 5372 nos
2866 5326 3219 5387 praetereunt.
3268 5315 3519 5371 Vicissim
3571 5328 3675 5368 nos

2111 5427 2174 5466 ea
2207 5427 2444 5480 quoque,
2487 5419 2752 5479 perpetuo
2791 5425 2955 5464 cursu
3006 5410 3410 5478 praetereunda,
3451 5414 3673 5473 pratter-

2112 5505 2377 5558 vehimur.
2420 5503 2573 5568 Quod
2622 5505 2856 5573 denique
2899 5501 3286 5570 gravissimum
3326 5493 3670 5577 est,excogi-

2110 5597 2213 5648 tari
2247 5595 2456 5649 nullum
2495 5604 2672 5663 potest
2714 5594 3016 5648 remedium
3056 5609 3070 5656 ;
3108 5605 3230 5644 nam
3280 5587 3395 5640 baac
3428 5585 3500 5637 ita
3553 5582 3671 5652 lege

2107 5696 2315 5739 natura:
2341 5688 2620 5741 accidunt.
2667 5685 2938 5738 Nimirum
2975 5685 3098 5736 vitae
3130 5681 3290 5746 hujus
3341 5690 3429 5730 res
3478 5672 3670 5727 umbra

2107 5787 2250 5842 sunt,
2278 5780 2577 5843 somnium,
2621 5777 2829 5843 fumus,
2870 5776 3196 5843 impostura.
