4166 6270
319 385 422 450 361

1243 372 1656 437 PILECEPTA
1700 367 2219 432 EDUCATIONIS
2253 367 2535 435 REGI/E.

3471 366 3576 428 30?.

325 501 384 553 ἓν
410 499 688 569 εῐργαστο,
722 492 751 545 ὃ
780 507 830 544 τι
863 488 938 559 μὴ
967 487 1109 541 πάνυ
1153 486 1334 540 καλόν.
1376 486 1544 541 Ιῐόθεν
1582 486 1647 539 ἄν
1682 503 1762 548 τις
1808 486 1897 537 εὐ.

2035 482 2075 535 it
2114 481 2269 545 liber,
2304 478 2409 534 Deo
2434 488 2605 533 totum
2637 486 2917 547 acceptum
2952 476 3152 543 ferens,
3177 478 3266 547 qui
3304 477 3435 531 nihil
3466 494 3578 532 om-

328 592 501 646 σεόῶν
551 589 662 658 ἔχει
702 581 1013 638 τούναντίον
1056 581 1232 633 εἰπεῖν
1258 599 1272 645 ;
1329 580 1392 633 El
1455 579 1566 650 γὰρ
1633 578 1899 648 Ἑλλήνων

325 681 509 749 παισὶ,
530 678 671 750 τύχῃ
691 692 751 728 τε
779 674 872 726 καὶ
889 669 1200 741 εἱμαρμένῃ
1221 668 1554 731 δουλεύουσι,
1586 666 1696 719 δεῖν
1726 665 1901 718 ἐδόκει

326 777 515 844 φέρειν
543 773 608 824 τὰ
636 766 767 838 παρ’
800 763 1001 828 αὐτῶν,
1038 762 1202 833 σχολῇ
1236 778 1298 829 γε
1352 763 1483 829 ἡμῖν
1539 761 1600 813 οὐ
1640 758 1781 823 δόξει
1832 759 1901 811 τὰ

325 869 423 936 τῆς
457 860 710 935 προνοίας
738 854 1102 919 ἀσπάζεσθαι.
1129 849 1265 906 Εἶτα
1296 855 1408 915 τοῖς
1441 852 1540 917 μὲν
1587 851 1795 920 κρίνοις
1847 852 1902 903 αί

327 957 530 1027 χροιαὶ,
563 953 657 1005 καὶ
685 951 743 1003 τὸ
766 949 864 1018 τῆς
898 946 1046 1015 ὧρας
1070 946 1369 1015 ἀμήχανον,
1403 944 1626 1005 καὶτοῖς
1656 944 1901 1013 πτηνοῖς,

329 1050 389 1101 οὐ
416 1048 761 1113 συνάγουσιν,
802 1039 911 1094 οὐδ’
938 1038 1222 1108 ἀποθήκας
1247 1038 1454 1107 ἔχουσι,
1490 1037 1551 1090 τὸ
1605 1037 1905 1107 τρέφεσθαι

334 1138 487 1207 παρά
515 1135 609 1188 τοῦ
639 1130 987 1204 Δημιουρτοῦ
1014 1146 1028 1161 ο
1087 1129 1375 1198 ἀνθρώπου
1401 1127 1457 1180 δὲ
1509 1128 1730 1196 φροντὶς
1757 1126 1906 1197 αὑτῷ

331 1228 578 1298 οὐδαμῶς
606 1226 673 1281 ἂν
703 1227 945 1293 γένοιτος
986 1223 1051 1276 El
1088 1222 1144 1274 δὲ
1173 1220 1305 1283 Θεὸς
1339 1218 1415 1273 ὣν
1468 1218 1693 1286 ἀγαθός,
1746 1218 1905 1287 ἡμῶν

332 1319 606 1391 φροντίζει
631 1317 724 1371 καὶ
765 1316 1006 1387 κήδεται,
1040 1312 1141 1366 τίν’
1192 1312 1306 1383 ἔχει
1342 1311 1499 1379 λόγον
1555 1309 1905 1378 ὐπεραλγετν,

333 1414 367 1481 ἢ
404 1411 582 1466 καὶτὸ
616 1410 692 1480 μὴ
726 1408 886 1478 χάριν
907 1405 1129 1467 ειδέναι,
1160 1397 1262 1457 ὦδε
1288 1402 1319 1473 ἦ
1346 1402 1548 1472 ἑτέρως
1576 1400 1684 1453 τῶν
1718 1416 1902 1469 πραγ-

337 1504 522 1573 μάτων
569 1504 703 1572 ἡμῖν
758 1496 1274 1568 οίκονομουμένωνς
1323 1492 1496 1546 Τοῦτο
1537 1491 1719 1562 ψυχῆς
1765 1492 1907 1546 πάνυ

333 1594 575 1663 σκληρᾶς
598 1632 614 1658 ,
648 1590 898 1653 δοθέντος
952 1585 1091 1643 εἶναι
1124 1586 1342 1655 πιστῆς.

2004 575 2135 628 nino
2171 574 2321 639 facit,
2355 572 2501 643 quod
2530 586 2635 626 non
2673 572 2824 626 valde
2857 572 2927 626 sit
2958 572 3183 626 bonum.
3218 571 3430 637 Quibus
3493 588 3580 624 ar-

2004 668 2279 737 gumentis
2307 667 2476 722 frctus
2524 667 2688 721 homo
2732 666 3020 735 religiosus
3064 665 3146 719 his
3205 667 3580 720 contradicere

2005 761 2220 826 possit?
2251 758 2384 812 Nam
2417 761 2461 814 si
2494 760 2713 829 pagani,
2746 760 2977 813 fortuna:
3008 759 3227 827 latoque
3261 760 3583 822 servientes,

2008 852 2229 909 ferenda
2265 854 2547 924 putabant,
2585 868 2922 923 quaecunque
2966 853 3034 905 ab
3077 852 3161 907 his
3188 850 3428 920 profecta
3454 851 3583 905 luis-

2008 956 2148 1013 sent,
2193 946 2539 1016 nequaquam
2586 961 2685 1000 nos
2731 960 2814 1009 ea,
2858 961 2979 1013 qua:
3021 962 3047 997 a
3082 943 3415 1014 providentia
3464 960 3583 1013 prov

2015 1041 2369 1107 ﬁciscuntur,_
2392 1041 2517 1094 boni
2541 1056 2648 1093 non
2682 1040 3013 1095 consulenda
3045 1040 3416 1093 censebimus.
3447 1037 3586 1092 Prm-

2016 1141 2162 1187 terea
2202 1134 2327 1187 liliis
2356 1144 2404 1187 et
2440 1133 2653 1187 colores
2681 1142 2735 1186 et
2787 1143 3047 1187 venustas
3078 1131 3501 1195 inaestimabilis,
3532 1147 3585 1184 a-

2016 1226 2282 1293 vibusque
2311 1226 2443 1278 nihil
2477 1225 2879 1295 colligentibus,
2904 1240 2999 1277 nec
3022 1223 3348 1278 habentibus
3373 1223 3588 1277 horrea.

2016 1331 2198 1369 rerum
2230 1317 2301 1370 ob
2336 1316 2543 1385 Opiﬁce
2588 1317 2916 1370 nutrimenta
2969 1315 3201 1369 dantur:
3267 1324 3319 1368 et
3356 1314 3589 1367 hon.inis

2014 1407 2103 1461 ille
2141 1422 2273 1461 cura
2310 1408 2455 1461 nulla
2488 1408 2773 1477 tangitur?
2810 1406 2958 1476 quod
2997 1407 3040 1461 si
3082 1407 3255 1460 bonus
3311 1405 3452 1459 Deus
3494 1421 3591 1458 cu-

2013 1514 2128 1551 ram
2160 1499 2332 1553 nostri
2372 1499 2603 1555 sollicite
2642 1500 2803 1569 gerit,
2840 1515 2946 1568 qua
2992 1497 3203 1551 ratione
3237 1496 3479 1561 subnixi,
3517 1498 3590 1548 ni-

2009 1592 2119 1645 mio
2138 1592 2322 1647 dolore
2341 1596 2810 1656 contabescemus,
2843 1593 2921 1647 vel
2950 1592 3059 1645 Deo
3100 1590 3325 1659 gratiam
3362 1604 3465 1641 non
3502 1589 3591 1640 ha-

336 1688 606 1752 bebimus,
634 1702 756 1742 cum
787 1686 891 1740 hoc
922 1684 1085 1737 illove
1133 1680 1297 1735 modo
1332 1694 1420 1734 res
1453 1680 1522 1733 ab
1552 1694 1617 1733 eo
1653 1688 1853 1735 nostrae
1879 1681 2350 1743 administrantur.
2396 1687 2662 1742 Nimirum
2723 1686 2824 1739 hoc
2889 1685 3181 1739 admodum
3228 1684 3383 1752 rigidi
3436 1682 3591 1737 fuerit

338 1782 532 1846 animi,
552 1782 599 1835 si
630 1778 851 1850 quidem
880 1774 1237 1837 concedatur,
1262 1786 1398 1833 esse
1432 1772 1626 1828 ﬁdelis.

1058 1870 1174 1921 ΞΖ’.

408 1966 631 2037 Πλούτῳ
660 1967 687 2019 ό
724 1966 821 2035 μὲν
850 1964 1058 2035 ἥδεται,
1114 1963 1174 2016 οὐ
1225 1963 1287 2015 τὸ
1330 1961 1552 2033 χρυσίον
1596 1960 1912 2029 θαυμάζων,

336 2060 453 2113 ἀλλ’
486 2059 560 2122 ὼς
596 2056 743 2127 αὐτῷ
773 2057 1069 2126 δυνάμενος
1119 2057 1310 2107 ἑαυτὸν
1364 2054 1456 2107 καὶ
1504 2054 1793 2121 δεομένους
1852 2049 1910 2106 εὖ

337 2151 511 2201 ποιεῖν
532 2166 544 2179 ·
582 2148 742 2209 ἄλλος
769 2146 814 2197 δ’
844 2145 920 2198 ὢν
975 2145 1295 2214 ἀκόρεστος,
1332 2147 1426 2197 καὶ
1458 2146 1517 2198 τὸ
1547 2146 1798 2199 πλουτεῖν
1824 2146 1914 2198 τέ-

335 2242 426 2304 λος
480 2240 641 2311 ἔχων,
708 2240 803 2292 καὶ
866 2238 1115 2291 πλουτῶν
1168 2238 1429 2308 ἀδημονεί
1493 2240 1586 2293 καὶ
1643 2239 1782 2293 κατά
1823 2240 1914 2294 τὶν

351 2332 561 2403 ἄφρονα
593 2331 854 2385 πλούσιον
886 2328 1112 2400 οίμώζει
1140 2330 1345 2395 κλάων,
1365 2330 1428 2382 Τί
1462 2330 1688 2400 πράξω;
1713 2330 1906 2398 λέγων,

337 2424 389 2476 τί
415 2425 714 2494 χρήσομαις
763 2423 846 2474 ὅτι
899 2439 988 2490 μοι
1027 2422 1089 2473 τὸ
1136 2421 1289 2491 λήϊον
1337 2419 1590 2490 εὔφορον,
1647 2420 1739 2474 καὶ
1793 2425 1913 2485 ταῖς

342 2516 519 2584 ληνοῖς
550 2515 597 2565 οί
634 2512 858 2581 βότρυες
890 2510 950 2562 οὐ
1002 2509 1262 2579 χωρητοὶ,
1320 2510 1416 2562 καὶ
1465 2512 1573 2562 πᾶν
1613 2527 1701 2576 μοι
1743 2510 1915 2580 βρίθει

344 2602 528 2671 φυτὸν,
560 2603 655 2654 καὶ
704 2601 859 2677 κενὸν
894 2598 1051 2651 οὐδὲν
1107 2599 1267 2651 οἴκοι.
1325 2599 1435 2653 Καὶ
1482 2598 1587 2668 μὴν
1622 2599 1779 2667 δόξης
1836 2617 1919 2662 τις

345 2693 693 2762 ἀφεστηκὼς,
728 2690 955 2743 καὶτῶν
988 2688 1081 2741 τοῦ
1113 2689 1309 2755 φθόνου
1360 2688 1449 2742 διὰ
1506 2689 1668 2741 τοῦτο
1724 2690 1916 2758 βελῶν,

346 2766 576 2856 νομίσας
624 2784 722 2836 οὒκ
782 2777 922 2834 εἷναί
967 2782 1017 2834 οἱ
1074 2778 1286 2848 βιωτὸν,
1338 2781 1384 2833 εἰ
1427 2779 1501 2849 μὴ
1544 2782 1919 2850 προσκυνοίτο,

346 2879 560 2947 ἐκείνης
597 2876 645 2929 θ’
689 2876 806 2946 ἅμα.
853 2872 1052 2943 τυχὼν,
1094 2873 1189 2924 καὶ
1249 2872 1356 2926 τῶν
1408 2870 1577 2940 βελῶν
1622 2872 1922 2941 πειραθεὶς,

346 2968 459 3024 οὔτ’
492 2968 673 3038 ἐκείνῃ
702 2966 912 3037 χαίρων
935 2961 1023 3036 ἦν,
1065 2963 1160 3017 καὶ
1190 2963 1399 3034 θανατᾷ
1427 2962 1501 3026 ὡς
1536 2961 1923 3031 φθονούμενος.

364 3059 562 3131 Ἐτέρῳ
588 3059 631 3112 δ’
663 3054 729 3112 αὖ
752 3058 1071 3126 ἐπέπρακτο
1090 3054 1421 3108 τούναντίον.
1445 3054 1554 3106 Καὶ
1578 3055 1754 3108 πάντα
1777 3052 1834 3105 δὲ
1859 3051 1928 3105 τὰ

354 3152 477 3207 καθ’
496 3153 641 3223 ἡμᾶς
670 3149 858 3203 ἄλλοτε
890 3147 1070 3211 ἄλλοις
1100 3148 1235 3200 ἄλλα
1265 3147 1433 3200 δοκεῖ.
1466 3148 1575 3199 Καὶ
1598 3146 1765 3199 ταυτά
1794 3143 1927 3197 ποτὲ

2744 1862 2960 1917 LXVII.

2085 1957 2345 2012 Jucunda:
2376 1966 2500 2011 sunt
2550 1957 2641 2010 uni
2708 1956 2926 2019 divitiae,
2958 1971 3063 2009 non
3110 1970 3230 2009 eam
3268 1954 3339 2009 ob
3370 1970 3595 2009 causam

2016 2049 2160 2118 quod
2200 2064 2392 2102 aurum
2419 2048 2741 2109 admiretur,
2775 2046 2868 2101 sed
2896 2047 3040 2116 quod
3081 2046 3146 2100 iis
3179 2056 3289 2098 tum
3322 2046 3447 2109 sibi,
3484 2055 3597 2098 tum

2014 2141 2136 2197 aliis
2172 2142 2308 2197 bene
2344 2140 2523 2196 facere
2565 2143 2757 2210 possit.
2798 2141 2972 2206 Alius,
3005 2149 3197 2193 natura
3248 2139 3595 2200 insatiabilis,

2019 2249 2303 2303 unumque
2350 2234 2509 2288 finem
2540 2244 2817 2302 spectans,
2851 2242 2907 2287 ut
2941 2233 3136 2301 opibus
3177 2230 3381 2294 allluat,
3434 2228 3599 2283 etiam

2022 2339 2215 2383 nactus
2254 2344 2348 2383 eas
2394 2330 2633 2397 angitur,
2698 2342 2763 2381 ac
2819 2326 3003 2381 divitis
3064 2324 3209 2378 illius
3266 2322 3418 2377 stulti
3451 2336 3601 2374 more

2024 2424 2242 2493 plorans
2306 2422 2499 2485 ululat,
2538 2422 2678 2488 Quid
2742 2420 2961 2483 faciam,
3025 2419 3304 2487 inquiens,
3352 2431 3461 2485 quo
3516 2431 3600 2467 me

2024 2525 2183 2583 pacto
2218 2514 2438 2582 geram?
2469 2529 2625 2581 seges
2652 2513 2784 2566 mihi
2816 2513 3033 2581 copiosa
3096 2509 3364 2579 provenit,
3401 2521 3454 2562 et
3515 2522 3601 2559 ra-

2025 2618 2211 2657 cemos
2237 2604 2528 2656 toreularia
2566 2618 2673 2655 non
2710 2603 2955 2670 capiunt.
3008 2603 3208 2653 Omnes
3242 2599 3371 2652 mihi
3408 2598 3604 2651 fructi-

2028 2695 2130 2748 bus
2160 2703 2373 2747 onusla:
2407 2694 2795 2755 suntarbores,
2831 2708 2929 2746 nec
2970 2706 3201 2745 vacuum
3250 2690 3397 2743 domi
3443 2691 3604 2757 quid-

2025 2801 2211 2853 quam.
2244 2785 2397 2839 Alius
2422 2800 2449 2837 a
2477 2784 2648 2855 gloria
2682 2784 2966 2845 remotior,
2996 2792 3051 2836 et
3083 2782 3330 2836 eamdem
3364 2783 3432 2834 ob
3473 2796 3603 2835 can-

2028 2892 2141 2932 sam
2176 2878 2244 2932 ab
2284 2877 2497 2931 invidia:
2554 2891 2772 2946 quoque
2830 2876 2970 2939 telis,
3025 2886 3174 2928 ratus
3222 2890 3289 2927 ne
3318 2873 3605 2928 vivendum

2030 2968 2251 3036 quidem
2286 2968 2415 3034 sibi,
2490 2969 2540 3021 ni
2602 2969 2897 3033 adoretur;
2948 2975 3236 3037 postquam
3269 2975 3323 3019 et
3382 2954 3606 3034 adeptus

2030 3069 2114 3116 est
2134 3076 2275 3126 eam,
2312 3072 2365 3117 et
2392 3071 2653 3132 expertus
2691 3060 2908 3115 invidiae
2946 3060 3086 3114 tela:
3130 3074 3228 3113 nec
3274 3058 3605 3127 voluptatem

2036 3168 2103 3209 ex
2134 3155 2222 3208 illa
2253 3154 2505 3224 percipit,
2542 3163 2595 3208 et
2625 3154 2769 3224 quod
2801 3153 3000 3207 invidia
3033 3152 3317 3222 premitur,
3379 3160 3607 3205 mortem

357 3242 521 3307 καλὰ,
559 3241 689 3295 ποτὲ
708 3240 763 3295 δὲ
802 3241 877 3312 μὴ
907 3239 1153 3305 τοιαῦτα,
1174 3239 1234 3291 ού
1259 3238 1346 3291 διὰ
1374 3239 1472 3307 τὴν
1511 3238 1718 3292 ἑαυτῶν
1741 3237 1923 3307 φύσιν,

2032 3245 2146 3316 ipse
2174 3246 2278 3301 sibi
2318 3254 2488 3315 optat.
2523 3247 2734 3300 Rursus
2764 3245 2904 3299 alius
2930 3245 3211 3298 diversum
3253 3243 3400 3296 facit.
3432 3242 3607 3295 Adeo-

352 3335 443 3388 διά
478 3333 651 3405 δὲτὴν
680 3331 787 3384 τῶν
826 3329 1129 3399 ἀνθρώπων
1164 3329 1299 3398 πρὸς
1340 3329 1521 3380 ἐκεῖνα
1555 3331 1771 3391 πάντως
1808 3328 1924 3381 διά-

354 3428 525 3481 θεσιν.
552 3426 716 3477 ’Ὥστε
755 3422 848 3477 καὶ
904 3422 967 3475 τὸ
1020 3421 1267 3491 ἠρεμεῖν,
1308 3420 1402 3472 καὶ
1437 3420 1497 3483 τὸ
1548 3420 1795 3489 ἥδεσθαι,
1834 3420 1927 3473 καὶ⁸

354 3516 413 3569 τὸ
451 3513 896 3585 ταράττεσθαίτε
936 3514 1030 3565 καὶ
1056 3511 1361 3578 θλίϐεσθαι,
1414 3512 1690 3582 λογισμῶν
1728 3512 1796 3565 ἂν
1838 3511 1923 3582 εἴη

363 3613 559 3681 μᾶλλον
592 3613 625 3682 ἢ
652 3612 753 3682 τῆς
784 3610 997 3680 φύσεως
1037 3608 1146 3663 τῶν
1182 3609 1543 3680 πραγμάτων.

2034 3352 2140 3406 que
2167 3346 2378 3391 cunctae
2405 3352 2490 3391 res
2523 3344 2722 3392 nostrae
2756 3336 2890 3389 alias
2925 3335 3045 3390 aliis
3081 3334 3199 3388 alia:
3256 3334 3506 3387 videntur
3527 3348 3608 3385 es-

2034 3443 2092 3482 se
2129 3464 2144 3481 .
2172 3427 2313 3494 Quin
2343 3429 2530 3483 eadem
2572 3429 2750 3497 plane,
2787 3426 2948 3483 modo
2978 3428 3136 3493 bona,
3172 3430 3331 3482 modo
3373 3444 3480 3481 non
3518 3429 3609 3481 bo-

2036 3536 2128 3584 na,
2161 3536 2270 3575 non
2302 3522 2352 3576 id
2385 3523 2603 3592 quidem
2652 3537 2716 3576 ex
2750 3533 2943 3576 natura
2982 3536 3100 3585 sua,
3151 3522 3243 3575 sed
3291 3536 3515 3589 prorsus
3546 3537 3610 3575 ex

2034 3610 2276 3679 ipsorum
2318 3612 2382 3665 ad
2408 3628 2469 3667 ea
2504 3612 2813 3665 mortalium
2847 3612 3151 3667 aﬂ‘ectionc.
3204 3610 3324 3675 Quo
3360 3610 3436 3674 lit,
3471 3622 3527 3665 ut
3550 3629 3611 3665 ea

360 3704 742 3771 tranquillitas,
781 3711 835 3759 et
881 3703 1191 3769 oblectatio,
1224 3712 1277 3758 et
1307 3703 1665 3772 perturbatio,
1700 3711 1754 3759 et
1790 3702 2030 3769 alllictio,
2059 3707 2243 3773 potius
2296 3708 2363 3761 ab
2412 3708 2550 3775 ipsis
2616 3707 2836 3770 animis,
2892 3721 3051 3775 quam
3104 3722 3132 3759 a
3190 3721 3369 3760 rerum
3422 3714 3612 3759 natura

362 3798 703 3870 proveniant.

1082 3892 1207 3947 EH’.

432 3987 600 4043 Οὐδὲν
625 3986 690 4040 ἂν
722 3983 807 4055 εἴη
839 3984 1031 4051 δεινόν,
1065 3985 1092 4037 ὃ
1117 3985 1191 4054 μὴ
1226 3984 1461 4055 φορητὸν
1495 3986 1651 4054 ἡμῖν,
1695 3984 1815 4037 εἶπέ
1856 4002 1938 4046 τις

361 4077 469 4131 τῶν
505 4076 769 4146 ποιητῶν,
808 4074 985 4137 ἄλλως
1023 4076 1258 4143 φράσας.
1329 4073 1473 4141 Ἐγὼ
1500 4074 1567 4139 δ’,
1625 4075 1834 4126 ἐκείνου
1868 4075 1935 4143 τῇ

362 4172 520 4240 φύσει
550 4167 709 4222 τοῦτο
742 4166 997 4229 διδόντος,
1017 4168 1081 4236 τῇ
1110 4166 1425 4236 προαιρέσει
1453 4166 1620 4235 νέμω.
1654 4165 1802 4234 Αὕτη
1830 4165 1938 4235 γὰρ

363 4261 559 4323 καλοὺς
602 4261 746 4330 ἡμᾶς
777 4259 871 4311 καὶ
913 4258 985 4327 μὴ
1036 4257 1313 4320 τοιούτους
1367 4258 1680 4327 ἐργάζεται.
1721 4258 1785 4309 ’Π
1840 4258 1938 4325 μὲν

364 4356 473 4424 γὰρ
505 4354 663 4424 κοινὴ
727 4351 890 4420 φύσις
933 4350 1161 4412 δούλοις,
1224 4350 1535 4416 δεσπόταις,
1584 4354 1751 4403 πᾶσιν
1811 4349 1936 4417 ὲξῆς

365 4446 696 4515 ἀνθρώποις,
738 4445 836 4513 μία
868 4460 949 4505 τις
977 4442 1425 4511 ἀπαράλλακτος.
1466 4442 1639 4512 Ἀδὰμ
1666 4442 1773 4510 γὰρ
1806 4443 1934 4494 παῖ-

365 4532 471 4596 δες,
505 4533 660 4602 πηλῷ
694 4533 794 4601 τὴν
835 4532 1071 4601 ὓπαρξιν
1116 4531 1601 4601 ἐσχηκότος,χειρὶ
1654 4532 1790 4585 Θεοῦ
1843 4550 1938 4586 πε-

371 4626 704 4694 πλασμένου.
734 4624 979 4686 Γενναϊος
1009 4624 1086 4686 δὲ,
1111 4625 1202 4676 καὶ
1230 4624 1521 4693 σταθηρὸς,
1543 4626 1635 4677 καὶ
1668 4626 1741 4695 μὴ
1767 4626 1936 4679 τοιοῦ-

371 4736 461 4780 τος
487 4717 925 4770 ἀποκαθίσταται
974 4720 1039 4786 τῇ
1074 4718 1395 4787 προαιρέσει
1466 4719 1573 4782 πᾶς
1633 4720 1939 4788 ἄνθρωπος.
1976 4748 2022 4806 D

383 4809 442 4863 '0
482 4809 589 4877 γὰρ
616 4808 725 4860 τῶν
746 4808 1027 4875 παρόντων
1061 4808 1179 4868 ὅλος
1230 4809 1546 4877 γενόμενος,
1597 4812 1943 4881 πραγμάτων

371 4902 431 4954 οὑ
464 4899 793 4970 βεὸηκότων,
825 4898 937 4961 πῶς
967 4898 1031 4950 ἂν
1064 4899 1306 4969 ἀτρέμας
1338 4901 1493 4971 μείνῃ
1518 4920 1532 4965 ;
1563 4904 1677 4964 πῶς
1701 4904 1903 4966 ἄλυπος
1930 4924 1942 4970 ;

388 4992 445 5045 Ὁ
494 4992 550 5044 δὲ
594 4991 670 5060 τῷ
728 4989 872 5059 λόγῳ
930 4989 1230 5059 χρώμενος,
1281 4992 1430 5044 οὐδέν
1486 5010 1537 5045 τι
1596 4995 1703 5045 τῶν
1760 4995 1944 5049 ἐνθάδε

374 5085 653 5156 προῠργου
686 5082 1030 5154 ποιούμενος,
1069 5081 1163 5135 τοῦ
1192 5082 1364 5151 πηλοῦ
1410 5084 1748 5151 καταγελῶν,
1806 5086 1940 5138 ἀθα-

373 5184 562 5245 νασίας
585 5181 887 5249 ἐπιθυμῶν,
917 5180 1196 5248 ὁδοιπόρον
1216 5180 1408 5233 ἑαυτὸν
1458 5181 1830 5249 ἐπιστάμενος
1863 5184 1941 5245 είς

371 5279 472 5344 τὴν
510 5273 747 5344 πατρίδα
786 5272 883 5340 τὴν
902 5271 1034 5334 ἄνω,
1052 5271 1311 5340 ὑποφέρει
1327 5272 1428 5340 μὲν
1444 5272 1614 5337 δεινὰ,
1635 5272 1792 5336 εἰδὼς
1810 5292 1944 5327 ταυ-

370 5370 425 5421 τὶ
452 5366 854 5437 παρερχόμενα,
882 5362 976 5414 καὶ
1015 5362 1196 5431 νίτρου
1222 5362 1387 5413 τόπον
1418 5361 1659 5425 σώζοντα
1686 5366 1750 5433 τῇ
1774 5365 1942 5434 ψυχῇ,

372 5456 713 5528 ἀνθρώπινόν
743 5471 796 5506 τι
819 5452 1070 5523 παθούσῃ
1092 5470 1104 5484 ·
1142 5452 1249 5503 τῶν
1270 5451 1328 5503 δὲ
1356 5453 1528 5521 ἡδέων
1558 5454 1652 5506 τοῦ
1684 5456 1808 5524 τῇδε
1830 5456 1945 5525 βίου

371 5553 442 5613 ὡς
470 5551 663 5621 θνητὸς
699 5550 798 5601 οὐκ
826 5545 1109 5605 ἀθανάτων
1153 5547 1419 5614 μετέχων,
1452 5546 1588 5599 οἴσει
1614 5549 1712 5617 τὴν
1742 5548 1947 5601 τούτων

375 5644 578 5712 ζημίαν
611 5641 749 5693 πολὺ
784 5638 891 5693 τῶν
918 5637 1093 5691 ἄλλων
1124 5637 1454 5706 κουφότερόν
1505 5656 1561 5691 τε
1612 5641 1703 5692 καὶ
1742 5640 1947 5693 ἀλυπό-

373 5751 549 5802 τερον.

2693 3891 2922 3946 LXVIII.

2111 3983 2319 4036 Sensus
2347 3994 2431 4037 est
2464 3982 2547 4034 hic
2573 3993 2743 4050 poeta“:
2790 3984 3097 4052 cujusdam,
3128 3984 3253 4038 aliis
3297 3983 3379 4038 usi
3409 3982 3612 4048 verbis,

2044 4074 2247 4127 nullam
2280 4089 2400 4129 esse
2428 4073 2818 4139 calamitatem,
2843 4090 2965 4143 qua:
2994 4090 3021 4128 a
3060 4076 3214 4129 nobis
3236 4076 3453 4131 tolerari
3506 4092 3611 4128 non

2040 4168 2229 4237 possit.
2265 4168 2377 4221 Iloc
2411 4183 2531 4222 cum
2562 4168 2627 4220 ad
2666 4178 2914 4221 naturam
2945 4169 3032 4221 ille
3061 4170 3322 4232 retulerit,
3346 4183 3447 4239 ego
3474 4169 3613 4223 libe-

2043 4274 2116 4312 ra:
2148 4260 2411 4313 voluntati
2472 4260 2678 4326 tribuo;
2718 4276 2839 4314 nam
2894 4276 2955 4315 ea
2984 4277 3083 4315 nos
3139 4272 3190 4315 et
3223 4262 3393 4316 bones
3423 4269 3475 4315 et
3506 4277 3614 4314 non

2046 4352 2219 4406 bonos
2250 4352 2433 4407 cllicit.
2467 4353 2676 4422 Quippe
2705 4355 3008 4407 communis
3052 4354 3141 4407 illa
3172 4362 3390 4415 natura,
3420 4354 3616 4413 servis,
3712 4348 3729 4371 ‘

2046 4443 2215 4508 heris,
2244 4445 2609 4514 omnibusque
2670 4446 3025 4509 mortalibus,
3085 4461 3190 4498 una
3225 4447 3471 4513 quaedam
3535 4456 3616 4499 est

2045 4535 2357 4589 indiscreta.
2401 4534 2603 4590 Sumus
2640 4538 2781 4589 enim
2822 4536 2968 4590 illius
3018 4536 3208 4591 Adumi
3254 4537 3371 4601 lilii,
3426 4538 3517 4605 qui
3551 4536 3617 4589 de

2046 4626 2157 4682 Iuto
2190 4628 2415 4690 exsutit,
2445 4626 2536 4681 Dei
2570 4644 2729 4681 manu
2763 4628 3049 4682 formatus.
3089 4628 3399 4699 Atquilibet
3431 4628 3616 4692 homo,

2048 4724 2130 4773 vel
2158 4729 2440 4783 strenuus,
2479 4720 2563 4773 vel
2595 4729 2873 4783 constans,
2940 4721 3020 4775 vel
3056 4737 3161 4774 non
3218 4721 3361 4782 talis,
3393 4720 3619 4774 arbitrio

2054 4813 2345 4867 voluntatis
2380 4813 2627 4867 edicitur.
2681 4811 2815 4866 Nam
2857 4812 2948 4882 qui
3004 4828 3062 4867 se
3089 4822 3257 4867 totum
3298 4814 3462 4868 rebus
3498 4814 3620 4869 vitae

2055 4906 2337 4973 praesentis
2368 4906 2591 4969 addicit,
2624 4905 2845 4957 minimc
2879 4904 3121 4974 profecto
3144 4905 3451 4970 stabilibus,
3481 4921 3622 4977 quo-

2056 5016 2177 5053 nam
2208 5012 2361 5067 pacto
2387 4998 2563 5068 quiete
2592 4998 2762 5052 solida
2795 4997 3046 5051 fruetur?
3071 4999 3161 5067 qui
3188 4998 3393 5053 doloris
3423 5016 3620 5070 expers

2050 5090 2281 5144 crit‘lAt
2309 5091 2401 5158 qui
2437 5092 2646 5143 ratione
2688 5090 2878 5153 utitur,
2906 5104 3003 5143 nec
3035 5090 3329 5159 quidquam
3383 5092 3459 5145 rei
3512 5100 3621 5145 ter-

2052 5183 2240 5237 restris
2268 5184 2428 5236 habet
2458 5183 2510 5235 iu
2543 5181 2736 5250 pretio,
2771 5181 2945 5235 lutum
3003 5183 3258 5248 irridens,
3296 5183 3618 5239 immortali-

2052 5276 2177 5329 tatis
2206 5284 2489 5343 appetens,
2520 5275 2723 5344 quique
2753 5288 2810 5327 se
2844 5276 3105 5327 viatorem
3144 5276 3292 5329 novit
3328 5290 3470 5340 esse,
3507 5284 3623 5328 teu-

2052 5368 2267 5420 dentein
2305 5366 2369 5418 ad
2400 5380 2651 5432 superam
2689 5364 2832 5417 illam
2860 5366 3120 5434 patriam:
3154 5364 3199 5419 is
3233 5378 3359 5418 vero
3388 5373 3440 5415 et
3465 5378 3621 5430 atquo

2054 5454 2305 5511 tolerabit
2337 5456 2521 5511 animo
2553 5457 2750 5523 tristia,
2777 5473 2896 5509 cum
2924 5471 3047 5511 esse
3104 5457 3416 5509 transitoria
3455 5453 3616 5514 sciat,

2054 5564 2114 5603 ac
2153 5562 2411 5619 praestare
2444 5550 2570 5603 nitri
2600 5549 2771 5602 vicem
2813 5550 3016 5615 animo,
3048 5551 3134 5602 cui
3192 5546 3323 5616 quid
3360 5545 3615 5599 humani-

2054 5652 2140 5698 tus
2172 5644 2402 5709 accidit;
2438 5655 2493 5699 et
2531 5646 2659 5707 illis,
2689 5658 2808 5712 qua:
2847 5642 2899 5695 in
2942 5644 3043 5695 hae
3079 5636 3444 5707 vitajucunda
3466 5645 3620 5700 sunt,

2056 5733 2216 5787 veluti
2245 5733 2489 5789 mortalis
2520 5734 2665 5787 haud
2701 5731 3097 5786 immortalibus
3148 5728 3352 5791 fruens,
3401 5738 3623 5781 eorum-

375 5831 492 5883 dem
519 5830 787 5899 jacturam
823 5839 936 5883 tum
989 5829 1160 5885 levius
1196 5830 1363 5884 multo
1413 5831 1645 5897 caneris,
1684 5842 1794 5887 tum
1834 5830 2040 5887 minore
2067 5846 2190 5885 cum
2226 5830 2390 5885 animi
2429 5830 2676 5886 molestia
2705 5828 2855 5881 feret.

698 5931 966 5991 ΡΑτιιοι..
1013 5935 1127 5990 Gn.
1162 5930 1369 5992 CLI'I.

3115 5922 3187 5979 12
