4166 6270
562 332 667 393 3G3

1247 441 1413 497 LXIX

635 558 780 623 Quas
811 569 1001 624 passus
1056 553 1156 609 fuit
1205 570 1478 611 aerumnas
1512 554 1704 622 Jobus,
1745 558 1814 611 ob
1843 568 1938 611 eas
1962 556 2134 624 magis

563 652 754 704 beatus
788 648 1130 717 praedicatur,
1161 662 1323 715 quam
1358 647 1427 702 ob
1453 647 1592 702 facta
1625 663 1723 703 sua
1745 689 1761 712 ,
1808 662 2127 716 quanquam

561 756 624 795 ea
656 739 777 793 talia
810 746 1071 807 tantaque
1137 737 1359 801 fuerint,
1386 747 1447 792 ut
1474 752 1663 793 eorum
1692 747 1967 792 auctorem
1994 738 2133 792 Dens

562 833 679 901 ipse
705 844 924 899 quoque
958 829 1313 885 collaudaret.
1345 828 1461 883 Jam
1497 830 1541 884 si
1581 831 1969 898 praeclarorum
2004 844 2133 897 ope—

559 938 678 976 rum
728 922 1036 975 effectorem
1112 936 1476 973 aerumnarum
1530 934 1726 976 sensus
1783 922 2132 976 illustriorem

561 1013 815 1076 reddidit,
852 1026 960 1081 quo
1004 1020 1164 1080 pacto
1197 1027 1302 1065 non
1351 1011 1494 1065 idem
1529 1011 1633 1065 hoc
1668 1013 1970 1066 remedium
2010 1026 2135 1078 pro-

559 1101 700 1155 derit
726 1099 851 1165 illis,
888 1100 980 1168 qui
1006 1099 1175 1153 multa
1231 1108 1622 1168 perpetrarunt
1688 1100 1871 1154 mala!
1927 1100 2129 1155 Saltem

565 1197 671 1248 Deo
701 1194 822 1247 vitae
853 1204 1055 1247 nostrae
1082 1194 1235 1246 clavo
1265 1194 1584 1256 commisso,
1616 1194 1832 1262 quoties
1870 1209 2131 1262 prospera

562 1286 906 1353 navigatione
938 1285 1160 1348 utimur,
1196 1285 1554 1351 providentia:
1610 1285 1925 1339 facilitatem
1982 1285 2128 1338 illam

560 1382 837 1442 acceptam
887 1372 1146 1433 ferentes,
1185 1372 1285 1440 ipsi
1320 1374 1525 1441 gratias
1560 1389 1810 1443 agamus,
1850 1389 1915 1429 ac
1948 1375 2132 1429 mode-

560 1476 642 1520 ste
672 1466 776 1517 lacti
821 1464 1023 1524 simus;
1062 1473 1116 1518 at
1145 1465 1237 1518 ubi
1279 1465 1478 1519 fluctus
1514 1466 1713 1532 aliquis
1744 1467 2030 1535 ingruerit,
2081 1468 2128 1518 vi

562 1557 694 1612 mali
730 1572 800 1611 ne
831 1557 1239 1624 demerguntur.
1270 1556 1335 1611 Et
1364 1557 1506 1612 enim
1546 1559 1911 1625 quijucaudis
1938 1572 2133 1612 secun-

561 1653 683 1705 dum
720 1648 988 1703 rationem
1016 1665 1121 1702 non
1160 1648 1353 1712 utitur,
1391 1649 1437 1701 is
1468 1664 1494 1700 a
1529 1650 1774 1703 tristibus
1799 1651 1951 1719 quasi
1985 1651 2130 1703 dilu-

562 1744 647 1797 vio
673 1742 906 1810 quodam
947 1740 1217 1793 obruitur.
1249 1738 1335 1792 Ab
1387 1738 1556 1792 altero
1616 1755 1847 1807 namque
1879 1742 2130 1809 provenit

562 1836 813 1890 alterum.
844 1831 921 1885 Ac
948 1831 993 1886 si
1029 1830 1245 1899 quidem
1281 1829 1333 1882 in
1371 1838 1659 1899 utramque
1694 1840 1900 1899 partem
1942 1848 2126 1899 parum

1738 327 2135 388 MANUELIS
2178 322 2623 386 PALEOLOGI

2166 455 2217 514 Α

3703 320 3810 385 364

2961 434 3082 491 ΞΘ’.

2319 558 2440 612 Ἰὼϐ
2462 559 2524 611 ὲκ
2575 556 2684 609 τῶν
2730 556 3070 628 παθημάτων
3118 554 3484 626 μακαρίζεται
3537 556 3733 626 μᾶλλον
3772 557 3805 625 ἦ

2235 651 2343 703 ἀπὸ
2374 650 2481 702 τῶν
2508 648 2686 719 ἔργων
2717 649 2896 703 αὐτῶν
2915 666 2928 679 ·
2959 647 3136 701 καίτοι
3162 647 3460 717 τηλικαῦτα
3495 642 3586 718 ἦν,
3617 652 3689 713 ὡς
3716 651 3807 701 καὶ

2236 739 2369 791 Θεὸν
2392 739 2678 792 ἐπαινέσαι
2708 737 2799 791 τὸν
2829 738 3227 809 ἐργασάμενον.
3258 738 3367 791 Καὶ
3395 738 3442 791 εί
3473 738 3581 791 τῶν
3630 740 3809 792 καλῶν

2235 831 2481 899 ἐργάτην
2509 829 2899 898 λαμπρότερον
2932 828 3174 893 ἀνέδειξε
3212 828 3271 881 τὺ
3312 831 3525 894 παθεῖν,
3562 829 3677 892 πῶς
3709 830 3811 884 οὑκ

2234 920 2417 988 ὀνήσει
2446 918 2507 970 rb
2537 918 2828 987 φάρμακον
2858 917 3194 986 αὐτουργοὺς
3224 917 3437 970 πολλῶν
3481 917 3669 971 κακῶν
3719 935 3809 985 γε-

2234 1011 2500 1076 γονότας;
2539 1009 2686 1079 Πλὴν
2722 1008 2842 1077 Θεῷ
2874 1010 3000 1069 τοὺς
3030 1009 3220 1071 οίακας
3251 1008 3659 1079 ἐγχειρίσαντες
3709 1010 3809 1077 τῆς
3915 1007 3927 1016 ’

2236 1101 2514 1171 ἡμετέρας
2559 1100 2727 1169 ζωῆς,
2775 1101 2905 1153 ὅταν
2945 1098 3196 1168 ὲξουρίας
3260 1098 3447 1168 ἡμῖνό
3507 1098 3695 1164 πλοῦς,
3742 1102 3807 1168 τῇ

2235 1193 2462 1263 προνοίᾳ
2483 1191 2835 1261 λογιζόμενοι.
2855 1191 2952 1260 τὴν
2991 1191 3262 1254 εὐκολίαν,
3297 1190 3525 1259 χάριτας
3569 1191 3803 1259 εἰδῶμεν

2235 1284 2387 1353 αύτῷ
2415 1284 2569 1336 αὐτοὶ⁵
2630 1284 2845 1353 σεμνῶς
2879 1284 3157 1353 ἡδόμενοι.
3188 1282 3360 1334 Ὅταν
3415 1282 3473 1335 δέ
3545 1297 3597 1334 τι
3658 1282 3810 1352 κῦμα

2233 1375 2475 1440 ἐπέλθοι,
2505 1376 2577 1444 μὴ
2612 1372 3005 1443 βαπτιζώμεθα
3039 1373 3116 1442 τῷ
3137 1373 3315 1441 δεινῷ.
3369 1372 3428 1425 '0
3456 1372 3565 1442 γὰρ
3596 1372 3709 1435 τοῖς
3747 1375 3811 1441 ἡ-

2232 1467 2343 1520 δέσι
2382 1468 2456 1535 μὴ
2491 1467 2633 1518 κατά
2661 1466 2820 1534 λόγον
2849 1464 3150 1535 χρώμενος,
3175 1466 3291 1527 τοῖς
3321 1463 3587 1533 λυπηροῖς
3640 1480 3808 1515 κατα-

2234 1558 2514 1623 κλύζεται.
2540 1559 2784 1629 Θάτερον
2814 1558 2923 1626 γὰρ
2950 1558 3011 1609 rb
3038 1557 3234 1610 λοιπὸν
3270 1554 3563 1626 προξενεῖ·
3595 1556 3690 1607 καὶ
3739 1555 3810 1624 ἦν

2233 1653 2353 1703 κατ’
2380 1651 2549 1719 ἄμφω
2582 1651 2843 1720 φανῶμεν
2876 1651 3146 1720 ἀδόκιμοι,
3189 1651 3310 1702 νυνὶ
3380 1648 3481 1717 μὲν
3542 1647 3807 1715 πλείστην

2233 1743 2519 1814 αἰσχύνην,
2552 1745 2634 1806 είς
2693 1744 2750 1798 δὲ
2780 1743 2843 1797 rb
2877 1744 3072 1815 μέλλον
3127 1743 3394 1798 ἀθάνατον
3430 1744 3562 1812 ἡμῖν
3628 1742 3807 1804 αὐτοῖς

2232 1835 2597 1905 περιάψομεν.

562 1946 660 1984 nos
696 1929 864 1999 probe
892 1928 1247 1996 gesserimus,
1280 1927 1633 1998 ignominiam
1668 1943 1818 1982 nunc
1859 1940 1988 1983 sane
2036 1928 2361 1997 maximam,
2400 1940 2455 1987 et
2483 1930 2538 1987 in
2570 1931 2820 1988 futurum
2888 1940 3212 2003 perpetuam
3270 1932 3432 1988 nobis
3493 1932 3596 2004 ipsi
3680 1946 3808 1987 cou-

562 2025 798 2080 ciliabim
808 2037 892 2077 us.

1269 2109 1429 2166 LXX.

635 2230 729 2286 Vir
760 2232 937 2287 bonus
968 2228 1065 2284 tibi
1094 2242 1201 2283 non
1236 2244 1301 2282 ex
1335 2228 1573 2291 fortuna.
1635 2230 1731 2284 sed
1789 2244 1854 2284 ex
1890 2230 2134 2284 moribus

564 2325 897 2380 astimator:
929 2336 1034 2375 non
1062 2322 1155 2389 qui
1185 2333 1437 2390 magnam
1475 2320 1772 2388 potentiam
1821 2320 2002 2387 habet,
2040 2321 2132 2374 sed

564 2432 681 2471 eaut
717 2453 732 2479 ,
764 2428 886 2484 quae
912 2412 1125 2481 obtigit,
1161 2425 1263 2480 pro
1317 2410 1459 2464 virili
1501 2412 1840 2480 amplificat:
1877 2427 2010 2476 non,
2036 2412 2131 2481 qui

564 2508 795 2562 multum
824 2506 942 2560 auri
966 2503 1169 2558 defossi
1202 2504 1464 2573 possidet,
1488 2506 1580 2559 sed
1611 2504 1800 2559 amicis
1833 2505 2133 2574 largiendo,

564 2617 622 2656 se
676 2598 967 2669 magnifice
1014 2596 1184 2665 gerit:
1220 2611 1351 2661 non,
1408 2597 1500 2664 qni
1542 2597 1938 2665 mancipiorum
1976 2596 2135 2666 quasi

469 2752 472 2755 ,
564 2694 820 2765 gregibus
850 2688 1330 2754 circumfunditur,
1366 2690 1459 2744 sed
1512 2690 1829 2759 quiservile
1892 2690 2028 2745 nihil
2079 2691 2132 2744 in

567 2787 748 2840 animo
785 2798 997 2854 gerens,
1025 2782 1127 2837 sibi
1156 2781 1374 2850 quidem
1404 2781 1508 2850 ipsi
1547 2783 1798 2851 imperat,
1818 2782 1973 2836 malis
2003 2797 2134 2837 vero

564 2877 878 2932 servitutum
973 2873 1199 2927 minime
1276 2873 1464 2927 servit.
1525 2874 1669 2927 Idem
1741 2873 2005 2941 superbos
2083 2884 2138 2926 et

567 2968 863 3025 iracundos
902 2979 1102 3027 mores,
1137 2963 1327 3034 quales
1362 2964 1565 3018 eadunt
1606 2965 1659 3019 in
1700 2964 1947 3018 homines
1997 2962 2137 3032 inju-

567 3064 763 3122 riosos,
798 3069 1172 3128 equorumque
1208 3066 1362 3110 more
1388 3056 1630 3110 calcibus
1662 3066 1930 3127 petentes,
1952 3065 2005 3111 et
2052 3057 2135 3110 in-

567 3156 802 3209 solcntes
836 3151 1106 3213 incessus,
1130 3157 1183 3203 et
1208 3148 1439 3202 aliorum
1484 3149 1937 3215 c0utemptiones,
1973 3158 2025 3201 et
2056 3148 2161 3209 in—g

568 3249 737 3301 lican
791 3244 992 3312 ubique
1047 3241 1309 3303 cervices,
1349 3248 1403 3294 et
1454 3256 1593 3310 quos
1644 3241 1903 3294 delicatos
1942 3247 2136 3293 vocant

568 3348 777 3409 gestus,
833 3335 902 3389 ab
940 3333 1169 3404 egregiis
1208 3339 1261 3386 et
1320 3333 1504 3401 probis
1560 3331 1871 3385 hominibus
1926 3330 2135 3385 alienos

568 3432 739 3487 ducit.
772 3429 954 3498 Neque
979 3442 1106 3481 vero
1150 3434 1205 3480 et
1229 3425 1319 3480 ille
1341 3424 1480 3492 frugi
1539 3424 1835 3493 putandus,
1872 3423 1965 3493 qui
2011 3424 2135 3477 aliis

568 3522 941 3592 magnitudine
971 3535 1066 3573 sua
1090 3520 1270 3589 gravis
1296 3527 1415 3571 est:
1446 3519 1539 3571 sed
1573 3517 1659 3571 cui
1702 3516 1876 3571 fausta
1903 3532 2134 3586 quaeque

569 3617 670 3669 viri
722 3621 1037 3680 praestantes
1086 3621 1296 3679 optant,
1360 3617 1414 3663 et
1445 3607 1703 3663 secundis
1764 3610 1926 3662 rebus
1957 3609 2134 3663 utenti

570 3706 1039 3776 congratulantur,
1094 3711 1146 3756 et
1209 3702 1362 3757 triste
1389 3699 1522 3769 quid
1579 3698 1772 3754 ferenti
1823 3700 2135 3753 condolent.

570 3797 793 3851 lliccine
824 3795 919 3849 tibi
952 3794 1033 3846 vir
1064 3792 1309 3845 omnium
1358 3789 1857 3860 praestantissimus
1910 3806 2031 3845 esse
2061 3791 2137 3844 vi-

569 3887 772 3943 detur?
804 3897 962 3955 teque
992 3884 1146 3953 cupis
1180 3882 1248 3936 ab
1304 3881 1580 3936 universis
1627 3881 1960 3943 hominibus.
2001 3882 2143 3952 opti-

573 3996 722 4034 mum
782 3986 837 4032 te
902 3978 1079 4031 virum
1116 3974 1576 4036 existimantibus,
1640 3974 1823 4026 itidem
1871 3973 2040 4041 diligi,
2082 3983 2143 4027 ut

572 4070 661 4123 illc
698 4065 982 4138 diligitur?
1026 4065 1118 4119 Sic
1148 4064 1395 4133 equidem
1452 4077 1747 4133 persuasus
1802 4076 1944 4115 sum.
1980 4061 2141 4117 Decet

2977 2117 3055 2171 θ’.

2318 2231 2545 2298 Ἀγαθός
2598 2231 2697 2284 οὐκ
2733 2232 2796 2285 ὲκ
2831 2232 2929 2302 τῆς
2953 2232 3144 2303 τύχης,
3173 2231 3292 2287 ἀλλ’
3318 2230 3424 2286 ἀπὸ
3454 2233 3563 2286 τῶν
3588 2231 3807 2302 τρόπων

2235 2323 2504 2392 κρινέσθω
2552 2341 2634 2376 σοι
2661 2341 2675 2355 ο
2709 2325 2806 2395 οὐχ
2828 2328 2855 2378 ό
2881 2325 3124 2397 μεγάλην
3157 2326 3387 2396 δύναμιν
3418 2327 3577 2396 ἔχων,
3610 2326 3725 2378 ἀλλ’
3772 2328 3799 2377 ό

2236 2416 2334 2496 τὴν
2365 2418 2717 2487 ὑπάρχουσαν
2752 2418 2808 2471 τὸ
2844 2422 2966 2472 κατ’
3021 2418 3182 2474 αὐτὸν
3232 2419 3425 2488 βελτίω
3456 2420 3623 2472 ποιῶν
3650 2433 3665 2451 ⁸
3708 2419 3805 2487 οὐχ

2234 2504 2279 2579 ᾧ
2312 2509 2477 2573 πολύς
2510 2513 2625 2563 ἐστι
2654 2511 2853 2582 χρυσὸς
2908 2512 3422 2582 κατορωρυγμένος,
3472 2511 3585 2564 ἀλλ’
3635 2512 3692 2574 ὅς
3742 2528 3805 2577 γε

2238 2602 2412 2669 φίλοις
2434 2603 2808 2671 λαμπρύνοιτο
2836 2618 2851 2632 ο
2883 2602 2993 2655 οὐδ’
3027 2605 3053 2655 ὁ
3086 2605 3514 2674 περιρρεόμενος
3544 2603 3808 2673 ἀνδραπό-

2236 2694 2341 2745 δων
2382 2694 2633 2760 ἀγέλαις,
2672 2693 2788 2745 ἀλλ’
2822 2693 2879 2757 ὃς
2933 2696 3100 2764 μηδὲν
3127 2695 3532 2765 ἀνδραποδῶδες
3560 2695 3698 2763 έχων
3750 2695 3808 2746 ὲν

2236 2788 2300 2855 τῇ
2332 2785 2501 2855 ψυχῇ,
2539 2786 2694 2855 ἄρχει
2724 2786 2824 2855 μὲν
2869 2787 3031 2851 αὐτὸς
3062 2788 3248 2852 αὐτοῦ,
3273 2790 3383 2852 τοῖς
3407 2789 3464 2842 δὲ
3510 2790 3696 2850 κακοῖς
3745 2790 3805 2841 ού

2235 2878 2578 2932 δεδούλωται.
2605 2878 2710 2930 Τὸν
2728 2878 2783 2931 δὲ
2810 2879 3122 2949 ὐπερόπτην
3149 2898 3207 2934 τε
3232 2882 3326 2935 καὶ
3345 2883 3559 2951 ὀργίλον
3584 2883 3806 2952 τρόπον,

2237 2970 2295 3033 ὃς
2325 2972 2431 3023 τῶν
2479 2970 2810 3039 ὑϐριζόντων
2855 2972 2994 3035 ἐστὶ,
3055 2973 3151 3027 καὶ
3202 2974 3302 3038 λὰξ
3362 2976 3628 3027 παιόντων
3686 2974 3807 3027 καθ’

2238 3062 2461 3125 ἵππους,
2499 3062 2593 3115 καὶ
2624 3062 2683 3115 rb
2715 3063 2913 3129 σοϐεῖν,
2938 3064 3031 3117 καὶ
3064 3065 3359 3137 ὑπερορᾷν,
3389 3066 3482 3119 καὶ
3514 3067 3601 3118 τὸν
3629 3062 3806 3134 ἄκαμ-

2240 3172 2374 3207 πτον
2405 3155 2606 3224 αὐχένα
2637 3156 2937 3225 πανταχοῦ,
2998 3159 3093 3210 καὶ
3146 3157 3205 3211 rb
3270 3160 3806 3229 προσαγορευόμενον

2240 3245 2602 3317 θρύτπῖσθαι,
2636 3248 2890 3317 ἀλλότρια
2922 3249 3173 3318 νενόμικε
3205 3250 3385 3302 καλῶν
3408 3250 3500 3302 καὶ
3523 3250 3808 3319 χρηστοτὲ-

2242 3357 2349 3409 ρων
2376 3339 2696 3409 ἀνθρώπων.
2722 3342 2796 3392 Ού
2846 3339 2952 3409 μὴν
2975 3341 3221 3402 κάκεῖνός
3252 3358 3309 3407 γε
3347 3343 3602 3409 χρηστὸς,
3628 3342 3684 3404 ὃς
3721 3341 3808 3390 λυ-

2243 3430 2434 3500 πεῖτῷ
2466 3430 2639 3498 μέγας
2673 3426 2814 3484 srvat
2842 3447 2857 3463 '
2886 3428 3001 3483 ἀλλ’
3048 3425 3092 3499 ᾧ
3145 3431 3477 3495 συνεύξαιντ’
3513 3431 3579 3485 ἂν
3632 3434 3807 3501 ἀγαθὰ

2239 3521 2287 3572 oi
2320 3520 2427 3572 τῶν
2461 3519 2668 3589 ἀνδρῶν
2696 3520 2950 3589 ἀμείνους
2984 3521 3079 3573 καὶ
3104 3519 3415 3589 συνησθεῖεν
3436 3520 3811 3586 εὐδαιμονοῦν-

2238 3630 2313 3676 τι,
2339 3615 2429 3665 καὶ
2464 3613 2860 3682 συναλγήσαιεν
2910 3614 3190 3683 πάσχοντι.
3226 3614 3385 3665 Δοκεῖ
3411 3615 3473 3684 δή
3532 3630 3613 3665 σοι
3646 3614 3815 3665 πανά-

2244 3719 2427 3775 ριστος
2455 3705 2609 3768 οὗτος
2654 3701 2819 3770 εἶναι,
2849 3705 2944 3759 καὶ
2986 3705 3165 3774 βούλει
3205 3705 3413 3767 πάντας
3464 3705 3801 3774 ἀνθρώπους,

2238 3798 2424 3865 ῶσπερ
2462 3799 2690 3864 ἐκεῖνον,
2723 3798 2899 3864 φιλεῖν
2950 3814 3029 3861 σε,
3062 3798 3280 3865 ἄριστον
3328 3798 3536 3867 ἀνδρῶν
3570 3816 3626 3849 σε
3652 3799 3803 3864 νομί-

2249 3888 2478 3952 ζοντας;
2512 3888 2667 3940 Οὕτω
2695 3889 2977 3957 πείθομαι.
3010 3889 3172 3941 Ὥστε
3233 3888 3620 3959 ζηλοτυποῦντι
3679 3887 3799 3946 τοὺς

2251 3978 2490 4045 ἀγαθοὺς
2544 3976 2741 4048 ζηλοῦν
2816 3980 3082 4051 προσήκει
3143 3978 3311 4032 τῶνδε
3372 3979 3495 4041 τοὺς
3550 3978 3797 4047 τρόπους.

2255 4068 2429 4138 Ζήλου
2463 4087 2552 4134 μοι
2584 4069 2939 4135 τούσδε,τοὺς
2965 4070 3009 4123 δ’
3044 4070 3218 4133 ἄλλως
3236 4070 3451 4141 ἔχοντας
3480 4069 3663 4137 φεῦγε.

575 4175 704 4232 ergo
733 4172 785 4215 te
816 4162 988 4214 bonos
1042 4157 1410 4223 simulantem,
1468 4170 1646 4210 mores
1698 4154 1940 4224 ipsorum
2009 4157 2272 4214 mmulari.
2329 4160 2458 4227 llos,
2504 4163 2752 4233 inquam,
2810 4162 3100 4226 admirare,
3161 4172 3327 4233 atque
3388 4163 3540 4218 aliter
3591 4162 3814 4217 affectos

576 4259 775 4330 fugito.

1271 4372 1455 4428 LXXI.

649 4497 846 4550 Animo
875 4506 1006 4547 cave
1037 4489 1351 4560 pereellaris
1382 4487 1449 4539 ob
1482 4501 1571 4541 res
1625 4487 1891 4541 secundas
1943 4486 2178 4556 impro--

576 4595 797 4652 horum,
826 4601 924 4640 nec
956 4582 1199 4652 improbe
1249 4588 1493 4650 agentem
1551 4577 1843 4642 aemuleris,
1893 4579 2146 4645 quamvis

579 4679 936 4742 Alexandros,
990 4673 1240 4745 quamvis
1307 4670 1498 4737 Cyros,
1557 4670 1808 4739 quamvis
1881 4668 2144 4731 Caesares.

2668 4422 2699 4445 ,
2978 4380 3103 4432 οιιν.

2325 4490 2398 4543 Σὺ
2435 4490 2541 4544 τῶν
2571 4491 2825 4563 πονηρῶν
2853 4490 3275 4561 εὐπραγούντων
3310 4490 3385 4563 μὴ
3418 4490 3821 4561 καταπλήττου,

2259 4583 2399 4652 μηδὲ
2443 4583 2693 4654 ζηλώσῃς
2748 4583 3204 4652 πονηρευόμενον,
3256 4583 3360 4635 κᾶν
3423 4582 3818 4651 Ἀλεξάνδρους,

2257 4676 2364 4729 κᾶν
2403 4674 2638 4744 Κύρους,
2692 4674 2794 4727 κᾶν
2842 4673 3146 4743 Καίσαρας,
3198 4674 3300 4726 κᾶν
3336 4672 3499 4726 πάνθ’
3551 4672 3686 4741 ὁμοῦ
3732 4672 3823 4723 τὸν

579 4773 837 4843 quamvis
877 4766 1254 4824 beatissimum
1312 4776 1592 4833 quemque
1624 4760 1830 4816 divitiis
1873 4770 1927 4815 et
1975 4762 2138 4831 gloria

2256 4762 2548 4829 εὐδαίμονα
2570 4761 2813 4832 παρέλθῃ
2830 4761 3041 4830 πλούτῳ
3070 4763 3161 4814 καὶ
3182 4761 3305 4831 δόξῃ
3347 4761 3486 4830 Μηδ’
3507 4762 3560 4813 εί
3582 4779 3661 4822 τις
3686 4761 3726 4812 is
3738 4777 3825 4828 ρο-

581 4873 821 4934 supcret.
857 4861 965 4915 Nec
1006 4860 1050 4913 si
1079 4857 1201 4926 quis
1227 4854 1554 4923 sacrilegiis,
1589 4854 1818 4921 rapinis,
1850 4854 2145 4924 grassatio-

582 4958 744 5009 nibus
790 4954 1029 5017 infamis,
1087 4950 1449 5017 Nntninisque
1506 4946 1672 5000 divini
1723 4956 2048 5011 contemtor,
2099 4954 2154 4999 et

580 5046 813 5099 violator
841 5045 1041 5113 legum,
1073 5040 1290 5111 Scythis
1312 5038 1677 5109 imperaverit,
1710 5053 1773 5091 ac
1805 5039 1968 5090 totius
1998 5037 2147 5091 orbis

583 5134 838 5198 habitati,
866 5134 1032 5187 totius
1060 5132 1434 5186 inhabitabilis
1470 5131 1604 5184 [incs
1661 5128 1715 5183 in
1761 5128 2024 5181 ditionem
2063 5142 2148 5181 re—

581 5226 815 5298 degerit,
864 5223 933 5277 ob
985 5221 1193 5289 imperii
1228 5220 1423 5274 tnolem
1455 5218 1793 5272 admirabilis
1834 5217 1927 5269 tibi
1962 5216 2147 5269 videa-

580 5330 690 5374 tttr.
722 5314 837 5368 Non
864 5312 1007 5367 enim
1041 5312 1130 5367 ille
1162 5311 1361 5365 beatus
1405 5319 1507 5373 est,
1570 5324 1676 5363 non
1712 5308 1988 5378 princeps,
2039 5322 2147 5360 non

578 5424 697 5471 rex,
723 5421 826 5460 non
868 5417 1055 5471 reapse
1085 5402 1243 5454 homo
1268 5438 1285 5465 ,
1316 5400 1440 5453 licet
1470 5400 1521 5453 id
1547 5400 1725 5453 omnis
1782 5397 1939 5466 lapis,
1994 5412 2153 5450 omne

581 5494 1020 5561 auimal,omnis
1082 5492 1363 5546 hominum
1418 5500 1631 5555 natura,
1682 5490 1913 5559 quodvis
1950 5488 2156 5541 anima-

586 5602 701 5645 tum
740 5598 794 5643 et
824 5587 1063 5642 inanime
1094 5584 1268 5639 dicat:
1295 5582 1386 5637 sed
1421 5589 1741 5650 potestatem
1770 5580 1916 5648 quod
1941 5581 2153 5642 attinet,

581 5684 755 5751 magis
787 5692 868 5737 est
893 5681 960 5735 iis
984 5691 1202 5749 quoque
1241 5674 1529 5737 ridiculus,
1567 5674 1658 5742 qui
1690 5674 1995 5741 principum
2032 5688 2159 5740 per-

584 5786 747 5826 souas
802 5774 853 5825 in
910 5786 1073 5827 scena
1131 5769 1437 5824 sustinent:
1490 5766 1634 5833 quod
1672 5763 1857 5832 vitam,
1908 5764 2155 5818 miserior

2256 4852 2453 4915 συλῶν,
2482 4852 2763 4921 ἁρπάζων,
2782 4852 3130 4915 λωποδυτῶν,
3163 4853 3257 4905 καὶ
3298 4853 3436 4922 πρὸς
3464 4852 3564 4921 μὲν
3592 4854 3650 4904 rb
3670 4852 3825 4904 Θεῖον

2254 4942 2559 5013 ὀλιγωρῶν,
2586 4946 2668 5006 είς
2690 4944 2746 4996 δὲ
2764 4946 2887 5006 τοὺς
2905 4944 3102 5013 νόμους
3126 4943 3383 5013 ὑϐρίζων,
3402 4945 3556 5012 ἄρξει
3580 4944 3823 5005 Σκυθῶν,

2256 5034 2409 5104 ἄρξει
2435 5035 2689 5105 περάτων
2719 5038 2901 5103 πάσης
2939 5035 3284 5106 οἰκουμένης,
3326 5037 3507 5103 πάσης
3544 5037 3826 5104 ἀοικήτου,

2257 5123 2572 5193 θαυμαστός
2598 5142 2680 5178 σοι
2709 5125 2984 5195 φαινέσθω
3001 5126 3077 5196 τῷ
3098 5129 3196 5197 τῆς
3221 5128 3397 5198 ἀρχῆς
3419 5127 3595 5197 bynu.
3617 5128 3692 5179 Οὐ
3719 5127 3828 5197 γάρ

2257 5217 2548 5285 εὐδαίμων,
2580 5218 2681 5270 οὐκ
2716 5218 2921 5287 ἄρχων,
2964 5220 3023 5271 ού
3081 5218 3356 5288 βασιλεὺς,
3383 5220 3484 5272 οὐκ
3540 5220 3829 5286 ἄνθρωπος

2258 5306 2496 5375 ἀληθῶς,
2530 5308 2629 5361 κᾶν
2658 5310 2801 5371 am;
2836 5308 3004 5374 λίθος,
3038 5310 3139 5362 κᾶν
3167 5310 3313 5363 ἅπαν
3349 5311 3507 5373 ζῶον,
3544 5310 3646 5363 κᾶν
3679 5311 3831 5362 πᾶσι

2262 5397 2422 5465 φύσις
2446 5399 2772 5469 ἀνθρώπων,
2795 5402 2905 5454 πᾶν
2936 5402 3181 5470 ἔμψυχόν
3206 5420 3263 5455 τε
3290 5404 3385 5456 καὶ
3415 5403 3642 5471 ἄψυχον,
3671 5400 3837 5454 τοῦτο

2265 5493 2421 5560 φαῖεν
2452 5506 2465 5519 ·
2499 5492 2635 5544 ἀλλὰ
2666 5495 2763 5561 τῆς
2814 5494 2912 5562 μὲν
2952 5495 3199 5560 ἐξουσίας
3230 5495 3296 5548 ἂν
3342 5496 3427 5560 εῖη
3456 5495 3550 5547 καὶ
3579 5494 3686 5545 τῶν
3740 5494 3837 5546 ἐπὶ

2261 5582 2360 5651 τῆς
2382 5583 2585 5649 σκηνῆς
2617 5584 3059 5653 ὑποκρινομένων
3084 5585 3253 5652 αὐτὴν
3276 5585 3453 5653 πολλῷ
3470 5584 3837 5653 γελοιότερος,

2264 5676 2363 5743 τῆς
2393 5675 2446 5726 δὲ
2480 5674 2625 5742 ζωῆς
2654 5673 3040 5745 σχετλιώτερος
3070 5674 3178 5727 τῶν
3212 5676 3387 5744 λέπρᾳ
3413 5680 3503 5725 καὶ
3528 5673 3674 5743 λώϐῃ
3698 5689 3839 5726 κατ-

2264 5767 2559 5835 εχομένων.
2612 5765 2732 5819 Οἵδε
2775 5767 2882 5833 γὰρ
2916 5765 3277 5833 θρηνούμενοί
3336 5780 3394 5816 τε
3446 5764 3537 5816 καὶ
3568 5764 3672 5817 οὐκ
3709 5763 3843 5815 ἐστι⁸
