4166 6270
2512 249 2543 273 δ

317 383 420 435 ξοδ
1270 366 1672 433 ΙἪίΕΟΕΡΤΛ
1707 367 1909 426 EDUC

2020 366 2229 426 IONIS
2265 367 2548 428 REGIzE.
3450 366 3550 425 ἓίῖιῖ

317 486 648 556 τιμώμενον
681 487 711 539 δ
740 486 797 539 δὲ
829 484 1052 546 δικαίως
1089 483 1417 553 μισούμενός
1434 500 1490 535 τε
1522 483 1615 535 καὶ
1638 484 1884 550 συριττό-

2014 479 2205 535 nfectis
2230 481 2394 545 lepra.
2430 478 2563 535 Nam
2585 480 2777 534 horum
2799 494 2926 533 sane
2953 495 3072 534 sors
3095 479 3367 550 deplorari
3388 480 3551 543 solet,

322 596 501 649 μενος,
1988 584 2094 623 non
2127 572 2479 638 reprehendi:
2516 581 2569 626 at
2599 571 2747 625 illum
2772 571 2909 627 odiis
2934 571 3125 627 merito
3146 582 3553 641 persequentes.

1986 661 2350 731 explodimus.

1043 754 1161 811 OB’.

402 851 463 903 '0
496 851 606 912 τοῖς
629 846 856 914 ἀγαθοῖς
890 845 1062 898 συνὼν
1094 846 1278 914 ἀγαθά
1317 846 1628 916 πορίζεται’
1665 848 1692 899 ὁ
1714 846 1770 901 δὲ
1799 864 1885 914 μι-

322 942 588 1009 γνύμενος
621 942 813 1001 κακοῖς
837 938 929 991 καὶ
962 939 1053 990 τὸν
1084 939 1214 992 ίδιον
1232 940 1490 993 ἀπόλλυσι
1527 937 1669 1002 νοῦν,
1691 938 1765 1001 ὥς
1806 955 1889 1001 τις

324 1034 429 1102 ἔφη
452 1033 559 1086 τῶν
593 1031 850 1100 ποιητῶν.
894 1030 1085 1083 Ὀποῖα
1140 1031 1245 1099 γὰρ
1275 1030 1340 1083 ἂν
1430 1031 1497 1084 τά
1526 1031 1636 1081 τῶν
1683 1027 1893 1098 ἀνθρώ.

2014 1044 2097 1097 |ue
2132 1044 2285 1083 suam
2314 1030 2539 1094 amittit,
2576 1038 2688 1083 uta
2716 1039 2873 1098 poeta
2927 1030 3163 1098 quodam
3222 1030 3428 1083 dictum
3456 1039 3558 1083 est.

325 1140 445 1175 πων
473 1122 601 1191 ἤθη,
624 1121 850 1173 τοιαῦτα
876 1120 1096 1183 καὶτοῖς
1114 1120 1295 1182 ἀλλοις
1323 1121 1585 1189 παρέχειν
1608 1119 1888 1177 δύνανται.

2014 1119 2192 1185 ὶιιοίοε
2218 1121 2363 1174 enim
2396 1135 2578 1175 mores
2596 1130 2723 1175 sunt
2750 1122 2991 1189 ipsorum
3017 1121 3322 1184 hominum,
3352 1121 3485 1175 tales
3507 1130 3561 1174 et

326 1213 457 1273 Οὐδὲ
491 1216 597 1280 γὰρ
647 1212 935 1279 ἀντλήσεις
987 1210 1097 1264 ἀπὸ
1149 1216 1331 1281 πηγῆς
1395 1213 1427 1279 ἢ
1472 1213 1655 1267 ὁποῖον
1711 1211 1895 1279 βλύζει

2014 1209 2115 1263 iliis
2176 1210 2434 1264 exhibere
2490 1222 2740 1279 possunt.
2802 1211 2935 1265 Nam
2994 1213 3427 1280 aquamefonte
3452 1226 3561 1264 non

330 1304 541 1374 ῥεῖθρον
568 1304 875 1372 ἀειδήποτε.
908 1304 1256 1372 Συνδιάτριϐε
1292 1303 1473 1355 τοίνυν
1508 1306 1621 1366 τοῖς
1644 1302 1893 1370 ἀγαθοῖς,

2017 1301 2217 1353 ιοιιιὶεε
2246 1299 2432 1363 aliam,
2468 1316 2632 1368 quam
2670 1302 2976 1369 cujusmodi
3005 1318 3218 1370 semper
3250 1318 3315 1357 et
3347 1319 3410 1355 eo
3438 1318 3565 1369 pro-

326 1398 473 1458 ὅττως
514 1398 717 1463 ἀγαθὸς
751 1396 933 1464 γένοιο
964 1412 978 1428 ο
1010 1395 1103 1448 καὶ
1144 1399 1263 1458 ταῖς
1299 1397 1436 1465 πρὸς
1473 1396 1667 1453 αὐτοὺς
1715 1413 1900 1448 συνου-

2014 1398 2202 1443 nanat.
2234 1390 2605 1455 Quamobrem
2632 1408 2752 1444 eum
2779 1393 2935 1446 bonis
2967 1408 3309 1457 conversare,
3342 1409 3445 1463 quo
3469 1394 3567 1447 bo-

328 1490 471 1550 σὶαις
495 1489 625 1557 νέμε
655 1505 704 1540 τι
739 1486 956 1556 σεμνὸν,
1006 1486 1097 1540 καὶ
1161 1488 1372 1556 πρέπον
1428 1488 1591 1556 ἀρχῇ.
1647 1486 1897 1537 Γλῶτταν

2014 1500 2103 1536 ius
2138 1484 2371 1537 evadas:
2407 1495 2460 1537 et
2496 1483 2862 1539 familiaribus
2902 1486 3097 1538 horum
3130 1487 3423 1556 colloquiis
3456 1487 3561 1538 ali-

326 1577 380 1628 δέ
415 1594 472 1628 σε
505 1577 870 1643 βλάπτουσαν,
932 1576 1120 1644 ὥσπερ
1177 1578 1433 1645 μέλιτταν
1483 1577 1690 1645 κέντρῳ
1731 1574 1901 1644 πλήτ-

2014 1572 2131 1641 ιιιίιι
2187 1574 2467 1642 gravitatis
2526 1576 2875 1643 decentisque
2927 1577 3223 1645 principem
3285 1576 3565 1641 dignitatis

328 1685 547 1733 τουσαν,
570 1668 787 1722 ἔλαυνε.
831 1670 926 1720 Ἂν
948 1669 1089 1721 οὕτω
1126 1668 1380 1739 πράττων
1410 1668 1677 1738 διατελῇς,
1704 1669 1765 1720 ού
1798 1668 1897 1736 μό-

2014 1665 2276 1719 idhibeto.
2332 1666 2594 1736 Linguam
2652 1683 2780 1721 vero
2816 1668 3055 1733 noxiam,
3099 1669 3248 1721 vi-lut
3287 1669 3428 1737 apim
3463 1668 3567 1722 sti-

328 1775 417 1811 vov
448 1760 679 1829 ἀνδράσι
726 1760 841 1822 τοῖς
891 1758 1141 1824 ἀγαθοῖς,
1204 1759 1340 1820 ἀλ.λά
1382 1759 1475 1812 καὶ
1529 1761 1661 1812 πᾶσι
1727 1758 1898 1823 δόξεις

2014 1756 2151 1810 mulo
2181 1757 2487 1822 ferientem,
2530 1758 2754 1827 abigito.
2781 1758 2901 1824 Quo
2932 1773 3066 1813 sane
3097 1769 3254 1827 pacto
3288 1761 3331 1814 si
3366 1769 3416 1813 te
3442 1773 3566 1828 pcr—

330 1818 733 1921 ἇριστοεςιείναι.
775 1818 905 1902 ’ἀπὸ
939 1818 1049 1918 γὰρ
1070 1818 1178 1903 τιῦν
1199 1818 1536 1919 φιλουμένων
1560 1853 1670 1914 τοῖς
1697 1818 1897 1921 ὅιρχ-ουζ

2014 1856 2160 1901 )etuo
2221 1862 2400 1916 geres,
2452 1864 2559 1902 non
2620 1849 2779 1903 bonis
2811 1859 3016 1903 tantum
3077 1851 3231 1911 viris,
3265 1850 3359 1904 sed
3396 1853 3562 1903 etiam

2666 752 2707 806 L
2715 753 2877 807 X-X-II.

2058 846 2210 903 Licet
2264 846 2353 910 ei,
2418 846 2509 915 qui
2559 860 2683 900 cum
2723 847 2880 900 bonis
2932 852 3208 912 versatur,
3274 846 3559 916 acquirere

1991 937 2173 993 bona:
2205 939 2298 1007 qui
2332 954 2459 994 vero
2496 954 2555 993 se
2603 940 2761 991 malis
2801 938 3091 1002 admiscet,
3127 948 3365 993 mentem
3422 954 3559 1007 quo-

330 1957 417 1993 σιν
466 1942 516 1993 οί
576 1941 743 1994 τῶνδε
794 1940 987 2012 τρόποι
1038 1942 1338 2011 κρίνονται.

328 2229 600 2296 Τοιοῦτος
632 2231 653 2299 (
683 2232 791 2301 γάρ
842 2248 1006 2301 φησιν
1035 2230 1054 2303 )
1084 2231 1363 2298 ἕκαστος,
1425 2226 1638 2372 οἶσῗὲρ
1693 2232 1898 2319 ﬁderat

1602 2320 1782 2356 υνων.

1602 2320 1782 2356 υνων.

330 2395 667 2464 Ἀρχοντιδέ
698 2396 795 2449 καὶ
830 2396 888 2448 τὸ
927 2396 1109 2450 δοκεῖν
1143 2396 1266 2465 οὐχὶ
1300 2398 1595 2466 παρέργως
1623 2399 1681 2449 ἐν
1716 2398 1898 2468 χρείᾳ.

328 2487 442 2555 Μιᾷ
495 2488 603 2556 γάρ
659 2489 894 2557 πτέρυγι
943 2488 1146 2557 πτηνὸν
1196 2488 1308 2542 οὔτ’
1349 2488 1668 2558 ἐκφεύξεται
1710 2490 1899 2557 κακῖιν,

328 2577 439 2630 οὒτ’
468 2578 535 2633 ἂν
579 2579 785 2647 ἀγαθοῦ
815 2596 958 2642 τινος
991 2579 1165 2649 τύχοι.

1058 2670 1176 2725 ΟΓ’.

401 2762 710 2833 ’Υμνηνται
744 2764 845 2834 μὲν
878 2763 1086 2819 ἄνωθεν
1118 2758 1274 2834 παρὰ
1325 2765 1511 2827 πάσας
1546 2765 1745 2837 ἀρετάς
1774 2767 1906 2837 φρό-

331 2873 505 2925 νησις,
529 2856 741 2926 ἀνδρία,
772 2857 1090 2927 δικαιοσύνη
1155 2856 1248 2909 καὶ
1290 2856 1614 2927 σωφροσύνη
1643 2874 1656 2888 ⁸
1694 2858 1905 2929 βουλοί-

2001 1936 2275 1995 universis
2330 1939 2815 2007 prastantissimus
2842 1941 3135 1995 babebere.
3184 1940 3315 1993 Nam
3347 1958 3411 1995 ex
3449 1957 3567 1994 ηιθ-

2000 2028 2151 2083 ribus
2182 2044 2394 2096 eorum,
2436 2032 2529 2100 qui
2561 2031 2898 2101 principibus
2953 2033 3105 2087 cbari
3138 2041 3289 2096 sunt,
3316 2033 3558 2101 ipsorum

2000 2120 2308 2190 principum
2358 2138 2539 2177 mores
2573 2122 2917 2178 instituantur
2944 2164 2958 2189 ,
2996 2132 3055 2177 ut
3084 2125 3226 2178 enim
3263 2125 3352 2179 ille
3396 2124 3565 2178 dixit:

2070 2232 2166 2288 Est
2197 2235 2412 2305 quisque
2438 2236 2560 2289 talis
2582 2236 2759 2306 quales
2788 2238 2905 2307 quis
2936 2238 3079 2293 adest
3110 2239 3296 2294 libens.

2002 2392 2241 2462 Ριίηοίρί
2293 2410 2425 2449 vero
2481 2396 2644 2450 etiam
2690 2398 2821 2453 illud
2858 2399 3037 2465 ipsum
3076 2401 3282 2466 haberi,
3321 2417 3432 2457 non
3473 2405 3570 2457 abs

2006 2497 2063 2537 re
2119 2484 2243 2539 usui
2290 2484 2472 2540 fuerit.
2528 2486 2739 2545 Etenim
2793 2490 2910 2543 avis
2945 2506 3052 2543 una
3109 2500 3323 2546 tantum
3360 2493 3444 2548 ala
3473 2509 3572 2549 nec

2007 2573 2206 2629 malum
2238 2575 2479 2646 eﬂ‘ugiet,
2514 2594 2613 2633 nec
2646 2580 2831 2647 aliquo
2865 2582 3009 2635 bono
3033 2584 3290 2651 potietur.

2666 2670 2901 2726 LXXIII.

2077 2758 2196 2813 Jam
2237 2760 2369 2814 olim
2431 2775 2596 2830 supra
2664 2763 2888 2818 virtutes
2924 2773 3151 2821 cmteras
3182 2767 3415 2823 laudatze
3449 2780 3576 2824 sunt

2008 2851 2320 2921 prudentia,
2363 2852 2647 2918 fortitudo,
2700 2856 2913 2925 jnstitia
2948 2866 3003 2912 et
3050 2863 3430 2929 temperantia.
3462 2862 3573 2933 Ego

339 2965 448 3018 μην
479 2948 525 3001 δ’
555 2950 620 3001 ἂν
654 2948 829 3017 ἔγωγε
862 2948 939 3018 μὴ
987 2948 1318 3019 κεχωρίσθαι
1350 2948 1566 3001 τουτουῒ
1609 2949 1700 3002 τοῦ
1744 2947 1904 3020 χοροῦ

2014 2959 2137 2999 vero
2192 2944 2349 2999 velim
2405 2945 2473 2999 ab
2529 2945 2630 2999 hoc
2678 2947 2944 3001 virtutum
3001 2952 3174 3005 choro
3219 2966 3327 3006 non
3359 2953 3566 3023 diiungi

332 3038 557 3108 ἀγάπην
592 3041 687 3094 καὶ
720 3042 1051 3111 μετριότητα
1071 3057 1086 3072 ⁸
1119 3041 1229 3092 εἴτε
1263 3040 1371 3109 γὰρ
1400 3039 1569 3109 ἐχρῆν
1598 3040 1696 3101 τὰς
1723 3045 1904 3112 κρείτ-

2011 3039 2332 3094 cbaritatem
2367 3046 2421 3091 et
2460 3038 2915 3096 moderationem.
2967 3040 3102 3095 Nam
3150 3044 3267 3099 sive
3318 3054 3579 3114 praestan-

334 3148 460 3193 τους
498 3132 851 3201 ἀπαριθμεῖν,
879 3131 977 3185 εἴτ’
1006 3134 1070 3185 ἐκ
1096 3133 1297 3200 μέρους
1327 3132 1387 3184 τὸ
1411 3135 1519 3185 πᾶν
1554 3132 1778 3199 διδόναι,
1808 3134 1907 3186 ούκ

2014 3132 2179 3187 tiores
2244 3132 2629 3186 enumeranda:
2685 3133 2997 3199 veniebant,
3042 3136 3157 3191 si\e
3205 3146 3377 3193 totum
3424 3150 3579 3208 parte

334 3222 499 3293 ἐχρῆν
516 3223 737 3277 ἐκείνων
757 3222 960 3286 ταύτας
981 3222 1389 3292 ἀπολειφθῆναι.
1428 3223 1675 3293 ’Δγάπης
1695 3225 1803 3293 γάρ
1834 3226 1908 3294 μὴ

333 3314 635 3385 παρούσης,
682 3315 835 3368 οὐδὲν
864 3313 1182 3385 ὠφελοῦμαι
1213 3329 1228 3345 ο
1291 3314 1383 3367 καὶ
1430 3314 1782 3383 μετριότητος
1833 3316 1910 3386 μὴ

335 3405 662 3475 προσούσης,
698 3408 830 3461 κενά
875 3404 1071 3460 πάντα.
1110 3405 1303 3457 Πασῶν
1332 3403 1425 3457 οὖν
1453 3404 1575 3475 ἔχου
1637 3406 1744 3458 τῶν
1779 3408 1909 3477 ἀρε-

334 3495 463 3562 τῶν,
494 3497 594 3551 καὶ
628 3495 860 3566 μάλιστά
890 3512 953 3565 γε
984 3496 1091 3550 τῶν
1123 3494 1204 3560 ἓξ.

1052 3588 1175 3644 ΟΔ’.

410 3678 625 3747 Νήφειν
659 3679 845 3747 καλὸν,
884 3681 977 3735 καὶ
1008 3682 1321 3738 τούναντίον
1352 3684 1543 3739 κακόν.
1576 3684 1770 3739 Πολλοὶ
1800 3684 1908 3753 γὰρ

336 3769 399 3821 ού
428 3768 496 3821 δι’
527 3770 773 3837 ἄγνοιαν,
824 3771 966 3825 ἀλλά
1004 3773 1073 3824 δι’
1110 3774 1394 3843 ἀμέλειαν,
1439 3777 1663 3845 ἄμεινον
1700 3777 1762 3829 τὸ
1792 3779 1906 3845 χεῖ·

339 3880 435 3931 ρον
476 3864 838 3931 ἡγησάμενοι,
868 3866 981 3926 τοῖς
1023 3864 1306 3937 βλαϐεροῖς
1360 3868 1591 3930 ἑαυτοὺς
1635 3868 1913 3939 περιέπει-

342 3971 466 4025 ραν.
530 3955 1008 4024 Παραπεπηγὲναι
1060 3959 1166 4026 γάρ
1219 3975 1354 4025 φασι
1393 3961 1515 4021 ταῖς
1544 3961 1769 4027 ἀρεταῖς
1813 3961 1912 4023 τὰς

336 4046 561 4111 κακίας,
611 4049 708 4099 καὶ
744 4047 1082 4118 ἀγχιθύρους
1136 4066 1253 4112 πως
1290 4046 1432 4103 εῖναι
1457 4067 1471 4081 ·
1506 4052 1601 4104 καὶ
1654 4052 1714 4104 ού
1768 4052 1911 4113 πάνυ

341 4140 581 4209 χαλεπὸν
608 4140 959 4211 ἀπατηθῆναι
1002 4140 1095 4195 τὸν
1150 4142 1224 4211 μὴ
1261 4142 1621 4212 προσέχοντα.
1672 4143 1911 4206 Πολλοὺς

338 4232 407 4286 ἂν
429 4232 610 4302 εὕροις
636 4233 779 4302 μέγα
812 4233 1145 4301 φρονοῦντας
1173 4233 1289 4288 ἀντ’
1312 4235 1513 4303 ἀρετῆς
1540 4239 1910 4306 κεχρημένους

336 4327 409 4394 τῇ
443 4323 826 4396 γειτνιαζούσῃ
880 4324 1056 4396 ταύτῃ
1088 4326 1280 4396 κακίᾳ.
1327 4322 1480 4379 Είδον
1508 4328 1748 4396 ἐσχάτην
1788 4328 1910 4380 δου-

339 4417 494 4469 λείαν
540 4416 799 4485 πρόνοιαν
846 4416 1293 4486 ὀνομαζομένην,
1329 4419 1424 4471 καὶ
1468 4418 1645 4486 θυμὸν
1690 4420 1909 4490 ἀνδρίαν

2014 3223 2362 3285 tradendum,
2396 3224 2463 3277 ab
2524 3223 2633 3279 illis
2693 3224 2790 3280 bas
2849 3226 3040 3282 abesse
3084 3243 3193 3282 non
3271 3232 3576 3300 oportebat.

2014 3314 2223 3384 Quippe
2246 3315 2288 3367 si
2319 3314 2559 3374 cbaritas
2617 3315 2783 3378 absit.
2825 3316 2956 3370 nihil
2991 3318 3253 3387 proficio:
3304 3321 3426 3374 etsi
3464 3336 3581 3376 mo-

2015 3405 2224 3463 deratio
2251 3420 2359 3458 non
2390 3406 2556 3469 adsit,
2579 3406 2761 3459 omnia
2790 3422 2924 3461 vana
2962 3407 3186 3463 fuerint.
3219 3407 3460 3465 Virtutes
3482 3412 3581 3482 igi-

2016 3501 2105 3547 tur
2136 3495 2443 3559 universas,
2476 3504 2529 3549 et
2560 3495 2658 3549 bas
2686 3497 2961 3566 praecipue
2988 3513 3083 3554 sex
3123 3500 3475 3569 amplectere.

2677 3587 2913 3644 LXXlV.

2088 3682 2367 3738 Sobrietas
2392 3686 2604 3753 egregia
2642 3702 2729 3741 res
2750 3695 2835 3739 est
2868 3703 2881 3738 :
2916 3696 2973 3740 ut
3012 3685 3238 3747 malum,
3261 3667 3372 3741 non
3400 3687 3582 3742 sobrie

2015 3775 2119 3831 sibi
2142 3776 2469 3844 prospicere.
2506 3776 2638 3830 Nam
2667 3778 2819 3831 multi
2852 3794 2957 3831 non
2980 3792 3043 3831 ex
3079 3779 3444 3847 ignoratione,
3478 3780 3575 3833 sed

2018 3866 2367 3935 negligentia,
2403 3868 2548 3934 quod
2593 3868 2795 3920 malum
2859 3882 2960 3935 pro
3016 3868 3162 3920 bono
3213 3867 3493 3932 ducerent,
3525 3881 3584 3921 se

2020 3956 2169 4023 ipsos
2216 3956 2433 4011 damnis
2468 3955 2787 4009 affecerunt.
2834 3956 3048 4025 Quippe
3088 3957 3383 4011 virtutibus
3426 3956 3581 4011 affixa

2016 4048 2305 4117 perhibent
2354 4063 2477 4103 esse
2510 4048 2664 4112 vitia,
2698 4049 2963 4117 quasique
2992 4049 3246 4103 viciniam
3288 4050 3581 4119 quamdam

2018 4140 2211 4193 horqu
2241 4154 2401 4204 esse;
2432 4155 2534 4193 nec
2565 4139 2856 4193 admodum
2886 4150 2967 4195 est
2993 4139 3229 4206 «Iiﬂicile,
3262 4158 3367 4195 non
3402 4150 3581 4196 atten-

2018 4235 2131 4282 tum
2171 4229 2376 4298 decipi.
2404 4229 2606 4284 Multos
2647 4229 2894 4285 invenias
2913 4229 3303 4299 jactabundos,
3335 4231 3427 4297 qui
3462 4230 3582 4283 loco

2018 4320 2236 4374 virtutis
2287 4322 2479 4375 vitium
2511 4322 2697 4375 virtuti
2732 4320 2971 4375 vicinum
3005 4321 3237 4391 amplexi
3282 4331 3429 4376 sunt.
3462 4320 3583 4375 Vidi

2018 4414 2331 4467 servitutem
2360 4421 2681 4478 extremam,
2734 4428 2855 4482 qua
2882 4414 3226 4483 providentia
3274 4414 3585 4467 nominare-

340 4505 721 4574 καλούμενον⁸
780 4506 874 4562 καὶ
942 4508 1117 4577 μυρία
1156 4507 1355 4562 ταῦτα.
1414 4508 1623 4578 Πολλῆς
1672 4509 1765 4561 οῦν
1817 4512 1910 4579 νή-

2017 4516 2126 4569 tur,
2162 4506 2607 4570 etiiaeundiam,
2661 4520 2784 4575 quae
2841 4505 3103 4561 fortitudo
3161 4507 3582 4575 perhiberetur;

337 4600 494 4668 ψεως
542 4598 625 4651 δεῖ
656 4597 997 4669 καθαρεῦσαι
1055 4600 1288 4669 ταυτησὶ
1336 4600 1435 4667 τῆς
1467 4600 1708 4670 ἀπάτης.
1741 4602 1914 4654 Σπου-

335 4689 445 4756 δῆς
481 4686 590 4756 γὰρ
619 4690 744 4758 περὶ
768 4688 840 4743 τὰ
871 4691 1086 4758 χρηστά
1111 4690 1266 4743 ούδέν
1292 4689 1723 4762 ὡφελιμώτερον
1750 4691 1915 4757 νέοις,

337 4779 541 4847 ὥσπερ
579 4778 892 4833 τούναντίον
920 4780 1019 4847 τῆς
1050 4779 1351 4850 ῥᾳθυμίας.
1390 4782 1449 4832 '0
1472 4780 1516 4833 δ’
1542 4779 1731 4845 ὕπνοις
1768 4782 1917 4835 ἐκδο-

334 4887 436 4932 τος
465 4867 564 4935 ὢν,
592 4868 691 4923 καὶ
717 4868 1041 4923 ἀνακεῖσθαι
1064 4870 1260 4934 θέλων,
1288 4870 1385 4924 καί⁷
1413 4870 1703 4940 ῥᾳθυμεῖν,
1727 4873 1792 4926 τὰ
1818 4873 1918 4941 μὲν

334 4960 498 5028 αὐτῷ
556 4959 1040 5029 τεθησαυρισμένα
1094 4960 1365 5030 πατρόθεν
1425 4962 1643 5033 ῐσως,ἢ
1698 4964 1835 5017 κατά
1865 4981 1918 5016 τι

340 5052 670 5123 συμπίπτον
695 5051 886 5123 τύχης,
924 5051 1128 5122 ῥᾳδίως
1171 5053 1238 5106 ἂν
1266 5052 1553 5117 ἀποϐάλοι,
1591 5055 1805 5118 πολλοῖς
1834 5074 1916 5107 τι-

338 5162 431 5201 σιν
469 5139 626 5213 οίμαι
655 5143 899 5213 τρόποις·
925 5145 1037 5201 τῶν
1067 5143 1122 5201 δέ
1146 5145 1314 5213 μήπω
1336 5160 1401 5212 γε
1420 5144 1732 5213 ληφθέντων
1754 5162 1921 5219 προσ-

332 5233 600 5305 κτήσαιὲ
630 5232 694 5286 ἂν
727 5233 863 5303 μηδέ
890 5232 968 5286 ἓν.

1082 5406 1201 5467 .OE'.

418 5504 626 5571 Ἀρτος
673 5498 887 5569 σώματι
914 5500 1126 5569 τροφή·
1161 5501 1307 5570 ψυχῇ
1353 5500 1408 5553 δὲ
1437 5484 1674 5569 μάθησίς
1714 5501 1918 5573 ἀγαθή.

342 5598 571 5660 Ὠσπερ
604 5588 697 5646 οῦν
727 5590 991 5660 ἐρυθριᾷν
1022 5592 1083 5644 ού
1111 5591 1455 5660 γιγνόμενον,
1486 5591 1703 5645 ἐπειδὰν
1732 5592 1923 5645 ἐσθίω-

348 5700 497 5753 μεν,
538 5679 683 5734 οῦτω
729 5681 809 5737 δεῖ
860 5681 953 5733 καὶ
1003 5680 1102 5743 τάς
1159 5680 1422 5750 μαθήσεις
1474 5679 1922 5749 ἀνεπαισχύντως

344 5771 676 5842 λαμόάνειν.
706 5771 780 5824 Οὐ
828 5771 941 5842 γὰρ
975 5770 1143 5845 ἔστιν,
1176 5771 1276 5824 οὐκ
1326 5770 1439 5825 ἔστι
1477 5773 1619 5840 μέγα
1653 5773 1775 5834 ταῖς
1814 5790 1921 5841 μα-

2017 4596 2235 4665 aliaque
2266 4597 2390 4651 talia
2421 4597 2656 4651 intinita.
2686 4596 2865 4661 Quare
2914 4612 3107 4665 magna
3144 4612 3284 4667 opus
3314 4608 3400 4651 est
3439 4599 3579 4666 vigi-

2017 4683 2207 4750 lantia,
2247 4693 2305 4737 ut
2342 4685 2410 4737 ab
2437 4687 2539 4739 hac
2563 4685 2865 4754 impostura
2904 4686 3060 4739 liberi
3094 4688 3294 4745 simus.
3332 4684 3468 4740 Nam
3492 4686 3585 4755 jn-

2021 4774 2251 4827 venibus
2307 4774 2450 4829 serio
2472 4790 2658 4828 rerum
2692 4777 2961 4828 bonarum
2994 4776 3177 4829 studio
3203 4776 3337 4829 nihil
3374 4776 3583 4837 utilius.

2019 4864 2168 4917 velut
2192 4879 2224 4919 e
2269 4865 2488 4919 diverso
2514 4866 2840 4935 negligentia
2866 4865 3006 4918 nihil
3040 4867 3263 4921 noxium
3302 4867 3493 4936 magis.
3519 4872 3587 4920 At

2019 4955 2113 5023 qui
2145 4970 2340 5011 somno
2392 4956 2611 5010 deditus
2641 4964 2745 5018 est,
2791 4964 2845 5009 et
2872 4955 3058 5025 jacere
3082 4956 3309 5025 supinus
3333 4964 3501 5019 amat,
3532 4969 3587 5011 et

2020 5046 2232 5101 otiosus
2258 5061 2403 5112 esse,
2434 5047 2633 5116 partim
2668 5046 2896 5102 collecta
2939 5057 3165 5116 paterno
3192 5047 3431 5103 fortasse
3461 5058 3583 5104 stu-

2021 5138 2134 5203 dio,
2168 5142 2252 5192 vel
2288 5139 2472 5208 aliquo
2492 5137 2725 5194 fortuna:
2756 5154 2909 5204 casu,
2952 5140 3109 5195 facile
3127 5141 3312 5196 multis
3355 5142 3437 5211 (ut
3468 5143 3586 5210 Opi-

2023 5229 2141 5287 nor)
2186 5229 2364 5283 modis
2411 5228 2699 5295 amiserit;
2758 5223 2952 5301 partim
2977 5246 3044 5286 ex
3076 5232 3162 5297 iis,
3194 5232 3583 5302 quatientium

2022 5330 2355 5374 consecutus
2384 5329 2485 5386 est,
2522 5337 2588 5377 ue
2614 5322 2781 5377 hilum
2812 5324 3033 5392 quidem
3062 5326 3436 5395 acquisiverit.

2700 5413 2910 5470 LXXV.

2095 5500 2165 5555 Ut
2191 5503 2344 5571 panis
2375 5503 2691 5560 alimentum
2727 5515 2811 5561 est
2835 5509 3102 5577 corporis,
3125 5510 3206 5564 sic
3232 5508 3399 5563 animi
3438 5508 3581 5561 bona

2025 5593 2296 5648 doctrina.
2354 5596 2827 5660 Quemadmodum
2879 5614 3009 5669 ergo
3042 5616 3148 5655 non
3180 5600 3431 5655 convenit
3457 5612 3589 5650 eru-

2024 5684 2267 5750 bescere,
2304 5701 2429 5741 cum
2455 5689 2817 5752 comedimus,
2849 5691 2928 5743 sic
2978 5705 3195 5743 omnem
3233 5691 3369 5742 citra
3413 5687 3591 5753 pudo-

2027 5791 2140 5830 rem
2196 5787 2248 5831 et
2310 5778 2571 5834 dourinac
2640 5787 2767 5833 sunt
2817 5781 3193 5849 percipiendae.
3253 5776 3368 5831 Non
3411 5788 3589 5847 pntest
