4166 6270
612 350 715 412 367
1789 350 1837 407 Μ
1854 350 1947 407 AN
1960 347 2186 408 UELIS
2224 346 2670 408 PAL/EOLOGI
3731 347 3835 409 368

608 465 778 534 enim,
814 478 922 519 non
963 470 1139 533 potest
1180 463 1332 517 valde
1362 463 1627 518 doctrinis
1668 463 1889 533 pollere,
1921 464 2012 534 qui
2046 478 2168 518 cum
2201 466 2245 525 Α

2201 466 2245 525 Α
2276 464 2466 534 θήσεσι
2495 463 2796 534 δυνηθῆναι
2832 464 2922 517 τὸν
2958 463 3097 532 πρὸς
3123 464 3249 525 τοὺς
3292 462 3489 533 ἥλικας
3526 459 3834 531 ἁμιλλώμε-

608 556 909 622 tequalibus
941 564 1219 608 certamen
1271 555 1520 623 suscipit,
1546 554 1591 608 si
1615 555 1830 623 quidem
1861 568 1984 611 eum
2023 553 2166 609 vinci

2272 572 2383 618 νον,
2420 555 2468 607 εί
2518 557 2656 625 πρὸς
2686 556 2781 624 τὴν
2818 550 2988 625 ἧτταν
3034 554 3364 624 αἰσχύνοιτο.
3426 552 3570 606 Ἀλλ’
3610 554 3701 605 ἐπὶ
3736 554 3833 623 μὲν

606 648 823 713 pudeat.
859 646 1145 700 Enimvero
1200 646 1252 699 in
1284 646 1422 701 cibis
1471 646 1586 715 ipsa
1616 646 1918 702 necessitas
1944 647 2166 700 modum

2270 646 2369 715 τῆς
2409 647 2620 715 τροφῆς
2654 646 2855 715 μέτρον
2904 645 3158 707 ἑκάστοις
3193 646 3224 715 ἡ
3272 644 3452 714 χρεία,
3503 644 3750 697 ἐνταυθοῖ
3778 644 3833 696 δὲ

606 738 807 807 cuique
860 736 1093 803 desinit;
1132 737 1219 791 hic
1251 749 1429 791 autem
1469 738 1591 805 plus
1620 753 1837 807 semper
1888 738 2171 807 requiren-

2270 735 2431 804 χρεία
2460 733 2555 786 τοῦ
2580 734 2844 796 πλείονος.
2881 736 3058 788 Κάκεῖ
3088 736 3185 804 μὲν
3220 732 3376 797 αὖθις
3400 735 3459 788 τὸ
3486 735 3628 788 λεῖόν
3656 754 3714 788 τε
3744 738 3835 789 καί

605 832 756 885 dum.
789 828 1001 883 Rursus
1042 829 1115 883 ibi
1150 830 1321 899 magis
1346 831 1561 898 expedit
1588 830 1911 888 valetudini.
1941 846 2004 884 ac
2033 846 2170 900 prte-

2274 830 2546 899 μονοειδὲς
2591 831 2956 898 ὑγιεινότερόν
2990 849 3050 883 τε
3088 832 3181 885 καὶ
3223 831 3682 899 σπουδαιότερον
3735 824 3835 884 ὦδε

603 920 885 975 ferendum
907 920 1072 986 venit,
1097 921 1240 989 quod
1267 921 1597 990 expeditum,
1619 923 1763 991 quod
1796 923 2023 993 simplex
2051 932 2169 979 est:

2271 920 2328 973 δὲ
2380 921 2545 974 καλὸν
2581 922 2731 975 ἐστιν
2759 924 2792 991 ἡ
2826 923 3143 992 παντοδαπὴ
3192 921 3304 975 τῶν
3352 923 3534 977 καλῶν
3580 923 3836 990 ἄσκησις.

604 1013 695 1066 hic
727 1028 854 1066 vero
880 1014 1058 1080 potior
1115 1014 1406 1083 omnigena
1441 1029 1623 1067 rerum
1661 1014 1925 1068 bonarum
1958 1015 2169 1069 exerci-

2271 1014 2382 1068 Καὶ
2405 1012 2515 1066 τῶν
2550 1014 2648 1083 μὲν
2684 1014 2866 1066 σιτίων
2894 1015 3085 1085 χρόνος
3113 1014 3141 1067 ὁ
3173 1014 3516 1084 βραχύτατος
3561 1014 3835 1083 εὐπρεπέ-

607 1105 759 1158 ratio.
799 1105 989 1157 Itidem
1024 1105 1204 1173 pastui
1246 1119 1412 1173 quam
1438 1105 1727 1158 minimum
1759 1107 2023 1174 temporis
2066 1106 2171 1159 im-

2274 1124 2365 1159 στε
2378 1122 2501 1175 ρος,
2538 1107 2658 1167 ταῖς
2686 1106 2743 1158 δὲ
2779 1106 3048 1175 μαθήσεσι
3076 1106 3267 1174 καιρὸς
3299 1108 3325 1158 ό
3364 1106 3476 1176 βίος
3500 1106 3642 1171 ὅλος,
3671 1107 3720 1159 εί
3746 1106 3837 1157 δυ-

606 1192 764 1259 pendi
823 1193 1109 1247 decentius
1138 1201 1265 1248 est:
1312 1193 1557 1247 discendi
1612 1202 1827 1262 tempus
1853 1194 2168 1249 universum

2271 1199 2427 1251 νατόν
2450 1214 2462 1228 ⁸
2499 1200 2664 1252 καλὸν
2689 1200 2796 1269 γὰρ
2827 1201 3101 1269 μυηθῆναι
3126 1199 3221 1265 τὴν
3250 1199 3427 1270 ψυχήν
3445 1216 3498 1251 τι
3529 1197 3715 1262 καλὸν,
3744 1198 3838 1250 καὶ

605 1281 677 1334 sit
703 1281 826 1333 vitae
857 1283 1118 1348 spatium,
1181 1283 1224 1335 si
1262 1282 1376 1335 ﬁeri
1409 1291 1611 1350 potest.
1643 1283 1779 1337 Nom
1827 1284 2027 1336 bonum
2064 1294 2167 1345 est.

1643 1283 1779 1337 Nom
1827 1284 2027 1336 bonum
2064 1294 2167 1345 εει.
2272 1292 2650 1364 χωριζομένην
2684 1293 2850 1345 αὐτοῦ
2884 1292 2978 1345 τοῦ
3015 1290 3286 1361 σώματος.

603 1372 845 1424 animum
882 1372 1024 1424 bona
1054 1387 1113 1425 re
1146 1374 1397 1442 quapiam
1428 1374 1621 1439 imbui,
1665 1375 1827 1428 etiam
1862 1383 1998 1441 tum,
2038 1390 2164 1430 cum

604 1476 632 1515 a
656 1476 887 1531 corpore
918 1462 1216 1529 dirimitur.

1274 1554 1503 1612 LXXVi.
2984 1558 3120 1626 θεῖ’.

676 1644 952 1698 Eximium
985 1645 1115 1714 quid
1139 1654 1224 1699 est
1246 1648 1456 1717 magnis
1483 1647 1757 1703 hominem
1787 1650 1993 1704 viribus
2029 1664 2169 1719 prte-

2344 1658 2671 1727 Κράτιστον,
2704 1654 2956 1725 ἰσχύοντα
2992 1655 3159 1722 μέγα,
3188 1651 3429 1723 ’μηδενὸς
3465 1649 3831 1711 πλεονεκτεῖν,

605 1737 777 1790 (litum
814 1737 1069 1791 fraudare
1128 1739 1429 1804 neminem,
1472 1753 1572 1793 nec
1604 1740 1869 1795 adversus
1903 1742 2041 1795 alios
2074 1743 2169 1795 in—
2202 1811 2238 1819 _

2202 1811 2238 1819 _
2277 1751 2411 1819 μηδὲ
2469 1748 2928 1816 κατεπαίρεσθαι,
2981 1745 3117 1816 μηδὲ
3180 1745 3440 1813 βλάπτειν
3488 1743 3751 1805 ὁντινοῦν,
3787 1742 3835 1792 εί

605 1844 853 1897 surgere,
899 1845 996 1883 nec
1026 1845 1354 1898 quemquam
1395 1831 1632 1897 laedere;
1674 1831 1778 1887 nisi
1812 1834 1935 1901 quis
1974 1834 2170 1888 laedere
2202 1811 2243 1866 Β

2202 1811 2243 1866 Β
2383 1858 2463 1900 τις
2499 1811 2755 1909 βλάπτων
2788 1840 2848 1892 οὐ
2884 1811 3143 1904 παύεται,
3180 1811 3276 1897 καὶ
3314 1835 3696 1905 κατορχεῖσθαί
3737 1851 3832 1886 σου

604 1939 889 1993 nunquam
923 1924 1161 1987 desinat,
1208 1936 1260 1978 et
1314 1925 1581 1979 insultare
1616 1927 1715 1980 tibi
1745 1927 1893 1982 velit.
1931 1927 2167 1993 Bonum,

2272 1933 2438 1986 θέλει.
2475 1931 2671 1993 Καλὸν,
2712 1929 2994 1999 μεγίστοις
3035 1926 3423 1997 συμϐαίνοντα,
3474 1914 3588 1985 τοῖς
3624 1924 3826 1994 παροῦ-

605 2018 692 2070 cui
728 2016 963 2069 maxima
1010 2017 1358 2078 conveniant,
1395 2032 1519 2071 cum
1555 2020 1845 2086 prmsentia
1877 2020 2003 2072 boui
2037 2035 2170 2073 con-

2275 2041 2360 2076 σιν
2394 2024 2636 2091 ἀγαπᾷν,
2667 2020 2732 2073 ἂν
2780 2020 2854 2089 μὴ
2894 2019 3012 2089 μετ’
3062 2019 3313 2080 εὐκλείας
3347 2017 3441 2088 ἐξῇ
3490 2016 3831 2085 προσθεῖναι.

604 2111 784 2167 sulere
809 2126 823 2169 ;
853 2109 897 2165 si
930 2123 1050 2163 cum
1091 2110 1319 2164 honesta
1345 2109 1488 2164 fama
1517 2124 1628 2163 non
1663 2110 1824 2165 liceat
1855 2112 2172 2165 accessione

2284 2113 2439 2182 Ἐμοὶ
2467 2113 2614 2164 δοκεῖ
2664 2110 2987 2181 προσθήκης
3017 2110 3116 2180 ούχ
3157 2106 3320 2180 ἦττον
3349 2104 3490 2161 εἶναι
3525 2109 3585 2161 τὸ
3611 2108 3678 2159 τὰ
3704 2107 3833 2158 ὂντα

604 2203 787 2273 potiri.
821 2202 885 2254 Et
917 2203 1135 2272 quidem
1167 2203 1485 2256 accessione
1511 2216 1617 2255 non
1648 2202 1832 2255 minus
1864 2216 1986 2256 esse
2010 2202 2170 2270 quid-

2273 2205 2458 2272 τηρεῖν
2490 2201 2746 2269 ἁλώϐητα
2791 2202 2848 2253 ἐν
2883 2201 3094 2269 καιροῖς
3125 2200 3265 2253 πάνυ
3303 2197 3586 2250 λωϐᾶσθαι
3630 2210 3829 2260 κεκτη-

604 2295 725 2346 dam
759 2293 1020 2357 arbitror,
1052 2292 1221 2346 illaesa
1260 2307 1482 2346 servare
1514 2306 1634 2359 qua:
1672 2292 1893 2354 adsunt,
1927 2292 1993 2345 iis
2029 2305 2171 2359 prae-

2279 2296 2459 2365 μένοις
2511 2294 2762 2361 δύναμιν.
2815 2293 2906 2344 Δεῖ
2949 2292 3004 2344 δὲ
3064 2291 3186 2360 μηδ’
3246 2291 3422 2342 ἐκεῖνο
3467 2285 3825 2355 σιωπηθῆναι.

605 2388 793 2442 sertim
852 2385 1211 2453 temporibus,
1272 2399 1393 2452 quat
1427 2384 1739 2439 detrimenti
1778 2384 2071 2453 plurimum
2101 2384 2175 2437 af-

2277 2388 2416 2441 Ἴσθι
2450 2388 2548 2456 τὴν
2573 2386 2863 2454 ὑπηρετῶν
2894 2388 2973 2449 εἰς
3008 2385 3069 2438 τὸ
3092 2384 3271 2437 κοινὸν
3293 2381 3496 2452 βλάϐην
3526 2383 3604 2433 σοὶ
3624 2381 3827 2446 λογιου-

606 2479 748 2532 ferre
797 2487 1046 2546 possunt.
1087 2475 1196 2529 Nec
1245 2475 1378 2530 illud
1412 2476 1677 2545 praeteriri
1733 2476 1947 2529 silentio
1986 2476 2169 2530 debet.

2279 2482 2472 2551 μένους
2505 2481 2630 2539 τοὺς
2664 2478 3070 2547 βλαπτομένους
3100 2477 3192 2545 ’ξεί
3225 2476 3400 2545 παρὸν
3430 2474 3679 2541 ἀμείνοσι
3705 2470 3836 2540 χρῆ-

605 2570 762 2624 Noris
803 2569 1009 2621 illatum
1035 2568 1264 2637 publica:
1295 2567 1371 2620 rei
1406 2567 1665 2620 damnum
1698 2566 1804 2619 tuis
1828 2581 1856 2619 a
1882 2566 2169 2632 ministris,

2277 2574 2423 2636 σθαι,
2460 2573 2493 2643 ἢ
2520 2573 2650 2641 γοῦν
2679 2572 2920 2633 ἐκείνους
2944 2571 3206 2640 ὀρθῶσαι,
3246 2567 3406 2622 τοῦτό
3439 2584 3497 2619 τε
3531 2566 3605 2635 μὴ
3631 2565 3834 2634 πρᾶξαι

605 2664 967 2730 imputaturos
994 2660 1114 2722 tibi,
1154 2658 1248 2728 qui
1281 2659 1540 2713 damnum
1574 2657 1886 2727 acceperint
1916 2675 1929 2722 ;
1963 2659 2007 2710 si
2042 2674 2168 2712 cum

2277 2664 2556 2735 θελήσαις,
2588 2664 2682 2717 καὶ
2721 2664 2812 2716 τοῦ
2849 2662 3036 2731 ἑτέρου
3072 2661 3516 2731 παραμελῆσαις,
3550 2657 3643 2711 καὶ
3676 2656 3838 2709 καλὸν

604 2768 768 2821 opera
801 2752 1089 2805 meliorum
1126 2751 1202 2804 uti
1249 2764 1458 2819 posses,
1491 2760 1585 2803 aut
1617 2750 1750 2805 istos
1777 2751 1964 2802 saltem
1998 2752 2171 2803 corri-

2274 2761 2511 2830 ήγήσαιο
2561 2758 2714 2828 παρὰ
2748 2758 2828 2810 σοὶ
2857 2757 3020 2810 πλέον
3063 2756 3206 2826 ἔχειν
3249 2755 3375 2818 τοὺς
3428 2752 3695 2823 πονηροὺς
3730 2752 3840 2803 τῶν

605 2860 753 2913 gere,
779 2858 880 2896 nec
914 2842 1043 2895 illud
1106 2840 1288 2895 facere
1332 2841 1594 2904 volueris,
1626 2851 1680 2894 et
1714 2841 1818 2893 hoc
1849 2840 2171 2907 neglexeris,
2279 2854 2591 2924 βελτίστων,

606 2936 847 3003 adeoque
880 2942 1138 3003 praestare
1161 2932 1404 2998 duxeris,
1439 2942 1496 2986 ut
1527 2931 1757 3001 improbi
1793 2932 1912 3000 plus
1946 2932 2091 3000 apud
2119 2941 2169 2986 te

560 3096 562 3099 λ
607 3026 817 3093 possint
851 3040 1013 3094 quam
1043 3023 1197 3078 boni.

1260 3115 1513 3172 LXXVII.
2201 3158 2241 3178 η
2998 3121 3114 3178 OZ'.

674 3210 924 3264 Gloriosa
951 3208 1056 3262 tuis
1086 3223 1113 3262 a
1146 3209 1391 3262 moribus
1422 3208 1565 3263 absit
1594 3210 1922 3279 arrogantia,
1945 3208 2085 3264 sicut
2120 3218 2172 3263 et
2202 3208 2243 3221 “

2202 3208 2243 3221 “
2344 3217 2495 3283 Μὴτε
2526 3218 2776 3289 εἰρωνείᾳ
2803 3221 3039 3271 συνεῖναι
3068 3217 3210 3280 θέλε,
3238 3218 3377 3286 μήτε
3401 3218 3689 3281 ἀλαζονεία
3716 3235 3836 3270 συν-

606 3302 992 3357 dissimulatio.
1054 3300 1186 3353 Nam
1249 3309 1308 3352 ut
1348 3300 1460 3353 haec
1524 3292 1696 3368 turpis
1723 3309 1826 3363 est,
1852 3301 1995 3368 quod
2024 3301 2170 3365 ﬁcta,

2275 3308 2415 3361 ἐστω
2465 3325 2569 3360 σοι.
2616 3309 2835 3377 Ἐπειδὴ
2868 3310 2928 3362 τὸ
2974 3309 3074 3378 μὲν
3120 3310 3341 3378 αἰσχρόν
3369 3327 3381 3339 ·
3420 3309 3653 3363 ὓπουλον
3708 3309 3828 3377 γὰρ,

604 3396 751 3461 quod
807 3393 996 3447 inertis
1017 3405 1070 3446 ct
1093 3391 1376 3461 degeneris
1436 3391 1625 3453 animi,
1652 3393 1731 3446 sic
1762 3391 1941 3460 gravis
1976 3392 2165 3460 altera,

2280 3399 2661 3469 μικροπρεπὲς
2691 3417 2703 3430 ·
2751 3399 2978 3471 θάτερον
3008 3401 3063 3453 δὲ
3098 3401 3235 3469 βαρύ
3261 3418 3274 3433 ο
3314 3402 3617 3472 ὑπέρογκον
3648 3402 3747 3470 γάρ
3776 3419 3824 3451 τι

605 3490 749 3557 quod
777 3488 1003 3557 superba
1033 3487 1283 3551 nimium,
1320 3485 1464 3555 quod
1498 3487 1744 3540 mordax.
1776 3487 1922 3543 Satis
1955 3477 2035 3541 est
2061 3504 2166 3542 non

2273 3492 2366 3543 καὶ
2388 3491 2706 3561 πληκτικὺν.
2726 3493 2914 3562 Ἀρκεῖ
2936 3494 3009 3564 μὴ
3035 3496 3148 3556 τοῖς
3172 3493 3373 3563 ἐτέρων
3408 3495 3637 3555 ἐπαίνοις
3674 3510 3823 3545 σεαυ-

608 3592 659 3634 te
689 3582 859 3649 magis
891 3579 1120 3633 aliorum
1156 3577 1378 3631 credere
1406 3578 1675 3643 laudibus,
1708 3593 1867 3647 quam
1894 3578 2010 3640 tibi,
2043 3593 2167 3631 cum

2271 3583 2364 3636 τοῦ
2398 3584 2597 3651 μᾶλλον
2625 3585 2925 3649 πιστεύειν,
2950 3586 3171 3638 ἐπειδὰν
3199 3586 3297 3638 οὐκ
3324 3585 3628 3655 ἀληθεύωσι
3648 3601 3660 3615 ’
3697 3583 3831 3653 μηδὲ

607 3674 711 3726 illae
740 3688 878 3725 verae
930 3687 1033 3725 non
1069 3680 1218 3735 sunt,
1252 3685 1350 3724 nec
1388 3685 1639 3739 asperum
1673 3668 1898 3737 aliquid,
1931 3669 2168 3723 homini-

2271 3676 2447 3727 εἰπεῖν
2494 3676 2749 3744 φορτικὸν
2796 3677 2978 3747 μηδὲν,
3038 3677 3172 3746 μηδὲ
3228 3678 3609 3747 κομπάζοντος
3648 3676 3830 3745 ῥῆμα·

606 3763 1060 3835 quejactabundo
1089 3762 1440 3827 conveniens,
1473 3761 1715 3831 proferre
1742 3780 1754 3814 :
1787 3777 1892 3814 non
1914 3761 2169 3815 incedere

2276 3766 2352 3834 μὴ
2407 3766 2767 3835 ’ἁκροϐατεῖν,
2817 3768 2952 3837 μηδὲ
2987 3767 3085 3837 τὴν
3134 3768 3307 3839 ὀφρὺν
3358 3768 3554 3838 αἴρειν,
3615 3767 3740 3837 μηδ’
3772 3767 3837 3819 ἂν

606 3873 730 3910 cum
786 3856 951 3921 fastu,
1017 3848 1131 3909 nec
1168 3854 1420 3909 attollere
1484 3852 1797 3921 supercilia,
1832 3851 2041 3916 licetii,
2074 3850 2167 3916 qui

2270 3855 2611 3924 ἀληθεύωσιν
2642 3857 2692 3907 οἱ
2748 3856 3095 3928 κρατοῦντες.
3131 3858 3202 3908 Τὸ
3248 3858 3304 3909 δὲ
3355 3858 3491 3926 πρὸς
3520 3858 3646 3918 τοὺς
3695 3860 3830 3926 παρ’

607 3950 854 4016 plausum
904 3948 1054 4012 dant,
1099 3962 1286 4001 verum
1339 3946 1540 4000 dicant.
1584 3945 1661 3998 Ad
1709 3944 1949 4013 ingestas
1985 3951 2166 3999 autem

2270 3945 2474 4013 ἐτέρων
2527 3944 2781 4006 ἐπαίνους
2825 3944 3013 4012 ὥσπερ
3060 3944 3423 4013 ἀκκιςόμενον
3472 3944 3825 4013 θρύπτεσθαι,

610 4041 793 4094 laudes
814 4040 881 4091 ab
906 4038 1046 4101 aliis,
1071 4038 1227 4102 quasi
1251 4038 1696 4107 tergiversantem
1726 4035 1946 4089 delicias
1966 4034 2166 4099 facere,

2273 4038 2367 4090 xui.
2399 4035 2572 4106 μικρὰ
2603 4036 2700 4105 μὲν
2733 4036 2917 4104 λέγειν
2952 4038 3078 4105 περὶ
3131 4036 3349 4101 σαυτοῦ,
3388 4035 3596 4103 μεγάλα
3630 4033 3686 4085 δὲ
3717 4034 3828 4085 οίε-

609 4146 886 4200 paucaque
912 4131 976 4182 de
1000 4145 1057 4183 se
1097 4129 1296 4192 dicere,
1328 4144 1520 4198 magna
1550 4128 1772 4192 sentire,
1796 4141 1959 4196 prepe
1989 4125 2170 4181 sceni-

2273 4128 2417 4191 σθαι,
2453 4127 2650 4196 μικροῦ
2699 4128 2808 4179 δεῖν
2866 4128 3124 4194 σκηνικὸν
3168 4130 3306 4189 ἐστι,
3340 4128 3428 4180 καὶ
3474 4125 3830 4191 προσωπείου

607 4238 726 4273 cum
758 4219 1011 4288 quiddam
1045 4225 1146 4281 est,
1173 4231 1227 4272 et
1256 4234 1422 4287 egens
1454 4220 1635 4281 larvm,
1665 4217 1759 4271 tibi
1810 4216 2031 4285 quidem
2070 4216 2171 4268 mi-

2270 4220 2547 4287 δεόμενον,
2596 4220 2623 4270 ὃ
2660 4236 2743 4270 σοι
2777 4218 3093 4287 μηδαμόθεν
3134 4221 3398 4288 προσῆκε.
3452 4220 3656 4287 Πρᾶξις
3694 4218 3835 4287 καλὴ

607 4314 751 4365 nime
813 4311 1089 4365 convenit.
1152 4310 1456 4362 Honestum
1525 4309 1737 4363 facinus
1806 4308 2037 4362 illustris
2087 4318 2171 4362 est

2272 4309 2449 4375 κῆρυξ
2504 4309 2776 4378 λαμπρός.
2824 4309 2896 4362 Τὸ
2939 4310 3250 4380 μετριάζειν
3303 4310 3517 4379 μεγάλα
3570 4310 3838 4381 πράξαντι

606 4422 805 4472 pra'co.
838 4403 1087 4457 Hominis
1118 4401 1405 4464 modestia,
1440 4401 1532 4468 qui
1567 4414 1760 4469 magna
1801 4400 2029 4468 peregit,
2061 4399 2167 4452 du-

2271 4399 2490 4452 διπλοῦν
2538 4400 2598 4451 τὸ
2650 4401 2916 4470 τρόπαιον
2967 4402 3197 4469 ἵστησιν,
3234 4401 3297 4453 ἐκ
3340 4419 3400 4454 τε
3458 4403 3569 4455 τῶν
3619 4402 3841 4468 ἀγαθῶν

606 4497 753 4564 plum
791 4505 1051 4562 trOpmum
1104 4490 1330 4551 statuit,
1364 4499 1475 4541 tum
1510 4489 1665 4542 Iactis
1697 4490 1849 4557 ipsis,
1884 4499 1996 4542 tum
2026 4490 2168 4556 quod
2205 4501 2247 4555 ι)

2205 4501 2247 4555 ι)
2276 4490 2473 4559 ἔργων,
2506 4491 2600 4542 καὶ
2646 4491 2740 4542 τοῦ
2775 4493 2848 4560 μὴ
2888 4492 3099 4552 τούτοις
3147 4493 3493 4561 ἐπαίρεσθαι.
3537 4493 3597 4545 Ὀ
3638 4492 3693 4543 δὲ
3740 4508 3840 4559 με·

606 4588 674 4647 ob
702 4600 763 4639 ca
811 4597 882 4637 se
914 4598 1020 4637 non
1054 4581 1259 4634 eﬂ‘erat.
1300 4581 1370 4632 At
1408 4593 1536 4631 vero
1586 4580 1679 4647 qui
1710 4593 1936 4647 magnas
1969 4593 2057 4633 res
2085 4594 2175 4646 ge-

2276 4583 2416 4649 γάλα
2447 4581 2547 4651 μὲν
2575 4582 2765 4646 ποιῶν,
2798 4584 3009 4651 μεγάλα
3031 4584 3086 4636 δὲ
3111 4584 3309 4651 λέγων,
3341 4584 3433 4637 καὶ
3462 4584 3743 4651 μονονουχὶ
3762 4582 3847 4633 δο-

611 4679 701 4743 rit,
733 4686 786 4731 et
807 4690 1000 4743 magna
1028 4673 1633 4742 loquitur,tantumque
1661 4684 1767 4722 non
1797 4672 1981 4743 volare
2008 4672 2173 4739 gestis

2275 4676 2387 4728 κῶν
2414 4677 2524 4735 τοῖς
2553 4674 2944 4745 κατορθώμασι
2985 4675 3264 4737 πέτεσθαι,
3294 4676 3389 4727 καὶ
3414 4678 3526 4735 τοῖς
3563 4673 3629 4725 δι’
3668 4674 3841 4727 αὑτοῦ

609 4768 870 4835 praeclare
905 4767 1066 4820 rebus
1097 4766 1211 4832 ipse
1242 4763 1347 4817 sibi
1373 4762 1607 4826 videtur,
1630 4761 1791 4814 etiam
1828 4761 1892 4815 iis
1914 4762 2172 4814 molestus

2276 4768 2455 4819 καλῶν
2478 4768 2812 4819 ἀπολαύουσι
2836 4767 3077 4836 λυπηρὸς
3097 4769 3161 4820 ἂν
3179 4769 3405 4835 γένοιτο.
3424 4768 3497 4819 Τὸ
3512 4769 3618 4833 γὰρ
3633 4767 3811 4835 ὑπερή
3832 4798 3849 4807 -

610 4876 672 4913 ac
694 4860 874 4927 gravis
905 4857 1091 4922 fuerit,
1122 4855 1214 4923 qui
1242 4854 1361 4923 ejus
1386 4868 1547 4921 Opera
1579 4851 1736 4906 bonis
1770 4851 2046 4904 fruuntur.
2081 4851 2174 4905 Est

2277 4877 2443 4929 φανον
2490 4860 2583 4912 καὶ
2629 4860 2748 4929 Θεῴ
2800 4860 3083 4927 πολέμιον.
3116 4859 3282 4928 Δόξης
3322 4860 3413 4913 οὖν
3464 4860 3696 4928 ἐρῶντα,
3730 4862 3848 4931 χρὴ

608 4951 754 5003 enim
784 4950 1008 5002 adversa
1041 4947 1151 5002 Deo
1181 4959 1398 5015 quoque
1449 4944 1725 5014 superbia.
1754 4944 2091 5012 Quapropter
2127 4942 2173 4996 si

2275 4954 2458 5023 ἔργοις
2476 4971 2532 5005 τε
2554 4956 2755 5021 ταύτην
2779 4952 3018 5017 διώκειν,
3051 4953 3147 5004 καὶ
3172 4952 3247 5021 μὴ
3271 4954 3698 5021 προσκαλεῖσθαι
3726 4958 3854 5016 τοῖς

611 5042 797 5110 gloriae
833 5040 1066 5106 cupidus
1107 5054 1187 5100 es,
1214 5038 1370 5091 factis
1403 5051 1519 5090 eam
1552 5036 1801 5105 persequi
1850 5035 2035 5095 debes,
2065 5050 2172 5088 non

2276 5047 2478 5112 λόγοις.
2518 5045 2712 5112 Φεύγει
2739 5046 2847 5114 γὰρ
2886 5045 3012 5105 τοὺς
3047 5044 3376 5106 καλούντας’
3422 5046 3533 5106 τοῖς
3559 5044 3614 5095 δὲ
3658 5043 3856 5112 ἔργοις

607 5133 790 5186 verbis
839 5146 1135 5186 arcessere.
1196 5130 1329 5183 Nam
1364 5137 1701 5183 arcessentes
1760 5126 1933 5193 fugit,
1993 5140 2047 5179 et
2107 5126 2173 5179 ad

2012 5140 2047 5179 ξι
2107 5126 2173 5179 ad
2277 5139 2447 5209 αὐτὴν
2473 5136 2837 5207 δεξιουμένοις
2869 5137 3245 5207 ἁσμενέστατα
3276 5137 3657 5206 προσέρχεται.

609 5226 754 5291 illos,
788 5224 880 5292 qui
936 5222 1093 5276 factis
1150 5236 1267 5275 eam
1312 5230 1592 5291 prensant,
1623 5234 1784 5289 quam
1820 5216 2177 5273 libentissime

594 5318 837 5376 accedit.

1246 5401 1525 5457 LXXVIII.
2995 5397 3125 5453 OH’.

667 5505 780 5557 .Est
831 5498 1058 5554 omnino
1112 5498 1329 5555 difﬁcile
1367 5497 1707 5558 mortalibus.
1744 5497 1812 5551 de
1850 5498 2178 5567 rebusjudi-

2361 5487 2602 5555 ’Δληθῶς
2634 5487 2739 5541 τῶν
2773 5487 2943 5540 ὄντων
2979 5489 3132 5542 οὐδὲν
3161 5487 3413 5557 εῠκριτον
3441 5485 3747 5556 ἀνθρώποις
3780 5486 3864 5542 ἂν

604 5610 751 5647 care.
790 5590 923 5644 Nam
957 5588 1156 5656 quibus
1183 5588 1237 5641 in
1288 5587 1444 5639 malis
1482 5598 1782 5648 versamur,
1808 5599 1869 5637 ea
1900 5585 2173 5638 deteriora

2280 5578 2386 5644 εἴη.
2444 5571 2538 5637 Οἷς
2590 5578 2697 5647 γὰρ
2732 5576 2992 5645 χρώμεθα
3042 5580 3252 5643 κακοῖς,
3302 5577 3471 5645 χείρω
3519 5574 3693 5627 ταῦτα
3732 5578 3863 5632 τῶν

610 5696 865 5752 putamus
902 5681 1044 5743 aliis,
1070 5679 1325 5748 quoniam
1362 5677 1587 5733 malum.
1621 5674 1761 5741 quod
1786 5676 1962 5736 adest,
1992 5675 2173 5741 seipse

2279 5670 2456 5723 ἄλλων
2489 5668 2783 5736 νομίζομεν
2807 5683 2819 5695 ·
2872 5670 2952 5720 ὅτι
2982 5669 3044 5720 τὸ
3072 5668 3243 5720 δεινὸν
3280 5667 3459 5735 παρὸν
3500 5666 3695 5720 ἑαυτοῦ
3737 5668 3867 5721 δει-

602 5778 839 5843 quolam
873 5773 1033 5826 modo
1058 5771 1293 5839 gravius"
1337 5781 1457 5821 esse
1492 5764 1722 5827 videtur,
1757 5765 1979 5832 ipsaque
2040 5778 2177 5832 prm-

2281 5761 2494 5827 νύτερόν
2534 5777 2647 5820 πως
2689 5760 2856 5824 δοκεῖ,
2890 5759 3035 5827 αύτῷ
3078 5760 3152 5828 τῷ
3203 5762 3454 5827 παρεῖναι
3492 5759 3600 5811 τῶν
3633 5759 3694 5809 ού
3736 5774 3869 5814 πα.
