4166 6270
341 419 445 474 εον

1300 419 1395 476 PR
1409 419 1561 477 .«ECE
1573 418 1707 479 ΡΤΛ
1748 420 1789 477 Ε
1802 420 1899 481 DU

2004 420 2267 479 110le
2293 418 2582 481 REGIE.
3470 419 3603 483 πον

338 523 542 593 ρόντων
573 520 935 575 πλεονεκτοῦν
966 537 980 554 ο
1005 523 1098 577 καὶ
1137 524 1389 593 ήλλάξατ’
1418 530 1482 583 ἄν
1514 546 1599 592 τις
1631 532 1899 593 πιέζοντος

2018 537 2190 589 scntia
2222 551 2317 589 sua
2340 536 2592 603 deprimit
2617 533 2863 589 absentia
2898 534 3037 588 mala
3063 551 3076 589 :
3113 534 3268 590 facile
3293 545 3353 591 ut
3382 536 3579 607 aliquis

337 616 541 683 κούφου
583 614 1013 684 ὲμόριθέστερον
1047 617 1259 684 μέλλον.
1294 621 1384 673 Διὸ
1432 624 1526 675 καὶ
1560 626 1671 685 τοῖς
1702 623 1900 678 ἀποῦσι

337 706 770 777 προστρέχομεν,
798 707 899 760 κᾶν
932 700 1034 760 ὦσι
1071 708 1241 777 μείζω
1275 711 1382 764 τῶν
1410 713 1597 767 ὄντων.
1628 715 1688 766 El
1727 716 1771 767 δ’
1804 717 1903 767 αὐ-

336 802 449 862 τοῖς
496 798 842 868 ἐντύχοιμεν,
895 801 1232 870 ἐπαινοῦμεν
1276 801 1435 867 αὖθις
1486 809 1554 859 τὰ
1600 806 1901 875 φθάσαντα.

336 889 448 941 Καὶ
473 889 736 951 πολλάκις
786 906 849 957 γε
889 892 1052 960 τυχὸν
1077 893 1236 946 τοῦτο
1277 894 1531 963 δράσειεν
1561 899 1625 950 ἄν
1656 915 1759 961 τις.
1793 901 1903 953 Καὶ

334 978 612 1047 δηλοῦσιν,
664 980 714 1033 οἳ
762 981 1055 1050 φεύγοντες
1103 984 1197 1039 τὸν
1244 988 1486 1058 σίδηρον,
1537 991 1903 1060 ὑποϐρυχίους

337 1072 565 1133 ἑαυτοὺς
623 1074 904 1128 ποιοῦσιν
948 1073 1070 1131 εἶτα
1121 1082 1367 1150 ναυαγίῳ
1418 1084 1775 1153 χρησάμενοι,
1811 1090 1907 1139 καὶ

338 1160 747 1227 κινδυνεύοντες
778 1166 1096 1233 καταδῦναι,
1142 1170 1400 1240 διστόμου
1442 1176 1715 1245 μαχαίρας
1743 1178 1904 1245 δράτ-

338 1270 546 1308 τονται.
576 1256 686 1309 Καί
719 1258 822 1311 πού
860 1277 941 1320 τις
984 1262 1190 1315 καπνὸν
1219 1262 1437 1331 φεύγων
1464 1268 1905 1337 ἀπερισκέπτως,

276 1416 281 1423 ἱ
338 1346 418 1408 είς
454 1345 567 1415 πῦρ
616 1347 841 1401 ἐνέπεσε
867 1367 882 1383 ·
920 1352 1012 1405 καὶ
1048 1349 1115 1406 αὖ
1161 1357 1295 1424 πυρὶ
1332 1357 1684 1425 φλεγόμενος,
1714 1360 1787 1421 ὡς
1818 1362 1908 1413 ἐπ”.

340 1439 692 1506 παραμύθιον
720 1441 812 1495 τὸν
866 1446 1112 1514 κρημνὸν
1161 1448 1420 1517 ἔδραμεν.
1459 1451 1523 1503 ΟΞ
1568 1451 1674 1519 γὰρ
1724 1453 1909 1505 πολλοὶ

336 1527 446 1579 τῶν
498 1528 840 1600 ἀνθρώπων.
904 1535 1063 1604 δεινῷ
1132 1537 1228 1589 τοῦ
1300 1540 1568 1609 λογισμοῦ
1623 1544 1909 1611 συσχεθέν-

338 1638 452 1687 τος,
483 1621 563 1675 ὅτι
603 1625 702 1693 μὲν
733 1626 1031 1696 φεύγομεν,
1077 1630 1237 1699 ἴσμεν
1265 1648 1279 1662 ’
1310 1632 1432 1684 ὅποι
1471 1632 1527 1685 δὲ
1574 1636 1910 1703 καταφευξό-

344 1708 501 1776 μεθα,
528 1711 687 1766 τοῦτο
717 1714 782 1785 δὴ
818 1714 893 1779 ὡς
925 1716 1103 1770 ἔοικεν
1150 1720 1474 1791 ἀγνοοῦμεν.
1515 1723 1625 1776 Καὶ
1675 1725 1767 1775 ἐπὶ
1802 1727 1909 1777 τῶν

341 1799 744 1867 εὐφραινόντων
797 1803 852 1856 δὲ
887 1805 954 1859 τὰ
992 1806 1082 1861 ῐσα
1128 1809 1336 1873 τούτοις
1389 1813 1690 1882 πάσχομεν.
1742 1816 1907 1868 Οὐδὲν

2006 628 2126 681 leve
2178 628 2403 690 malum,
2459 627 2605 696 quod
2643 627 2863 697 premit,
2907 642 3031 681 cum
3099 626 3281 682 futuro
3332 630 3582 697 graviore

2007 718 2447 772 commutaverit.
2510 717 2583 771 Ea
2622 727 2847 787 prepter
2908 727 2960 773 et
3000 733 3162 772 cursu
3211 718 3277 772 ad
3312 718 3400 772 illa
3426 719 3581 786 quasi

2008 824 2364 879 properamus
2382 810 2544 875 mala,
2575 825 2694 879 quze
2716 810 2933 875 absunt,
2972 810 3189 863 tametsi
3222 811 3581 877 prresentibus

2008 902 2215 967 majora
2242 901 2371 955 sint.
2411 900 2485 954 Ad
2510 903 2697 955 eadem
2732 917 2860 956 vero
2887 901 3074 967 delati,
3108 916 3328 954 rursum
3360 910 3584 969 printer—

2009 990 2079 1043 ita
2107 992 2413 1045 laudamus.
2467 992 2620 1058 Quod
2649 992 2868 1062 quidem
2896 992 3210 1055 usuvenire,
3242 992 3325 1045 vel
3359 991 3435 1044 illi
3458 999 3585 1045 sunt

2011 1081 2232 1145 indicio,
2256 1082 2346 1151 qui
2383 1082 2587 1136 ferrum
2617 1083 2908 1151 fugientes,
2949 1082 3001 1135 in
3030 1081 3207 1136 undas
3241 1095 3362 1135 sese
3388 1080 3582 1149 praeci-

2010 1173 2203 1241 pitant,
2233 1173 2426 1227 deinde
2451 1172 2795 1244 naufragium
2821 1174 2986 1242 passi,
3016 1182 3067 1226 et
3091 1171 3492 1227 submersionis
3528 1170 3582 1223 in

2012 1263 2253 1329 periculo
2277 1265 2580 1329 constituti,
2619 1265 2854 1335 gladium
2886 1266 3174 1333 ancipitem
3215 1264 3581 1331 prehendunt.

2012 1358 2167 1410 Alius
2190 1357 2589 1409 inconsiderate
2622 1356 2833 1410 fumum
2873 1355 3109 1422 fugiens,
3141 1355 3193 1406 in
3222 1355 3397 1423 ignem
3432 1353 3582 1416 ruit;

2012 1463 2075 1502 ac
2106 1446 2347 1501 vicissim
2383 1448 2450 1497 ab
2485 1445 2594 1515 igni
2626 1446 2753 1498 dum
2789 1445 2989 1508 uritur,
3016 1445 3080 1496 ad
3126 1444 3455 1511 praecipitem
3492 1458 3583 1494 ru-

2013 1554 2158 1608 pem,
2192 1538 2359 1591 veluti
2386 1536 2641 1590 solatium
2670 1536 2967 1604 quoddam,
3015 1536 3275 1588 accurrit.
3308 1535 3442 1589 Nam
3475 1534 3587 1602 ple—

2014 1630 2168 1698 rique
2198 1629 2477 1692 mortales,
2528 1626 2656 1681 dum
2715 1627 2851 1679 ratio
2882 1627 2930 1679 vi
2968 1627 3093 1679 mali
3122 1625 3407 1694 premitur,
3439 1627 3582 1693 quod

2013 1721 2307 1791 fugiamus,
2330 1721 2571 1774 Scimus:
2598 1732 2707 1788 quo
2734 1733 2862 1771 vero
2881 1717 3283 1783 confugiamus,
3306 1716 3447 1782 scire
3475 1730 3581 1768 non

2011 1827 2329 1881 possumus.
2379 1809 2701 1863 Consimilia
2770 1810 2927 1863 nobis
2956 1818 3009 1863 et
3068 1808 3205 1863 lmtis
3237 1808 3400 1862 rebus
3436 1807 3583 1862 acci-

341 1888 446 1956 γὰρ
471 1890 639 1959 δήπου
670 1893 778 1946 τῶν
802 1895 1068 1950 ποθεινῶν
1094 1902 1347 1968 στήσειεν
1372 1904 1438 1955 ἂν
1469 1905 1601 1973 ἡμῖν
1625 1906 1709 1974 ἐφ’
1733 1905 1899 1976 ἑαυτῷ

2014 1904 2165 1957 dunt.
2192 1900 2330 1955 Nam
2364 1917 2451 1956 res
2483 1902 2641 1971 plane
2692 1902 2839 1955 nulla
2872 1911 2975 1965 est,
3014 1917 3077 1955 ex
3106 1902 3362 1955 universo
3403 1915 3583 1954 rerum

340 1980 438 2050 τὴν
469 1983 788 2051 ἐπιθυμίαν.
826 1989 935 2041 Καὶ
967 1990 1244 2045 δείκνυσιν
1277 1994 1414 2065 αὑτὴ
1463 1997 1667 2065 τρυφὴ,
1714 1998 1779 2050 ἵν’
1811 1999 1905 2066 ἀφ’

338 2071 522 2136 ἑστίας
552 2077 687 2143 ἡμῖν
730 2080 913 2150 δειχθῇ
952 2082 1010 2134 τὸ
1042 2084 1427 2155 προκείμενον.
1463 2088 1587 2140 Τῶν
1643 2089 1752 2159 γὰρ
1798 2093 1909 2160 ήδέ-

336 2181 476 2217 στων
508 2166 875 2233 ἀπολαύοντες
902 2173 980 2235 είς
1004 2175 1182 2243 κόρον,
1205 2173 1369 2246 ἦττον
1396 2178 1574 2230 αὐτῶν
1597 2180 1906 2250 ὀρεγόμεθα

334 2256 442 2309 τῶν
498 2260 890 2331 ἀφισταμένων
949 2266 1141 2331 ἁπλῶς
1173 2268 1369 2338 ἡδέων.
1418 2270 1535 2323 Κᾶν
1575 2273 1654 2336 εἰς
1713 2274 1906 2343 ἡδονὴν

332 2348 552 2404 ἔλαττον
581 2353 679 2423 ἔχῃ
711 2355 770 2407 τὸ
817 2359 1293 2428 προσδοκώμενον,
1330 2363 1545 2431 πέφυκε
1582 2365 1793 2433 θέλγειν
1825 2367 1903 2439 τῷ

333 2441 779 2509 προσδοκᾶσθαι·
810 2449 907 2499 καί
953 2452 1057 2501 πού
1095 2468 1180 2512 τις
1208 2453 1527 2523 ἐπεθύμησε
1560 2457 1775 2520 πολλοῖς
1808 2477 1906 2511 πε-

335 2535 686 2603 ριρῤεόμενος
738 2538 987 2603 ἀγαθοῖς,
1026 2540 1053 2591 ὃ
1088 2543 1224 2612 μηδὲ
1262 2546 1374 2606 τοῖς
1415 2545 1623 2607 δούλοις
1664 2548 1729 2601 ἂν
1760 2549 1907 2613 ἔδοξε

336 2625 623 2693 μεθεκτὸν.
655 2630 746 2681 Δεῖ
766 2630 829 2698 δὴ
863 2632 1181 2701 φρονήσεως
1207 2636 1361 2704 ἡμῖν,
1391 2636 1533 2690 ὥστε
1578 2639 1655 2709 τῷ
1699 2640 1775 2711 νῷ
1803 2659 1909 2693 πα-

335 2716 664 2785 ραϐάλλουσι
696 2720 764 2772 τὰ
812 2720 942 2774 ὄντα
985 2724 1098 2786 τοῖς
1131 2724 1383 2792 ἀποῦσιν,
1428 2727 1596 2798 ὀρθήν
1634 2746 1755 2783 τινα
1800 2730 1907 2802 ψῆ-

334 2827 431 2878 φον
461 2811 791 2887 ἐξενεγκεῖν.

2016 2008 2268 2057 numero,
2304 2008 2441 2061 quas
2480 1992 2726 2046 homines
2752 2000 3035 2060 expetunt,
3068 2007 3185 2061 quae
3211 1992 3265 2045 in
3294 2006 3352 2045 se
3374 1989 3587 2059 cupidi-

2016 2093 2179 2139 tatem
2227 2093 2470 2138 nostram
2507 2086 2702 2138 sistere
2757 2084 2954 2154 possit.
2985 2084 3324 2154 Argumento
3353 2093 3435 2137 est
3468 2082 3583 2150 ipsa

2013 2178 2285 2247 voluptas,
2343 2176 2619 2242 utalare,
2675 2177 2820 2247 quod
2881 2177 3054 2242 aiunt,
3108 2190 3218 2228 rem
3252 2174 3585 2243 propositam

2015 2270 2390 2323 ostendamus.
2443 2268 2651 2337 Quippe
2709 2282 2832 2321 cum
2860 2266 3282 2337 jucundissimis
3315 2266 3477 2320 rebus
3518 2265 3585 2320 ad

2008 2364 2315 2418 satietatem
2341 2359 2592 2423 fruimur,
2628 2359 2810 2412 minus
2840 2373 2932 2413 eas
2958 2358 3465 2427 appetimus,quam
3490 2354 3583 2425 ju-

2009 2455 2187 2509 cunda
2211 2452 2555 2521 simpliciter,
2592 2466 2713 2520 quae
2748 2466 2853 2503 non
2888 2450 3107 2504 adsunt.
3141 2447 3217 2503 Ac
3251 2450 3376 2503 licet
3404 2449 3586 2502 minus

2009 2546 2301 2614 voluptatis
2336 2545 2552 2605 habeat,
2591 2545 2737 2611 quod
2794 2543 2846 2595 in
2893 2542 3299 2611 exspectatione
3340 2542 3581 2609 positum

2012 2649 2114 2701 est,
2146 2649 2323 2693 tamen
2358 2636 2474 2704 ipsa
2504 2634 2588 2687 sui
2609 2632 3017 2700 exspectatione
3052 2632 3326 2685 delectare
3357 2645 3586 2684 consue-

2012 2731 2113 2785 vit.
2153 2729 2269 2782 lmo
2310 2727 2564 2797 pluribus
2593 2725 2713 2793 quis
2766 2726 2924 2778 bonis
2971 2724 3220 2785 aflluens,
3276 2724 3335 2777 id
3377 2720 3586 2791 appetit

2013 2819 2328 2889 aliquando,
2364 2817 2522 2886 cujus
2561 2816 2672 2869 fieri
2720 2814 3015 2884 participes
3065 2831 3133 2869 ne
3167 2815 3311 2869 servi
3359 2814 3584 2883 quidem

333 2902 548 2958 vellent.
603 2906 870 2962 Nimirum
927 2910 1214 2979 prudentia
1282 2913 1442 2970 nobis
1477 2924 1561 2971 est
1609 2931 1776 2989 opus,
1839 2922 1896 2971 ut
1939 2918 2121 2969 mente
2149 2918 2533 2982 comparantes
2555 2908 2842 2978 praesentia
2879 2920 3002 2960 cum
3030 2906 3119 2973 iis,
3180 2921 3303 2975 qua:
3359 2906 3579 2968 absunt,

331 3000 532 3048 rectam
557 2999 846 3064 quamdam
870 3004 1192 3056 sententiam
1217 3000 1477 3059 feramus.

1056 3094 1177 3148 09'.

400 3175 583 3247 Ζημεα
630 3182 863 3252 μεγίστη
899 3186 1011 3245 τοῖς
1048 3185 1342 3255 πράγμασι
1388 3186 1446 3240 τὸ
1475 3188 1777 3256 διαχεῖσθαι
1804 3189 1897 3243 τὶν

2675 3086 2912 3141 LXXIX.

2078 3180 2477 3237 Tristissimum
2510 3180 2677 3234 rebus
2710 3178 2901 3233 afferre
2925 3177 3185 3232 damnum
3217 3177 3581 3234 soletanimo-

330 3269 457 3321 νοῦν
489 3272 601 3331 τοῖς
637 3271 916 3340 ἄρχουσιν.
952 3272 1083 3327 Ὅτε
1115 3273 1173 3327 δὲ
1202 3275 1464 3329 ἀδύνατον
1491 3276 1647 3346 φλογὶ
1683 3277 1899 3347 φροντί-

2008 3292 2128 3332 rum
2184 3277 2239 3331 in
2279 3274 2617 3345 principibus
2644 3271 2992 3327 exhilaratio.
3058 3270 3165 3325 Sed
3197 3272 3418 3338 quando
3461 3270 3580 3325 ﬁeri

329 3358 433 3413 δων
460 3360 816 3433 ἐγκαρτερεῖν
846 3365 1111 3433 διηνεκῶς
1146 3370 1239 3421 τὸν
1270 3371 1601 3439 κρατοῦντα,
1645 3372 1901 3425 τοσοῦτον

328 3452 355 3501 ὁ
384 3451 507 3514 νοῦς
537 3453 893 3506 ἀπολελύσθαι
927 3458 1248 3525 φροντίδων,
1281 3461 1404 3513 ὅσον
1433 3478 1492 3513 τε
1524 3462 1623 3529 τὴν
1659 3463 1901 3532 ἀθυμίαν

331 3541 692 3610 ἀποσοϐῆσαι,
746 3545 840 3597 καὶ
888 3549 962 3615 μὴ
1018 3552 1304 3619 συνεχέσιν
1350 3552 1582 3621 ὄμϐροις
1633 3553 1728 3607 τοῦ
1775 3556 1902 3625 τῇδε

336 3631 448 3698 βίου
504 3639 964 3708 κατακλυσθῆναι.
1015 3643 1233 3697 Πολλῶν
1281 3647 1390 3715 γάρ
1427 3646 1597 3701 ὄντων
1629 3648 1725 3700 καὶ
1783 3667 1901 3702 ποι-

335 3725 525 3789 κίλων,
556 3729 665 3779 τῶν
720 3731 1040 3802 μεθημέραν
1073 3736 1167 3788 καὶ
1214 3738 1433 3805 νύκτωρ
1481 3740 1899 3807 ἀναγκαζόντων

332 3818 660 3885 φροντίζειν,
678 3821 913 3886 εὐκόλως
944 3825 1009 3879 ἂν
1042 3829 1136 3880 καὶ
1163 3830 1190 3880 ό
1216 3828 1400 3897 ἄρχων
1428 3831 1525 3900 τὴν
1551 3831 1695 3899 ζωὴν
1722 3849 1898 3901 προσ.

328 3911 638 3976 απολέσειε,
678 3915 970 3984 πράγμασι
1015 3920 1264 3974 παλαίων
1314 3922 1421 3985 ἀεὶ,
1459 3925 1728 3994 μηδαμῶς
1780 3926 1897 3987 τοῖς

325 4004 614 4073 λογισμοῖς
644 4008 953 4077 ἐκεχειρίαν
993 4010 1215 4063 διδοῦσι.
1249 4014 1388 4065 Φασὶ
1415 4014 1471 4065 δὲ
1493 4015 1587 4067 καί
1634 4032 1756 4069 τινα
1792 4015 1900 4068 τῶν

323 4096 494 4149 πάλαι
533 4098 828 4165 μεγίστων,
882 4100 1067 4171 ἁϐρῶς
1113 4105 1224 4165 τοῖς
1260 4105 1439 4171 φίλοις
1489 4107 1899 4177 συνευωχούμε-

321 4206 435 4255 νον,
470 4192 666 4257 εἰπεῖν,
702 4192 814 4244 δεῖν
865 4194 954 4247 τὸν
1005 4194 1130 4247 νοῦν
1171 4199 1473 4267 φροντίδων
1506 4199 1673 4266 λύειν,
1710 4200 1897 4271 ὥσπερ

317 4281 391 4332 τὰ
421 4282 550 4347 τόξα
586 4286 694 4336 τῶν
721 4287 930 4355 νευρῶν
955 4288 1289 4357 ἀπολύομεν,
1321 4293 1369 4343 εἰ
1399 4291 1690 4360 μέλλοιμεν
1715 4294 1897 4356 αὐτοῖς

323 4374 572 4442 ἰσχυροῖς
597 4372 752 4438 αὖθις
784 4378 1044 4446 χρῆσθαι,
1094 4380 1505 4433 ἑπαναλαϐοῦσι
1536 4382 1636 4452 τὴν
1684 4384 1897 4437 οίκείαν

313 4468 571 4534 δύναμιν.
610 4470 756 4538 Πλήν
781 4487 843 4538 γε
872 4474 937 4542 τῇ
971 4473 1219 4543 ῥᾳστώνῃ
1253 4473 1536 4543 χρώμεθα,
1567 4474 1642 4538 ὥς
1664 4493 1766 4529 τινι
1796 4478 1896 4547 τῆς

311 4556 560 4624 ἀθυμίας
587 4558 932 4629 βοηθήματι·
965 4562 1138 4625 άλλως
1168 4565 1223 4617 δὲ
1252 4565 1423 4634 αὐτὴν
1454 4567 1893 4638 ἀπορῤίπτομεν,

308 4652 409 4703 ἵνα
447 4648 520 4717 μὴ
551 4650 683 4703 πολὺ
723 4654 934 4722 τρυφᾷν
958 4654 1288 4723 ἐφιεμένοις,
1314 4657 1451 4710 πολὺ
1491 4660 1629 4729 πρὸς
1656 4661 1884 4713 τούναν-

304 4745 437 4797 τίον
470 4744 601 4813 ἡμῖν
648 4748 883 4813 περιστῇ
932 4746 992 4798 τὸ
1031 4747 1299 4817 βούλημα.
1343 4752 1417 4803 Τὸ
1453 4754 1562 4822 γὰρ
1609 4754 1667 4814 ἐς
1715 4752 1887 4822 ἄκρον

303 4834 625 4905 διαχεῖσθαι
657 4835 713 4898 ἐς
748 4837 914 4905 ἄκρον
946 4840 1308 4894 συνεστάλθαι
1336 4846 1511 4895 ποιεῖν
1547 4844 1759 4899 εἴωθεν.

1070 5017 1153 5072 Π’.

392 5106 513 5161 Οὐκ
544 5103 691 5159 ἔστιν
721 5106 897 5169 οὐδεὶς
928 5109 984 5161 ὲν
1018 5108 1349 5178 ἀνθρώποις,
1377 5110 1432 5173 δς
1468 5114 1534 5165 ἂν
1564 5113 1767 5184 σπουδῇ
1798 5114 1893 5166 καὶ

303 5204 514 5259 πόνοις
567 5197 835 5268 διηνεκῶς
884 5202 1190 5269 χρήσαιτοο
1235 5203 1351 5256 ἀλλ’
1401 5205 1631 5274 ἡφύσις
1678 5208 1894 5276 ἑκάστῳ

301 5289 685 5353 σπουδάζοντι
716 5291 809 5343 καὶ
836 5291 1193 5361 παραμυθίας
1222 5294 1369 5357 τινὸς
1405 5295 1642 5364 ἐφίεται,
1678 5298 1891 5360 Ἀλλοις

302 5387 416 5450 μὲν
452 5381 546 5435 οὖν
572 5381 707 5435 ἄλλα
731 5382 867 5451 πρὶς
896 5382 1166 5453 ρᾳθυμίαν
1193 5385 1516 5455 ὲξεύρηταιο
1552 5387 1635 5440 σοὶ
1664 5387 1720 5439 δὲ
1750 5390 1889 5455 μετά

298 5477 521 5535 πόνους
553 5472 679 5534 τοὺς
712 5472 993 5543 βασιλεῦσι
1025 5476 1406 5545 προσήκοντας
1437 5479 1680 5549 ἀρκείτω
1702 5482 1769 5534 τά
1806 5480 1887 5549 βι-

298 5567 466 5628 ὅλία.
503 5564 597 5618 καὶ
635 5564 695 5617 τὸ
733 5564 937 5630 πεδίον,
974 5565 1235 5633 ἑκάτερον
1282 5570 1421 5638 μετά
1460 5570 1655 5640 καιροῦ
1683 5588 1697 5603 ·
1727 5573 1823 5624 καὶ
1854 5573 1887 5640 ἡ

295 5657 525 5730 σχέδιος
558 5658 684 5709 σκιὰ
738 5659 964 5727 σκηνῆς,
1001 5658 1032 5727 ἢ
1081 5658 1317 5725 φύλλων,
1371 5661 1402 5729 ἢ
1440 5661 1651 5732 ἄντρων
1676 5678 1691 5693 ⁶
1734 5664 1825 5716 καὶ
1852 5666 1884 5732 ή

294 5748 521 5820 ἀηδὼν,
554 5748 602 5800 εί
630 5748 785 5818 τύχοι
808 5764 822 5779 ⁶
852 5748 954 5817 ἦτ’
988 5752 1323 5821 ἀναπηδῶσα
1349 5754 1520 5824 πηγὴ,
1550 5756 1640 5808 καὶ
1670 5758 1722 5809 αἱ
1757 5756 1887 5825 περὶ

289 5840 525 5910 ταύτην
548 5840 769 5910 βοτάναι
793 5858 807 5873 ο
844 5842 988 5895 λιτόν
1021 5862 1076 5896 τε
1102 5846 1194 5897 καὶ
1226 5847 1534 5916 αὐτόματον
1555 5847 1706 5916 δύον,
1736 5850 1886 5915 ἥδιον

2009 3368 2221 3439 nequit,
2252 3377 2308 3421 ut
2334 3375 2599 3436 perpetuo
2622 3379 2881 3420 curarum
2918 3362 3189 3417 flammam
3218 3364 3486 3419 sustineat
3513 3364 3580 3429 is,

2004 3463 2098 3531 qui
2139 3475 2320 3515 rerum
2378 3460 2605 3528 potitur,
2649 3466 2876 3512 eatenus
2937 3472 3091 3512 mens
3123 3457 3275 3511 curis
3312 3458 3580 3519 solvatur,

2003 3561 2275 3623 quatenus
2301 3559 2355 3605 et
2375 3551 2541 3604 animi
2574 3550 2879 3604 molestiam
2906 3548 3162 3618 depellat,
3183 3562 3285 3602 nec
3311 3548 3581 3602 imbribus

2006 3645 2172 3716 hujus
2206 3646 2330 3699 vita:
2351 3644 2627 3698 continuis
2650 3643 2931 3697 obruatur.
2958 3642 3092 3697 Nam
3109 3657 3230 3695 cum
3262 3642 3427 3695 multa
3450 3643 3580 3706 sint,

2005 3752 2184 3806 eaque
2209 3736 2380 3799 varia,
2434 3751 2555 3805 qua}
2588 3744 2695 3789 tam
2733 3735 2997 3798 interdiu,
3030 3749 3192 3803 quam
3225 3743 3389 3789 noctu
3428 3735 3581 3802 prin-

2003 3830 2179 3898 cipem
2216 3827 2508 3881 sollicitum
2549 3840 2671 3880 esse
2734 3835 2958 3895 cogunt,
2997 3826 3157 3881 facile
3182 3827 3346 3881 vitam
3386 3828 3580 3881 amise-

2006 3914 2099 3977 rit,
2134 3928 2347 3981 semper
2378 3928 2502 3967 cum
2550 3914 2784 3981 negotiis
2824 3915 3173 3967 colluctando
3198 3954 3212 3977 ,
3246 3932 3367 3983 quae
3401 3917 3581 3971 nullas

2002 4003 2223 4057 omnino
2248 4002 2928 4071 cogitationibusinducias
2951 4005 3267 4059 concedant.
3284 4007 3581 4062 Perhibent

1999 4093 2293 4163 quemdam
2352 4095 2654 4147 maximum
2713 4096 2989 4164 quondam
3024 4098 3225 4162 virum,
3262 4098 3412 4154 laute
3448 4116 3574 4153 cum

2002 4187 2194 4240 amicis
2230 4187 2567 4257 epulantem,
2630 4188 2859 4253 dixisse,
2896 4199 3131 4245 mentem
3163 4194 3313 4249 curis
3350 4196 3579 4249 solven-

2002 4280 2125 4334 dam
2157 4296 2297 4346 esse,
2326 4281 2470 4334 sicut
2495 4295 2655 4336 arcus
2688 4298 2949 4337 enervare
2976 4285 3270 4351 soleamus,
3304 4288 3577 4356 siquidem

2000 4370 2109 4425 illis
2142 4372 2334 4427 iterum
2368 4372 2562 4426 validis
2598 4373 2677 4426 uti
2711 4373 2942 4429 velimus
2970 4415 2983 4441 ,
3039 4375 3357 4432 instauratis
3385 4394 3575 4433 eorum

2001 4463 2232 4518 viribus.
2263 4463 2369 4518 Sed
2408 4465 2509 4518 hac
2542 4475 2723 4519 tamen
2758 4466 3088 4522 relaxatione
3112 4468 3304 4523 saltem
3344 4472 3573 4536 utimur,

2002 4555 2169 4609 veluti
2219 4557 2455 4625 quodam
2503 4558 2848 4627 mgritudinis
2903 4561 3074 4614 animi
3140 4562 3415 4629 remedio;
3450 4580 3573 4619 eum

1921 4639 1965 4693 1)
1994 4662 2115 4702 eam
2164 4647 2471 4718 .caeteroqui
2512 4648 2851 4717 rejiciamus,
2891 4666 2958 4704 ne
3004 4652 3307 4721 voluptates
3341 4654 3572 4709 nimium

1994 4741 2360 4809 captantibus,
2381 4740 2433 4794 in
2450 4740 2721 4796 diversam
2743 4750 2951 4810 partem
2973 4743 3188 4799 animus
3205 4745 3413 4799 tendat.
3435 4744 3571 4799 Nam

2002 4840 2243 4885 extrema
2293 4830 2539 4901 qumdam
2605 4830 2930 4886 cxhilaratio
2982 4848 3144 4889 causa
3179 4835 3419 4891 vicissim
3452 4851 3577 4892 esse

1995 4924 2249 4979 maeroris
2269 4923 2503 4978 extremi
2524 4924 2685 4978 solet.

2672 5016 2886 5072 LXXX.

2070 5106 2307 5162 Omnino
2363 5107 2676 5162 mortalium
2718 5122 2879 5163 nemo
2913 5118 3015 5173 est,
3070 5108 3163 5177 qui
3213 5110 3372 5165 seriis
3408 5113 3575 5165 rel-us

1999 5210 2162 5270 atque
2192 5200 2476 5256 laboribus
2504 5201 2751 5257 intentus
2773 5216 2893 5256 esse
2931 5212 3195 5272 perpetuo
3225 5206 3396 5273 possit
3424 5224 3436 5259 :
3473 5206 3568 5260 sed

2001 5293 2114 5362 ipsa
2148 5303 2341 5347 natura
2363 5292 2633 5362 cujusque
2657 5294 2802 5348 seria
2824 5295 3139 5358 tractantis,
3160 5295 3375 5363 aliquod
3403 5295 3567 5350 etiam

2002 5384 2261 5439 solatium
2294 5384 2592 5439 desiderat.
2647 5384 2781 5438 Aliis
2812 5384 2980 5454 igitur
3011 5386 3117 5439 alia
3154 5386 3366 5441 levandi
3399 5388 3567 5440 animi

2001 5490 2168 5531 causa
2204 5486 2419 5547 reperta
2448 5484 2597 5530 sunt.
2640 5477 2707 5529 At
2756 5477 2851 5531 tibi
2887 5485 3010 5545 post
3057 5479 3444 5533 convenientes
3482 5492 3569 5530 re-

1998 5570 2154 5640 gibus
2176 5570 2393 5625 labores
2425 5570 2548 5624 libri
2580 5568 2851 5623 sufficiant
2875 5580 2927 5623 et
2955 5584 3181 5639 campus
3208 5588 3220 5634 ;
3249 5579 3565 5634 utrumque,

1996 5679 2119 5717 eum
2153 5664 2501 5718 commodum
2537 5662 2643 5717 erit
2671 5681 2684 5728 ;
2728 5671 2781 5717 et
2810 5662 3003 5717 umbra
3034 5662 3265 5729 simplex
3304 5673 3367 5710 ac
3398 5656 3567 5710 inela-

1997 5756 2187 5810 borata
2223 5756 2305 5810 vel
2354 5755 2575 5811 tentorii
2636 5753 2720 5808 ve!
2754 5752 3054 5817 frondium,
3113 5751 3195 5804 vel
3228 5757 3511 5801 antrorum
3544 5789 3557 5813 ,

1994 5859 2046 5904 et
2070 5849 2324 5919 luscinia,
2363 5850 2407 5903 si
2467 5847 2642 5911 adsit;
2686 5854 2741 5901 et
2767 5845 2891 5901 fons
2924 5844 3146 5907 saliens,
3175 5848 3231 5895 et
3262 5840 3405 5923 circa
3438 5837 3561 5894 fon-
