4166 6270
586 359 681 415 371
1738 367 2136 428 MANUELIS
2180 370 2621 433 PALEOLOGI

3713 384 3820 446 372

585 482 691 523 tem
725 470 944 534 berbat;
981 479 1034 523 et
1067 470 1170 523 vile
1198 471 1417 538 quidem
1469 474 1761 528 obsonium
1799 477 2154 545 oblatumque

2276 481 2311 532 ῖὲ
2358 484 2650 552 πεινήσασι
2700 484 2792 536 καὶ
2848 485 3182 548 πανδαισίας
3219 486 3321 555 τῆς
3350 486 3511 541 οῐκοιέ
3561 489 3664 541 Ἐῶ
3716 494 3826 562 γὰρ

587 560 855 627 fortuito;
919 561 1012 616 sed
1066 560 1263 617 famem
1316 563 1691 629 aﬂ'ercntibus,
1758 568 1923 621 etiam
1981 568 2149 622 dubia

586 662 763 715 coena,
795 653 939 706 domi
986 660 1218 716 structa,
1273 652 1592 722 jucundius.
1625 655 1780 711 Mitto
1815 673 2050 725 namque
2087 658 2152 711 de

582 744 854 799 ambrosia
885 753 937 797 et
969 744 1486 810 nectareJabulosis
1518 746 1890 816 rebus,loqui.
1918 749 2157 804 Accedat

583 837 670 891 iis
709 836 802 890 tibi
839 835 1036 891 cltarus
1065 851 1266 906 equus,
1297 847 1352 891 et
1391 838 1543 891 canis
1571 846 1624 892 et
1656 840 1944 909 accipiter,
1993 849 2047 894 et
2076 850 2155 895 te-

582 930 762 982 lorum
798 928 850 981 in
885 927 1028 983 feras
1058 929 1301 994 emissio,
1339 946 1485 983 nunc
1508 930 1645 985 clam
1670 971 1683 992 ,
1720 947 1866 985 nunc
1898 933 2055 1001 pleno
2079 932 2157 985 fa-

583 1020 775 1074 cienda
800 1035 988 1081 cursu,
1013 1029 1171 1088 prout
1207 1020 1336 1089 ipsae
1366 1030 1539 1074 semet
1574 1023 1899 1076 obtulerint.
1933 1024 2036 1077 Sed
2070 1024 2154 1077 his

586 1112 759 1174 utere,
791 1127 897 1164 non
929 1121 1185 1181 tanquam
1220 1113 1348 1172 line.
1378 1112 1471 1167 sed
1503 1113 1694 1167 melius
1731 1114 1936 1183 aliquid
1979 1114 2154 1183 respi-

588 1204 759 1269 ciens,
786 1213 842 1257 ut
874 1205 1239 1259 valetudinem
1278 1205 1496 1269 bonam,
1541 1217 1598 1260 ut
1630 1207 2076 1275 popularitatem,
2098 1216 2158 1261 ιιι

588 1294 1002 1363 experientiam,
1030 1310 1147 1362 qua:
1173 1294 1371 1349 milites
1392 1296 1599 1351 deceat.
1632 1295 1707 1349 lta
1738 1295 1848 1360 fiet,
1881 1304 1942 1349 ut
1976 1295 2153 1365 prazda

590 1400 697 1438 non
726 1386 950 1455 potitus,
988 1401 1151 1455 quam
1182 1400 1396 1454 semper
1426 1386 1651 1453 adipisci
1685 1402 1790 1439 non
1818 1386 1967 1452 licet,
2001 1387 2157 1439 volu-

2256 569 2437 636 λέγειν
2472 570 2783 640 ἀμϐροσίαν
2828 581 2920 625 καὶ
2951 575 3172 644 νέκταρ,
3213 575 3282 629 τὰ
3316 578 3545 645 μυθικὰ,
3580 580 3715 649 πρὸς
3747 576 3828 645 οἷς

2257 660 2285 711 ό
2318 660 2471 728 φίλος
2508 679 2588 713 σοι
2626 663 2811 727 ἵππος,
2844 666 2871 717 ό
2907 665 3079 732 κύων,
3122 668 3149 719 ὁ
3178 668 3353 736 ίὲραξ,
3386 670 3417 737 ἡ
3446 670 3583 739 πρὸς
3623 673 3689 724 τὰ
3733 673 3832 742 θη-

2262 752 2355 821 ρία
2387 752 2494 806 τῶν
2547 753 2719 823 βελῶν
2769 755 2987 823 ἄφεσις,
3039 758 3169 811 ποτέ
3211 758 3311 828 μέν
3342 760 3538 830 λάθρα,
3594 764 3728 815 ποτέ
3769 763 3830 816 δὲ

2261 842 2446 914 δρόμῳ
2479 847 2770 914 χρωμένῳ,
2812 849 3034 903 ἐπειδὰν
3068 851 3348 913 κάκείνοις
3392 854 3591 906 ταυτὸν
3632 855 3831 923 γίγνη-

2263 952 2375 987 ται.
2404 936 2495 1004 Μὴ
2521 938 2636 1005 χρῶ
2664 939 2717 990 δὲ
2746 938 2960 1002 τούτοις
2982 941 3056 1002 ὼς
3084 942 3250 1005 τέλει,
3276 943 3391 996 ἀλλ’
3414 945 3639 1013 ἀφορῶν
3666 944 3747 1008 εἴς
3772 963 3830 998 τι

2265 1025 2494 1094 βέλτιον,
2527 1028 2763 1093 εὐεξίαν,
2802 1033 3108 1097 κοινωνίαν,
3144 1036 3437 1102 ἐμπειρίαν
3463 1036 3834 1104 στρατιώταις

2262 1123 2604 1190 πρέπουσαν.
2658 1124 2846 1194 Ταύτῃ
2877 1126 2971 1178 καὶ
3002 1129 3101 1192 τῆς
3148 1126 3322 1197 θήρας
3370 1128 3661 1199 ἀποτυχὼν
3688 1131 3834 1193 (οὐδὲ

2262 1210 2369 1278 γὰρ
2408 1212 2497 1264 ἀεὶ
2527 1215 2818 1284 τυγχάνειν
2850 1212 2962 1269 οἷόν
2985 1217 3097 1285 τε),
3132 1220 3233 1287 τῆς
3264 1220 3609 1290 εὐφροσύνης
3637 1223 3737 1273 οὒκ
3764 1221 3833 1273 ἂν

2262 1292 2551 1369 ἁμάρτοις,
2602 1304 2659 1357 ἐν
2707 1302 2789 1369 οἷς
2842 1307 2943 1360 οὐκ
3002 1307 3149 1361 ἐστιν
3193 1310 3510 1379 ἀποτυχεῖν,
3564 1311 3631 1364 δι’
3663 1310 3698 1365 ἆ
3749 1326 3835 1364 σοι

2265 1388 2544 1459 προῦργου
2578 1391 2826 1459 γίγνεται
2855 1394 2915 1446 τὸ
2947 1394 3142 1466 θηρᾷν.

591 1490 734 1550 ptate
769 1482 1030 1535 tamenin
1075 1482 1143 1536 iis
1173 1483 1397 1535 minime
1433 1496 1645 1545 careas,
1678 1497 1797 1551 qua:
1830 1481 2020 1535 abesse
2052 1493 2350 1552 nequeunt,
2382 1496 2436 1542 et
2469 1502 2704 1556 quorum
2776 1504 2945 1545 causa
3013 1489 3253 1546 venandi
3323 1489 3568 1545 laborem
3641 1489 3831 1560 praci_

592 1589 693 1643 pue
729 1573 989 1643 suscipis.

1257 1664 1496 1719 LXXXI.

662 1753 807 1807 Cave
869 1754 1187 1822 permiseris
1221 1754 1289 1808 ad
1322 1763 1372 1809 te
1403 1755 1588 1810 venire
1622 1754 1843 1825 propius
1903 1755 2161 1826 hypocri-
2194 1782 2238 1836 Β

2990 1668 3120 1725 ΠΑ’.

2350 1758 2668 1829 ’Υπόκρισις
2695 1759 2839 1813 ἔστω
2862 1777 2944 1814 σοι
2980 1762 3235 1831 μισητὸν,
3269 1762 3365 1815 καὶ
3395 1763 3611 1833 μακρὰν
3643 1763 3669 1816 ό
3699 1764 3836 1816 ταύ-

598 1854 730 1910 tam,
763 1845 856 1900 sed
887 1848 1064 1901 omnis
1093 1846 1370 1901 simulatio
1403 1847 1497 1901 tibi
1528 1846 1885 1903 exsecrabilis
1914 1855 2060 1912 esto,
2098 1863 2166 1902 ne

2276 1868 2365 1921 την
2396 1853 2791 1921 ἐργαζόμενος,
2830 1854 2902 1922 μή
2960 1870 3089 1906 ποτε
3127 1854 3297 1927 λάθῃς
3335 1853 3635 1915 πιστεύσας
3686 1852 3835 1921 λύκῳ

599 1938 916 2006 imprudens
950 1937 1076 2005 lupo
1115 1953 1177 1991 ac
1231 1939 1426 2007 piratae
1476 1938 1658 2003 ﬁdem,
1716 1952 1817 2007 pro
1848 1947 2067 2005 pastore
2103 1953 2167 1992 ac

599 2030 983 2096 gubernatore,
1011 2028 1235 2083 habeas.
1260 2029 1318 2082 ln
1345 2030 1573 2098 eos.qui
1593 2029 1725 2083 false
1747 2038 1979 2099 carpunt
2003 2030 2165 2095 alios,

602 2120 749 2175 nullo
794 2136 917 2175 cum
970 2122 1213 2190 ipsorum
1266 2119 1472 2188 fructu,
1505 2122 1713 2176 salibus
1756 2122 1874 2191 ipse
1923 2121 2169 2191 paternis

604 2213 807 2268 utitor:
847 2222 905 2267 ut
931 2213 1031 2269 hos
1067 2214 1288 2282 quidem
1325 2213 1623 2283 ignominia
1660 2214 1883 2277 liberes,
1932 2214 2023 2284 qui
2049 2228 2172 2267 car-

604 2313 807 2371 puntur
839 2304 1082 2373 inquam,
1117 2305 1237 2359 illos
1268 2319 1396 2359 vero
1429 2304 1784 2360 modestiores
1806 2305 2172 2361 eilicias.Cre-

604 2395 717 2448 dita
756 2395 876 2449 ﬁdei
895 2403 1001 2449 tua:
1034 2394 1199 2448 verba
1224 2410 1333 2448 non
1358 2394 1512 2448 aliter
1546 2395 1842 2460 custodies‘,
1878 2412 1941 2450 ac
1967 2397 2013 2452 si
2049 2397 2172 2466 quis

607 2486 878 2557 ingentem
914 2485 1029 2539 auri
1058 2485 1164 2539 vim
1195 2487 1337 2553 apud
1399 2497 1448 2539 te
1480 2486 1848 2555 deposuisset.
1881 2486 2174 2542 Juramen-

608 2580 675 2633 tis
701 2589 754 2632 tu
778 2579 993 2647 quidem
1023 2577 1344 2641 abstinebis,
1377 2578 1470 2633 sed
1490 2579 1707 2633 interim
1744 2594 1925 2634 mores
1954 2581 2031 2637 ttti
2054 2581 2175 2634 uni-

609 2671 780 2727 versis
815 2672 1018 2740 optima
1055 2685 1283 2741 quaeque
1307 2670 1372 2724 de
1406 2680 1457 2725 te
1488 2670 1871 2741 polliceantur.
1909 2669 2174 2725 Votorum

533 2766 536 2770 ’
609 2764 1017 2832 conceptionem
1066 2763 1283 2832 putabis
1320 2776 1442 2817 esse
1492 2778 1607 2817 rem
1649 2762 1861 2832 plenam
1904 2763 2172 2829 horroris,

611 2856 700 2910 sed
733 2865 785 2908 tu
823 2862 930 2907 tam
970 2852 1100 2915 Deo,
1133 2868 1292 2921 quam
1351 2854 1688 2919 hominibus,
1726 2856 2002 2924 promissa
2033 2869 2175 2922 pra:-

613 2947 803 3000 stabis.
857 2936 1073 2999 .Decere
1100 2952 1152 3000 te
1189 2945 1571 3009 arbitraberis,
1626 2954 1685 2998 ut
1727 2954 2077 3015 acceptorum
2109 2947 2177 3000 ab

614 3039 733 3092 aliis
764 3037 1149 3091 beneﬁciorum
1190 3036 1527 3103 memineris,
1563 3037 1657 3091 sed
1689 3038 1811 3092 aliis
1838 3037 1935 3093 abs
1966 3047 2019 3094 te
2042 3054 2179 3107 prte-

2267 1958 2327 1992 τε
2351 1941 2445 1993 καὶ
2469 1943 2702 2011 πειρατῇ
2728 1942 2848 1994 ἀντὶ
2887 1943 3146 2011 ποιμένος
3172 1947 3266 1996 καὶ
3302 1944 3660 2014 κυϐερνήτου.
3686 1944 3837 1995 Σκῶ-

2270 2049 2371 2085 πτε
2401 2033 2457 2085 δὲ
2493 2034 2775 2103 πατρικῶς
2803 2036 2929 2095 τοὺς
2981 2034 3255 2087 σκώπτειν
3288 2035 3482 2097 ἄλλους
3533 2034 3832 2100 ἐθέλοντας,

2270 2125 2368 2178 οὐκ
2396 2122 2663 2192 ὠφελείας
2689 2125 2883 2178 ἕνεκα*
2911 2127 3058 2188 ὅπως
3089 2126 3214 2187 τοὺς
3239 2126 3339 2194 μὲν
3369 2127 3631 2195 αἰσχύνης
3665 2125 3837 2177 ἀπαλ-

2272 2215 2512 2281 λάξειας,
2548 2216 2691 2284 λέγω
2721 2217 2785 2285 δὴ
2832 2217 2959 2279 τοὺς
2992 2218 3326 2286 πάσχοντας,
3357 2218 3481 2280 τοὺς
3514 2216 3569 2269 δέ
3620 2234 3835 2285 σωφρο-

2272 2307 2562 2376 νεστέρους
2593 2308 2874 2378 ἐργάσαιο.
2924 2306 3295 2361 Πιστευθέντα
3320 2310 3377 2361 δέ
3425 2322 3507 2362 σοι
3539 2309 3697 2376 λόγον
3728 2309 3831 2359 δια-

2276 2399 2534 2467 φύλαττε,
2568 2398 2600 2469 ἢ
2632 2399 2797 2461 εἴτις
2845 2399 2910 2453 ἄν
2944 2417 3027 2452 σοι
3076 2400 3298 2469 χρυσίον
3334 2399 3495 2468 ἁδρὸν
3548 2397 3829 2468 παρέθετο.

2276 2489 2496 2559 Ὀρκων
2534 2489 2591 2542 δέ
2626 2507 2720 2541 σου
2755 2490 3102 2557 φειδομένου,
3138 2490 3469 2557 ἐπαγγελίας
3497 2489 3708 2556 ἀγαθὰς
3738 2489 3840 2541 πᾶ-

2277 2597 2362 2633 σιν
2391 2583 2438 2633 οί
2469 2581 2659 2651 τρόποι
2689 2580 3002 2635 διδότωσαν.
3033 2583 3265 2651 Φρικτὸν
3298 2582 3397 2650 μὲν
3432 2576 3573 2634 εἶναι
3597 2582 3656 2634 τὸ
3689 2581 3841 2647 εὖξαι

2280 2671 2406 2725 σθαι
2441 2673 2582 2725 πάνυ
2617 2671 2824 2739 νόμιζε,
2854 2673 2954 2734 τὰς
2995 2672 3317 2740 ὑποσχέσεις
3348 2672 3402 2723 δὲ
3450 2672 3569 2741 Θεῷ
3597 2673 3690 2725 καὶ
3729 2676 3841 2735 τοῖς

2278 2765 2588 2833 ἀνθρώποις
2624 2759 2856 2817 ἐκτέλει.
2888 2764 3216 2832 Μεμνῆσθαι
3248 2766 3430 2833 μέντοι
3474 2764 3584 2816 τῶν
3612 2764 3751 2832 πρὸς
3780 2764 3844 2818 at

2278 2856 2385 2909 τῶν
2412 2856 2587 2910 ἄλλων
2611 2855 2867 2927 εὐποιιῶν
2895 2855 3172 2926 προσῆκον
3198 2850 3338 2909 εἷναί
3366 2872 3458 2908 σου
3492 2855 3706 2924 νόμιζε,
3735 2856 3844 2908 τῶν

2281 2945 2437 3015 παρὰ
2478 2945 2571 2996 σοῦ
2625 2945 2762 3015 πρὸς
2810 2945 3008 3007 ἄλλους
3056 2946 3545 3016 ἐπιλανθανόμενος
3570 2962 3585 2977 ο
3625 2946 3747 2999 θέλε
3788 2946 3846 2997 δὲ

2282 3036 2644 3101 πλεονεκτεῖν,
2691 3037 2787 3105 οὐχ
2814 3037 3061 3104 ὑστερεῖν
3100 3037 3481 3106 ἀμειϐόμενος.
3516 3037 3633 3089 Κᾶν
3673 3036 3847 3088 ταῦτα

614 3134 868 3185 stitorum
903 3128 1271 3182 obliviscaris.
1302 3129 1367 3181 Et
1416 3127 1642 3197 quidem
1677 3129 1896 3183 vincere
1924 3143 2172 3197 compen-

2284 3128 2543 3197 πράττων
2595 3126 2862 3197 διατελῇς,
2919 3126 3137 3196 φεύγων
3168 3127 3358 3180 καὶτὸ
3410 3127 3611 3196 ὕφαλον
3660 3122 3845 3196 αἶσχος

618 3222 801 3276 sandis
855 3220 1157 3282 beneﬁciis,
1191 3233 1299 3272 non
1365 3219 1513 3273 vinci
1581 3220 1737 3274 velis.
1772 3218 1907 3285 Quae
1931 3220 1973 3275 si
2005 3219 2183 3275 facere

620 3328 724 3368 non
775 3311 1016 3376 desines,
1078 3310 1356 3365 occultum
1413 3325 1632 3380 quoque
1686 3312 1923 3367 dedecus
1966 3311 2183 3381 fugiens

622 3408 769 3474 (nam
799 3406 949 3458 larva
969 3418 1242 3473 scenaque
1271 3403 1359 3457 vix
1381 3404 1545 3457 etiam
1573 3404 1779 3458 scurris
1810 3404 2182 3468 concedenda,

620 3498 711 3566 qui
747 3497 827 3551 vel
851 3495 1110 3563 colaphos
1155 3495 1405 3563 accipere
1467 3510 1576 3550 non
1611 3495 1884 3557 dubitant.
1920 3505 1979 3549 ut
2009 3495 2180 3549 risum

624 3589 743 3649 aliis
767 3586 1074 3655 moveant):
1133 3585 1438 3641 orationem
1475 3594 1624 3640 tuam
1676 3585 2040 3655 jurisjurandi
2069 3586 2186 3641 luco

626 3679 952 3733 mortalibus
979 3677 1254 3733 universis
1282 3677 1637 3732 sull‘ecturam
1675 3677 1938 3731 arbitror.

1286 3760 1545 3822 LXXXII.

696 3858 843 3918 Viris
877 3862 1214 3933 principibus
1244 3858 1395 3914 haud
1431 3860 1572 3914 male
1597 3860 2188 3927 conveniuutgravitas

630 3971 790 4027 atque
822 3946 1379 4027 magniﬁcentia;sed
1434 3952 1712 4006 miscenda
1760 3953 1858 4006 tibi
1883 3966 2101 4020 semper
2140 3951 2189 4005 ei

630 4048 844 4118 frigori,
877 4047 1022 4115 quod
1045 4046 1224 4099 inesse
1258 4044 1509 4112 gravitati
1542 4044 1760 4097 videtur
1788 4050 1916 4112 apta
1942 4043 2189 4109 quadam

630 4141 907 4195 suavitas:
944 4147 998 4192 et
1028 4139 1331 4200 severitati,
1358 4153 1479 4206 quae
1509 4137 1930 4203 magniﬁcentia:
1973 4134 2191 4188 videtur

633 4235 833 4295 inesse,
873 4237 1022 4297 grata
1057 4227 1303 4295 quaedam
1336 4226 1673 4295 popularitas
1700 4242 1715 4277 :
1741 4232 1800 4277 ut
1833 4225 1917 4278 his
1973 4239 2194 4293 quoque

635 4322 1051 4391 rebusimpcrio
1082 4330 1173 4374 tuo
1235 4320 1402 4372 decus
1454 4317 1743 4379 concilies,
1804 4324 1858 4368 et
1904 4316 2193 4369 audientes

634 4418 779 4473 dicto
803 4416 1053 4470 subditos
1088 4415 1139 4466 in
1180 4412 1246 4466 iis
1270 4411 1495 4474 habeas,
1531 4426 1650 4478 qua
1666 4409 1715 4462 vi
1751 4409 1953 4463 mentis
1980 4408 2189 4476 optime

634 4508 1009 4579 perspexeris;
1046 4505 1255 4571 absque
1285 4516 1393 4569 quo
1424 4500 1512 4563 sit,
1541 4500 1677 4552 nihil
1737 4499 1885 4553 utilis
1942 4501 2020 4551 rei
2076 4498 2192 4551 ﬁeri

637 4601 850 4670 poterit.
882 4597 943 4652 Et
975 4614 1037 4651 ex
1076 4604 1197 4648 voto
1235 4608 1367 4648 sane
1395 4607 1481 4646 res
1520 4591 1617 4644 tibi
1646 4604 1751 4644 non
1785 4604 1974 4659 parum
2013 4603 2197 4643 succe-

636 4698 744 4760 del,
778 4693 823 4748 si
860 4691 1154 4760 benignum
1195 4696 1246 4740 ct
1304 4682 1708 4738 formidabilem
1774 4684 1828 4735 in
1866 4695 2001 4752 eos,
2056 4695 2195 4749 quos

638 4786 908 4848 convenit,
943 4796 991 4836 te
1019 4796 1197 4850 geres,
1232 4793 1331 4833 nec
1354 4778 1444 4846 jus
1478 4784 1627 4829 tuum
1665 4775 1717 4829 in
1745 4772 2001 4827 omnibus
2028 4787 2195 4826 accu-

641 4888 753 4931 rate
775 4875 1067 4944 spectabis,
1094 4882 1146 4925 ct
1182 4884 1372 4939 poenas
1401 4882 1508 4921 non
1541 4866 1608 4920 ab
1659 4865 1914 4920 omnibus
1972 4862 2194 4930 exiges:

641 4966 1065 5028 maximervero,
1093 4964 1137 5019 si
1177 4978 1280 5016 non
1317 4961 1495 5015 minus
1520 4959 1700 5022 lactis,
1765 4971 1928 5025 quam
1987 4955 2196 5019 verbis,

642 5073 733 5111 eos
761 5057 1135 5125 persuadebis,
1156 5055 1359 5108 rectius
1387 5052 1506 5116 tibi,
1538 5065 1699 5120 quam
1718 5048 1983 5117 ipsismet.
2011 5062 2197 5101 eorum

641 5164 761 5203 csse
783 5157 1064 5216 perspecta
1095 5146 1401 5202 commoda.
1462 5142 1672 5212 Quippe
1713 5141 1756 5194 si
1812 5140 2058 5193 futurum
2109 5154 2203 5207 pa-

644 5243 836 5304 ruerit,
875 5251 933 5295 ut
960 5241 1181 5293 monitis
1217 5239 1324 5293 tuis
1364 5239 1831 5305 obtemperantes,
1900 5234 2018 5303 ejus
2076 5234 2206 5287 obc-

644 5334 863 5389 dicntia:
896 5331 1133 5385 fructum
1177 5330 1369 5394 lerant,
1407 5330 1570 5383 etiam
1606 5327 1763 5382 factis
1800 5327 2054 5380 hortatus
2082 5334 2204 5379 tuos

646 5436 984 5480 antevenere
1027 5421 1339 5476 studebuut.
1370 5419 1481 5474 lloe
1514 5417 1761 5482 medicis,
1802 5410 1907 5469 hoc
1933 5414 2207 5485 guberna-

648 5519 877 5583 toribus,
906 5520 1008 5569 hoc
1034 5513 1346 5583 pastoribus
1392 5511 1640 5580 largitur,
1678 5508 1922 5563 utetiam
1979 5505 2206 5561 nutibus

648 5612 922 5683 impellere
936 5607 1169 5680 possint.

1276 5692 1566 5748 LXXXIII.

723 5799 927 5853 Ιιιιὶιμιὶ
960 5796 1096 5853 nolis
1136 5794 1249 5862 ejus
1279 5788 1446 5843 animi
1473 5786 1672 5854 studia,
1706 5800 1861 5855 quem
1891 5799 2001 5840 non
2035 5799 2207 5850 amas,

2288 3221 2370 3292 (τδ
2399 3222 2509 3291 γὰρ
2558 3225 2925 3291 προσωπεῖον,
2963 3222 3115 3292 καὶή
3147 3222 3340 3290 σκηνὴ,
3376 3221 3527 3289 μόλις
3580 3239 3683 3275 που
3718 3236 3847 3286 συγο

2284 3313 2537 3384 χωρητέα
2578 3313 2964 3380 γελωτοποιοῖς
3015 3314 3349 3383 ἀνθρώποις,
3381 3314 3429 3366 οἳ
3471 3313 3564 3367 καὶ
3600 3313 3687 3365 ἐπὶ
3719 3312 3842 3380 κόρ-

2287 3406 2389 3475 ρης
2419 3403 2766 3474 ῥαπίζονται,
2813 3404 2953 3457 ὥστε
2986 3404 3112 3466 τοὺς
3160 3404 3352 3465 ἄλλους
3392 3402 3658 3467 γελάσαι),
3690 3397 3838 3469 οἶμαί

2289 3513 2371 3548 σοι
2402 3496 2495 3547 καὶ
2538 3497 2695 3563 λόγον
2729 3494 2847 3550 ἀνθ’
2899 3497 3065 3565 ὅρκου
3107 3496 3243 3566 πρὸς
3294 3496 3545 3558 ἃπαντας
3596 3494 3840 3564 ἀρκέσειν

2288 3589 2629 3660 ἀνθρώπους.

3010 3766 3134 3821 ΠΒ’.

2363 3861 2638 3931 Σεμνότης
2669 3861 2764 3914 καὶ
2797 3860 3244 3928 μεγαλοπρέπεια
3272 3855 3535 3926 ἡγεμόσιν
3572 3852 3671 3908 οὐκ
3702 3855 3847 3923 ἀπᾴο

2292 3954 2389 4007 δει.
2421 3955 2512 4005 Δεῖ
2559 3969 2617 4005 σε
2652 3952 2707 4005 δὲ
2742 3953 2937 4021 κιρνᾷν
2974 3951 3063 4003 ἀεὶ
3117 3949 3210 4001 τοῦ
3268 3950 3365 4016 μὲν
3408 3948 3603 4014 σεμνοῦ
3657 3950 3722 4015 τῇ
3760 3946 3847 3996 δο-

2294 4046 2465 4116 κούσῃ
2499 4044 2801 4114 ψυχρότητι
2832 4042 2931 4113 τὴν
2978 4044 3311 4111 γιγνομένην
3358 4038 3607 4110 ἠδύτητα,
3658 4037 3757 4090 τοῦ
3793 4037 3852 4089 δὲ

2299 4134 2755 4206 μεγαλοπρεποῦς
2799 4133 2876 4204 τῷ
2919 4133 3218 4202 ἁμειλίκτῳ
3266 4130 3505 4186 δοκοῦντι
3560 4131 3853 4182 κοινωνίαν

2295 4230 2630 4296 χαρίεσσαν·
2675 4227 2824 4288 ὅπως
2873 4227 3087 4292 φαίνοιο
3117 4226 3207 4276 καὶ
3245 4224 3421 4277 τοῖσδε
3472 4223 3701 4293 πρέπων
3729 4226 3859 4291 ἡγε-

2300 4319 2481 4389 μονία,
2515 4317 2609 4369 καὶ
2642 4316 2831 4386 σχοίης
2877 4333 2939 4384 γε
2974 4318 3100 4378 τοὺς
3140 4317 3246 4368 ὑπὸ
3278 4316 3338 4367 σὲ
3376 4315 3754 4382 πειθομένους,
3780 4308 3858 4374 οἷς

2302 4402 2365 4461 ἂν
2398 4408 2471 4469 ὡς
2503 4409 2701 4478 ἄριστα
2727 4408 2913 4476 γνοίης
2940 4423 2955 4438 °
2992 4403 3050 4461 οὗ
3081 4409 3248 4476 χωρὶς
3278 4408 3426 4460 οὐδὲν
3461 4406 3577 4458 ἐστι
3606 4405 3857 4471 γενέσθαι

2302 4502 2408 4552 τῶν
2442 4500 2635 4567 ὀνῆσαι
2678 4499 3014 4567 δυναμένων.
3058 4498 3260 4551 Τούτου
3289 4498 3344 4549 δὲ
3378 4495 3637 4565 ἐπιτυχὴς
3672 4495 3735 4547 ἂν
3767 4494 3853 4560 γέ-

2301 4608 2433 4655 νοιο,
2465 4592 2562 4660 οὐχ
2605 4592 2808 4660 ἥκιστα
2838 4590 2937 4659 μὲν
2982 4589 3055 4641 ῶν
3086 4590 3323 4659 χρηστὸς
3368 4590 3463 4641 καὶ
3508 4587 3736 4656 φοϐερὸς
3782 4580 3861 4647 οἷς

2300 4682 2592 4752 προσήκει,
2626 4683 2720 4734 καὶ
2772 4682 2845 4752 μὴ
2892 4682 2952 4733 τὸ
2997 4681 3196 4735 σαυτοῦ
3251 4681 3468 4733 σκοπῶν
3512 4679 3753 4748 ἀκριϐῶς
3806 4680 3859 4729 ὲν

2300 4774 2492 4837 ἅπασι,
2528 4776 2619 4826 καὶ
2657 4774 2813 4837 δίκας
2839 4775 2898 4827 ού
2938 4775 3089 4843 παρὰ
3134 4773 3354 4825 πάντων
3393 4772 3720 4840 λαμϐάνων
3758 4769 3863 4835 μά-

2301 4866 2457 4919 λιστα
2486 4867 2562 4932 δὲ,
2596 4867 2645 4919 εί
2679 4867 2891 4930 πείθεις
2937 4867 3134 4928 αὐτοὺς
3174 4865 3354 4937 ἔργοις
3396 4864 3496 4932 οὐχ
3525 4858 3687 4934 ἦττον
3715 4861 3746 4930 ἢ
3779 4859 3863 4911 λό-

2303 4974 2445 5025 γοις,
2476 4959 2551 5021 ὡς
2579 4959 2665 5028 ἄρ’
2701 4960 2924 5010 ἐκείνων
2967 4958 3190 5025 ἄμεινον
3223 4957 3283 5008 τὸ
3318 4954 3542 5007 ἐκείνων
3587 4953 3865 5020 συμφέρον

2304 5051 2609 5103 ἐπίστασαι.
2650 5050 2859 5117 Σαφοῦς
2894 5049 3001 5118 γὰρ
3039 5048 3324 5117 γεγονότος
3375 5046 3605 5108 ἐκείνου,
3640 5044 3713 5108 ὡς
3748 5060 3867 5097 πει-

2302 5140 2558 5212 θομένοις
2592 5159 2701 5195 σοιΔ
2732 5141 3087 5211 παραινοῦντι
3118 5141 3177 5193 εὖ
3224 5141 3290 5194 ἂν
3341 5140 3494 5207 σχοίη
3543 5136 3780 5189 τουτοισὶ
3808 5135 3867 5187 τὸ

2310 5235 2621 5297 πεπεῖσθαι,
2654 5235 2856 5304 φθάσαι
2889 5252 2983 5286 σου
3012 5235 3107 5296 τὰς
3141 5233 3490 5302 παραινέσεις
3524 5230 3868 5298 ἐθελήσουσιν

2310 5326 2511 5397 ἔργοις.
2563 5326 2731 5378 Τοῦτο
2787 5327 3013 5395 ἰατροῖς,
3062 5324 3223 5376 τοῦτο
3274 5323 3657 5392 κυϐερνήταις,
3711 5317 3871 5372 τοῦτο

2310 5419 2534 5488 ποιμέσι
2561 5417 2743 5471 δίδωσι
2773 5417 2833 5469 τὸ
2860 5420 2952 5470 καὶ
2983 5419 3095 5480 τοῖς
3130 5416 3395 5486 νεύμασιν
3425 5414 3600 5481 ἄγειν.

3035 5686 3159 5738 ΠΡ.

2385 5778 2490 5844 Ἧς
2544 5780 2639 5842 μέν
2701 5781 2797 5835 οὐκ
2839 5781 2965 5849 ἐρᾷς
2999 5778 3195 5847 ψυχῆς,
3248 5776 3321 5841 ὡς
3356 5774 3452 5827 οὐκ
3510 5772 3721 5835 ἐρώσης
3766 5768 3876 5823 τῶν
