4166 6270
419 383 521 445 373

1367 382 1774 445 PRJECEPTA
1817 340 2339 444 EDUCATIONIS
2378 385 2659 445 REGUE.

3540 383 3650 442 374

416 495 618 562 καλῶν,
658 496 863 565 ταύτης
900 496 973 566 μὴ
1003 495 1173 567 μιμοῦ
1200 494 1269 550 τὰ
1299 497 1709 567 ἐπιτηδεύματα
1728 517 1743 530 ο
1847 497 1893 549 δ’
1920 492 1983 549 αὖ

2091 497 2235 549 velut
2267 497 2621 550 honestarum
2678 509 2859 549 rerum
2922 495 3143 550 minime
3198 495 3525 550 studiosum.
3584 499 3654 548 At

421 587 678 643 σύνοισθα
720 588 922 655 ἀγαθὰ,
973 588 1129 657 τήνδε
1178 588 1367 659 ζήλου.
1402 588 1620 645 Μᾶλλον
1665 590 1744 650 δὲ,
1791 588 1981 657 ἐπειδὴ

422 682 612 751 μηδεὶς
664 680 968 749 ἀνθρώπων
1003 682 1151 733 ἐστὶν
1200 681 1233 751 ἢ
1291 681 1450 735 πάνθ’
1491 680 1627 750 ὁμοῦ
1678 679 1979 749 τάγαθὰ,ἢ

423 770 590 841 μηδὲν
618 788 673 822 τι
727 768 1087 839 κεκτημένος,
1123 770 1217 824 καὶ
1266 768 1444 821 ἔνεστί
1487 786 1591 821 που
1638 767 1731 821 καὶ
1776 766 1981 836 φαῦλον

416 862 587 929 ἄνδρα
619 860 854 930 χρηστὸν
898 860 1053 927 λόγον
1102 863 1298 923 εἰπεῖν,
1333 860 1425 911 καὶ
1471 857 1786 912 τούναντίον
1822 855 1981 923 γενέ·

420 953 564 1016 σθαι,
593 954 846 1019 κρεῖσσον
874 952 1081 1004 εἰπόντι
1136 951 1305 1004 καλὸν
1336 951 1645 1019 πεισθῆναι,
1678 948 1783 1002 κᾶν
1838 948 1983 1003 ἐκεῖ·

420 1060 507 1105 νος
534 1043 633 1095 οὐκ
659 1042 986 1113 ἐργάζηται,
1025 1043 1057 1111 ἢ
1093 1044 1263 1097 τᾶλλα
1293 1044 1392 1112 μὲν
1422 1040 1536 1095 δντι
1561 1040 1805 1112 χρηστῷ,
1839 1039 1980 1108 φαῦ-

418 1135 508 1187 λον
563 1135 611 1187 δ’
660 1135 868 1187 εἰπόντι
919 1134 1229 1188 συνθέσθαι.
1284 1135 1468 1187 Κακὸν
1518 1136 1550 1205 ὴ
1597 1134 1713 1203 ἔρις
1776 1133 1870 1187 καὶ
1920 1133 1982 1186 τὸ

415 1227 708 1281 ἀντίτυπον
728 1242 745 1258 ⁸
783 1228 954 1282 κακὸν
988 1226 1050 1279 τὸ
1088 1228 1257 1281 πᾶσιν
1290 1226 1628 1290 ἀκολουθεῖν,
1658 1227 1839 1280 καὶτὸ
1873 1244 1980 1292 μα-

415 1316 705 1370 λάττεσθαι
730 1335 810 1383 τε,
842 1320 938 1371 καὶ
964 1317 1222 1373 ἕλκεσθαι
1246 1316 1338 1370 νοῦ
1380 1318 1697 1388 χαυνότητι.
1736 1318 1830 1370 Ἐκ
1858 1318 1978 1371 δια-

416 1410 618 1479 μέτρου
664 1411 765 1479 μέν
816 1411 974 1464 ταυτὶ
1028 1410 1289 1479 διέχετον,
1339 1410 1510 1485 αμφω
1557 1409 1613 1462 δὲ
1662 1410 1812 1478 λύμη
1869 1410 1981 1473 τοῖς

414 1503 796 1572 κεκτημένοις.
838 1504 913 1557 Τὸ
954 1504 1000 1557 δ’
1032 1506 1204 1560 εἴκειν
1254 1506 1435 1573 λόγοις
1469 1506 1717 1573 ἀγαθοῖς,
1765 1504 1887 1558 ὅθεν
1916 1505 1981 1560 ἄν

416 1613 546 1648 ποτε
577 1597 842 1664 λέγοιντο.
880 1598 1041 1651 τοῦτο
1073 1598 1131 1650 δέ
1178 1599 1344 1663 μέσον
1370 1598 1535 1663 ἐστὶν,
1577 1598 1822 1669 ἐντορνον
1861 1598 1982 1651 ὅλον

415 1687 677 1757 ἀκριϐῶς,
720 1690 854 1759 μηδὲ
885 1688 961 1759 τῷ
991 1690 1169 1758 μώμῳ
1203 1689 1374 1760 λαϐὴν
1404 1690 1667 1760 παρέχον.
1701 1690 1845 1759 Πρὸς
1871 1688 1980 1759 γὰρ

415 1780 506 1833 τὸν
534 1782 804 1849 φεύγοντα
849 1783 945 1846 τὰς
976 1784 1286 1853 ἀκρότητας
1322 1783 1446 1852 μηδ’
1485 1782 1551 1835 ἂν
1581 1784 1790 1835 ἐκεῖνον
1823 1778 1978 1851 οἴμαι

2089 589 2246 657 cujus
2272 588 2368 641 tibi
2400 588 2629 643 virtutes
2659 596 2803 642 noue
2830 595 2978 651 sunt,
3022 603 3148 642 eum
3200 591 3481 642 aemulare.
3537 587 3654 641 luto

2089 681 2297 750 potius,
2335 695 2458 734 cum
2497 680 2748 734 mortalis
2775 695 2935 734 nemo
2965 680 3058 743 sit,
3106 680 3159 731 in
3197 694 3306 749 quo
3341 679 3423 732 vel
3453 689 3651 733 cuncta

2088 771 2250 825 simul
2282 772 2390 827 sint
2427 772 2586 836 bona,
2621 772 2707 827 vel
2750 772 2975 826 omnino
3003 771 3237 835 nullum,
3270 786 3505 839 cumque
3528 772 3646 824 lieri

2088 864 2285 931 possit,
2312 872 2371 916 ut
2394 863 2477 916 vir
2501 864 2679 919 malus
2715 864 2996 934 egregium
3024 864 3253 917 verbum
3293 861 3559 932 proferat,
3590 876 3655 916 ac

2086 953 2205 1009 vice
2236 969 2391 1009 versa
2427 972 2441 1007 :
2473 963 2696 1024 praestat
2723 956 2770 1009 ei
2798 970 3011 1025 parere,
3048 955 3136 1025 qui
3167 954 3295 1011 boui
3318 955 3450 1023 quid
3470 963 3655 1022 protu-

2088 1045 2169 1111 lit,
2202 1046 2417 1101 tametsi
2451 1047 2632 1101 verbis
2662 1046 2804 1103 facta
2856 1064 2967 1102 non
3032 1047 3434 1117 respondeant,
3487 1060 3652 1115 quam

2090 1136 2296 1191 homini
2328 1138 2621 1207 caeteroqui
2658 1138 2823 1205 bono,
2849 1139 2944 1192 sed
2976 1138 3067 1206 qui
3102 1138 3229 1191 mali
3250 1137 3377 1206 quid
3405 1150 3655 1201 pronun-

2085 1227 2262 1292 tiavit,
2294 1229 2572 1284 assentiri.
2594 1227 2794 1282 Malum
2837 1228 2969 1298 quid
2994 1238 3080 1283 est
3111 1228 3393 1282 contentio
3445 1235 3501 1280 et
3558 1225 3655 1279 ad-

2086 1320 2328 1373 versatio
2360 1336 2374 1373 :
2400 1321 2630 1385 malum,
2662 1335 2856 1376 omnes
2876 1320 3234 1390 sequi,ﬂeeti,
3261 1320 3656 1373 levitatemen—

2089 1407 2161 1462 tis
2194 1407 2417 1476 impelli.
2456 1408 2666 1463 Distant
2690 1409 2806 1462 haec
2830 1408 3061 1479 quidem
3100 1424 3131 1462 a
3178 1423 3238 1461 se
3288 1407 3524 1461 invicem
3589 1420 3659 1458 ex

2089 1499 2400 1567 intervallo,
2438 1502 2531 1555 sed
2568 1501 2731 1555 ambo
2788 1502 3089 1570 perniciem
3151 1498 3390 1553 aﬂ‘erunt
3452 1497 3540 1563 iis,
3601 1497 3667 1548 in.

2088 1592 2287 1663 quibus
2313 1593 2603 1649 exsistunt.
2635 1593 2704 1646 At
2733 1592 3075 1647 orationibus
3141 1590 3338 1645 cedere
3390 1589 3572 1651 bouis,
3624 1600 3655 1639 a

2087 1700 2415 1755 quocunque
2441 1684 2655 1739 tandem
2704 1683 3079 1753 proferantur,
3118 1683 3170 1737 id
3193 1698 3319 1736 vero
3348 1690 3402 1737 et
3431 1681 3655 1753 politis-

2086 1777 2288 1831 simum
2325 1778 2486 1847 plane
2517 1776 2772 1846 quiddam
2821 1786 2925 1840 est,
2957 1790 3021 1830 ac
3075 1790 3144 1829 ne
3191 1774 3373 1829 Momo
3430 1776 3653 1843 quidem

415 1873 813 1941 ἀναισχυντεῖν.
856 1876 962 1928 Καὶ
999 1875 1274 1946 πανταχοῦ
1302 1876 1358 1929 δὲ
1402 1875 1682 1946 χρώμενον
1719 1877 1840 1938 ταῖς
1876 1892 1975 1945 με-

2087 1870 2179 1940 ipsi
2205 1868 2647 1939 reprehensionis
2680 1882 2872 1922 ansam
2902 1868 3126 1936 prabet.
3162 1865 3377 1934 Quippe
3402 1881 3469 1920 ne
3511 1867 3656 1921 hunc

417 1964 624 2032 σὸτησι,
683 1964 892 2031 φαίνοιο
942 1966 1009 2020 ἂν
1050 1969 1170 2030 ταῖς
1202 1969 1423 2035 ἀρεταῖς
1473 1967 1774 2039 χρώμενος.
1813 1968 1979 2038 Ὀρος

412 2054 522 2125 γὰρ
549 2055 731 2111 αὐτῶν
771 2059 828 2111 τ’)
857 2058 1024 2127 μέσον
1048 2059 1226 2127 ἔδοξεν
1257 2056 1420 2115 εἶναι.

1130 2348 1254 2401 ΠΔθ.

483 2457 702 2513 Ἥκιστ⁹
732 2459 796 2513 ἂν
827 2460 1119 2530 ἁρμόσειεν
1142 2462 1564 2533 αὐτοκράτοριῆ
1595 2463 1812 2532 βουλαῖς
1850 2465 1981 2518 ὐπο-

412 2553 691 2621 τετάχθαι,
717 2553 790 2614 ὡς
815 2553 906 2619 ὑφ’
931 2554 1233 2622 ἁρμοσταῖς
1268 2555 1457 2607 ἐαυτὸν
1491 2555 1754 2621 ποιοῦντι,
1781 2556 1814 2625 ἦ
1839 2572 1981 2607 τισιν

412 2643 715 2709 ἀξιολόγοις
738 2645 1062 2713 ἐπιχειρεῖν,
1094 2645 1167 2713 μὴ
1202 2645 1382 2707 καλῶς
1416 2645 1855 2717 βεϐουλευμὲνῳ,
1888 2648 1983 2700 καὶ

413 2735 509 2796 τὰς
543 2735 767 2803 γνώμας
811 2735 989 2804 ἔχοντι
1045 2737 1154 2788 τῶν
1199 2739 1520 2804 φιλούντων.
1578 2739 1905 2792 Βουλευτέον
1936 2738 1981 2792 δ’

416 2830 482 2882 ἂν
510 2830 593 2896 εἴη
628 2828 688 2881 τὸ
743 2829 869 2899 μήτ’
919 2829 1180 2883 ἀδύνατον
1224 2829 1410 2892 καλὸν,
1442 2832 1580 2899 μήτε
1612 2831 1836 2900 εὐχερὲς
1883 2831 1981 2900 μὲν

413 2922 747 2991 πραχθῆναι,
776 2923 945 2976 κακὸν
972 2922 1046 2987 δέ,
1078 2924 1217 2994 μήτε
1254 2940 1304 2976 τι
1333 2921 1441 2975 τῶν
1476 2922 1790 2986 ἀναγκαίως
1820 2924 1981 2992 ἐπερ-

412 3015 660 3082 χομένων
682 3029 695 3043 ·
743 3014 861 3067 ἀλλ’
894 3014 922 3067 ὃ
962 3016 1200 3083 σπουδῆς
1232 3016 1323 3068 καὶ
1360 3017 1672 3087 φρονήσεως
1706 3015 1867 3085 ἔργον
1898 3015 1978 3083 ὃν,

412 3106 596 3173 ὀνήσει
625 3121 687 3171 γε
740 3104 921 3168 καλῶς
958 3105 1233 3175 πραχθέν·
1268 3107 1359 3160 καὶ
1401 3105 1475 3176 μὴ
1509 3106 1772 3176 πραχθὲν,
1804 3105 1836 3175 ἢ
1880 3123 1981 3159 κα·

2082 1960 2300 2030 quidem
2326 1960 2563 2013 arbitror
2589 1958 2937 2029 impudenter
2965 1958 3235 2013 adversus
3283 1956 3435 2010 illum
3466 1972 3653 2028 agere,

2083 2050 2175 2119 qui
2197 2050 2575 2104 extremitates
2597 2049 2751 2103 vitat.
2791 2048 3033 2117 Denique
3061 2048 3109 2102 si
3157 2047 3335 2101 media
3382 2046 3548 2101 rebus
3600 2048 3655 2104 in

2083 2138 2337 2195 omnibus
2365 2141 2711 2210 amplecteris
2747 2142 3000 2195 virtutes.
3054 2138 3190 2193 Nam
3221 2154 3410 2194 earum
3451 2140 3649 2193 finitiov

2082 2247 2207 2287 nem
2241 2232 2447 2303 placuit
2477 2248 2542 2290 ex
2572 2248 2659 2300 eo,
2685 2234 2830 2304 quod
2882 2233 3121 2288 medium
3160 2232 3255 2299 sit,
3296 2232 3653 2289 constituere.

2728 2346 3011 2403 LXXXIV.

2158 2465 2409 2522 Decuerit
2428 2466 2850 2536 haudquaquam
2878 2464 3286 2532 imperatorem,
3307 2462 3391 2519 vel
3407 2460 3652 2517 consiliis

2081 2559 2277 2613 alienis
2305 2572 2426 2613 esse
2454 2557 2786 2627 subjectum,
2828 2556 2987 2625 quasi
3035 2555 3476 2609 moderatoribus
3531 2568 3653 2608 sese

2083 2646 2516 2710 submittentem,
2537 2647 2622 2701 vel
2644 2644 2878 2714 alicujus
2898 2645 3159 2698 momenti
3186 2660 3274 2697 res
3297 2643 3475 2696 moliri
3502 2646 3654 2712 prius

2082 2748 2246 2809 quam
2280 2747 2427 2792 recte
2457 2736 2868 2801 consultaverit,
2906 2750 3208 2804 eorumque
3267 2734 3592 2795 sententias,
3616 2748 3655 2799 Aa

2082 2831 2280 2900 quibus
2304 2830 2570 2898 diligitur,
2593 2828 2875 2883 habeat.ln
2906 2827 3365 2883 consultationem
3403 2840 3532 2881 vero
3559 2825 3653 2879 de-

2081 2922 2412 2986 ducendum,
2448 2937 2546 2975 nec
2579 2922 2806 2987 bonum,
2844 2921 2990 2990 quod
3024 2921 3139 2976 ﬁeri
3197 2920 3409 2989 nequit,
3467 2934 3563 2974 nec
3607 2920 3652 2972 si

2082 3012 2209 3084 quid
2243 3012 2435 3067 eﬂ‘ectu
2470 3012 2645 3076 facile,
2684 3012 2778 3067 sed
2833 3012 3063 3075 malum,
3088 3027 3186 3067 nec
3236 3011 3503 3081 quidquid
3563 3026 3656 3065 ne-

2082 3104 2321 3159 cessario
2346 3112 2561 3160 constat
2612 3113 2931 3159 eventurum
2976 3123 2993 3162 :
3026 3103 3119 3157 sed
3149 3103 3439 3173 quodcum
3473 3104 3654 3157 studio

414 3196 547 3261 κῶς,
601 3195 807 3264 ζημίαν
851 3199 1094 3266 ἐνεγκεῖν
1128 3197 1374 3251 δύναται.
1419 3197 1614 3259 Καλῶς
1644 3198 1700 3250 δὲ
1748 3196 1815 3250 ἂν
1860 3196 1976 3249 τότε

2088 3197 2484 3266 prudentiaque
2507 3195 2691 3265 perlici
2728 3197 2929 3265 possit,
2956 3204 3103 3250 recte
3127 3194 3331 3251 faetum
3358 3196 3650 3258 conducet,

413 3287 708 3356 πραχθείη,
742 3288 869 3340 ὅταν
901 3283 934 3363 ᾖ
991 3288 1109 3355 μεθ’
1140 3288 1335 3341 ἐαυτοῦ
1386 3289 1727 3357 κεκτημένον
1774 3287 1979 3339 τούτων

412 3380 475 3447 δὴ
508 3379 615 3432 τῶν
650 3379 881 3433 τελικῶν
912 3380 1261 3450 καλουμένων
1292 3379 1616 3450 ὁλόκληρον,
1656 3381 1703 3432 εί
1732 3379 1976 3444 δυνατὸν,

413 3474 513 3538 τὴν
558 3472 760 3536 ἑξάδα·
810 3474 858 3525 εί
889 3473 945 3525 δὲ
992 3472 1086 3542 μὴ.
1130 3473 1197 3525 τὰ
1242 3473 1417 3525 πλείω
1459 3471 1687 3535 τούτων,
1725 3470 1757 3539 ἢ
1812 3470 1880 3523 τά
1919 3488 1979 3539 γε

417 3561 649 3629 κρείττω
708 3563 802 3613 καλ⁵
856 3560 1181 3629 τελεώτερα.
1236 3560 1418 3614 Καλὸν
1468 3561 1524 3613 δέ
1575 3558 1670 3613 καὶ
1726 3560 1833 3628 πρὸ
1878 3560 1981 3627 τῆς

417 3651 607 3720 χρείας
640 3652 1025 3721 βουλεύεσθαι·
1059 3653 1133 3715 ὡς
1161 3654 1228 3723 ἣν
1252 3653 1446 3724 ἐπείγῃ
1477 3652 1536 3704 τὸ
1569 3650 1978 3721 βουλευόμενον,

419 3745 663 3812 ταραχῆς
711 3745 807 3806 τὰς
841 3744 1079 3808 διανοίας
1127 3746 1417 3815 ἐμπιπλῶν
1448 3744 1698 3815 ἐμποδὼν
1743 3742 1874 3795 αὐτὸ
1900 3740 1981 3808 γί-

417 3850 566 3886 νεται
602 3836 665 3905 τῇ
700 3833 876 3901 οἰκείᾳ
902 3833 1209 3904 διορθώσει.

1135 4121 1261 4175 HE'.

499 4238 557 4289 Ὀ
585 4236 837 4306 βασιλεὺς
884 4238 1123 4305 ἐννόμως
1168 4237 1299 4300 ζῶν,
1343 4236 1435 4289 καὶ
1465 4236 1649 4305 νόμοις
1678 4238 1827 4303 ἄγων
1860 4239 1984 4298 τοὺς

421 4327 722 4392 ὑπἀὺτδν,
756 4326 1015 4389 καθάπαξ
1075 4328 1318 4389 ἐναντίος
1374 4328 1490 4378 ἐστὶ
1536 4329 1648 4389 τοῖς
1701 4330 1984 4397 τυραννεῖν

420 4420 716 4480 ἐθέλουσιν,
748 4421 796 4473 οἳ
843 4419 1012 4489 νόμον
1040 4419 1392 4488 ἀπαράϐατον
1427 4418 1609 4488 ἔχουσι
1644 4421 1738 4483 τὰς
1774 4421 1983 4472 ἑαυτῶν

419 4512 631 4578 ἡδονάς.
682 4514 951 4565 Ἐοικέναι
984 4513 1090 4580 γὰρ
1140 4513 1290 4564 δοκεῖ
1320 4511 1380 4564 τὸ
1417 4511 1723 4577 βασιλεύειν
1759 4512 1837 4582 τῷ
1886 4530 1982 4564 τυ-

422 4606 657 4671 ραννεῖν.
712 4603 1032 4655 Διίστασθον
1063 4604 1121 4656 δὲ
1157 4604 1422 4673 ἀλλήλων,
1480 4604 1605 4655 ὅσον
1648 4604 1759 4656 οὐδ’
1805 4605 1985 4656 εἰπεῖν

420 4693 667 4760 εὐχερές.
704 4693 792 4761 Τῷ
822 4693 917 4763 μὲν
949 4697 1059 4763 γὰρ
1102 4697 1349 4765 τυράννῳ
1382 4696 1440 4747 τὸ
1471 4694 1734 4748 δύνασθαι
1771 4696 1831 4747 τὸ
1860 4698 1987 4758 τοὺς

421 4785 513 4835 ὑπ’
550 4784 738 4852 ἐκείνῳ
796 4785 1024 4852 χαυνοῦν
1072 4787 1220 4838 ἐστι·
1258 4787 1364 4838 κᾶν
1405 4788 1558 4855 ἰσχὺν
1606 4787 1886 4858 προσλάϐῃ
1934 4788 1989 4839 τὸ

422 4875 619 4937 κοινὸν,
658 4877 994 4945 ὀνειροπολεῖ
1032 4876 1131 4945 τὴν
1158 4876 1321 4929 αὐτοῦ
1354 4880 1678 4947 καθαίρεσιν
1698 4896 1711 4910 ο
1740 4880 1768 4931 ὁ
1791 4880 1834 4932 δ’
1860 4881 1990 4948 ἀλη-

423 4967 529 5027 θῶς
566 4965 817 5035 βασιλεὺς
848 4971 956 5029 τοῖς
1003 4968 1458 5039 ὑποταττομένοις
1492 4971 1541 5022 oi
1581 4971 1834 5040 πλήθεσι,
1884 4988 1989 5025 πα-

421 5057 568 5126 τρὸς,
600 5060 877 5127 ποιμένος,
909 5058 1115 5128 ίατροῦ,
1142 5060 1483 5125 διδασκάλου,
1515 5062 1607 5113 καὶ
1639 5063 1691 5113 εί
1713 5079 1766 5113 τι
1796 5062 1983 5130 σχῆμα

420 5151 643 5203 δύναται
690 5150 906 5213 σώζειν,
949 5152 1113 5203 τόπον
1168 5152 1355 5215 σώζων
1401 5152 1686 5221 τυγχάνει.
1730 5154 1986 5222 Νομίζων

420 5245 475 5295 δὲ
502 5246 557 5295 ἐν
588 5242 664 5312 τῷ
693 5242 859 5306 κοινῷ
892 5243 1241 5296 συνίστασθαι
1278 5243 1522 5297 τὸκείνου
1562 5247 1862 5315 συμφέρον,
1894 5246 2009 5298 καῖ-

422 5336 642 5406 Χριστῷ
672 5336 955 5399 διακονῶν,
990 5338 1083 5389 καὶ
1116 5337 1449 5406 μιμούμενος
1483 5338 1646 5391 αὑτὸν
1679 5339 1881 5407 μᾶλλον
1909 5338 1985 5409 τῷ

419 5428 749 5497 διακονεῖνῆ
796 5427 873 5497 τῷ
924 5427 1132 5498 ἄρχειν,
1191 5430 1368 5501 χαίρει
1415 5431 1763 5501 βελτιῶντὴν
1810 5432 1987 5502 ἀρχὴν

420 5522 527 5573 τῶν
584 5519 980 5590 βελτιουμένων
1026 5520 1270 5591 ἄμεινον.
1325 5521 1457 5593 Εῖης
1508 5540 1599 5592 μοι
1643 5522 1902 5589 τοιοῦτος,
1943 5518 1989 5577 ὦ

422 5613 668 5680 φίλτατε.

2086 3302 2147 3343 ac
2184 3302 2289 3341 non
2317 3288 2516 3340 factum
2541 3288 2621 3341 vel
2643 3286 2843 3341 factum
2873 3287 3429 3351 male,detrimentutn
3459 3286 3654 3342 aliene

2086 3381 2302 3448 poterit.
2326 3377 2477 3433 Tunc
2510 3388 2688 3434 autem
2714 3388 2860 3434 recte
2890 3378 3093 3434 factum
3121 3380 3245 3445 erit,
3266 3396 3389 3434 cum
3419 3381 3650 3451 integre,

2088 3470 2132 3524 si
2179 3470 2291 3524 fieri
2334 3471 2555 3539 poterit,
2594 3486 2687 3525 sex
2719 3471 2838 3525 illas
2876 3471 3135 3537 virtutes,
3170 3488 3309 3541 quas
3368 3482 3649 3524 extremas

2087 3571 2307 3632 vocant,
2328 3564 2663 3617 continebit:
2685 3564 2769 3618 sin
2805 3572 3012 3629 autem,
3031 3565 3117 3617 vel
3150 3566 3407 3635 majorem
3435 3565 3649 3618 illarum

2088 3664 2318 3724 partem,
2338 3656 2421 3710 vel
2450 3655 2855 3724 praestantiores
2883 3665 3047 3726 atque
3073 3656 3447 3724 perfectiores.
3476 3655 3649 3708 Etiam

2088 3747 2291 3801 bonum
2319 3757 2422 3809 est,
2454 3748 2879 3803 deliberationes
2913 3750 3085 3818 prius,
3137 3765 3301 3818 quam
3362 3748 3433 3803 sit
3485 3764 3647 3815 opus,

2091 3834 2339 3899 institui;
2369 3834 2589 3905 quippe,
2621 3836 2762 3903 quod
2794 3837 2846 3889 in
2900 3838 3357 3893 consultationem
3408 3838 3576 3901 venit,
3605 3838 3650 3892 si

2091 3925 2320 3977 nimium
2371 3935 2576 3993 urgeat,
2611 3927 3013 3991 perturbatione
3078 3937 3289 3982 mentes
3340 3928 3548 3997 implet,
3600 3939 3653 3983 et

2091 4029 2200 4083 quo
2230 4013 2409 4067 minus
2435 4013 2620 4068 haberi
2656 4015 2951 4069 remedium
2986 4018 3176 4086 possit,
3208 4018 3449 4087 impedit.

2739 4125 2998 4179 LXXXV.

2163 4235 2366 4305 Etipse
2390 4234 2687 4290 secundum
2712 4236 2860 4305 leges
2919 4237 3129 4300 vivens,
3179 4248 3232 4293 et
3278 4241 3529 4296 subditos
3586 4257 3653 4296 ex

2093 4328 2269 4397 legum
2296 4328 2613 4396 praescripto
2639 4327 2945 4397 gubernans
2972 4344 3090 4393 rex,
3122 4331 3283 4399 plane
3309 4332 3563 4388 diversus
3589 4336 3657 4389 ab

2091 4422 2156 4475 iis
2184 4429 2288 4485 est,
2322 4421 2414 4490 qui
2452 4421 2792 4491 tyrannidem
2835 4437 3094 4477 exercere
3155 4424 3345 4479 volunt
3376 4442 3390 4491 ;
3456 4442 3656 4480 unam-

2092 4530 2197 4582 que
2226 4513 2391 4583 legem
2430 4512 2794 4566 inviolabilem
2822 4514 3042 4580 habent,
3069 4530 3202 4571 suas
3235 4516 3495 4571 nimirum
3532 4518 3656 4573 libi.

2092 4607 2270 4660 dines.
2294 4602 2431 4657 Nam
2463 4604 2708 4673 quwdam
2735 4605 2877 4657 inter
2907 4604 3115 4674 regium
3182 4608 3544 4674 dominatum,
3605 4621 3659 4665 et

2094 4698 2458 4776 txranuidem,
2485 4712 2605 4753 esse
2643 4698 2940 4753 similitudo
2971 4699 3187 4754 videtur
3213 4718 3226 4755 :
3253 4703 3345 4755 sed
3380 4711 3593 4756 tantum
3628 4719 3656 4757 a

2093 4805 2153 4845 se
2176 4790 2405 4843 invicem
2444 4788 2780 4858 discrepant,
2843 4802 3111 4859 quantum
3146 4807 3213 4845 ne
3260 4792 3492 4849 dicendo
3536 4797 3659 4863 qui-

2093 4881 2214 4935 dem
2242 4880 2503 4949 explicari
2538 4879 2695 4934 facile
2718 4890 2915 4950 potest.
2945 4883 3232 4950 Tyrannus
3270 4887 3321 4939 iu
3370 4902 3436 4941 eo
3465 4900 3659 4957 poten-

2096 4972 2223 5025 tiam
2257 4985 2411 5025 suam
2440 4972 2598 5026 sitam
2625 4982 2800 5038 putat.
2832 4974 2877 5027 si
2898 4988 3028 5027 suos
3058 4975 3171 5042 ipse
3208 4975 3457 5033 subditos
3499 4978 3656 5032 dehi-

2096 5061 2251 5127 litet;
2291 5077 2355 5116 ac
2383 5062 2428 5117 si
2470 5078 2557 5115 res
2589 5063 2805 5131 publica
2862 5066 3029 5120 robur
3092 5067 3315 5136 aliquod
3384 5072 3653 5140 acquirat,

2095 5154 2435 5209 eversionem
2457 5155 2704 5223 protinus
2732 5157 2845 5225 ipse
2866 5172 3021 5212 suam
3052 5160 3307 5214 somniat.
3366 5161 3535 5216 Verus
3559 5177 3659 5217 au-

2096 5256 2203 5300 tem
2245 5262 2337 5300 rex
2366 5261 2494 5316 erga
2522 5249 2797 5317 subjectos
2826 5250 2931 5305 sibi
2986 5253 3237 5319 populos,
3299 5256 3493 5323 patris,
3561 5270 3660 5324 pa-

2096 5339 2281 5401 storis,
2321 5340 2541 5404 medici,
2573 5341 2834 5408 doctoris,
2867 5353 2918 5398 et
2946 5345 2989 5399 si
3023 5361 3130 5413 qua
3161 5346 3321 5399 saluti
3374 5346 3659 5400 consulere

2095 5446 2323 5500 persona
2366 5440 2562 5502 potest,
2587 5423 2722 5502 ejus.
2747 5435 2924 5490 locum
2960 5436 3188 5491 obtinet.
3230 5436 3478 5504 Cumque
3505 5449 3658 5488 com-

2100 5522 2317 5575 modum
2344 5538 2503 5578 suum
2546 5525 2814 5580 contineri
2868 5527 3087 5595 publico
3150 5535 3318 5596 putet,
3369 5534 3424 5578 et
3454 5524 3658 5578 ChriSIi

2101 5615 2346 5671 minister
2375 5617 2464 5680 sit,
2491 5620 2744 5687 etmagis
2786 5617 2940 5672 illum
3002 5620 3242 5672 imitetur
3290 5615 3658 5678 iuserviendo,

421 5704 1115 5777 quamimperando:plus
1162 5708 1461 5776 voluptatis
1510 5710 1679 5779 capit,
1750 5724 1976 5780 regnum
2021 5709 2213 5766 melius
2241 5710 2542 5776 efﬁciendo,
2583 5725 2748 5781 quam
2787 5710 2887 5777 illi,
2922 5710 2986 5764 ad
3015 5724 3151 5780 quos
3208 5708 3326 5776 ejus
3398 5707 3474 5760 rei
3536 5705 3657 5760 fru-

426 5806 545 5848 etus
576 5798 839 5865 pervenit.
870 5795 1018 5855 Talis
1053 5801 1183 5857 mihi
1211 5803 1307 5868 sis,
1342 5805 1666 5860 charissinzc
1700 5804 1793 5859 illi.
