4166 6270
550 344 658 406 ."75

1191 464 1471 519 LXXXVI.

620 575 769 633 Veiis
799 577 1014 647 quidem
1039 578 1102 631 ad
1147 577 1219 643 id,
1254 595 1360 648 quo
1395 581 1447 633 in
1490 580 1646 633 bonis
1670 588 1970 633 extremum
2001 589 2102 645 est,

1725 352 2121 413 MANUELIS
2154 352 2594 415 PAL/EOLOGI

2127 474 2175 529 A

3656 351 3761 414 376

2915 472 3055 540 ης.

2275 578 2407 632 Θέλε
2440 578 2537 646 μὲν
2581 578 2637 640 ὲς
2674 577 2899 647 ἔσχατον
2929 580 3040 632 τῶν
3086 578 3264 631 καλῶν
3297 577 3492 641 ὲλθεῖν,
3524 575 3763 643 γίνωσκε

548 670 868 738 pervenire;
930 669 1024 723 sed
1058 669 1227 734 scias,
1256 670 1305 723 id
1361 670 1687 725 studiumin
1743 686 1930 725 eorum
1984 685 2107 725 esse

2216 671 2262 724 δὲ
2289 670 2546 724 ἀδύνατον
2575 671 2671 737 τὴν
2716 669 2901 739 ἔφεσιν
2930 670 3132 739 ταύτην
3159 664 3326 723 οὖσαν
3349 684 3365 703 ο
3403 667 3496 720 καὶ
3529 666 3603 735 μὴ
3639 666 3770 720 ἀθύ-

549 773 799 822 numero,
833 774 957 831 quae
990 760 1179 830 perﬁci
1220 769 1520 827 nequeunt.
1552 760 1763 815 Interea
1794 777 1861 815 ne
1920 762 2108 817 doleas

545 851 687 913 quod
715 867 968 917 currens,
999 860 1195 905 metam
1229 868 1334 907 non
1368 854 1625 921 attingas.
1656 852 1771 907 Non
1802 854 1944 908 enim
2004 855 2109 910 hoc

545 944 923 1005 spectandum,
993 946 1137 1012 quod
1189 944 1393 999 bonum
1456 946 1526 999 sit
1559 946 2103 1011 aliquod.hominum

546 1037 744 1089 virtute
775 1036 1084 1101 sublimius,
1105 1038 1196 1089 sed
1222 1037 1363 1104 quod
1390 1038 1456 1101 is,
1485 1038 1575 1106 qui
1610 1053 1772 1091 cursu
1806 1038 1869 1089 ad
1905 1039 1953 1090 id
1978 1054 2109 1091 con-

549 1127 744 1188 tendit,
783 1130 1006 1196 propius
1042 1144 1254 1196 semper
1280 1129 1517 1182 accedat.
1558 1128 1714 1182 I-lune
1742 1129 1842 1182 sibi
1875 1130 1964 1198 qui
1992 1144 2110 1182 sco-

548 1234 676 1285 pum
717 1221 929 1283 statuit,
992 1236 1229 1286 cumque
1281 1228 1650 1275 consentanea
1678 1222 1887 1275 ratione
1928 1231 2110 1289 petere

549 1326 654 1362 non
689 1312 909 1375 desinit,
930 1314 1124 1380 saepius
1156 1313 1371 1380 quidem
1404 1313 1661 1380 attinget;
1695 1327 1757 1366 ac
1803 1313 1924 1367 licet
1954 1313 2113 1366 aber-

547 1409 650 1463 ret,
702 1401 932 1468 amplius
986 1410 1163 1455 tamen
1233 1401 1436 1471 aliquid
1493 1400 1728 1463 habebit,
1776 1418 1936 1470 quam
1993 1404 2107 1457 alii.

547 1486 680 1540 Nam
707 1488 798 1556 qui
831 1500 1034 1543 temere
1078 1488 1351 1551 feruntur,
1403 1488 1578 1542 inStar
1628 1489 1846 1542 navium
1902 1489 2110 1544 instru-

549 1587 730 1631 mento
761 1592 858 1632 suo
884 1578 1184 1632 carentium
1218 1594 1231 1641 ;
1259 1576 1465 1645 quique
1496 1576 1689 1630 vitiose
1724 1576 1986 1640 viventes,
2018 1576 2110 1629 be-

552 1685 617 1722 ne
648 1671 825 1723 vivere
853 1671 1017 1724 videri
1054 1670 1265 1728 volunt,
1294 1682 1467 1736 eaque
1501 1683 1560 1722 re
1615 1669 1980 1729 deleCtautur,
2014 1666 2102 1719 his

2212 781 2324 832 μει,
2367 764 2577 832 τρέχων
2608 764 2725 832 μὲν,
2762 764 2878 815 οὐκ
2930 762 3317 832 ἐφικνούμενος
3360 760 3438 814 δέ.
3466 759 3600 813 Οὐδὲ
3657 759 3769 829 γάρ

2209 855 2366 907 τοῦτο
2392 854 2471 906 δεῖ
2511 855 2756 919 σκοπεῖν,
2790 855 2872 906 ὅτι
2894 854 3129 921 τάγαθὸν
3158 852 3489 922 ὑψηλότερον
3516 851 3615 919 τῆς
3638 851 3768 918 ἀρε-

2208 945 2308 1013 τῆς
2337 945 2443 997 τῶν
2472 945 2774 1013 ἀνθρώπων
2800 961 2815 977 ο
2857 944 2972 996 ἀλλ’
3003 946 3196 1010 ὅτιπερ
3233 943 3262 994 ὁ
3299 942 3507 1011 τρέχων
3543 940 3615 1001 ὼς
3640 940 3789 993 αὐτὸ»
3860 1006 3869 1012 ν

2209 1038 2487 1104 ἐγγυτέρω
2520 1037 2748 1103 γίνεται.
2782 1036 2893 1089 Καὶ
2934 1035 2961 1087 ὁ
2989 1033 3145 1086 τοῦτο
3178 1033 3400 1101 θέμενος
3439 1030 3617 1099 ἑαυτῷ
3650 1047 3774 1083 σκο-

2186 1127 2335 1191 πὸν,
2364 1126 2459 1178 καὶ
2504 1126 2581 1193 τῷ
2610 1127 2780 1179 εἰκότι
2812 1124 3021 1194 βάλλων
3060 1126 3119 1177 οὔ
3154 1123 3481 1191 παυόμενος,
3512 1120 3773 1182 πολλάκις

2213 1216 2313 1287 μὲν
2350 1217 2709 1283 ὲπιτεύξεται,
2741 1217 2849 1281 ἕξει
2884 1219 2940 1270 δέ
2994 1234 3047 1270 τι
3094 1216 3258 1270 πλέον
3290 1215 3397 1268 τῶν
3440 1214 3636 1279 ἄλλων,
3668 1212 3774 1265 κᾶν

2212 1310 2493 1380 ἀποτύχῃ·
2525 1312 2639 1371 τοῖς
2674 1310 2771 1378 μὲν
2803 1310 2913 1378 γὰρ
2943 1309 3018 1372 ὡς
3064 1309 3222 1378 ἔτυχε
3249 1306 3596 1376 φερομένοις,
3630 1305 3772 1356 κατά

2210 1399 2279 1451 τὰ
2336 1400 2709 1469 ἀνερμάτιστα
2756 1400 2947 1462 πλοῖα,
3006 1397 3101 1451 καὶ
3149 1396 3315 1459 ζῶσιν
3370 1397 3427 1445 ὲν
3476 1392 3773 1461 φαυλότητι

2211 1490 2400 1560 ὥσπερ
2436 1494 2491 1542 ὲν
2530 1491 2881 1561 χρηστότητι,
2916 1491 3012 1544 καὶ
3040 1489 3323 1558 ἡδομένοις
3353 1486 3432 1552 τῷ
3460 1485 3770 1553 πράγματι.

2211 1581 2319 1634 οὐδ’
2356 1582 2413 1634 έν
2443 1582 2621 1634 ἐλπίσι
2654 1581 2896 1635 κείσεται
2933 1581 3042 1632 τῶν
3069 1579 3256 1632 κακῶν
3294 1580 3327 1647 ἡ
3361 1575 3667 1647 διόρθωσις.
3713 1574 3773 1626 ’0

2212 1669 2269 1722 δὲ
2320 1670 2599 1739 λογισμοῖς
2662 1669 2993 1738 ίθυνόμενος,
3043 1667 3147 1720 κᾶν
3193 1666 3448 1736 ἁμάρτῃ,
3508 1662 3774 1728 ἀνάγκαις

552 1776 618 1815 ne
655 1764 919 1829 speranda
949 1764 1165 1831 quidem
1197 1761 1461 1814 malorum
1487 1759 1816 1814 emendatio.
1846 1758 1946 1821 Qui
1984 1771 2112 1810 vero

2216 1759 2420 1822 πάσαις
2466 1759 2789 1829 αἰσθήσεται
2827 1757 2923 1811 τοῦ
2956 1756 3157 1823 δεινοῦ,
3188 1756 3324 1823 ὅπερ
3362 1751 3504 1821 ἀρχὴ
3556 1746 3775 1821 διορθώ-

553 1852 782 1907 rationis
834 1851 1292 1920 praeceptionibus
1344 1850 1570 1920 regitur,
1637 1834 1848 1903 etiamsi
1904 1857 2110 1917 peccet,

551 1945 749 1999 malum
785 1954 961 1997 tamen
1003 1944 1178 2013 ipsum
1216 1942 1538 1997 necessario
1571 1941 1791 2006 sentiet,
1856 1941 1909 1995 id
1965 1941 2111 2011 quod

549 2039 949 2095 emendationis
969 2045 1053 2092 est
1087 2036 1303 2091 initium

1178 2128 1484 2183 LXXXVII.

619 2247 787 2319 Siqui
816 2258 1041 2303 mortem
1078 2249 1130 2301 in
1155 2247 1315 2301 bellis
1341 2246 1658 2309 formidant,
1695 2245 1729 2298 ii
1787 2244 1967 2313 fugere
2022 2256 2112 2296 so-

550 2344 696 2409 lent;
725 2353 777 2395 et
808 2341 896 2410 qui
934 2340 1167 2409 fugient,
1203 2340 1376 2409 magis
1413 2340 1636 2404 cadunt,
1660 2354 1821 2407 quam
1857 2336 1949 2406 qui
1973 2350 2117 2391 mor-

551 2443 656 2485 tem
687 2440 1124 2493 contemnentes,
1162 2438 1309 2484 stare
1337 2428 1564 2482 malunt.
1607 2429 1701 2482 Est
1759 2426 1903 2480 enim
1972 2425 2116 2494 peri-

549 2522 730 2576 culosa
764 2533 1037 2591 tergorum
1054 2522 1316 2575 adversus
1362 2535 1558 2574 manus
1584 2533 1786 2587 pugna.
1810 2517 2002 2571 Itidem
2022 2519 2113 2584 qui

547 2615 783 2685 gladium
807 2622 1076 2677 metuunt,
1110 2614 1179 2666 ab
1235 2627 1300 2666 eo
1323 2613 1710 2676 coniiciuntur,
1746 2626 1809 2664 ne
1868 2610 2116 2679 sepultu-

515 2720 620 2767 ra:
648 2706 865 2774 quidem
904 2706 1164 2759 honorem
1210 2706 1567 2773 impetrantes
1601 2724 1613 2756 :
1688 2711 1741 2755 at
1798 2704 1888 2770 qui
1947 2701 2112 2754 veluti

550 2805 777 2849 mortem
812 2796 1108 2864 oppetituri
1142 2802 1406 2863 pugnant,
1426 2793 1461 2845 ii
1483 2793 1682 2860 saepius
1708 2789 1961 2845 victorias
1995 2791 2112 2843 adi-

549 2888 839 2954 pist-entes,
866 2894 919 2940 ct
950 2900 1061 2939 rem
1089 2895 1340 2953 gerentes
1365 2884 1590 2950 optime,
1625 2898 1730 2935 non
1794 2881 2115 2948 superstites

550 2979 711 3034 modo
744 2986 891 3041 sunt,
924 2991 1109 3030 verum
1142 2976 1302 3029 etiam
1330 2986 1669 3029 coronantur
1703 2982 1754 3027 et
1798 2973 2111 3041 :equissima

549 3071 766 3139 quidem
791 3079 1084 3136 utrumque
1108 3066 1333 3121 ratione.
1353 3066 1481 3119 Nam
1501 3066 1566 3119 de
1584 3079 1686 3118 non
1715 3064 2002 3118 metuendo
2030 3062 2110 3129 ﬁt,

552 3174 608 3215 ut
637 3170 828 3223 stetur,
850 3175 878 3212 a
901 3158 1156 3213 stantium
1190 3172 1312 3211 vero
1347 3157 1613 3225 partibus,
1641 3155 1901 3217 victoria;
1937 3157 2112 3205 victo-
2141 3127 2185 3187 Ο

556 3265 643 3306 res
678 3259 855 3304 autem
888 3249 1107 3302 coronis
1130 3250 1434 3317 potiuntur,
1468 3256 1632 3314 atque
1667 3247 1779 3299 hzec
1810 3246 1853 3299 si
1880 3244 2118 3300 strenuis

551 3360 603 3396 et
643 3341 905 3395 animosis
958 3340 1305 3407 contingunt,
1339 3339 1543 3392 timidis
1574 3337 1789 3391 evenire
1840 3336 2115 3390 contraria

551 3445 727 3503 paret.
761 3434 913 3499 Quod
958 3433 1005 3488 si
1050 3434 1288 3486 maxime
1315 3432 1438 3500 quis
1489 3431 1647 3484 cadat
1701 3430 1754 3482 in
1814 3443 2014 3497 pugna,
2067 3438 2119 3481 et

551 3526 688 3579 alius
724 3525 1013 3578 incolumis
1038 3531 1362 3585 revertatur,
1399 3532 1578 3574 tamen
1604 3521 1749 3573 hunc
1774 3518 2021 3573 homines
2049 3519 2117 3570 ob

552 3618 967 3687 ignominiosam
992 3617 1154 3669 vitam
1194 3613 1543 3677 miserantur,
1580 3611 1728 3664 illum
1759 3624 1921 3665 causa
1965 3623 2114 3661 mor-

550 3714 622 3765 tis
656 3710 816 3763 ohitte
844 3724 966 3762 cum
993 3708 1162 3779 gloria
1191 3707 1411 3761 beatuzn
1453 3703 1776 3771 prtedicant.
1820 3699 1940 3753 Jam
1965 3700 2111 3770 quod

552 3802 779 3872 prodigii
820 3804 972 3871 quasi
1001 3802 1215 3869 plenum
1241 3806 1344 3860 est,
1381 3805 1580 3849 norunt
1609 3799 1720 3849 haec
1741 3792 1960 3863 quidem
1999 3807 2118 3846 om-

550 3910 670 3956 nes,
702 3904 755 3948 et
787 3895 985 3948 malum
1023 3904 1199 3947 tamen
1235 3891 1560 3952 admittitur,
1626 3885 1910 3941 conversis
1969 3884 2118 3938 velut

552 3987 606 4039 in
637 3986 815 4055 fugam
856 3987 1055 4041 animis
1082 3986 1150 4039 ab
1185 3984 1364 4051 aliqua
1404 3996 1462 4035 re
1488 3979 1791 4035 territante.
1828 3976 1946 4031 Tibi
1984 3990 2115 4030 vero

2216 1869 2376 1915 σεως.

2928 2125 3053 2179 ΠΖ¹.

2295 2240 2423 2295 Ἐπὶ
2448 2240 2552 2293 τῶν
2581 2240 2833 2309 πολέμων
2855 2240 2904 2291 οί
2932 2237 3248 2307 φρίττοντες
3271 2233 3362 2286 τὸν
3388 2232 3639 2295 θάνατον,
3666 2230 3772 2283 οἶδε

2215 2331 2521 2399 φεύγουσι·
2572 2333 2664 2383 καὶ
2725 2328 3015 2399 φεύγοντές
3068 2343 3132 2395 γε
3179 2324 3470 2377 πίπτουσιν
3528 2323 3675 2391 ῆπερ
3724 2322 3769 2372 oi

2215 2425 2518 2491 ἱστάμενοι,
2542 2419 3007 2490 καταφρονοῦντες
3034 2419 3287 2472 θανάτου.
3310 2415 3466 2483 Δεινὴ
3488 2414 3595 2483 γὰρ
3629 2414 3774 2481 μάχη

2216 2514 2401 2569 νώτων
2432 2516 2568 2582 πρὸς
2599 2515 2809 2582 χεῖρας,
2846 2512 2940 2563 καὶ
2987 2509 3354 2580 ὀρρωδοῦντες
3388 2508 3449 2559 τὸ
3479 2506 3654 2571 ξίφος,
3683 2504 3777 2572 έρ-

2214 2623 2310 2673 γον
2350 2606 2539 2657 τούτου
2572 2605 2833 2671 γίνονται,
2881 2601 3013 2670 μηδὲ
3056 2600 3187 2667 γοῦν
3219 2599 3395 2667 ταφῆς
3442 2595 3771 2663 ἀξιούμενοι.

2216 2696 2277 2749 Οἳ
2325 2696 2368 2747 δ’
2420 2695 2493 2757 ὼς
2541 2693 2924 2762 τεθνηξόμενοι
2969 2691 3349 2761 διαμάχονται,
3406 2687 3539 2751 ζῶσί
3589 2703 3649 2738 τε
3684 2687 3779 2737 καὶ

2216 2770 2634 2854 στεφανοῦνται,
2683 2784 2943 2845 πολλάκις
2991 2780 3396 2852 περιγινόμενοί
3440 2796 3497 2832 τε
3527 2778 3623 2829 καὶ
3663 2776 3783 2844 ἀρι-

2217 2880 2500 2943 στεύοντες
2536 2879 2684 2947 μάλα
2722 2895 2785 2946 γε
2815 2878 3036 2938 εἰκότως
3068 2875 3375 2944 ἀμφότερα.
3424 2873 3519 2926 Ἐκ
3546 2870 3644 2939 μὲν
3672 2869 3781 2938 γὰρ

2214 2974 2308 3027 τοῦ
2353 2973 2425 3043 μὴ
2458 2970 2739 3041 φοϐεῖσθαι
2787 2969 2847 3021 τὸ
2888 2968 3160 3032 ἵστασθαι,
3200 2966 3338 3034 μετά
3381 2964 3438 3016 δὲ
3471 2962 3579 3015 τῶν
3615 2960 3779 3030 βεϐη-

2217 3066 2390 3117 κότων
2419 3066 2452 3132 ἡ
2478 3063 2622 3130 νίκη.
2642 3060 2857 3112 Τούτων
2890 3059 2943 3111 δὲ
2979 3058 3027 3108 οἱ
3060 3058 3312 3124 στέφανοι
3343 3054 3641 3120 γίγνονται.
3673 3052 3779 3101 Καὶ

2218 3160 2266 3209 εί
2292 3159 2400 3218 τοῖς
2436 3154 2693 3223 εὐψύχοις
2722 3151 2901 3215 ταυτὶ,
2936 3151 3095 3219 δῆλον
3136 3149 3217 3200 ὅτι
3246 3145 3504 3198 τάναντία
3534 3144 3645 3203 τοῖς
3672 3141 3777 3192 δει-

2217 3248 2349 3309 λοῖς.
2402 3248 2462 3299 Εἰ
2508 3247 2564 3299 δὲ
2612 3246 2703 3297 καὶ
2733 3242 2978 3295 πεσεῖταί
3011 3257 3092 3302 τις
3141 3242 3197 3292 ὲν
3224 3238 3301 3307 τῷ
3354 3237 3633 3302 πολεμεῖν,
3686 3232 3776 3283 καὶ

2218 3339 2435 3407 φεύγων
2467 3337 2625 3399 ἄλλος
2657 3335 2765 3397 σῶς
2803 3335 3064 3403 ἐπανήξει
3096 3348 3108 3361 ⁸
3138 3329 3251 3383 ἀλλ’
3279 3330 3365 3381 ὅδε
3397 3328 3498 3397 μὲν
3531 3328 3625 3393 τῆς
3655 3321 3773 3392 μετ’

2216 3432 2479 3498 αίσχύνης
2504 3429 2649 3495 ζωῆς
2677 3426 3031 3494 οἰκτείρεται,
3065 3424 3270 3484 ἐκεῖνος
3308 3421 3361 3473 δὲ
3393 3419 3655 3489 μακάριος
3676 3412 3764 3465 τοῦ

2218 3524 2357 3592 μετὰ
2414 3522 2569 3589 δόξης
2619 3520 2877 3571 θανάτου.
2922 3519 2994 3569 Τὸ
3038 3516 3093 3568 δὲ
3144 3514 3209 3581 δὴ
3262 3512 3540 3580 Θαύματος
3584 3510 3770 3575 γέμον,

2214 3615 2417 3672 πάντες
2453 3611 2552 3680 μὲν
2597 3611 2743 3662 ἴσασι
2779 3608 2934 3661 τάδε’
2968 3605 3215 3673 γίγνεται
3249 3604 3295 3657 δ’
3339 3598 3431 3655 οὗν
3479 3601 3540 3652 τὸ
3587 3597 3777 3656 δεινὸν,
3830 3624 3833 3625 ν

2211 3703 2308 3770 τῆς
2342 3701 2517 3770 ψυχῆς
2552 3701 2686 3768 ἡμῖν
2736 3698 3041 3768 τραπείσης
3087 3696 3191 3749 ὑπό
3230 3711 3320 3746 του
3375 3690 3781 3759 δεδιττομένου.

2224 3792 2383 3846 Ἀλλά
2412 3793 2492 3844 σοὶ
2540 3790 2614 3861 μὴ
2651 3789 2952 3859 προπεπῶς
3009 3787 3142 3857 μηδὲ
3176 3785 3375 3845 ἀδίκως
3421 3782 3679 3851 ἀραμένῳ
3712 3778 3779 3829 τὰ

2211 3883 2375 3946 ὅπλα,
2412 3884 2439 3934 ό
2475 3881 2591 3951 μετ’
2625 3880 2875 3939 εὐκλείας
2927 3877 3158 3938 θάνατος
3207 3872 3564 3944 προτιμᾶσθω
3603 3872 3632 3937 ἢ
3664 3870 3775 3926 τοῖς

2214 3975 2497 4044 πολεμίοις
2533 3972 2940 4043 παραχωρῆσαι
2977 3969 3271 4039 θριάμϐου.

556 4097 655 4135 nec
681 4092 885 4135 temere
909 4093 1005 4133 nec
1035 4078 1237 4151 injuste
1266 4091 1417 4130 arma
1486 4072 1747 4142 capienti,
1798 4069 1979 4138 potior
2019 4068 2310 4138 conjuncta
2386 4082 2511 4122 eum
2572 4066 2741 4135 gloria
2800 4077 2948 4117 mors
3012 4070 3148 4128 esto,
3197 4075 3356 4131 quam
3408 4069 3465 4112 ut
3522 4053 3777 4109 hostibus

555 4171 890 4241 triumphum
923 4170 985 4224 de
1016 4177 1066 4222 te
1094 4168 1388 4224 concedas.

1172 4282 1505 4341 LXXXVIII.

626 4410 848 4466 Minime
870 4408 975 4464 hoc
1003 4405 1098 4460 tibi
1130 4412 1413 4469 tantopere
1439 4400 1797 4467 spectandum
1819 4408 1884 4449 ne
1903 4394 2113 4448 viribus

2937 4267 3068 4320 [ΠΡ.

2297 4388 2407 4456 Οὐχ
2438 4386 2579 4438 οὕτω
2618 4401 2699 4435 σοι
2727 4382 2993 4453 προσήκει
3037 4381 3281 4440 σκοπεῖν,
3313 4380 3461 4438 ὅπως
3493 4376 3568 4447 μὴ
3606 4376 3783 4443 γένοιο

554 4503 988 4561 adversariorum
1018 4496 1372 4556 succumhas,
1399 4502 1561 4560 atque
1592 4505 1660 4545 ne
1691 4490 1758 4542 ab
1811 4490 1896 4553 iis,
1925 4486 2016 4556 qui
2065 4493 2116 4539 te

2225 4480 2334 4534 τῶν
2377 4476 2895 4545 ἀνταγωνιζομένων
2938 4476 3195 4537 ἐλάττων,
3236 4473 3425 4539 ὥσπερ
3458 4473 3533 4539 μὴ
3585 4471 3689 4522 τῶν
3716 4486 3782 4521 σε

2285 4573 2301 4585 ι
2363 4572 2374 4585 ν
2561 4570 2572 4585 9
2658 4567 2675 4585 ς
2787 4568 2845 4585 ﬂ-
2900 4584 2915 4585 η
2984 4584 2989 4585 ,
3056 4566 3072 4585 \
3153 4565 3229 4585 _1,
3290 4563 3492 4585 2_,_,h‘__.
3524 4563 3624 4585 ,ΖΔ
3653 4561 3754 4585 2.-.έ.

552 4605 757 4661 amant,
793 4593 846 4647 in
872 4593 965 4646 illo
993 4591 1253 4660 praeclaro
1277 4585 1587 4641 dilectiOnis
1619 4580 1925 4636 certamine
1950 4593 2113 4647 supe-

444 4748 455 4751 -
554 4692 712 4745 teris.
755 4689 906 4742 Licet
938 4682 1367 4743 hostishostem,
1412 4678 1540 4732 licet
1584 4674 1930 4749 adversarius
1982 4672 2116 4724 alte-

553 4800 671 4837 rum
702 4779 1081 4851 prostraverit,
1109 4773 1265 4828 multi
1303 4779 1486 4825 tamen
1541 4766 1774 4820 fortuna:
1824 4762 2112 4817 victoriam

554 4882 833 4940 acceptam
869 4871 1064 4925 ferent.
1089 4869 1159 4922 At
1188 4868 1288 4929 illi,
1309 4865 1402 4934 qui
1429 4863 1496 4916 ah
1526 4858 1840 4915 amantibus
1880 4853 2116 4909 amando

552 4964 813 5024 vincitur,
844 4978 915 5017 ne
947 4961 1170 5031 quidem
1198 4974 1338 5012 unus
1371 4953 1640 5026 ignoverit
1667 4964 1881 5012 eorum,
1921 4947 2014 5015 qui
2037 4960 2120 4999 re-

553 5064 641 5109 cte
659 5054 889 5122 diligere
915 5061 1137 5106 norunt.
1168 5050 1535 5116 Quamobrem
1582 5053 1740 5112 turpe
1774 5039 1993 5112 quidem
2021 5037 2118 5090 ho-

556 5147 755 5207 stibus,
805 5144 898 5198 sed
959 5144 1197 5213 turpius,
1246 5140 1558 5195 amantibus
1614 5135 1931 5189 inferiorem
1973 5144 2115 5184 esse.

554 5237 812 5292 Omnium
850 5250 980 5287 vero
1013 5234 1385 5302 turpissimum
1414 5245 1535 5285 esse
1565 5228 1800 5289 videtur,
1827 5226 1940 5284 leve
1961 5222 2121 5291 quid-

554 5333 681 5381 dam
716 5335 906 5395 putare
939 5323 1165 5376 liberos.
1227 5320 1421 5374 Studio
1481 5316 1836 5372 laudabilium
1895 5327 2117 5382 operum

554 5421 716 5488 longo
743 5423 998 5486 parentes
1031 5429 1097 5467 ex
1128 5412 1411 5465 intervallo
1437 5417 1755 5479 sequantur.
1792 5405 1856 5457 Et
1880 5418 2117 5469 quonam

554 5521 712 5576 pacto
732 5507 855 5577 quis
887 5505 1045 5559 aliter
1077 5503 1142 5556 de
1171 5502 1250 5555 eis
1277 5508 1502 5561 statuat,
1539 5499 1608 5563 si,
1640 5513 1762 5551 cum
1787 5495 1928 5550 ferre
1962 5492 2119 5546 liberi

556 5607 850 5669 nequeant,
867 5598 998 5668 quin
1026 5594 1337 5649 hmreditate
1360 5592 1625 5661 majorum
1647 5602 1870 5645 suorum
1894 5586 2120 5640 faculta-

556 5700 634 5744 tes
657 5690 938 5744 universas
958 5689 1175 5749 adeant,
1194 5685 1447 5738 virtutem
1467 5696 1655 5738 eorum
1674 5680 1829 5750 quasi
1850 5676 2121 5748 piaculum

557 5784 826 5848 quoddam
852 5778 1181 5848 reiecerint‘l
1207 5776 1383 5833 llabes
1408 5786 1513 5830 tam
1542 5791 1566 5828 a
1598 5784 1767 5842 patre,
1786 5786 1945 5840 quam
1967 5786 1994 5822 a
2017 5786 2124 5823 ma-

2221 4572 2519 4641 φιλούντων
2550 4567 2941 4636 ἀπολειφθῆναι
2975 4566 3111 4636 πρὸς
3148 4565 3248 4637 τὴν
3281 4563 3493 4633 ἀγαθὴν
3522 4563 3624 4626 τῆς
3650 4561 3786 4628 ἀγά-

2220 4681 2330 4733 πης
2364 4659 2630 4731 ἅμιλλαν·
2669 4658 2773 4711 κᾶν
2813 4656 3070 4725 πολέμιος
3101 4655 3293 4724 ἐχθρὸν
3319 4653 3646 4724 κατενέγκῃ,
3682 4650 3785 4702 κᾶν

2220 4756 2510 4816 ἀντίπαλος
2561 4752 2770 4818 ἕτερον,
2822 4749 3006 4802 πολλοὶ
3052 4751 3117 4818 τῇ
3151 4747 3290 4818 τύχῃ
3324 4744 3631 4812 λογιοῦνται
3686 4742 3784 4805 τὴν

2222 4845 2399 4914 νίκην.
2435 4842 2765 4911 Ἠττωμένῳ
2786 4840 2841 4893 δὲ
2870 4837 3166 4913 φιλούντων
3190 4837 3299 4890 οὐδ’
3326 4837 3391 4888 ἂν
3415 4830 3495 4896 εἷς
3520 4831 3783 4901 συγγνοίη

2219 4937 2330 4989 τῶν
2376 4936 2550 5003 φιλεῖν
2599 4933 3010 5003 ὲπισταμένων’
3060 4930 3189 4984 ὥστ’
3236 4929 3459 4999 αίσχρδν
3519 4926 3618 4995 μὲν
3679 4925 3786 4976 τῶν

2222 5030 2455 5098 ἐχθρῶν,
2506 5029 2719 5097 αἴσχιον
2751 5026 2808 5080 δι
2845 5025 2952 5077 τῶν
2997 5024 3296 5092 φιλούντων
3338 5023 3488 5092 ῆττω
3525 5019 3784 5087 φανῆναι.

2223 5126 2379 5176 Δοκεῖ
2406 5124 2463 5175 δὲ
2519 5122 2799 5190 αἴσχιστον
2849 5119 3065 5170 πάντων
3115 5116 3319 5183 κοῦφον
3375 5112 3628 5183 ἡγεῖσθαι
3659 5110 3786 5171 τοὺς

2226 5216 2421 5277 παῖδας
2454 5215 2687 5266 κατόπιν
2720 5213 2855 5265 ἱέναι
2881 5211 3083 5279 γονέων
3114 5210 3193 5271 είς
3218 5208 3316 5276 τὴν
3339 5206 3447 5258 τῶν
3479 5201 3789 5256 σπουδαίων

2222 5306 2400 5376 ἔργων
2457 5306 2792 5372 ἐπιμέλειαν.
2832 5303 2937 5356 Καὶ
2975 5302 3090 5363 πῶς
3139 5317 3223 5362 τις
3271 5297 3445 5359 ἄλλως
3492 5295 3705 5365 κρινεῖ;
3736 5293 3785 5343 εί

2224 5399 2332 5451 τῶν
2370 5397 2579 5450 ἑαυτῶν
2617 5398 2715 5466 μὲν
2771 5394 3052 5463 προγόνων
3096 5393 3145 5446 oi.
3186 5390 3373 5451 παῖδες
3409 5388 3510 5439 οὐκ
3557 5384 3623 5436 ἂν
3657 5382 3789 5435 ἀνά-
3882 5390 3885 5391 ⁷

2227 5507 2438 5560 σχοιντο
2475 5490 2549 5560 μὴ
2595 5490 2774 5557 πάσης
2804 5488 2903 5557 τῆς
2944 5486 3134 5549 οὐσίας
3180 5483 3562 5553 κληρονομεῖν,
3604 5476 3702 5543 τὴν
3729 5475 3788 5525 δὲ

2225 5585 2453 5636 ἐκείνων
2483 5581 2683 5652 ἀρετὴν
2714 5578 2785 5642 ὡς
2824 5579 2957 5647 ἄγος
2999 5576 3365 5647 ἀπορρίψαιεν
3392 5590 3408 5640 ;
3446 5570 3629 5640 Ἔχεις
3656 5565 3789 5618 πολ-

2226 5676 2350 5737 λοὺς
2396 5678 2491 5726 καὶ
2540 5674 2675 5745 πρδς
2708 5672 2933 5741 πατρὸς,
2972 5669 3068 5722 καὶ
3114 5668 3249 5736 πρὸς
3293 5665 3497 5735 μητρὸς
3547 5657 3789 5729 ἀγαθοὺς

2230 5769 2545 5838 προγόνους.
2578 5766 2731 5819 Ἐστι
2771 5780 2853 5817 σοι
2889 5762 3047 5833 φύσις
3081 5760 3256 5830 ἀγαθὴ
3292 5758 3441 5826 παρὰ
3476 5753 3612 5807 Θεοῦ
3642 5750 3787 5803 δεδοο
