4166 6270
424 392 525 455 377

1374 388 1786 452 PRAECEPTA
1825 388 2352 450 EDUCATIONIS
2386 389 2662 451 BEGHZ.

3512 434 3515 437 .
3539 383 3649 443 378

429 507 588 575 μὲνη.
624 504 869 558 Εὐλαϐοῦ
920 504 1084 573 φύσιν
1125 505 1336 576 ἀγαθὴν
1374 506 1752 578 καταισχῦναι,
1796 506 1874 575 τῷ
1910 505 1981 575 μὴ

2093 512 2193 565 tre,
2233 504 2433 556 multos
2483 502 2732 571 egregios
2765 516 2931 566 avos;
2962 500 3135 556 habes
3168 497 3400 553 indolem
3427 484 3651 560 bonam,

424 598 624 670 ζηλοῦν
646 598 768 661 τοὺς
808 599 1047 666 ἀγαθοὺς
1079 600 1185 653 τῶν
1212 600 1508 671 προγόνων.

1522 690 1555 721 ὶ

1145 780 1269 835 ΠΘ’.

492 880 728 947 Σημεῖον
765 877 1023 945 στρατιᾶς
1052 876 1251 943 κακῆς,
1277 875 1372 928 καὶ
1401 875 1626 944 φεύγειν
1658 875 1824 945 οὔσης
1850 876 1988 931 ἑτοί-

426 989 550 1039 μου,
601 971 662 1021 τὸ
704 969 1018 1038 μεθημέραν
1066 969 1287 1030 ἑαυτοὺς
1330 969 1710 1037 ἀφανίζοντας,
1768 969 1987 1040 νύκτωρ

425 1060 754 1128 ἐπιφύεσθαι
783 1062 897 1119 τοῖς
945 1059 1177 1127 ἐχθροῖς.
1213 1060 1367 1126 Μήτε
1418 1058 1547 1127 γοῦν
1592 1060 1755 1121 αὐτὸς
1785 1062 1987 1123 ῗνυκτὸς

422 1154 514 1206 ἐπὶ
542 1155 666 1213 τοὺς
708 1153 935 1221 ἐχθροὺς
970 1152 1273 1221 ὲκδράμῃς,
1303 1151 1367 1219 ἦν
1417 1155 1488 1221 μὴ
1530 1154 1831 1223 κατεπείγῃ
1862 1155 1987 1221 χρό-

421 1262 530 1307 νος,
559 1248 650 1297 καὶ
675 1245 735 1297 τὸ
760 1246 975 1312 νικῆσαι
1008 1246 1276 1313 πρόδηλον
1301 1244 1356 1317 ᾖ,
1387 1246 1418 1312 ἢ
1449 1246 1542 1297 καὶ
1566 1246 1755 1315 ἕτερον
1786 1248 1983 1311 εἰπεῖν,

421 1333 487 1400 ἣν
526 1332 647 1402 μηδ’
680 1336 738 1385 ὲν
768 1333 950 1386 ἐλπίσι
981 1334 1180 1401 κέηται
1208 1334 1268 1386 τὸ
1296 1337 1569 1405 κρατῆσαι
1599 1336 1869 1403 φανερῶς,
1894 1337 1987 1389 καὶ

421 1426 481 1475 τὸ
530 1426 923 1493 ἐπιτεταμένον
963 1426 1061 1492 τῆς
1114 1426 1294 1495 μάχης
1346 1428 1542 1495 ἀπειλῇ
1604 1444 1686 1479 σοι
1732 1427 1983 1479 θάνατον.

423 1516 570 1584 Μήτε
609 1516 715 1585 μὴν
763 1517 872 1569 τῶν
924 1518 1183 1569 ἐναντίων
1218 1518 1409 1578 νυκτὸς
1462 1516 1843 1584 ἐφαλλομένων
1895 1517 1988 1568 ὲκ-

422 1608 684 1674 πλήττου.
710 1607 896 1677 Σκότῳ
924 1607 1055 1676 γὰρ,
1080 1608 1173 1659 καὶ
1191 1606 1371 1675 ψόφῳ,
1396 1608 1489 1659 καὶ
1513 1609 1715 1673 φωναῖς
1743 1607 1989 1670 ἐλπίζον-

421 1714 510 1757 τες
546 1697 787 1765 τρέψειν,
820 1698 880 1749 οὐ
918 1699 1264 1763 γενναιότητι
1295 1698 1498 1766 ψυχῆς,
1545 1698 1662 1749 οὐδὲ
1696 1697 1985 1766 καρτερίᾳ,

423 1788 640 1840 ἐπειδὰν
661 1790 844 1848 αὐτοῖς
865 1790 925 1841 ού
953 1789 1072 1842 κατ’
1096 1789 1316 1851 ἐλπίδας
1340 1791 1562 1859 χωρήσῃ
1584 1790 1875 1858 τούγχείρη
1888 1807 1980 1856 μα,

425 1876 652 1944 μηδενὸς
689 1877 984 1939 διώκοντος
1041 1878 1185 1945 μάλα
1230 1878 1510 1946 φεύγουσι.
1559 1881 1651 1930 Δεῖ
1681 1880 1736 1932 δὲ
1789 1882 1919 1941 πᾶν,
1955 1880 1983 1932 ὃ

328 2004 335 2008 ι
423 1967 606 2020 δίδωσι
660 1969 1119 2037 περιγενήσεσθαι
1166 1969 1490 2038 προσδοκᾷν,
1544 1970 1625 2031 είς
1672 1971 1983 2039 τούμφανὲς

419 2058 575 2125 ἄγειν
628 2063 689 2128 τῇ
731 2063 976 2131 στρατιᾷ,
1021 2062 1167 2123 ὅπως
1202 2063 1265 2113 ἄν
1316 2077 1395 2112 σοι
1451 2060 1836 2122 κοινωνοῦντες
1883 2063 1982 2129 τῆς

417 2150 596 2219 δόξης,
653 2152 969 2221 ἀδεέστερον
1005 2154 1100 2206 καὶ
1140 2153 1233 2205 τοῦ
1283 2154 1520 2222 πολέμου
1567 2154 1979 2222 κοινωνήσαιεν.

418 2244 491 2298 Οὐ
542 2244 702 2312 μόνον
757 2246 865 2315 γὰρ
900 2248 959 2299 τὸ
996 2248 1211 2316 ίσχυρδν
1259 2250 1351 2299 καὶ
1387 2246 1615 2315 φοϐερὸν
1660 2245 1781 2299 καθ’
1828 2248 1980 2313 αὐτὸ,

416 2335 551 2389 ἀλλὰ
577 2336 640 2406 δὴ
671 2338 766 2391 καὶ
816 2341 875 2391 τὸ
917 2338 1108 2391 δοκοῦν
1146 2338 1403 2407 βλάπτειν
1443 2338 1623 2392 εἴωθε.
1679 2340 1759 2391 Τά
1802 2339 1980 2409 πλήθη

418 2431 522 2499 γὰρ
551 2432 629 2494 εἰς
656 2432 813 2497 δόξαν
849 2432 1051 2502 μᾶλλον
1084 2433 1115 2501 ἢ
1145 2433 1374 2501 τάληθὲς
1402 2431 1728 2484 ἀποϐλέπει.

494 2791 671 2843 [ῖίδότι
728 2790 792 2843 ἀν
838 2808 943 2842 που
988 2788 1229 2858 λέγοιμι.
1283 2788 1464 2853 Ἰξεύει
1508 2789 1606 2855 μὲν
1657 2790 1682 2840 ὁ
1715 2787 1983 2858 θηρευτὴς

417 2881 621 2944 αἰετὸν,
681 2881 794 2934 ἀλλ’
847 2880 1174 2949 ἀπροότιτως
1223 2878 1545 2948 ποιούμενον
1595 2877 1691 2941 τὰς
1743 2879 1822 2939 είς
1860 2878 1982 2940 τοὺς

420 2972 686 3041 πτόρθους
722 2975 1075 3037 καταγωγάς.
1116 2972 1224 3023 Καὶ
1258 2970 1397 3022 λέων
1438 2969 1535 3037 μὲν
1566 2968 1841 3022 ἁλίσκεται
1875 2968 1981 3020 πά·

418 3081 563 3130 γαις,
588 3063 706 3115 ἀλλ’
737 3064 1087 3132 ἀπρονοήτως
1117 3063 1366 3131 βαδίζων.
1401 3062 1696 3131 Κορυδαλ.ο“ι
1725 3062 1779 3113 δὲ
1803 3064 1982 3131 πάγης

2091 592 2355 648 divinitus
2384 594 2478 647 tibi
2504 609 2820 648 concessam
2854 607 3037 655 :cave,
3059 592 3370 660 praeclaram
3392 590 3655 653 indolem,

2091 686 2381 755 prmclaros
2408 699 2539 739 avos
2568 686 2710 740 haud
2741 683 3069 749 reumlando,
3100 684 3579 738 dehonestaveris.

2716 774 3004 829 LXXXIX.

2157 865 2396 921 Omnino
2427 868 2641 937 signum
2673 877 2756 922 est
2785 868 3059 922 exercitus
3117 866 3320 935 ignavi,
3372 872 3427 919 et
3450 864 3515 918 ad
3575 863 3660 917 fu-

2090 960 2342 1029 giendum
2377 962 2573 1029 parati,
2609 962 2652 1015 si
2708 962 2919 1028 seipsos
2985 959 3225 1014 interdiu
3286 958 3654 1022 occultantes,

2091 1061 2253 1106 noctu
2289 1053 2470 1107 hostes
2492 1054 2832 1106 adoriantur.
2876 1051 2986 1105 Nec
3014 1052 3181 1120 igitur
3236 1050 3349 1119 ipse
3382 1060 3543 1103 noctu
3596 1052 3649 1103 in

2092 1144 2275 1197 hostes
2309 1146 2668 1212 procurreris.
2714 1145 2817 1198 nisi
2844 1154 3057 1210 tempus
3090 1152 3301 1212 urgeat,
3326 1152 3379 1195 et
3426 1143 3656 1195 victoria

2092 1244 2141 1287 te
2171 1235 2466 1302 potiturum
2498 1237 2776 1289 evidenter
2809 1245 3102 1304 appareat;
3140 1235 3243 1297 Vel,
3278 1245 3336 1287 ut
3366 1234 3522 1287 aliter
3577 1233 3658 1286 lo-

2089 1340 2248 1394 quar,
2284 1326 2329 1379 si
2356 1340 2456 1380 nec
2480 1327 2748 1394 speranda
2780 1327 2851 1381 sit
2904 1336 3092 1394 aperto
3116 1327 3286 1379 Marte
3312 1327 3561 1388 victoria,
3606 1333 3661 1378 et

2092 1432 2285 1484 pugna:
2320 1416 2616 1470 vehemens
2651 1418 2886 1486 impetus
2937 1428 3166 1471 mortem
3241 1418 3336 1471 tibi
3399 1419 3655 1478 minetur,

2088 1521 2191 1560 nec
2215 1507 2543 1562 adversariis
2567 1519 2732 1562 noctu
2766 1518 2816 1563 te
2846 1509 3257 1577 invadentibus,
3314 1509 3500 1561 animo
3530 1523 3657 1575 per-

2091 1601 2348 1656 turberis.
2384 1601 2514 1654 Nam
2551 1602 2675 1668 quia
2709 1603 2966 1668 tenebris,
2992 1613 3045 1657 et
3077 1604 3333 1671 srrepitu,
3359 1610 3416 1655 et
3453 1602 3658 1654 clamo-

2091 1692 2263 1755 ribus,
2299 1707 2401 1745 non
2439 1692 2604 1745 animi
2643 1694 2986 1755 strenuitate,
3016 1709 3114 1747 nec
3142 1693 3385 1747 laborum
3420 1693 3658 1745 toleran—

2092 1781 2181 1843 tia,
2219 1796 2276 1835 se
2312 1791 2437 1835 tuos
2479 1784 2530 1834 in
2573 1782 2754 1850 fugam
2790 1793 3010 1838 acturos
3063 1792 3319 1851 sperant,
3358 1798 3483 1837 cum
3536 1784 3651 1851 pri-

2088 1888 2233 1925 mum
2257 1888 2354 1940 pro
2376 1890 2468 1941 spe
2488 1882 2749 1942 concepta
2781 1883 3007 1929 conatus
3039 1875 3142 1929 iste
3166 1890 3275 1928 non
3297 1873 3652 1935 successerit,

2086 1963 2378 2017 admodum
2405 1976 2770 2033 persequente
2795 1966 3015 2019 nemine
3057 1966 3299 2034 fugiunt.
3330 1966 3507 2020 Debes
3560 1980 3656 2018 au-

2038 2069 2041 2072 ‘
2086 2064 2192 2109 tem
2228 2056 2494 2125 quidquid
2511 2057 2754 2111 victoriae
2782 2073 2935 2126 spem
2958 2058 3055 2111 tibi
3090 2058 3395 2125 pollicetur,
3430 2058 3499 2111 ob
3531 2072 3655 2111 ocu-

2087 2147 2168 2201 los
2200 2149 2463 2202 exercitui
2501 2165 2723 2217 ponere,
2756 2158 2815 2203 ut
2846 2150 2899 2203 in
2920 2150 3233 2220 Opinionem
3274 2159 3420 2203 tuam
3447 2158 3656 2217 pertra-

2086 2242 2179 2305 cti,
2213 2244 2520 2311 promptius
2556 2243 2606 2295 in
2638 2243 2950 2297 societatem
2974 2259 3166 2313 pugnae
3182 2244 3421 2297 veniant.
3445 2242 3657 2311 Quippe

2087 2346 2189 2383 non
2223 2340 2433 2386 tantum
2470 2334 2541 2397 id,
2570 2334 2715 2403 quod
2748 2350 2937 2403 reapse
2970 2335 3208 2389 validum
3241 2345 3344 2399 est,
3374 2350 3436 2387 ac
3468 2334 3656 2390 formi-

2086 2423 2283 2487 dabile,
2321 2441 2507 2478 verum
2529 2427 2691 2479 etiam
2724 2428 2868 2494 quod
2903 2442 3025 2481 esse
3054 2428 3290 2487 videtur,
3349 2441 3546 2479 nocere
3568 2442 3658 2479 so-

2085 2514 2179 2567 let.
2216 2514 2350 2568 Nam
2395 2517 2587 2583 vulgus
2619 2518 2898 2571 hominum
2932 2519 3102 2588 magis
3148 2518 3461 2587 opinionem
3490 2532 3653 2586 quam

2090 2607 2373 2661 veritatem
2410 2618 2641 2678 spectat.

2828 2696 2939 2751 XC.

2158 2793 2344 2848 Dicam
2375 2792 2581 2861 aliquid
2611 2790 3025 2846 non'nescicuti.
3063 2789 3224 2843 Visco
3248 2788 3468 2858 quidem
3505 2789 3659 2859 aqui-

2086 2888 2189 2940 lam
2231 2895 2453 2938 veuator
2482 2885 2647 2953 capit,
2672 2886 2765 2939 sed
2789 2884 3157 2953 imprudenter
3178 2882 3230 2934 in
3260 2883 3513 2935 arbormn
3536 2898 3658 2937 sese

2087 2993 2269 3030 ramos
2292 2976 2686 3030 demitteutem.
2710 2975 2895 3027 Itidem
2920 2976 3002 3027 leo
3026 2973 3279 3043 indagine
3304 2973 3540 3041 capitur,
3561 2974 3658 3028 sed

2089 3078 2291 3123 temere
2334 3068 2709 3137 progrediens.
2748 3066 3002 3120 Galeritm
3052 3066 3181 3119 vero
3226 3065 3499 3118 tendicula
3534 3066 3656 3134 capi

420 3156 682 3222 ἀνώτεροι
711 3156 783 3217 ὡς
812 3154 1220 3208 ὲπιτοπλεῖστόν
1250 3157 1407 3217 εἰσιν,
1450 3156 1524 3216 ὡς
1566 3155 1638 3223 μὴ
1673 3155 1980 3224 προπετῶς,

2088 3162 2406 3232 plerumque
2448 3170 2743 3227 nequeunt,
2769 3159 2915 3228 quod
2952 3176 3055 3212 non
3101 3168 3306 3213 temere
3345 3175 3444 3211 nec
3497 3158 3658 3211 avide

425 3247 558 3315 μηδὲ
592 3246 786 3313 λίχνως
825 3246 934 3297 τῶν
962 3246 1041 3305 είς
1073 3245 1282 3315 τροφὴν
1317 3246 1776 3314 προκαλουμένων
1815 3244 1984 3297 ἁπτό-

425 3356 594 3405 μενοι.
646 3337 788 3389 Ἡδὲ
823 3336 1022 3406 δορκάς
1072 3336 1255 3405 ἔργοις
1302 3337 1484 3398 αὐτοῖς
1518 3337 1826 3389 συνεστῶσα
1865 3335 1986 3388 τοῦ·

420 3448 583 3499 νομα,
612 3429 827 3500 βρόχοις
858 3431 959 3481 οὐκ
989 3430 1260 3491 εὐάλωτος
1290 3431 1553 3497 γίγνεται.
1587 3430 1695 3482 Καὶ
1722 3429 1893 3481 πολλά
1920 3445 1980 3495 γε

420 3523 583 3591 ἕτερα
617 3522 792 3588 πολλῷ
839 3521 1047 3573 τούτων
1093 3522 1420 3590 φαυλότερα,
1474 3521 1643 3590 σοφὴν
1676 3521 1983 3573 ἐπιδεικνύ-

427 3630 559 3680 μενα
594 3614 820 3674 δίαιταν,
854 3613 963 3665 τῶν
993 3613 1451 3665 ἐπιϐουλευόντων
1491 3614 1785 3684 καταγελᾷ.
1819 3613 1982 3663 Ὥστε

423 3708 534 3766 τοῖς
565 3704 875 3773 ἀνθρώποις
906 3707 1235 3775 προσέχουσι
1267 3706 1468 3774 μᾶλλον
1492 3708 1599 3758 τῶν
1634 3707 1839 3776 θηρίων
1870 3704 1986 3769 ἑξέ-

425 3813 545 3848 σται
575 3796 864 3858 ἐπιϐουλὰς
891 3798 1193 3866 διαδρᾶναι.
1228 3798 1431 3867 Πολλῆς
1459 3799 1557 3866 μὲν
1583 3796 1673 3850 οὖν
1702 3798 1985 3866 φροντίδος

420 3885 501 3938 δεῖ
542 3887 635 3938 καὶ
672 3885 910 3946 ίδιώταις
941 3886 1186 3953 ἀνδράσι,
1238 3889 1374 3955 μόνα
1404 3903 1467 3953 γε
1510 3886 1575 3939 τά
1621 3886 1745 3940 κατ’
1788 3885 1983 3948 αὐτοὺς

418 3977 758 4046 ἐνεργοῦσιν,
798 3978 845 4029 εί
896 3977 975 4029 δεῖ
1001 3977 1075 4045 μὴ
1124 3979 1457 4046 πειραθῆναι
1492 3978 1705 4029 πολλῶν
1756 3976 1942 4028 κακῶν
1966 3991 1980 4006 ο

417 4070 529 4130 τοῖς
564 4067 619 4119 δὲ
650 4064 875 4136 λαχοῦσι
917 4068 1285 4137 προΐστασθαι
1332 4068 1711 4137 ἐπιμελεῖσθαι
1749 4067 1856 4119 τῶν
1889 4066 1984 4119 ἄλ-

417 4159 524 4211 λων
552 4157 613 4210 τὸ
636 4159 746 4210 πᾶν
771 4160 828 4210 ὲν
853 4157 930 4225 τῷ
959 4157 1267 4226 φροντίζειν
1294 4158 1442 4211 ἐστὶν
1467 4158 1606 4226 ὑπὲρ
1630 4156 1738 4209 τῶν
1765 4157 1982 4210 κοινῶνο

415 4250 476 4302 τὸ
505 4252 755 4319 προνοεῖν
801 4249 895 4303 καὶ
934 4250 1245 4315 οἰκονομεῖν
1295 4249 1513 4318 φυλακὴ
1548 4250 1657 4301 τῶν
1704 4249 1979 4319 ὑπαρχόν-

416 4357 523 4393 των
546 4341 801 4411 ἀκριϐὴς,
834 4341 943 4392 τῶν
970 4342 1070 4391 οὐκ
1095 4340 1267 4392 δντων
1294 4343 1561 4409 πορισμὸς
1593 4341 1846 4408 ἄφθονος,
1876 4359 1983 4394 σω-

415 4434 578 4501 τηρία
612 4433 721 4485 τῶν
753 4432 856 4485 ὑπὸ
887 4434 1064 4501 χεῖρα,
1096 4433 1312 4501 ἐχθροῖς
1346 4432 1591 4501 ὀλέθριον
1621 4433 1793 4501 βέλος.
1824 4434 1896 4486 Τὸ
1925 4434 1981 4485 δὲ

420 4525 496 4595 μὴ
542 4526 831 4594 προσέχειν
879 4528 970 4577 καὶ
1020 4525 1244 4594 ἀμελεῖν
1296 4524 1653 4593 προκαλεῖται
1700 4530 1769 4578 τὰ
1810 4527 1979 4591 δεινά,

414 4616 706 4683 ἐφέλκεται
736 4616 804 4669 τά
850 4616 1174 4685 βλάπτοντα.
1222 4616 1295 4668 Τὸ
1328 4618 1435 4668 πᾶν
1468 4619 1747 4686 συντόμως
1783 4619 1979 4683 εἰπεῖν,

415 4706 718 4777 διαφθείροι
751 4710 816 4760 ἀν
848 4710 942 4760 καὶ
979 4707 1239 4776 βουκόλῳ,
1284 4710 1384 4761 xal.‘
1406 4710 1636 4775 αἰπόλῳ,
1671 4711 1766 4762 καὶ
1818 4711 1981 4762 ἱππο-

415 4798 603 4868 φορϐᾦ
645 4798 743 4867 τὴν
778 4799 972 4869 ἀρχὴν,
1015 4798 1174 4865 μήτοι
1220 4813 1283 4863 γε
1329 4800 1643 4868 στρατηγῷ.
1680 4799 1817 4863 Τοὺς
1868 4800 1977 4869 γὰρ

416 4890 670 4959 βασιλέας
702 4891 1070 4958 παρέρχομαι,
1098 4888 1418 4957 τηλικοῦτον
1448 4890 1598 4959 ἅρμα
1631 4891 1975 4953 ἐλαύνοντας·

411 4975 489 5034 ὧν
523 4982 632 5050 γὰρ
660 4981 723 5049 δὴ
753 4980 913 5050 χρεία
940 4981 1052 5043 τοῖς
1086 4980 1294 5049 ἥττοσι,
1327 4980 1504 5051 πολλῷ
1531 4999 1593 5048 γε
1627 4984 1828 5036 μᾶλλον
1866 4985 1977 5046 τοῖς

411 5074 739 5145 κρείττοσιν.

1140 5340 1258 5405 ιιΑκ

498 5430 627 5485 Ἰδοὺ
658 5431 753 5483 καὶ
778 5433 872 5484 νῦν
899 5431 1181 5501 εἰρήσεται
1212 5432 1322 5484 τῶν
1350 5433 1667 5499 ἀναγκαίων
1720 5452 1801 5487 σοι
1833 5436 1975 5503 γνῶ-

416 5539 523 5579 eat.
556 5523 616 5574 El
645 5522 1024 5591 ἐπιστημόνως
1054 5539 1136 5583 τις
1171 5524 1285 5585 τοῖς
1326 5524 1430 5577 ἀνά
1459 5527 1649 5595 χεῖρας
1682 5529 1973 5597 πράγμασι

405 5613 607 5682 χρῷτο,
633 5613 784 5666 οὐδὲν
809 5611 1042 5665 κωλύσει
1076 5614 1170 5667 καὶ
1203 5615 1458 5668 τάναντία
1488 5618 1567 5678 είς
1596 5617 1653 5669 ἓν
1685 5634 1737 5670 τι
1785 5619 1973 5688 φέρειν

407 5706 515 5756 τῶν
544 5704 787 5771 ἀγαθῶν.
816 5706 925 5757 Καὶ
967 5706 1161 5757 σκόπει
1187 5705 1249 5774 δή
1287 5723 1375 5773 μοι
1404 5707 1495 5760 τὸν
1533 5708 1714 5773 λόγον.
1749 5710 1821 5762 Τὸ
1871 5710 1972 5779 μὲν

409 5797 515 5863 γαρ
543 5795 894 5865 ἐπιλελῆσθαι
930 5796 1005 5865 τῷ
1051 5798 1359 5867 μεμνῆσθαι
1397 5800 1821 5855 ἐναντιώτατον·
1854 5805 1968 5856 ἀλλ’

2088 3255 2297 3309 soleant
2322 3269 2476 3307 escas
2511 3253 2796 3323 attingere.
2825 3251 3025 3305 Dorcas
3063 3266 3285 3319 quoque
3312 3250 3519 3305 nomini
3554 3267 3653 3304 suo

2087 3360 2144 3399 re
2177 3346 2288 3413 ipsa
2321 3345 2476 3397 ﬁdem
2507 3343 2730 3408 faciens,
2764 3342 2970 3411 laqueis
3012 3342 3153 3396 haud
3201 3341 3360 3397 facile
3407 3344 3525 3411 capi
3561 3358 3657 3413 po—

2088 3447 2207 3493 test.
2232 3438 2416 3491 Itidem
2443 3438 2546 3491 alia
2573 3438 2739 3490 multa
2767 3437 2921 3505 longe
2941 3438 3025 3491 his
3045 3438 3395 3505 ignobiliora,
3417 3438 3657 3493 vafricize

2086 3532 2406 3581 documenta
2448 3529 2738 3598 singularis
2764 3528 2998 3590 edentia,
3032 3529 3211 3582 rident
3240 3543 3356 3589 eos,
3392 3542 3418 3578 a
3452 3528 3655 3596 quibus

2084 3619 2218 3688 ipsis
2245 3620 2457 3674 insidia:
2490 3629 2795 3673 struuntur.
2829 3618 3171 3687 Quapropter
3205 3618 3249 3671 si
3281 3617 3520 3669 animum
3559 3619 3657 3672 ho-

2088 3711 2258 3763 mines
2297 3710 2576 3763 advertere
2611 3711 2800 3776 velint,
2840 3710 3054 3764 felicius
3087 3724 3249 3777 quam
3316 3710 3447 3776 ipsa}
3507 3708 3651 3773 ferte,

2085 3798 2312 3853 insidias
2341 3799 2544 3851 evitare
2575 3808 2849 3867 poterunt.
2888 3798 3179 3852 Enimvero
3246 3812 3440 3866 magna
3466 3797 3651 3863 priva—

2085 3890 2157 3943 tis
2186 3904 2403 3957 quoque
2446 3889 2760 3943 hominibus
2805 3904 2941 3957 Opus
2964 3899 3047 3942 est
3069 3904 3222 3951 cura,
3243 3904 3373 3942 suas
3392 3889 3655 3942 duntaxat

2085 3995 2175 4034 res
2221 3980 2533 4047 agentibus,
2569 3988 2627 4031 ut
2663 3979 2949 4047 complura
2975 3979 3113 4031 mala
3147 3994 3254 4032 non
3280 3978 3631 4048 experiantur

2084 4069 2153 4121 At
2187 4069 2269 4132 iis,
2304 4068 2501 4137 quibus
2539 4069 2730 4137 obtigit
2756 4076 2867 4121 tum
2891 4068 3012 4122 aliis
3046 4084 3302 4138 prmesse,
3333 4079 3442 4122 tum
3462 4084 3650 4123 curam

2083 4174 2269 4212 eorum
2297 4172 2503 4228 gerere,
2524 4174 2736 4212 suuuna
2770 4174 2951 4212 rerum
2986 4159 3038 4211 in
3068 4160 3514 4215 sollieitndinede
3554 4174 3652 4213 ne-

2085 4251 2252 4319 gotiis
2280 4249 2511 4318 publicis
2534 4258 2618 4304 est
2661 4249 2787 4303 sita.
2828 4248 3101 4303 Nimirum
3136 4252 3420 4319 providere
3461 4254 3648 4315 rebus,

2084 4352 2137 4396 et
2163 4344 2380 4397 easdem
2411 4352 2557 4397 recte
2585 4343 2942 4406 constituere,
2988 4343 3338 4412 praesvntium
3377 4343 3647 4397 bonorum

2089 4444 2345 4488 accurata
2372 4434 2831 4498 estconservatio,
2860 4446 2913 4488 et
2940 4434 3234 4502 acquisitio
3282 4436 3502 4502 copiosa
3554 4450 3650 4488 eo-

2087 4541 2226 4588 rum,
2263 4541 2380 4595 quae
2410 4527 3242 4589 desiderantur,etsubditorum
3277 4510 3441 4589 salus,
3468 4537 3522 4581 et
3555 4528 3653 4580 Ιιο-

2085 4618 2258 4672 stilms
2282 4618 2501 4672 exitiale
2564 4618 2754 4672 telum.
2818 4619 3157 4673 Atsecordia
3209 4618 3651 4686 negligentiaqu

2082 4712 2199 4766 dira
2230 4710 2380 4764 elicit
2412 4709 2644 4773 n:ala,et
2670 4710 2895 4763 attrahit
2922 4710 3083 4764 noxia
3114 4726 3129 4774 ;
3164 4708 3420 4763 brevibus
3455 4718 3514 4761 ut
3572 4719 3653 4762 to-

2084 4811 2191 4855 tam
2234 4816 2346 4855 rem
2377 4800 2732 4868 complectar,
2759 4801 2871 4853 hac
2901 4809 2956 4854 et
3012 4800 3270 4865 bubulco,
3295 4808 3349 4852 et
3397 4800 3647 4868 caprario

2082 4893 2381 4963 ctequario
2411 4893 2651 4961 regimen
2692 4906 2854 4945 omne
2884 4892 3206 4961 perdiderit,
3251 4892 3449 4946 nedum
3468 4890 3650 4961 c0pia-

2081 5001 2199 5039 rum
2235 4985 2571 5055 imperatori.
2598 4982 2807 5052 Quippe
2840 4999 2993 5053 reges
3018 4983 3112 5052 qui
3137 4984 3296 5037 talem
3324 4993 3645 5053 tantumque

2080 5091 2302 5130 currum
2336 5084 2526 5143 agunt,
2558 5076 2723 5128 etiam
2741 5074 2960 5129 silentio
3016 5085 3302 5145 praetereo.
3352 5075 3485 5131 Nam
3523 5092 3646 5146 qua:

2085 5184 2170 5224 res
2210 5170 2263 5223 in
2292 5167 2383 5232 iis,
2415 5169 2506 5236 qui
2540 5179 2670 5221 sunt
2696 5166 3003 5235 inferiores,
3052 5168 3225 5224 multo
3250 5171 3421 5241 magis
3444 5174 3497 5225 in
3550 5186 3644 5239 po-

2084 5259 2409 5315 tentioribus
2450 5259 2824 5329 requiruntur.

2786 5349 2919 5404 XCI.

2152 5442 2287 5497 Ecce
2320 5458 2466 5498 nunc
2492 5457 2710 5511 tutoque
2758 5441 2970 5496 dicetur
3015 5444 3218 5513 aliquid
3271 5441 3486 5510 cognitu
3546 5439 3639 5493 tibi

2080 5536 2470 5588 necessarium.
2508 5535 2562 5588 Si
2591 5534 2761 5603 perite
2780 5534 2904 5604 quis
2927 5535 3289 5604 prmsentilius
3313 5543 3497 5585 utatur
3555 5545 3642 5583 re-

2079 5623 2199 5688 bus,
2234 5626 2367 5679 nihil
2401 5627 2674 5696 impedict,
2697 5628 2991 5695 quominus
3025 5636 3079 5680 et
3109 5626 3213 5679 illis
3238 5622 3641 5677 contrarizebo-

2078 5731 2207 5770 num
2228 5717 2292 5771 ad
2319 5718 2531 5787 aliquod
2553 5720 2793 5772 tendant.
2828 5718 2891 5771 Et
2912 5718 3032 5772 vide
3062 5717 3215 5779 mihi,
3236 5729 3441 5782 quzcso,
3468 5713 3639 5765 ratio-

2078 5825 2220 5867 nem.
2271 5811 2528 5866 Oblivisci
2568 5826 2628 5865 ac
2680 5809 3013 5873 meminisse,
3056 5807 3292 5861 maxime
3351 5805 3630 5859 contraria
