4098 6272
531 367 640 428 379

1699 373 2098 436 MANUEIJS
2141 378 2586 440 PAL/EOLllﬁl

3669 387 3784 450 380

523 487 669 532 sunt.
713 478 780 531 At
809 495 937 534 vero
959 479 1258 535 siamboin
1290 482 1410 537 loco
1439 482 1589 550 flant,
1620 493 1784 540 erunt
1811 486 1864 540 in
1900 487 2092 555 primis

2213 494 2248 545 εί
2290 495 2428 562 μετὰ
2463 495 2560 548 τοῦ
2592 494 2784 567 καιροῦ
2815 496 3055 564 γίγνοιτο
3093 495 3262 568 ἄμφω
3289 514 3374 565 γε,
3409 499 3554 552 πάνυ
3583 500 3777 554 καλόνο

525 572 1071 640 bona;c:cteroquiu
1124 580 1416 643 utrumque
1473 575 1720 630 noxium.
1777 578 1957 644 Atque
1995 579 2098 632 Itoc

523 665 618 717 tibi
651 665 795 720 dicto
816 665 1055 734 quodam
1081 666 1472 732 explicabitur,
1501 669 1901 736 complectente
1955 686 2100 740 prte—

522 756 826 826 ceptionem
854 755 1282 826 :enigmaticam,
1309 767 1364 812 ut
1401 769 1635 814 mentem
1670 771 1818 815 tuam
1875 768 2098 828 excitet,

523 864 589 902 ue
620 849 809 903 leviter
844 857 898 904 et
927 852 1262 914 summatim,
1293 867 1416 920 qua:
1481 852 1764 914 dicuntur,
1817 852 2099 922 inspiciat,

521 943 614 995 sed
648 943 981 996 intellectum
1011 957 1200 997 eorum
1227 945 1473 998 studiose
1497 946 1852 1014 pervestiget.
1883 944 1938 998 Si
1960 945 2099 998 obli-

524 1035 739 1091 visccns
764 1051 980 1102 eorum,
1000 1051 1122 1106 qua:
1145 1051 1174 1090 a
1208 1046 1362 1106 tergo
1385 1046 1533 1103 sunt,
1563 1039 1819 1092 ulteriora
1842 1048 2102 1092 contento

524 1144 687 1182 cursu
721 1131 1088 1198 persequaris,
1126 1131 1170 1185 si
1215 1145 1425 1184 memor
1481 1146 1509 1184 a
1547 1140 1698 1200 tergo
1751 1131 2101 1194 relictorum,

529 1235 693 1288 porro
733 1236 792 1275 se
821 1222 1103 1275 oﬂ‘erentia
1139 1223 1362 1276 vitamla
1424 1233 1656 1286 statuas,
1705 1238 1810 1276 non
1861 1223 2102 1290 amissis,

527 1327 649 1380 quae
678 1327 820 1380 pone
851 1323 998 1377 sunt,
1037 1314 1206 1368 etiam
1243 1315 1387 1382 quod
1445 1315 1820 1384 persequeris,
1873 1315 2102 1370 omnino

523 1407 857 1472 assequeris,
877 1415 982 1460 eta
1012 1408 1308 1470 prmteritis
1363 1408 1646 1471 liberatus,
1705 1409 1866 1463 facile
1918 1423 2104 1474 perse—

523 1498 745 1562 quentia
774 1512 991 1568 quooue
1013 1499 1232 1555 vitabis.
1265 1499 1333 1554 At
1357 1503 1474 1556 vice
1497 1516 1678 1566 versa,
1701 1501 1846 1571 quod
1881 1500 2108 1556 exitiale

525 1587 715 1644 fuerit.

1239 1683 1404 1740 XCII.

590 1791 800 1849 Revera
843 1796 1185 1864 splendidum
1231 1806 1609 1852 ornamentum
1642 1807 1694 1852 et
1720 1798 1873 1854 firma
1935 1801 2105 1857 turris
2141 1825 2183 1881 θ

527 1893 613 1937 est
667 1887 1015 1944 taciturnitas
1071 1889 1159 1951 iis.
1212 1890 1308 1960 qui
1353 1905 1415 1945 ea
1467 1891 1676 1959 praediti
1724 1902 1869 1956 sunt.
1923 1891 2110 1950 Potius

525 1984 704 2031 autem
731 1979 1061 2049 junioribus,
1107 1997 1270 2050 quam
1327 1982 1421 2051 qui
1484 1993 1726 2050 vegetam
1785 1985 1848 2037 ad
1896 1994 2108 2040 mtatem

525 2078 558 2133 p
579 2079 838 2131 ~rvenere,
877 2074 1152 2125 convenit.
1185 2069 1300 2124 Imo
1326 2080 1377 2124 et
1403 2071 1547 2126 virili
1575 2076 1756 2142 potius
1786 2075 1930 2128 tutati
1987 2091 2114 2130 eou-

522 2148 671 2210 'venit
725 2174 889 2227 quam
939 2161 1083 2215 virili
1138 2162 1596 2230 provectioribus.
1648 2163 1784 2219 Nam
1843 2166 2112 2237 quidquid

523 2257 683 2303 aetate
724 2250 1063 2318 provectius,
1111 2253 1432 2322 simpliciter
1463 2264 1523 2309 ut
1552 2255 1746 2324 dicam,
1779 2258 2110 2326 experientia

472 2412 476 2416 ἱ
526 2341 731 2410 majore
785 2353 1028 2411 praestat.
1075 2343 1140 2397 Et
1195 2345 1484 2401 decentius
1537 2346 1707 2402 dubio
1759 2349 1945 2418 procul
2005 2361 2110 2417 est,

527 2433 718 2487 audire
755 2435 928 2505 magis
972 2436 1526 2507 experientes,'quam
1574 2439 1807 2494 licenter
1860 2440 2114 2496 rudiores

527 2526 759 2594 garrire.
792 2525 1075 2597 Loquendi
1115 2544 1247 2583 sane
1279 2537 1495 2600 tempus
1527 2530 1632 2586 ltoc
1670 2547 1793 2587 esse
1846 2533 2110 2600 arbitror,

527 2634 651 2672 cum
680 2621 1120 2687 respondendum
1149 2630 1251 2683 est,
1289 2637 1416 2677 cum
1447 2623 1677 2678 crimine
1721 2639 1949 2694 asperso
1991 2641 2114 2681 sus-

474 2766 477 2770 _
523 2707 772 2776 cipienda
823 2709 1096 2776 defensio,
1153 2711 1236 2765 vel
1290 2711 1357 2766 de
1427 2727 1486 2767 re
1531 2714 1787 2782 quapiam
1822 2713 2123 2770 docendus

523 2804 686 2866 alius,
723 2811 869 2856 recte
902 2803 1229 2858 docentibus
1262 2807 1502 2875 cognita,
1554 2807 1897 2878 dicentisque
1933 2809 2115 2878 digni-

523 2895 618 2946 tati
652 2893 1009 2948 conveniente
1038 2912 1052 2960 ;
1080 2911 1308 2965 (litaeque
1340 2899 1570 2967 prolata,
1603 2897 1839 2954 fructum
1874 2901 2113 2963 aliquem

524 2985 781 3051 attulerit,
814 2987 1032 3040 silentio
1075 3003 1276 3054 pressa,
1305 2991 1576 3045 nocuerit.
1604 2990 1914 3064 Caateroqui
1985 3009 2114 3048 vero

523 3075 806 3142 quiescere
863 3085 1102 3144 praestat,
1150 3078 1227 3131 uti
1297 3078 1659 3148 philosophus
1711 3079 1804 3136 ille
1867 3081 2113 3139 medicus

2139 3216 2186 3276 C

527 3166 691 3222 dixit.

1207 3261 1402 3318 XCIII.

595 3373 736 3429 Ante
773 3390 859 3431 res
891 3376 1031 3432 alias
1073 3378 1510 3446 pulcherrimum
1543 3379 1673 3450 quid
1706 3389 1811 3448 est,
1843 3381 1897 3434 in
1935 3380 2115 3436 omni-

530 3467 629 3520 bus
656 3483 818 3521 nosse
839 3469 966 3535 quid
1004 3479 1248 3539 praastet,
1284 3487 1346 3525 ac
1376 3471 1690 3526 facultatem
1747 3472 1948 3525 habere
1977 3487 2116 3540 prte-

525 3557 671 3610 clare
737 3557 954 3612 dicendi
987 3569 1080 3622 ,et
1108 3575 1171 3614 ea
1224 3561 1486 3616 facultate
1542 3563 1777 3615 multum
1815 3559 1990 3615 videri
2047 3561 2112 3614 ad

530 3651 971 3716 p-rsuadeudum
1020 3667 1206 3722 posse,
1249 3669 1548 3723 rerumque
1579 3653 1936 3721 pulchrarum
1961 3667 2115 3706 amo-

527 3758 640 3795 rem
675 3744 946 3811 sapienter
986 3745 1188 3800 auimis
1234 3745 1447 3800 indere.
1482 3743 1588 3800 Sed
1639 3753 1819 3798 tamen
1851 3759 2000 3807 eum,
2023 3746 2114 3812 qui

527 3835 692 3901 norit,
721 3844 774 3890 ct
801 3837 982 3891 verbis
1026 3838 1252 3906 exponit
1299 3837 1548 3903 meliora,
1591 3846 1788 3907 sponte
1845 3836 2116 3892 deteriora

527 3923 728 3989 facere,
759 3943 860 3982 nec
891 3928 1062 3993 dictu,
1097 3944 1196 3983 nec
1227 3930 1464 4000 c0gitatu
1499 3931 1634 3985 tuihi
1687 3930 1911 4001 quidem
1957 3930 2118 3984 facile

529 4016 764 4080 videtur,
797 4020 987 4088 quanti
1046 4036 1133 4075 res
1169 4035 1230 4075 ea
1287 4021 1572 4076 dedecoris
1615 4022 1778 4091 plena
1836 4023 1928 4077 sit.
1978 4019 2114 4074 Nam

530 4121 689 4177 turpe
741 4110 998 4177 quiddam
1058 4120 1165 4176 est,
1224 4112 1428 4167 malum
1491 4113 1727 4177 facinus,
1784 4126 2117 4183 quocunque

532 4205 693 4257 modo
729 4204 819 4257 ﬁat
847 4219 862 4257 :
893 4204 1128 4274 turpius,
1161 4220 1270 4258 non
1302 4205 1619 4274 ignorauter
1657 4205 1963 4267 admissum
1995 4219 2120 4259 sce-

529 4298 619 4352 lus
655 4314 669 4352 :
704 4297 859 4367 longe
925 4298 1330 4366 turpissimum,
1376 4312 1528 4360 eum,
1561 4298 1653 4366 qui
1710 4298 1872 4351 docet
1939 4297 2116 4362 alios,

529 4392 660 4458 quid
698 4406 912 4459 mqu-um
964 4400 1285 4459 rectumque
1315 4389 1404 4452 sit,
1435 4389 1779 4457 aliorumque
1810 4391 1973 4444 vitam
1994 4404 2117 4444 cor-

528 4484 705 4550 rigere
735 4492 938 4551 potest,
970 4483 1214 4552 seipsum
1261 4481 1618 4535 correctionis
1637 4490 1917 4550 expertem
1955 4485 2116 4540 relin-

525 4591 714 4647 qucre.
753 4577 981 4631 Omnem
1015 4577 1118 4631 hoc
1153 4573 1565 4630 excusationem
1605 4575 1764 4630 tollit.

1213 4688 1400 4745 XCIV.

597 4807 936 4878 Temperatm
967 4806 1184 4876 ingenio
1219 4805 1480 4860 doctrinae
1508 4805 1640 4861 nihil
1665 4807 2110 4876 :Pquiparandum

526 4901 696 4966 venit,
734 4902 864 4954 nihil
921 4901 1139 4966 ingenio
1172 4900 1387 4965 melius,
1422 4900 1565 4970 quod
1629 4901 1878 4954 doctrina
1939 4901 2111 4956 collu-

528 5002 763 5046 stratum
799 5001 902 5046 est.
947 4993 1083 5046 Nam
1120 5001 1174 5046 et
1229 4991 1552 5046 alterutrum
1581 5007 1677 5062 per
1715 5007 1775 5046 se
1817 4993 2107 5060 pulchrum

527 5094 580 5136 σει
609 5085 846 5154 optabile
877 5087 1005 5153 quid
1035 5085 1198 5140 luerit
1231 5102 1242 5138 :
1282 5095 1336 5140 at
1384 5101 1512 5140 vero
1545 5087 1590 5139 si
1633 5086 1797 5140 ambo
1826 5093 2023 5139 coeant
2054 5085 2108 5140 in

529 5194 727 5244 unum,
787 5179 975 5232 babth
1031 5196 1192 5248 quam
1247 5181 1590 5245 admiranda,
1641 5196 1804 5249 quam
1867 5180 2108 5250 egregia,

529 5289 692 5340 quam
723 5279 990 5340 praestans
1031 5272 1366 5340 coniunctio.
1407 5273 1663 5327 Animum
1691 5289 1754 5326 ea
1785 5289 1982 5342 purum
2013 5288 2112 5342 pu-

533 5367 730 5418 riorem
785 5363 946 5418 cilicit
977 5381 991 5430 ;
1029 5365 1285 5419 sordibus
1362 5366 1645 5426 refertum,
1708 5365 1866 5418 facile
1893 5365 2108 5429 abluit;

529 5458 775 5526 adeoque
822 5464 930 5510 tam
987 5454 1191 5515 animo,
1248 5469 1412 5524 quam
1465 5454 1578 5523 pari
1641 5454 1766 5526 huic
1810 5454 2062 5508 usuveuit
2095 5495 2110 5520 ,

530 5547 677 5615 quod
701 5547 865 5617 capiti
893 5553 946 5601 et
997 5545 1262 5601 ambabus
1313 5545 1589 5599 manibus.
1613 5542 1748 5598 Nam
1794 5545 1961 5600 altera
1992 5543 2114 5614 qui-

531 5640 652 5693 dem
705 5639 931 5694 alteram
986 5638 1270 5706 abstcrgit,
1300 5651 1421 5691 cum
1457 5651 1577 5689 eam
1609 5637 1675 5689 ad
1728 5652 1841 5690 rem
1883 5647 1931 5691 et
1972 5650 2113 5705 aqua

533 5739 586 5783 rt
621 5748 836 5801 mappa,
873 5741 926 5787 et
956 5731 1098 5784 nitro
1130 5730 1199 5785 sit
1223 5744 1357 5797 opus
1393 5726 1626 5783 :faciem
1655 5742 1806 5792 vero,
1841 5738 1896 5782 et
1931 5735 2111 5794 caput,

540 5832 823 5882 tozumquc
861 5835 1119 5881 praetcrea
1159 5838 1375 5884 corpus,
1413 5834 1610 5874 manus
1641 5821 1813 5874 amb;c
1880 5821 2109 5874 nitidum

2203 586 2376 649 ἄλλως
2404 586 2449 638 δ’
2485 585 2550 638 ἂν
2592 586 2854 656 ἑκάτερον
2879 584 3168 656 βλαϐερόν.
3201 586 3311 640 Καὶ
3349 585 3584 656 δηλώσει
3614 586 3777 656 λόγος

2204 678 2432 742 ἐκείνος,
2476 657 2916 748 αίνιγῇατώδους
2949 676 3329 747 παραινέσεως
3373 678 3782 748 ἐφαπτόμενος,

2205 769 2353 832 ὅπως
2389 787 2474 822 σοι
2521 770 2613 824 τὸν
2659 769 2785 822 νοῦν
2829 770 3093 840 διεγείρῃ,
3151 768 3225 840 μὴ
3273 768 3613 834 ἐπιπολαίως
3647 771 3784 841 όρᾷν

2203 865 2332 924 τοὺς
2377 862 2612 931 λόγους,
2665 862 2782 916 ἀλλ’
2835 861 3119 931 ἐπιμελῶς
3165 860 3424 932 θηρεύειν
3456 862 3557 930 τὴν
3609 861 3782 914 τῶνδε

2207 955 2447 1022 γνῶσιν.
2520 955 2646 1006 Ἐὰν
2695 953 2804 1008 τῶν
2851 953 3076 1007 ὄπισθεν
3128 953 3651 1022 ἐπιλανθανόμενος,
3710 953 3783 1006 τὰ

2209 1043 2399 1112 πρόσω
2436 1060 2498 1110 γε
2525 1042 2727 1113 διώκῃς
2759 1043 2996 1112 συντόνῳ
3037 1043 3261 1113 δρόμῳο
3299 1042 3394 1094 ἐὰν
3427 1043 3784 1111 μεμνημένος

2205 1133 2316 1187 τῶν
2346 1135 2594 1200 ὄπισθεν,
2618 1139 2845 1203 φεύγειν
2880 1134 3141 1206 βουλεύσῃ
3199 1138 3266 1191 τὰ
3297 1135 3610 1206 ἔμπροσθεν
3634 1151 3649 1166 ο
3682 1137 3788 1188 οὐκ

2209 1227 2478 1290 ἀπολέσας
2511 1229 2577 1280 τὰ
2601 1227 2850 1295 ὄπισθεν,
2891 1228 2987 1282 καὶ
3027 1230 3086 1283 τὸ
3117 1229 3455 1298 διωκόμενον
3492 1228 3787 1300 καταλήψῃ

2211 1317 2449 1378 πάντως
2476 1318 2588 1370 τῶν
2619 1333 2680 1370 τε
2700 1317 3026 1385 φθασάντων
3053 1318 3410 1386 ἀπαλλαγεὶς,
3445 1318 3643 1390 ῥᾳδίως
3673 1311 3794 1370 δια-ξ

2211 1410 2385 1481 φεύξῃ
2411 1411 2506 1464 καὶ
2554 1411 2620 1466 τὰ
2663 1411 2952 1467 διώκοντα.
3005 1413 3080 1466 Τὸ
3127 1413 3173 1466 δ’
3222 1409 3626 1480 ὲνηλλαγμένον
3671 1410 3790 1464 ὀλέ-

2211 1505 2382 1572 θριον.

2959 1686 3074 1754 ur.

2291 1800 2357 1854 'H
2377 1801 2556 1870 σιωπὴ
2585 1801 2790 1869 κόσμος
2812 1800 3084 1870 Ααμπρὺς,
3111 1799 3318 1869 πύργος
3349 1799 3559 1883 ἰσχυρὸς
3592 1819 3789 1870 κεκτη-

2215 1892 2418 1962 μένοις.
2467 1894 2749 1963 Προσήκει
2781 1892 2838 1945 δὲ
2873 1892 3165 1961 νεωτέροις
3219 1891 3422 1962 μᾶλλον
3469 1893 3501 1962 ἢ
3554 1896 3662 1955 τοῖς
3708 1895 3789 1956 είς

2211 1986 2394 2057 ἀκμὴν
2417 1988 2769 2056 ἀφιγμένοις.
2808 1987 2869 2038 Ei
2913 1986 2970 2038 δὲ
3000 1985 3183 2055 βούλει
3210 2003 3295 2052 γε,
3329 1986 3424 2038 καὶ
3457 1988 3522 2056 τῇ
3553 1987 3661 2038 τῶν
3692 1987 3786 2038 ἀν-
3831 1991 3840 1997 “

2211 2079 2352 2148 δρῶν
2405 2079 2596 2149 ἡλικίᾳ
2637 2081 2909 2149 προσήκει
2965 2078 3167 2148 μᾶλλον
3218 2079 3250 2148 ἢ
3299 2081 3421 2141 ταῖς
3478 2078 3788 2148 ὑπερϐεϐη-

2212 2170 2395 2234 κυίαις
2425 2171 2517 2224 τὸν
2567 2171 2762 2241 ἄνδρα.
2803 2169 2878 2224 Τὸ
2926 2174 3034 2239 γὰρ
3063 2169 3126 2240 δὴ
3163 2170 3559 2240 πρεσϐύτερον,
3600 2171 3786 2232 ἁπλῶς

2212 2263 2408 2329 εἰπεῖν,
2468 2263 2889 2332 ἐμπειρότερον.
2943 2246 3054 2315 Καὶ
3104 2262 3253 2314 ἔστιν
3303 2260 3543 2331 ἀτεχνῶς
3589 2261 3785 2330 εὐπρε-

2214 2353 2486 2424 πέστερον
2517 2355 2938 2423 ὲμπειροτέρων
2975 2353 3218 2418 ἀκούειν,
3247 2353 3280 2422 ἢ
3311 2351 3779 2423 παρρησιάζεσθαι

2211 2447 2339 2510 τοὺς
2361 2446 2770 2517 ἀπειροτέρους,
2793 2443 2964 2516 Οῐμαι
2990 2447 3053 2516 δὴ
3087 2445 3278 2512 καιρὸν
3299 2440 3437 2497 εἶναι
3462 2444 3557 2498 τοῦ
3589 2446 3788 2511 λέγειν,

2213 2540 2343 2594 ὅταν
2369 2540 2772 2610 ἀποκρίνασθαι
2799 2540 2916 2610 δέῃ,
2963 2540 3092 2592 ὅταν
3120 2537 3530 2606 ἀπολογηθῆναι
3563 2535 3788 2589 διαὸαλ-

2213 2631 2461 2700 λὸμενον,
2496 2633 2530 2702 ἡ
2573 2649 2626 2685 τι
2655 2633 2932 2685 διδάσκειν
2982 2631 3074 2683 τὸν
3107 2631 3316 2700 ἕτερον.
3356 2627 3551 2690 Καλῶς
3583 2643 3647 2694 γε
3677 2629 3791 2687 τοῖς

2213 2719 2525 2773 διδάσκουσι
2569 2721 3039 2790 γιγνωσκόμενον,
3083 2719 3162 2788 τῷ
3210 2717 3454 2788 σχήματί
3484 2734 3538 2774 τε
3581 2716 3792 2785 πρέπον

2213 2811 2308 2865 τοῦ
2340 2812 2610 2876 λέγοντος,
2645 2813 2739 2866 καὶ
2776 2812 2804 2864 ὃ
2855 2811 3046 2882 λεχθὲν
3083 2811 3148 2865 ἂν
3187 2811 3390 2879 ὢνησε,
3429 2807 3707 2878 σιωπηθὲν
3734 2806 3791 2858 δὲ

2214 2905 2470 2974 ἔϐλαψεν.
2508 2905 2716 2968 Ἀλλως
2740 2905 2795 2958 δὲ
2817 2905 3051 2977 ἡσυχίαν
3079 2906 3236 2974 ἄγειν
3261 2903 3495 2974 βέλτιον,
3526 2903 3668 2956 κατὰ
3701 2900 3791 2953 τὸν

2216 2997 2510 3068 φιλόσοφον
2541 2999 2621 3051 ίατ
2631 2999 2746 3069 ρόν.

2925 3266 3041 3335 LJ".

2290 3368 2592 3440 Κάλλιστον
2640 3383 2840 3436 ειδέναι
2880 3382 2941 3434 τδ
2983 3381 3196 3452 βέλτιον
3220 3381 3311 3435 ἐπὶ
3348 3382 3458 3435 τῶν
3510 3381 3769 3446 ἁπάντων,

2217 3477 2308 3532 καὶ
2341 3477 2573 3546 δύναμιν
2606 3475 2754 3545 ἔχειν
2784 3473 2965 3538 καλῶς
2993 3476 3192 3538 εἰπεῖν,
3222 3476 3316 3531 καὶ
3356 3475 3571 3528 πιθανὸν
3601 3472 3773 3541 ταύτῃ

2216 3570 2413 3634 δοκεῖν,
2447 3571 2540 3622 καὶ
2595 3569 2686 3622 τὸν
2732 3568 2841 3622 τῶν
2894 3569 3078 3622 καλῶν
3133 3569 3311 3639 ἔρωτα
3364 3569 3542 3637 σοφῶς
3582 3567 3774 3636 ψυχαῖς

2217 3658 2571 3728 ὲμφυτεύειν.
2612 3658 2804 3712 Είδότα
2833 3657 2879 3710 δ’
2911 3657 3026 3722 οὖν,
3051 3657 3170 3712 -καὶ
3215 3656 3442 3725 λέγοντα
3472 3657 3538 3710 τὰ
3571 3655 3781 3727 βελτίω.

2219 3752 2286 3806 τὰ
2315 3753 2484 3822 χείρω
2508 3752 2767 3821 πράττειν
2792 3751 3006 3814 ἑκόντα,
3031 3747 3140 3803 οὔτ’
3165 3749 3367 3812 εἰπεῖν,
3399 3747 3512 3801 οὕτ⁹
3542 3749 3788 3815 ἐννοῆσαι

2221 3844 2403 3914 ῥᾴδιον
2439 3843 2566 3914 ἐμοὶ
2597 3843 2874 3911 φαίνεται,
2922 3843 3055 3912 ὅσης
3091 3841 3357 3912 αἰσχύνης
3395 3843 3594 3911 μεστόν
3623 3841 3790 3891 ἐστιν.

2219 3935 2455 4005 Αἰσχρδν
2489 3934 2586 4005 μὲν
2609 3936 2718 4004 γὰρ
2743 3935 2942 4002 πρᾶξις
2969 3935 3134 4003 κακὴ,
3161 3935 3309 3995 ὅπως
3333 3932 3455 3985 ποτ’
3477 3931 3544 3984 ἂν
3561 3930 3791 3998 γένοιτο⁶

2219 4026 2431 4097 αἴσχιον
2455 4026 2515 4078 δὲ
2545 4025 2606 4078 τὸ
2659 4025 2850 4091 κακὸν,
2908 4025 3008 4078 οὐκ
3046 4024 3261 4094 ἁγνοίᾳὶ
3287 4023 3586 4092 γινόμενονο
3615 4020 3797 4088 αἰσχι-

2221 4136 2345 4172 στον
2383 4119 2502 4190 μεθ’
2537 4119 2846 4189 ὑπερόολῆς
2878 4119 2939 4171 τὸ
2962 4117 3090 4182 τοὺς
3121 4116 3353 4188 ’ἑτέρους
3382 4113 3706 4167 διδάσκοντα
3733 4111 3796 4164 τὺ

2220 4213 2542 4282 προσῆκον,
2595 4214 2690 4265 καὶ
2749 4211 2902 4280 βίους
2962 4210 3139 4265 ἄλλων
3196 4209 3392 4279 ὀρθοῦν
3451 4205 3792 4275 δυνάμενον,

2219 4304 2383 4357 αὑτὸν
2412 4306 2602 4374 τηρεῖν
2633 4303 2995 4375 ἀδιόρθωτον.
3034 4302 3206 4356 Τοῦτο
3237 4304 3421 4356 πᾶσαν
3458 4299 3794 4369 παραίτησιν

2217 4399 2458 4467 ἀναιρεῖ.

2959 4685 3074 4751 ιτΑν.

2290 4802 2458 4856 Οὐδὲν
2491 4799 2679 4869 σοφίας
2710 4799 2984 4864 ἀντάξιον,
3005 4799 3203 4868 εὐφυΐᾳ
3234 4793 3660 4866 συγκραθείσης·
3686 4789 3795 4843 οὐδ’

2216 4897 2446 4964 εὐφυΐας
2473 4896 2699 4966 ἄμεινον
2738 4894 2901 4965 σοφίᾳ
2930 4893 3453 4962 λελαμπρυσμένης.
3505 4887 3795 4954 Ἑκάτερον

2220 4989 2320 5060 μὲν
2354 4988 2464 5060 γὰρ
2501 4988 2666 5041 καλὸν
2695 4990 2789 5042 καὶ
2818 4987 3056 5054 ζηλωτὸν
3082 4987 3149 5039 ἂν
3180 4988 3290 5057 εἴη·
3324 4987 3374 5038 εί
3403 4985 3460 5038 δὲ
3479 4983 3794 5054 συνέλθοιεν

2215 5081 2403 5151 ἄμφω,
2430 5079 2593 5150 βαϐαὶ
2610 5080 2712 5149 τῆς
2741 5079 3039 5145 συζυγίαςι
3071 5079 3145 5143 ὡς
3164 5078 3463 5147 θαυμασία,
3489 5078 3565 5138 ὡς
3589 5074 3794 5143 ἀγαθὴ,

2214 5173 2288 5236 ὡς
2313 5174 2540 5243 ἀρίστηὲ
2569 5173 2834 5243 Καθαρὰν
2861 5173 2959 5241 μὲν
2984 5171 3151 5225 οὖσαν
3180 5170 3278 5242 τὴν
3309 5170 3512 5239 ψυχὴν,
3533 5167 3792 5236 καθαρω-

2214 5266 2378 5335 τέραν
2402 5267 2653 5336 ἐμφαίνει
2675 5282 2689 5297 ο
2723 5265 2892 5336 ῥύπου
2915 5266 2970 5318 δὲ
2995 5263 3460 5336 πεπληρωμένην,
3485 5260 3790 5315 ἀποπλύνει

2216 5357 2435 5426 ῥᾳδίως.
2456 5357 2564 5410 Καὶ
2582 5357 2867 5428 συμϐαίνει
2881 5359 2944 5428 τῇ
2967 5358 3113 5429 ψυχῇ
3132 5360 3226 5410 καὶ
3243 5360 3308 5427 τῇ
3329 5353 3793 5425 ξυνωρίδιταῦτῃν

2215 5451 2243 5503 ὅ
2271 5466 2334 5517 γε
2365 5449 2428 5514 δὴ
2492 5452 2558 5519 τῇ
2592 5451 2804 5520 κεφαλῇ
2853 5451 2948 5503 καὶ
2977 5453 3100 5502 ταῖν
3132 5451 3315 5519 χεροῖν
3349 5445 3726 5516 ἀμφοτέραις·
3759 5445 3792 5512 ἡ

2215 5543 2324 5612 γὰρ
2341 5543 2503 5614 ἑτέρα
2526 5543 2627 5612 τὴν
2648 5542 2842 5612 λοιπὴν
2865 5541 3202 5611 ἀποσμήχει,
3223 5537 3374 5593 ὕδατί
3395 5555 3476 5600 τε,
3493 5538 3593 5590 καὶ
3619 5533 3796 5604 ἐκμά-

2216 5649 2367 5701 κτρῳ
2388 5634 2480 5686 καὶ
2503 5633 2667 5703 νίτρῳ
2689 5633 2752 5700 γέ
2777 5649 2880 5685 που
2911 5633 3128 5700 δεῆσαν.
3155 5633 3452 5701 Πρόσωπον
3490 5627 3547 5680 δὲ
3575 5629 3667 5679 καὶ
3703 5641 3794 5677 κε-

2218 5725 2416 5796 φαλὴν,
2459 5725 2555 5777 καὶ
2587 5724 2723 5794 πρός
2749 5741 2812 5791 γε
2847 5723 2930 5777 ἔτι
2970 5725 3079 5777 πᾶν
3114 5711 3298 5792 σῶμα,
3335 5721 3650 5789 ἀμφότεραι
3695 5733 3797 5767 κα-

2218 5818 2500 5872 θαίρουσιν
2548 5815 2601 5868 αἱ
2629 5819 2829 5878 γεῖοες.
2857 5813 3039 5866 Ὗδωο
3073 5813 3148 5874 δὲ,
3184 5812 3276 5866 καὶ
3327 5809 3664 5873 ἔκμακτρον,
3697 5803 3795 5857 καὶ
