4098 6272
426 350 521 410 38ῐ

1404 361 1817 425 PR/ECEPTA
1859 366 2330 428 EDUCATIONI
2343 369 2382 428 S
2427 369 2699 431 REGI/ﬁ.
2727 423 2729 425 .

3568 370 3676 432 382

425 465 606 527 νίτρον
631 456 772 514 εἷναι
793 463 1011 530 λογίζου
1039 467 1287 535 εὐροίας,
1318 471 1412 523 καὶ
1444 471 1656 540 σοφίας,
1690 474 1784 526 καὶ
1799 473 1977 542 ψυχῆς

2106 476 2358 530 reddunt.
2385 474 2592 545 Aquam
2622 481 2821 538 autem,
2859 482 2914 527 et
2940 487 3210 542 mappam,
3251 481 3305 526 et
3333 473 3676 531 nitrumesse

424 551 647 622 πρᾶξιν,
684 556 944 624 σπουδὴν,
979 561 1306 630 καρτερίαν.

1156 743 1272 808 ιιιῐν.

499 827 769 898 Στοχάζου
815 848 906 900 μοι
936 834 1047 895 τοῖς
1074 834 1318 900 φθάσασι
1353 836 1448 888 καὶ
1482 839 1592 899 τοῖς
1620 837 1856 908 παροῦσι
1889 839 2000 892 τῶν

433 921 736 988 μελλόντων
761 939 774 952 ·
811 925 910 976 καὶ
957 923 1103 978 λεῖον
1154 928 1252 995 μέν
1302 944 1384 979 σοι
1422 928 1512 980 τὸν
1551 930 1744 998 καιρὸν
1777 929 2000 983 ἔσεσθαι

429 1012 765 1079 προσδοκῶν,
796 1017 947 1079 ὅπως
976 1017 1051 1085 μὴ
1082 1017 1418 1088 τραχύτερον
1446 1019 1756 1090 ἀποφήνῃς.
1789 1021 1999 1089 ἀμελὴς

426 1101 720 1168 γενόμενος
743 1109 866 1164 ταῖς
903 1110 1302 1178 χρηστοτέραις
1334 1111 1571 1176 ἐλπίσιν,
1607 1114 1745 1180 ὅπερ
1779 1114 1826 1164 oi
1864 1113 1996 1164 πολ-

424 1193 508 1246 λοὶ
538 1196 830 1265 πάσχουσι·
855 1199 1092 1269 δυσχερῆ
1116 1202 1174 1254 δὲ
1200 1204 1297 1254 καὶ
1316 1205 1593 1273 προσάντη
1622 1205 1689 1258 τὰ
1712 1204 1998 1274 πράγμαθ’

425 1283 768 1353 ὑποπτεύων,
827 1290 1004 1359 πειρῶ
1070 1294 1466 1363 συναιρόμενον
1521 1293 1618 1347 τοῦ
1686 1295 2000 1364 κρείττονος

424 1376 751 1442 μεταϐαλεῖν
831 1382 914 1441 είς
981 1381 1042 1433 τὸ
1089 1381 1325 1450 βέλτιον,
1371 1384 1555 1453 ψυχῆς
1598 1383 1896 1453 θερμότητί
1937 1401 2000 1435 τε

423 1469 517 1519 καὶ
543 1469 876 1540 ὲδραιότητι,
907 1472 1003 1526 καὶ
1030 1475 1258 1543 προσέτι
1285 1474 1570 1543 λογισμοῖς
1604 1477 1821 1528 συνέσει
1845 1492 2003 1528 κεκι-

420 1560 703 1626 νημένοις,
732 1560 802 1614 δι’
833 1554 908 1615 ὧν
961 1562 1180 1627 πολλοῖς
1217 1564 1498 1633 ἐξεγένετο
1528 1564 1790 1632 ἁφύκτων
1823 1567 2002 1623 ἀπαλ-

421 1647 676 1718 λαγῆναι.
713 1653 943 1722 Χαίρειν
974 1654 1032 1708 δὲ
1079 1656 1383 1722 πρλύποσιν
1436 1657 1749 1730 ἀνθρώποις
1784 1659 1878 1711 καὶ
1905 1677 2000 1728 χα-

424 1740 706 1802 μαιλέουσι
739 1745 977 1814 φράσας,
1008 1747 1171 1810 αὐτὸς
1197 1747 1348 1811 ἀξίου
1375 1748 1665 1812 φαίνεσθαι
1699 1751 1728 1802 ὁ
1756 1749 1916 1811 αὐτὸς
1941 1751 1998 1803 ὲν

2103 569 2367 636 cogitabis
2388 566 2613 636 ingenii,
2633 565 2896 622 doctrinae
2919 565 3086 618 animi
3105 564 3395 634 actionem,
3411 567 3676 636 studium,

2102 663 2505 717 assiduitatem.

2809 749 2970 805 XCV.

2171 845 2396 915 Oportet
2425 860 2491 898 ex
2547 843 2834 914 praeteritis
2880 853 2933 897 et
2968 844 3328 912 praesentibus
3367 844 3435 899 de
3477 843 3676 902 futuris

2102 941 2471 1009 conjecturam
2497 947 2550 993 te
2581 935 2777 992 facere.
2801 937 3049 1005 Cumque
3074 937 3284 1006 placido
3304 945 3355 992 te
3381 937 3674 993 fruiturum

2101 1039 2344 1098 tempore
2373 1044 2580 1096 speras.
2615 1043 2747 1084 cave
2777 1027 2918 1083 faxis
2961 1027 3236 1092 acerbius,
3271 1029 3550 1100 negligens
3605 1033 3675 1085 ob

2101 1136 2249 1190 spem
2289 1120 2568 1174 meliorem
2605 1118 2799 1181 fartus,
2827 1119 2969 1187 quod
3003 1119 3376 1186 compluribus
3431 1120 3678 1174 accidere

2102 1211 2257 1266 solet.
2289 1210 2359 1264 At
2388 1226 2510 1264 cum
2540 1213 2833 1264 immittere
2864 1209 3107 1264 difﬁcilia
3129 1211 3449 1278 suspicaris.
3476 1211 3679 1266 ardua-

2102 1315 2210 1370 que
2242 1300 2479 1369 negotia,
2507 1299 2692 1354 divino
2739 1299 2965 1367 juvante
2995 1301 3240 1363 numine,
3281 1301 3335 1353 in
3367 1301 3563 1355 melius
3609 1316 3675 1356 ea

2103 1400 2442 1446 commutare
2488 1391 2685 1453 nitere,
2722 1399 2835 1442 tum
2867 1389 3074 1444 fervido
3105 1391 3309 1460 impetu
3331 1392 3674 1446 constantia-

2103 1497 2210 1552 que
2236 1482 2431 1546 animi,
2465 1491 2577 1536 tum
2635 1481 2798 1537 etiam
2846 1482 3107 1550 profectis
3133 1498 3164 1537 a
3198 1483 3490 1552 prudentia
3524 1483 3676 1552 cogi-

2105 1573 2430 1638 tationibus,
2463 1587 2560 1642 per
2586 1586 2724 1639 quas
2783 1570 3194 1627 inevitabilibus
3249 1572 3404 1626 malis
3452 1572 3675 1628 liberari

2103 1665 2349 1736 pluribus
2379 1663 2627 1730 contigit.
2658 1663 2771 1717 Illis
2799 1670 2980 1716 autem
3005 1663 3340 1730 hominibus,
3369 1663 3460 1732 qui
3491 1664 3674 1735 polypi

2102 1764 2307 1812 suntet
2335 1753 2776 1817 cltamazleontes,
2807 1755 2987 1808 valere
3031 1753 3202 1823 jussis
3255 1753 3506 1808 eumdem
3559 1755 3673 1824 ipse

423 1830 594 1884 ἅπασι
614 1835 725 1895 τοῖς
753 1839 986 1904 καιροῖς·
1019 1838 1113 1891 καὶ
1141 1837 1216 1909 μὴ
1249 1838 1745 1908 μεταϐαλλομένοις
1782 1841 1984 1905 τούτοις

2097 1846 2306 1899 cum-tis
2347 1843 2682 1913 temporibus
2716 1844 2973 1898 exhibere
3008 1854 3059 1898 te
3079 1843 3230 1904 velis,
3265 1858 3364 1898 nec
3414 1859 3534 1898 cum
3568 1844 3670 1906 eis,

423 1923 972 1991 συμμεταϐάλλεσθαι
1003 1934 1142 1996 προς
1175 1929 1204 1981 ὃ
1248 1945 1301 1981 τι
1333 1929 1400 1982 ἂν
1444 1929 1814 1999 μεταϐληθεὶς
1874 1932 1993 2000 χεί-

421 2029 532 2079 ρων
577 2013 756 2084 δόξῃς.
809 2017 968 2069 Οὕτω
1017 2019 1075 2071 δὲ
1125 2019 1438 2086 διατεθεὶς,
1470 2021 1567 2075 καὶ
1631 2020 1804 2085 οὕτως
1855 2023 1994 2092 ἔχων

417 2118 480 2169 γε
515 2105 767 2176 γνώμης,
799 2109 975 2178 πειρῶ
997 2110 1207 2182 φέρειν,
1232 2113 1370 2183 ὅπερ
1396 2113 1464 2168 ἂν
1485 2114 1513 2167 ό
1535 2113 1667 2177 Θεὸς
1688 2111 1838 2184 διδῷ,
1868 2131 1994 2183 γεν-

419 2196 609 2259 ναίως.

1146 2301 1280 2366 lxi-7'-

486 2382 707 2436 Μᾶλλον
755 2386 983 2457 ἀνόητός
1019 2391 1190 2458 ἐστιν,
1239 2397 1287 2447 εί
1319 2397 1416 2450 καὶ
1443 2399 1750 2470 παράδοξον
1788 2404 1987 2472 εἰπεῖν,

303 2479 306 2482 ’
416 2473 510 2525 τοῦ
560 2476 636 2546 μὴ
687 2478 892 2541 είδότος
943 2498 998 2534 τι
1053 2486 1313 2552 χρηστὸν,
1359 2490 1494 2558 μηδὲ
1550 2494 1926 2562 ἐνεργοῦντος,
1963 2499 1992 2550 ό

421 2565 601 2658 πάντα
655 2567 756 2636 μὲν
807 2571 988 2658 εἰδὼς,
1031 2574 1068 2626 ἃ
1123 2574 1254 2646 χρὴ,
1293 2581 1467 2649 μηδὲν
1518 2583 1576 2636 δὲ
1619 2584 1729 2638 τῶν
1762 2585 1992 2642 δεόντων

419 2655 815 2726 ἐργαζόμενος.
856 2655 1097 2718 Ἄτοπον
1143 2668 1255 2736 γὰρ
1295 2670 1578 2738 ἐπιεικῶς,
1625 2676 1992 2746 ἐπιστάμενον

419 2747 602 2812 καλῶς
647 2749 674 2802 ὅ
707 2760 758 2802 τι
795 2753 1068 2808 συνοίσειν
1122 2752 1232 2811 οἷόν
1280 2778 1363 2827 τε,
1395 2764 1728 2832 ἐργάζεσθαι
1760 2768 1830 2821 τά
1861 2769 1992 2840 βλά-

420 2855 639 2896 πτοντα.
666 2843 1084 2915 Σωφρονοῦντος
1125 2851 1233 2921 γάρ
1267 2853 1484 2923 ἀνδρὸς,
1523 2857 1616 2910 τδν
1667 2859 1881 2914 ὗλισθον
1911 2863 1991 2914 εί-

417 2931 565 2995 δότα,
610 2934 900 3008 ἀποπηδᾷν
927 2956 942 2970 ο
975 2943 1071 2994 καὶ
1125 2943 1493 3015 μελαγχολίαν
1545 2950 1829 3015 νοσοῦντος
1869 2952 1990 3006 κατ’

416 3017 639 3085 ἄγνοιαν
672 3027 1036 3092 παραπαίειν.
1066 3030 1139 3082 Τὸ
1162 3031 1219 3084 δὲ
1251 3035 1445 3089 ἑκόντα
1472 3037 1635 3092 ’τοῦτο
1664 3042 1862 3105 ποιεῖν,
1894 3041 1990 3095 καὶ

2094 1937 2305 2008 quoties
2339 1945 2641 2000 mutantur,
2693 1950 2802 1988 una
2827 1933 3028 1989 mutari
3064 1952 3078 1988 :
3113 1935 3418 2004 praesertim
3474 1935 3520 1988 si
3554 1949 3674 1988 mn-

2095 2029 2298 2084 tatione
2332 2035 2541 2090 secuta,
2567 2027 2807 2082 deterior
2855 2042 2975 2082 esse
3011 2026 3188 2083 factus
3237 2027 3527 2081 videberis.
3579 2028 3672 2084 Sic

2092 2132 2274 2176 autem
2324 2120 2764 2194 aﬂ'eetus,atque
2814 2119 2918 2175 hoc
2967 2120 3152 2173 animo
3201 2119 3483 2188 praeditus,
3510 2119 3672 2173 enixe

2093 2211 2248 2267 dabis
2267 2226 2512 2282 operam,
2558 2219 2616 2265 ut
2653 2209 2784 2280 quid
2823 2212 2964 2264 Deus
3003 2209 3230 2276 dederit,
3266 2208 3480 2264 fortiter
3507 2208 3668 2264 feras.

2775 2301 2964 2358 XCVI.

2775 2304 2913 2357 XCV
2948 2343 2964 2358 .

2164 2386 2271 2442 Res
2313 2387 2528 2457 quidem
2565 2386 2749 2441 auditu
2807 2304 2944 2458 nqu
2971 2394 3026 2443 et
3055 2385 3323 2452 insolens,
3351 2387 3445 2443 sed
3489 2395 3671 2441 tamen

2091 2493 2175 2542 eo,
2205 2479 2291 2547 qui
2319 2494 2416 2534 nec
2447 2479 2573 2533 boni
2602 2478 2894 2547 quidquam
2927 2478 3100 2544 novit,
3125 2494 3225 2534 nec
3250 2479 3400 2544 facit,
3423 2480 3674 2535 stolidior

2093 2573 2138 2626 is
2200 2583 2304 2634 est,
2341 2571 2433 2640 qui
2466 2571 2618 2626 novit
2647 2573 2828 2626 omnia
2883 2586 3007 2640 qua:
3067 2573 3210 2627 seire
3269 2574 3522 2627 convenit
3563 2589 3577 2624 :
3617 2582 3672 2626 at

2077 2664 2229 2717 .nihil
2259 2676 2473 2729 eorum,
2505 2677 2627 2732 qua:
2663 2663 2778 2717 fieri
2821 2678 2919 2731 par
2948 2671 3086 2728 erat,
3114 2663 3263 2717 facit.
3291 2663 3505 2716 Etenim
3538 2662 3672 2718 satis

2093 2755 2390 2810 absurdum
2422 2764 2528 2817 est,
2563 2769 2687 2810 eum
2737 2754 2830 2824 qui
2865 2762 3011 2807 recte
3054 2753 3216 2818 sciat,
3257 2753 3525 2824 quidquid
3574 2770 3674 2808 ex-

2094 2847 2275 2917 pedire
2309 2848 2500 2915 possit,
2523 2845 2684 2900 noxia
2724 2845 2922 2900 facere.
2960 2843 3076 2898 Viri
3123 2860 3358 2914 namque
3388 2845 3670 2914 prudentis

2091 2946 2194 3004 est,
2234 2938 2280 2991 si
2312 2935 2440 3006 quid
2484 2936 2748 2989 lubricum
2799 2934 2967 3002 norit,
3006 2936 3072 2990 ab
3124 2951 3190 2989 eo
3251 2936 3482 3000 resilire,
3525 2937 3670 2990 sicut

2093 3028 2233 3098 ejus,
2267 3028 2360 3097 qui
2420 3027 2774 3081 melancholia
2831 3027 3065 3091 laborat,
3104 3020 3204 3097 per
3273 3027 3668 3097 ignorationem

416 3115 1018 3218 παρὸνάπαλλαγῆναι,
1056 3124 1130 3194 μὴ
1163 3125 1470 3195 βούλεσθαι,
1523 3130 1643 3195 πῶς
1675 3133 1775 3187 οὐκ
1808 3134 1984 3202 αίνίγ-

2097 3120 2351 3176 delirare.
2383 3117 2450 3173 At
2480 3133 2610 3174 vero
2639 3119 2893 3173 consulto
2931 3118 2981 3173 id
3015 3117 3217 3183 facere,
3249 3133 3483 3188 cumque
3530 3118 3672 3172 desi-

418 3219 548 3271 ματι
576 3204 720 3260 ἔοικε
745 3225 760 3274 ;
793 3211 904 3263 Kal.
935 3214 1250 3282 κρείττονος
1280 3219 1374 3271 τοῦ
1409 3219 1666 3286 λύσοντος
1692 3224 1752 3276 τὸ
1778 3224 1984 3294 ἄπορον

2095 3224 2237 3271 stere
2262 3214 2438 3276 liceat,
2469 3211 2744 3280 nolle,quo
2773 3220 2930 3280 pacto
2964 3227 3069 3266 non
3094 3211 3367 3282 :enigmati
3393 3212 3655 3280 quiddam

413 3294 546 3363 ἡμῖν
576 3295 745 3350 δεῖται
793 3299 824 3370 ἢ
868 3305 1010 3356 κατά
1055 3304 1146 3358 τὸν
1193 3308 1362 3361 πάλαι
1403 3310 1679 3366 Οἰδίποδα.
1733 3313 1837 3366 Τὸν
1878 3317 1987 3386 γὰρ

418 3386 490 3452 μὴ
524 3387 823 3458 δυνάμενον
853 3393 1056 3459 γνῶναι
1102 3397 1206 3451 κᾶν
1236 3400 1428 3471 ἐχθρὸς
1465 3403 1701 3472 ἠλέησεν
1731 3405 1987 3478 dii-ap"?

350 3479 354 3483 ’
419 3479 709 3542 σαντα.⁶ὐς
727 3481 770 3532 δ’
794 3482 861 3537 ἂν
884 3487 1225 3559 γευσάμενος
1247 3491 1342 3546 τοῦ
1364 3495 1622 3564 χρηστοῦ,
1645 3496 1816 3549 ἔπειτ’
1834 3493 1992 3561 αὖθις

415 3566 577 3621 αὑτὸν
597 3571 777 3642 ἔκδοίη
803 3577 1028 3644 φαύλοις
1079 3581 1407 3652 πράγμασιν
1437 3587 1558 3656 (οὐχ
1584 3582 1748 3657 ἦττον
1767 3587 1824 3640 δὲ
1861 3590 1988 3658 περὶ

415 3658 654 3725 ἐμαυτοῦ
681 3661 824 3730 λέγω
857 3666 890 3736 ἢ
920 3672 1047 3740 περὶ
1091 3675 1312 3727 πάντων
1342 3675 1700 3746 ἀνθρώπων),
1737 3676 1840 3728 κᾶν
1885 3678 1985 3729 αὑ-

413 3751 503 3814 τὸς
536 3753 697 3807 αὑτὸν
730 3758 957 3824 είκότως
995 3767 1300 3834 μισήσειεν.
1353 3769 1430 3822 Οὐ
1482 3769 1618 3838 πρὸς
1665 3769 1858 3838 ἀνδρὸς
1891 3764 1984 3821 οὖν

415 3841 622 3908 ἀγαθοῦ
655 3847 859 3902 είδέναι
888 3857 980 3904 καὶ
1005 3855 1298 3925 διδάσκειν,
1323 3859 1358 3912 ἃ
1387 3859 1515 3929 χρὴ,
1549 3861 1724 3912 ἔπειτ’
1747 3859 1987 3927 ἀποφαί-

414 3949 527 3985 νειν
550 3936 734 4004 αὑτὸν,
766 3933 846 4001 οἷς
873 3942 933 3993 οὐ
968 3945 1094 4014 χρὴ,
1131 3946 1475 4003 δουλεύοντα.

2094 3315 2180 3360 est
2207 3303 2382 3358 simile
2411 3303 2435 3357 ?
2463 3302 2756 3357 Subtiliore
2786 3302 3007 3373 quidem
3049 3305 3203 3359 nobis
3227 3319 3363 3374 Opus
3392 3315 3474 3360 est
3501 3306 3672 3359 inter-

2096 3404 2269 3464 prete,
2305 3395 2370 3448 ad
2411 3393 2819 3449 dissolvendum
2847 3397 2944 3448 hoc
2973 3393 3223 3458 dubium,
3253 3409 3412 3461 quam
3453 3395 3667 3462 priscns

2098 3489 2187 3544 ille
2219 3487 2380 3542 fuerit
2410 3487 2668 3556 (Edipns.
2697 3485 2943 3541 [luminis
2969 3485 3110 3540 enim
3145 3486 3351 3553 judicio
3399 3486 3670 3552 cognitio-

2089 3596 2267 3651 neque
2316 3580 2583 3644 destituti,
2614 3579 2659 3634 si
2717 3577 2900 3647 lapsus
2935 3577 3026 3640 sit,
3068 3575 3151 3630 vel
3194 3574 3363 3631 hostis
3411 3577 3667 3632 misertus

2091 3671 2276 3726 fuerit.
2310 3671 2378 3723 At.
2421 3671 2516 3739 qui
2575 3671 2860 3736 degustato
2918 3669 3057 3721 bono
3105 3666 3303 3720 deinde
3352 3681 3410 3720 se
3485 3667 3661 3736 ipsum

2089 3775 2282 3815 rursus
2342 3759 2522 3825 pravis
2565 3761 2730 3813 rebus
2777 3757 3050 3812 addixerit
3086 3760 3210 3824 (nec
3261 3757 3442 3810 minus
3482 3757 3547 3811 de
3578 3773 3664 3812 me

2088 3851 2204 3920 ipso
2256 3863 2419 3918 quam
2459 3848 2784 3902 mortalibus
2832 3847 3100 3902 universis
3163 3848 3402 3916 loquor),
3455 3851 3502 3901 is
3533 3863 3663 3902 vero

2088 3958 2195 3997 non
2230 3942 2327 3995 abs
2381 3957 2440 3994 re
2484 3940 2701 3994 sibimet
2741 3939 2846 4008 ipsi
2875 3939 3004 3994 odio
3052 3939 3239 3994 fuerit.
3289 3940 3658 4006 Quamobrem

407 4023 510 4078 viri
565 4026 690 4098 bonj
728 4046 838 4085 non
907 4044 1010 4100 est,
1044 4044 1155 4090 tum
1203 4050 1389 4107 nosse,
1461 4051 1573 4094 tum
1615 4041 1810 4096 docere
1863 4052 1982 4110 qua:
2020 4041 2253 4104 oportet,
2319 4047 2384 4087 ac
2433 4031 2627 4088 deinde
2691 4046 2752 4085 se
2805 4031 2980 4100 ipsum
3022 4033 3279 4089 exhibere
3337 4032 3661 4090 servientem

408 4117 494 4182 iis,
523 4119 716 4188 quibus
749 4124 890 4180 baud
919 4143 1016 4197 par
1040 4136 1178 4184 erat.

1158 4229 1268 4292 ιικο.

478 4305 583 4358 Ἤν
618 4325 702 4371 τις
743 4309 1090 4382 ίσχυρίξηται
1143 4314 1252 4366 τῶν
1309 4314 1639 4384 ἀνθρώπων,
1688 4317 1724 4369 ἅ.
1756 4331 1820 4383 γε
1868 4311 1974 4383 χρὴ

405 4401 580 4452 ποιεῖν
604 4405 928 4468 ἐγνωκέναι,
965 4405 1162 4458 ἔπειτα
1195 4407 1270 4476 μὴ
1303 4409 1563 4478 φαίνηται
1599 4410 1771 4462 ταῦτα
1804 4410 1976 4478 πράτ-

2770 4215 2980 4270 XCVII.

2151 4310 2289 4365 Esse
2317 4309 2416 4364 sibi
2455 4311 2669 4378 cognita
2723 4308 2766 4364 si
2821 4310 3106 4362 conﬁrmet
3137 4308 3330 4378 aliquis
3355 4308 3660 4374 hominum,

2079 4417 2199 4472 que
2232 4401 2482 4455 faciunda
2515 4401 2644 4463 sint,
2689 4400 3020 4470 interimque
3052 4416 3158 4455 non
3211 4408 3496 4469 appareat,
3544 4400 3661 4454 haec

402 4507 534 4555 των,
564 4491 597 4561 ἢ
627 4493 956 4563 ψευδόμενός
991 4498 1159 4564 ἐστιν,
1185 4498 1217 4568 ἦ
1259 4499 1396 4570 πρὸς
1433 4499 1640 4570 βλάϐην
1669 4498 1865 4552 ἑαυτοῦ
1909 4496 1971 4550 τὸ

2087 4509 2201 4548 eum
2243 4493 2402 4548 factis
2442 4501 2718 4562 praestare,
2749 4491 2834 4547 vel
2884 4495 3113 4546 mendax
3140 4502 3242 4554 est,
3277 4490 3361 4544 vel
3405 4505 3558 4547 suum
3593 4490 3659 4543 ad

403 4580 602 4646 γνῶναι
636 4586 993 4654 κεκτημένος.
1027 4589 1134 4640 Καὶ
1161 4589 1369 4652 πάντας
1405 4591 1504 4658 μὲν
1535 4591 1600 4644 ἂν
1624 4591 1801 4660 ἔχοιμι
1827 4589 1962 4660 πρὸς

2087 4584 2450 4637 letrimentum
2481 4597 2548 4636 ea
2574 4582 2882 4652 cognitione
2943 4582 3219 4652 praeditus.
3267 4582 3322 4634 In
3340 4595 3401 4636 ea
3426 4596 3484 4634 re
3502 4579 3651 4634 nemi

401 4670 560 4723 τοῦτο
611 4674 1127 4744 συμφθεγγομόνους
1148 4695 1164 4711 ο
1213 4679 1369 4750 ἄθρει
1399 4681 1457 4733 δὲ
1489 4682 1582 4735 καὶ
1611 4681 1705 4735 τὸν
1737 4681 1970 4750 Σωτῆρα

2087 4689 2204 4728 nem
2259 4674 2389 4727 mihi
2432 4690 2540 4728 non
2587 4690 2940 4730 assensurum
2987 4685 3192 4744 putem.
3237 4672 3344 4728 Sed
3387 4673 3509 4728 vide
3535 4689 3662 4750 pro-_

400 4762 545 4816 τοῦτ’
577 4766 1013 4836 ἀποφαινόμενον
1057 4771 1357 4840 ἀριδήλως,
1401 4773 1480 4841 τῷ
1511 4774 1714 4842 λέγειν,
1753 4773 1970 4842 μέλλειν

2087 4767 2420 4821 Inutttiantem
2457 4768 2562 4821 boc
2597 4768 2948 4822 Serva-torem
2975 4782 3190 4836 quoque
3214 4775 3456 4821 nostrum
3487 4765 3656 4821 claris

399 4856 734 4926 δαρήσεσθαι
765 4857 858 4911 τὸν
885 4859 1044 4928 ὀλίγα
1090 4862 1290 4929 γνώσει
1322 4865 1805 4935 προσκεκρουκότα
1835 4865 1970 4934 μᾶλ-

2087 4859 2276 4926 verbis,
2303 4875 2423 4912 cum
2445 4860 2542 4921 ait,
2580 4860 2956 4929 vapulaturum
2984 4860 3156 4929 magis
3186 4874 3331 4924 eum,
3355 4859 3444 4929 qui
3470 4858 3654 4916 sciens

398 4948 488 4998 λον
513 4947 608 5000 τοῦ
653 4948 724 5002 τά
747 4949 971 5019 μείζονα
1005 4952 1126 5005 κατ’
1158 4952 1383 5021 ἄγνοιαν
1427 4958 1775 5019 ὲπταικότος.
1810 4956 1968 5010 ⁹Ωσθ’

395 5041 423 5094 ὁ
451 5041 510 5092 τδ
541 5041 706 5094 καλὸν
733 5041 913 5105 καλῶς
939 5044 1111 5108 εἰδὼς,
1139 5045 1318 5108 καλῶς
1353 5047 1409 5100 δὲ
1439 5049 1598 5102 τοῦτο
1626 5050 1700 5120 μὴ
1729 5049 1962 5118 πράξας,

395 5133 700 5202 ὲζημίωται
721 5135 798 5204 τῷ
824 5136 1049 5203 γνῶναι.
1089 5139 1198 5191 Καὶ
1245 5139 1449 5208 ταύτην
1476 5142 1575 5208 τὴν
1607 5142 1833 5212 γνώμην
1863 5144 1964 5195 οὐκ

393 5227 471 5280 ἔνι
503 5227 1004 5296 παραλογίσασθαι,
1027 5230 1158 5282 οὐδ’
1202 5231 1268 5301 ἢν
1299 5232 1528 5304 συνέλθῃ
1558 5236 1624 5304 τῇ
1671 5237 1831 5306 σοφίᾳ
1862 5235 1960 5304 τῆς

391 5319 496 5389 γῆς
539 5320 758 5388 ἀπάσης
788 5321 820 5390 ἠ
855 5320 963 5372 τῶν
991 5322 1242 5388 ἀγγέλων
1285 5324 1565 5378 ἁπάντων.
1612 5325 1807 5379 Θεόθεν
1849 5329 1959 5397 γὰρ

391 5415 523 5482 ἡμῖν
553 5414 702 5465 ἐστιν
734 5413 1155 5484 ὲξενηνεγμένη,
1187 5416 1296 5481 ὅλῳ
1339 5421 1436 5471 καὶ
1477 5419 1642 5472 πανῆ
1669 5420 1747 5490 τῷ
1779 5438 1958 5489 γιγνο-

393 5503 540 5572 μένῳ
590 5506 1007 5576 κεκοσμημένη.
1064 5508 1232 5561 Στενὰ
1258 5509 1315 5561 δὲ
1369 5510 1437 5564 τὰ
1487 5511 1734 5584 ἡμέτερα
1768 5514 1959 5568 ἑκατέ-

391 5595 585 5664 ρωθεν.
637 5597 710 5649 "ll
759 5613 816 5649 τε
867 5598 974 5667 γάρ
1021 5598 1321 5669 ἀσελτηρία
1379 5603 1584 5671 κακὸν,
1627 5605 1659 5675 ἦ
1704 5623 1764 5657 τε
1815 5607 1954 5673 γνῶ-

389 5703 471 5748 σις
521 5687 776 5758 φοϐερίιν,
817 5689 876 5742 οὐ
921 5689 1115 5760 μικρθν
1165 5691 1254 5745 τὸν
1306 5692 1548 5748 κίνδυνον
1595 5696 1727 5768 ἡμῖν
1776 5697 1952 5770 ἐξαρ-

384 5795 557 5834 τωσα.

2070 4950 2310 5019 prudens
2327 4948 2796 5019 oﬂ'enderit,quam
2825 4951 2917 5018 qui
2944 4951 3147 5019 majora
3173 4965 3267 5018 per
3289 4949 3650 5018 ignorantiam

2067 5043 2365 5097 admiserit.
2405 5042 2522 5108 Quo
2569 5043 2822 5105 efficitur,
2855 5055 2912 5095 ut
2963 5043 3077 5113 qui,
3109 5044 3252 5113 quod
3310 5043 3508 5096 bonum
3543 5049 3650 5107 est,

2066 5142 2213 5188 recte
2274 5135 2445 5197 novit,
2479 5149 2579 5188 nec
2638 5143 2815 5188 tamen
2844 5135 2895 5188 id
2951 5143 3100 5188 recte
3143 5133 3292 5199 facit,
3321 5149 3417 5202 per
3460 5135 3654 5202 ipsam'

2070 5227 2437 5295 cognitionem
2457 5227 2656 5278 danmo
2679 5226 2911 5294 quodam
2947 5223 3171 5279 allectus
3201 5225 3290 5280 sit.
3328 5226 3502 5291 Atque
3536 5224 3654 5275 haec

2060 5332 2190 5372 sane
2225 5317 2490 5371 sententia
2525 5317 2756 5386 perverti
2802 5332 2964 5384 prave
3015 5315 3391 5371 ratiocinando
3423 5313 3640 5380 nequit,

2059 5410 2282 5465 etiamsi
2324 5425 2446 5464 cum
2470 5410 2721 5464 universa
2772 5408 3013 5463 terrestri
3040 5409 3359 5476 angelorum
3394 5404 3644 5457 omnium

2059 5500 2326 5568 sapientia
2358 5509 2530 5555 coeat.
2570 5500 2837 5554 Divinitus
2883 5501 3029 5553 ettim
3083 5499 3290 5568 prolata
3326 5493 3482 5548 nobis
3529 5502 3635 5557 est,

2059 5591 2208 5646 omni
2261 5593 2514 5662 equitate
2547 5593 2929 5646 condecorata.
2963 5590 3066 5645 Res
3105 5587 3320 5642 interim
3348 5594 3551 5638 nostra:
3583 5585 3638 5638 in

2057 5693 2233 5754 artum
2283 5685 2539 5753 utrinque
2577 5694 2865 5754 coguntur.
2940 5681 3068 5735 Nam
3099 5690 3154 5735 et
3203 5677 3466 5746 imperitia
3524 5693 3640 5730 ma-

2056 5750 2160 5828 lum
2201 5775 2330 5846 quid
2378 5784 2481 5839 est,
2518 5781 2571 5827 et
2618 5774 2877 5838 cognitio,
2915 5768 3279 5831 formidabile,
3317 5781 3440 5820 cum
3489 5767 3638 5836 reri-

2055 5869 2238 5922 culum
2287 5886 2348 5924 ex
2387 5883 2585 5924 canon
2626 5867 2879 5930 exiguum
2932 5863 3087 5916 nobis
3127 5861 3456 5926 impendeat.
