4098 6272
470 361 577 425 383

546 569 741 625 Sciunt
766 585 980 632 omnes,
1008 569 1185 638 ipsum
1221 587 1313 638 per
1340 587 1396 626 se
1424 572 1609 628 vivere
1633 573 1836 628 bonum
1894 589 2037 629 esse.

465 659 667 715 Verum
697 661 803 715 alio
833 661 1067 729 quodam
1101 664 1262 715 modo
1286 671 1392 715 vita
1423 672 1594 718 morte
1613 665 1852 718 deterior
1879 665 2035 717 inve-

468 756 637 815 nitur,
665 768 784 820 qu'e
808 753 1016 807 scilicet
1044 762 1258 808 aetatem
1291 770 1451 808 unam
1492 772 1613 809 cum
1636 757 1741 810 alia
1792 754 2035 821 mutans,

465 842 731 909 quasique
755 844 1067 910 proliciens,
1101 842 1269 897 animi
1324 844 1460 897 bona
1514 846 1793 901 diminuit.
1844 846 2037 899 Itidem

466 941 643 999 turpe,
669 935 893 1003 capillos
909 935 1126 1003 quidem
1144 936 1338 999 albari,
1358 938 1449 992 sed
1472 939 1715 992 animum
1736 938 2033 1007 denigrari.

470 1028 655 1095 Solent.
679 1015 857 1081 autem
892 1033 1004 1081 haec
1034 1022 1350 1093 usuvenir‘e,
1392 1029 1611 1098 quando
1639 1045 1760 1083 cum
1790 1030 2037 1084 aetatibus

469 1121 584 1187 ipsa
616 1119 831 1171 vivendi
866 1120 1007 1173 ratio
1038 1136 1144 1173 non
1181 1122 1347 1175 sumit
1379 1123 1797 1179 incrementum.
1831 1123 2036 1191 Magnae

467 1213 685 1279 quidem
715 1211 951 1265 infamia:
1002 1212 1157 1279 plena
1191 1228 1277 1267 res
1304 1222 1407 1277 est,
1437 1214 1710 1269 hominem
1764 1227 2034 1269 maturum

464 1310 514 1353 ct
549 1316 754 1361 senem,
786 1302 837 1354 in
865 1316 1069 1354 morem
1096 1302 1246 1370 pueri
1281 1318 1396 1356 sese
1428 1319 1636 1371 gerere.
1695 1303 1759 1357 Et
1812 1307 2037 1359 omnino

464 1391 704 1445 deterius
741 1406 954 1460 sapere,
981 1409 1143 1462 quant
1178 1404 1326 1458 aetas,
1355 1410 1459 1462 qua
1516 1396 1749 1465 quisque
1788 1408 1889 1461 est,
1936 1414 2034 1465 po-

466 1483 661 1547 smlat,
687 1499 787 1537 nec
823 1485 1112 1537 honestum
1137 1496 1220 1540 est
1256 1502 1355 1540 nec
1378 1489 1719 1553 bonum,ncc
1745 1490 2030 1544 laudabile.

464 1578 806 1647 Quapropter
825 1580 869 1633 si
896 1580 1059 1633 vitam
1087 1580 1424 1648 gloriamque
1447 1596 1630 1634 verant
1661 1583 1893 1650 appetis,
1924 1600 2035 1652 quo

468 1670 562 1724 tibi
591 1671 797 1723 servire
829 1680 1068 1724 nostram
1102 1672 1243 1725 hanc
1271 1673 1586 1733 forationem
1649 1675 1903 1737 arbitror,
1952 1675 2036 1729 fac

466 1762 576 1815 vita
608 1770 697 1815 tua
720 1777 997 1817 concessae
1026 1763 1120 1817 tibi
1173 1763 1433 1818 divinitus
1481 1766 1627 1819 aetati
1688 1768 2033 1834 respondeat.

1152 1854 1345 1910 XCIX.

537 1945 670 2001 Tam
713 1946 955 2015 pulvere,
991 1962 1153 2018 quam
1186 1950 1405 2018 spiritu,
1436 1951 1600 2005 rebus
1623 1951 1879 2018 diversis,
1909 1967 2034 2007 cum

468 2050 782 2094 constemus
817 2041 1088 2105 homines,
1113 2044 1379 2108 quasique
1408 2042 1657 2111 duplices
1684 2046 1784 2113 (uti
1812 2045 2033 2113 quidem

469 2132 685 2186 videtur
714 2133 730 2201 )
762 2133 937 2187 simus
966 2152 978 2188 :
1018 2135 1162 2202 parti
1190 2134 1370 2188 viliori
1398 2136 1829 2202 praestantiorem
1864 2136 2034 2206 subji-

469 2225 666 2289 cimus,
698 2227 956 2295 nulloque
986 2228 1038 2280 in
1062 2227 1237 2296 pretio
1269 2230 1537 2297 potiorem
1565 2229 1711 2284 illam
1748 2229 2035 2287 habemus.

471 2316 635 2383 Digna
666 2333 793 2371 vero
824 2319 1097 2387 vituperio
1119 2334 1227 2384 res,
1253 2335 1317 2372 ne
1335 2321 1554 2389 quidem
1579 2337 1607 2374 a
1633 2323 1789 2375 nobis
1811 2323 1925 2391 pari
1949 2337 2036 2376 ra-

468 2410 617 2462 tione
642 2424 764 2462 cum
796 2424 960 2464 caruc
986 2412 1224 2476 mortali,
1258 2428 1377 2481 qua:
1403 2414 1578 2482 pulvis
1599 2428 1625 2466 a
1646 2413 1753 2467 Deo
1770 2413 2037 2471 formatus

467 2507 566 2561 est,
590 2499 952 2553 immortalem
972 2501 1237 2565 animum,
1264 2518 1374 2555 rem
1400 2502 1662 2557 divinitus
1692 2504 2033 2571 inspiratam,

469 2590 523 2643 in
567 2591 776 2644 honore
804 2590 1011 2645 haberi.
1049 2590 1248 2645 Verum
1289 2593 1528 2647 scientes
1558 2609 1683 2647 esse
1714 2595 1904 2650 vitium
1935 2598 2038 2651 hoc

469 2682 791 2749 ignorantiae
825 2682 1067 2750 plenum,
1105 2685 1396 2753 magnique
1446 2685 1761 2739 detrimenti
1813 2702 2061 2742 causam‘

463 2775 725 2842 praebere,
761 2776 901 2843 quod
937 2774 1069 2827 nulli
1098 2783 1182 2828 est
1209 2777 1327 2829 usui
1365 2791 1591 2845 corpus,
1630 2788 1684 2831 ut
1707 2780 1913 2832 oraculi
1955 2779 2039 2833 di-

466 2867 577 2919 vini
609 2867 791 2920 verbis
818 2874 1059 2927 utamur,
1097 2868 1334 2922 tenuiter
1380 2871 1691 2936 modicique
1730 2868 2036 2936 foveamus,

464 2972 533 3009 ne
560 2957 810 3024 spiritum
836 2957 982 3010 illum
1013 2958 1286 3011 vivificum
1307 2960 1461 3027 quasi
1498 2972 1672 3016 morte
1704 2965 2034 3019 multemus.

464 3046 599 3100 Nam
627 3048 680 3101 in
707 3049 1137 3116 repugnantibus
1164 3053 1459 3115 universis,
1504 3054 1548 3106 si
1606 3057 1853 3111 alterutri
1906 3059 2035 3127 quid

1656 366 2054 427 MANUELIS
2092 369 2178 427 PA
2191 369 2538 431 LEOLOGI

1116 476 1343 536 XCVIII.
2057 490 2103 544 A

3603 369 3710 433 38in

2869 483 2987 552 ur.

2217 578 2289 629 Τὸ
2316 579 2414 645 ζῇν
2444 579 2577 631 αὐτὸ
2618 578 2744 631 καθ’
2778 578 2911 630 αὐτὸ
2959 577 3147 641 καλὸν,
3180 577 3274 629 καὶ
3327 578 3529 639 πάντες
3560 577 3708 629 ίσασι

2142 670 2317 723 τοῦτο.
2352 672 2476 740 Ζωὴ
2510 671 2567 723 δὲ
2604 671 2804 740 τρόπον
2841 670 3028 738 ἕτερον
3066 669 3298 722 θανάτου
3328 667 3528 738 χείρων
3562 668 3709 736 εὑρί-

2144 781 2352 831 σκεται,
2385 764 2418 833 ἢ
2455 764 2552 825 τὰς
2582 763 2798 832 ἡλικίας
2828 762 3154 832 ἀμείϐουσα,
3185 764 3279 813 καὶ
3313 762 3477 814 οἱονεὶ
3505 760 3708 830 προκό-

2140 871 2370 918 πτουσα,
2417 855 2483 908 τὰ
2526 854 2626 922 τῆς
2667 854 2844 925 ψυχῆς
2882 857 3024 924 μειοῖ
3056 854 3529 921 πλεονεκτήματα.
3573 853 3705 903 Λίσ-

2139 944 2266 1013 χρὸν
2301 944 2357 996 δὲ
2394 945 2486 997 καὶ
2528 944 2626 1013 τὴν
2657 946 2819 1015 τρίχα
2860 944 3266 1007 λευκαίνεσθαι,
3305 944 3404 1012 τὴν
3442 943 3497 995 δὲ
3528 941 3704 1010 ψυχὴν

2142 1035 2513 1103 μελαίνεσθαι.
2565 1037 2735 1089 Ταυτὶ
2775 1037 2832 1089 δὲ
2869 1036 3079 1103 πέφυκε
3128 1035 3431 1103 γίγνεσθαι,
3466 1036 3592 1088 ὅταν
3628 1032 3702 1101 μὴ

2140 1126 2475 1194 συναύξηται
2503 1132 2624 1190 ταῖς
2664 1127 2907 1194 ἡλικίαις
2932 1129 2959 1178 ὁ
2994 1126 3126 1194 βίος·
3159 1126 3233 1188 ὡς
3284 1124 3482 1192 πολλῆς
3511 1124 3702 1192 αἰσχύ-

2138 1231 2232 1283 νης
2267 1216 2438 1281 γέμον
2472 1204 2626 1284 ἀνδρὶ
2651 1216 2843 1281 τελείῳ
2878 1217 2971 1267 καὶ
3004 1218 3220 1284 γέροντι
3248 1218 3358 1277 τοῖς
3387 1213 3479 1265 τοῦ
3515 1213 3702 1273 παιδὸς

2140 1307 2538 1360 πολιτεύεσθαι.
2573 1309 2751 1367 Ὅλως
2781 1309 2836 1361 δὲ
2868 1308 3035 1377 χείρω
3082 1310 3300 1376 φρονεῖν
3328 1308 3429 1374 τῆς
3456 1308 3514 1358 ὲν
3617 1300 3715 1368 τίς

2138 1396 2281 1447 ἐστιν
2315 1396 2549 1464 ἡλικίας,
2580 1397 2640 1449 οὐ
2674 1396 2854 1460 καλὸν,
2890 1397 2990 1446 οὐκ
3020 1395 3245 1463 ἀγαθὸν,
3272 1396 3371 1445 οὐκ
3394 1391 3699 1445 ἐπαινετόν.

2140 1486 2201 1539 El
2235 1487 2364 1554 γοῦν
2389 1488 2603 1556 ἀληθῶς
2631 1490 2775 1556 ζωῆς
2804 1489 2896 1539 καὶ
2930 1486 3086 1557 δόξης
3118 1485 3405 1552 ἐπιθυμεῖς
3435 1482 3612 1551 (ταυτὶ
3642 1482 3698 1533 δὲ

2140 1579 2325 1631 τοῦτον
2352 1581 2441 1631 τὸν
2464 1581 2621 1648 λόγον
2652 1582 2945 1648 ἁρμόττειν
2975 1575 3175 1646 οἶμαι),
3200 1579 3405 1644 πάρεχε
3432 1576 3543 1642 βίον
3567 1591 3699 1627 κατ-

2141 1671 2371 1740 ἀλληλον
2405 1670 2483 1741 τῷ
2507 1674 2660 1742 παρὰ
2685 1671 2820 1724 Θεοῦ
2856 1670 3126 1740 δεδομένῳ
3155 1686 3236 1723 σοι
3259 1669 3456 1739 χρόνῳ.

2886 1853 3000 1923 eoa

2222 1945 2308 2008 '0;
2343 1946 2507 2011 ἔοικε,
2538 1945 2714 1998 διπλοῖ
2736 1962 2879 2006 τινες
2910 1946 3062 2008 ὄντες
3089 1946 3139 1997 oi.
3167 1944 3443 2013 ἄνθρωποι
3468 1944 3523 2008 ἒξ
3548 1944 3698 1996 ἐναν-

2138 2038 2289 2102 τίων,
2323 2038 2444 2107 χοὸς
2472 2039 2567 2092 καὶ
2586 2038 2913 2107 πνεύματος,
2942 2038 3020 2109 τῷ
3047 2038 3360 2107 φαυλοτέρῳ
3382 2038 3441 2089 τὸ
3457 2039 3701 2106 κρεῖττον

2142 2130 2536 2198 ὑποτάττομεν,
2563 2132 2693 2199 παρ’
2734 2129 2887 2182 οὐδὲν
2927 2131 2987 2181 τὸ
3015 2131 3262 2199 κρεῖττον
3302 2130 3542 2195 θέμενοι.
3575 2126 3700 2182 Οἴον

2140 2219 2195 2273 δὲ
2225 2220 2362 2287 πρὸς
2416 2217 2676 2289 μέμψεως
2705 2220 2885 2287 λόγον,
2925 2221 3060 2289 μηδὲ
3091 2221 3222 2287 γοῦν
3267 2222 3324 2272 ἐν
3370 2221 3468 2291 ἴσῳ
3504 2221 3703 2289 θνητῆς

2142 2313 2363 2380 σαρκὸς,
2403 2312 2738 2364 θεοπλάστου
2779 2312 2999 2377 κόνεως,
3032 2310 3211 2381 ψυχὴν
3256 2313 3421 2381 τιμᾷν
3451 2311 3699 2377 ἀείζωον,

2140 2402 2332 2472 χρῆμά
2356 2420 2406 2454 τι
2438 2402 2818 2456 θεόπνευστον.
2864 2402 3002 2455 Ἀλλ’
3029 2403 3253 2470 ἀγνοίας
3284 2402 3502 2469 γνόντες
3532 2402 3703 2471 γέμον

2139 2498 2287 2548 τουτὶ
2310 2495 2370 2547 τὸ
2393 2496 2586 2561 πάθος,
2606 2496 2700 2548 καὶ
2730 2494 2932 2563 πολλῆς
2974 2495 3177 2564 ζημίας
3206 2495 3516 2563 παραίτιον,
3546 2493 3703 2560 ὀλίγα

2142 2589 2569 2657 περιθάλπωμεν
2599 2587 2660 2640 τὸ
2697 2587 2864 2657 μηδὲν
2910 2587 3141 2657 ὠφελεῖν
3188 2588 3488 2655 δυνάμενον
3520 2587 3700 2656 σῶμα,

2140 2683 2279 2733 κατὰ
2306 2681 2398 2732 τὸν
2420 2680 2562 2732 θεῖον
2596 2682 2775 2732 εἰπεῖν
2803 2681 3074 2750 χρησμόν·
3104 2680 3193 2757 ἵνα
3217 2680 3289 2750 μὴ
3317 2679 3377 2732 τὸ
3404 2679 3703 2749 ζωογονοῦν
3764 2690 3772 2697 ·

2138 2772 2381 2842 ὡσπερεὶ
2403 2772 2595 2840 νεκρὸν
2618 2773 3008 2840 ἀποφαίνωμεν
3037 2772 3275 2841 πνεῦμα.
3308 2772 3432 2824 Ἐπὶ
3453 2774 3560 2841 γὰρ
3594 2772 3703 2825 τῶν

2139 2866 2530 2934 ἀντικειμένων
2551 2866 2828 2933 ἁπάντων,
2854 2866 2920 2919 ἂν
2942 2866 3156 2936 θατέρῳ
3187 2884 3237 2919 τι
3260 2866 3459 2937 ξυμὸῇ,
3492 2866 3705 2936 θατέρῳ

2138 2960 2447 3013 τούναντίον
2498 2959 2818 3012 ἀκολουθεῖ·
2854 2960 2949 3013 καὶ
2979 2962 3077 3028 τῆς
3111 2960 3313 3027 σαρκὸς
3350 2960 3700 3027 εὐεκτούσης,

2140 3054 2320 3105 νοσεῖν
2349 3052 2567 3122 ἀνάγκη
2613 3053 2673 3104 τὸ
2706 3054 2948 3123 πνεῦμα.
2994 3052 3353 3107 Ἀντίκεινται
3399 3054 3507 3122 γὰρ
3540 3052 3702 3123 ἀλλή-

466 3141 694 3200 accidat.
727 3140 779 3193 in
811 3141 981 3195 altero
1000 3144 1275 3198 diversum
1306 3147 1436 3215 quid
1469 3148 1723 3217 sequitur
1752 3168 1765 3203 :
1792 3161 1841 3204 et
1875 3144 2039 3205 carne
2067 3154 2107 3213 C
2140 3149 2275 3213 λοις.

465 3233 601 3287 belle
635 3243 841 3294 curata,
873 3234 1123 3300 spiritum
1153 3237 1502 3309 languescere
1525 3255 1746 3296 necesse
1763 3241 2033 3311 est..Sunt

464 3326 606 3380 enim
633 3326 749 3381 haec
782 3329 1164 3397 repugnantia.

1214 3422 1275 3478 C.

533 3509 851 3567 Obtinendaa
886 3521 993 3567 tam
1027 3512 1078 3567 in
1102 3516 1201 3570 hac
1222 3516 1355 3580 vita,
1381 3531 1542 3585 quam
1575 3518 1628 3571 in
1659 3518 1848 3585 altera,
1874 3533 2035 3573 coro-

467 3614 568 3662 nm,
598 3601 681 3653 vis
707 3617 1104 3670 perpaucorum
1133 3605 1424 3658 verborum
1449 3605 1708 3661 facillime
1737 3608 2032 3663 suﬂ'ecerit.

466 3686 694 3757 Deﬂecte
717 3691 930 3757 amato,
961 3693 1417 3762 inquitdivusille
1443 3696 1688 3762 Davides,
1727 3707 1775 3751 et
1821 3700 1907 3766 [ac
1950 3701 2038 3753 bo-

464 3797 608 3834 num.
644 3782 784 3847 Quid
817 3785 1241 3841 buicsententite
1276 3804 1372 3856 par
1388 3804 1507 3843 esse
1535 3792 1747 3858 possit?
1779 3794 1908 3862 quid
1931 3795 2037 3849 uti-

466 3874 573 3928 lius
602 3874 625 3927 ?
654 3877 781 3945 quid
814 3878 1166 3945 expeditius?
1195 3880 1237 3933 0
1262 3881 1598 3949 spiritualem
1627 3886 1977 3954 sapientiam,
2002 3903 2035 3943 ο

465 3966 742 4035 singulare
767 3972 964 4025 mentis
987 3986 1214 4026 acumen
1241 3973 1291 4026 in
1322 3989 1407 4037 eo,
1430 3977 1523 4045 qui
1547 3977 1709 4047 hujus
1735 3989 1928 4034 auctor
1953 3990 2036 4036 est

466 4058 764 4123 sententiae,
804 4075 923 4126 quae
958 4063 1179 4130 quidem
1232 4065 1473 4132 perfecta
1517 4067 1769 4135 perfectis
1824 4085 1853 4123 a
1910 4086 2035 4139 per-

468 4145 613 4200 fecto
640 4155 724 4200 est
754 4148 973 4203 tradita.
1010 4149 1275 4205 Nimirum
1312 4153 1355 4206 is
1391 4163 1569 4208 mente
1616 4155 1875 4224 praeditus
1930 4168 2033 4223 est,

465 4238 555 4307 qui
579 4253 701 4292 cum
725 4254 782 4294 se
814 4241 1084 4311 pulverem
1116 4248 1279 4308 norit,
1297 4254 1560 4314 terraeque
1578 4248 1734 4300 matri
1795 4247 2035 4302 debitum

463 4348 584 4387 csse
616 4333 1056 4400 persolvendum,
1081 4335 1265 4388 Davidi
1287 4335 1690 4403 obtemperans,
1711 4338 2038 4405 resipiscen-

467 4425 537 4478 tia
564 4435 790 4479 mortem
819 4434 1117 4480 antevertet
1155 4440 1170 4477 :
1216 4425 1508 4481 vitiositate
1542 4427 1689 4481 omni
1720 4436 1903 4491 exuta,
1943 4430 2035 4482 b0-

464 4518 655 4586 nisque
682 4519 958 4585 operibus,
997 4518 1061 4570 ad
1088 4533 1209 4588 qua:
1233 4517 1437 4572 conditi
1459 4534 1672 4581 sumus,
1715 4519 1909 4588 opiﬁce
1951 4537 2036 4576 re-

464 4622 581 4660 rum
605 4607 835 4676 placato.
864 4605 944 4660 Tu
974 4609 1215 4676 quidem,
1248 4607 1572 4661 charissime
1607 4607 1702 4671 lili,
1741 4619 2035 4679 utrumque

466 4698 691 4763 faciens,
724 4699 792 4753 ob
815 4707 1069 4754 neutrum
1102 4700 1303 4753 elatum
1327 4710 1378 4753 te
1421 4714 1660 4769 unquam
1713 4700 1883 4769 gerito
1916 4718 1928 4754 :
1966 4716 2034 4756 ne

463 4789 582 4855 tibi,
609 4788 944 4846 Pharis-.man
980 4790 1152 4858 illum,
1177 4793 1268 4861 qui
1294 4792 1549 4847 virtutem
1572 4791 1891 4847 colebatille
1913 4793 2035 4861 qui-

464 4878 585 4931 dem
631 4878 684 4932 in
721 4881 987 4950 moribus,
1020 4881 1115 4937 sed
1134 4897 1474 4952 nequaquam
1499 4882 1776 4937 modestus
1806 4898 1927 4939 esse
1948 4884 2033 4938 di-

463 4968 688 5031 dicerat,
721 4970 860 5025 male
908 4973 1139 5039 inuitato,
1181 4974 1365 5030 multis
1398 4975 1616 5045 egregie
1670 4985 1819 5043 parta
1858 4975 2028 5029 sudo-

464 5059 638 5124 ribus,
662 5062 1121 5128 quemadmodum
1136 5075 1190 5122 et
1207 5065 1308 5137 ipsi
1333 5067 1607 5145 usuvenit,
1629 5065 1730 5121 levi
1750 5076 2027 5120 momento

462 5152 792 5208 adiuuantur.

2888 3418 2969 3471 P'.

2218 3508 2314 3580 Ῥη
2326 3508 2510 3579 μάτων
2531 3509 2726 3576 ὀλίγων
2745 3509 2974 3579 δύναμις
3000 3510 3175 3580 ῥᾷστα
3198 3511 3263 3571 ἂν
3289 3510 3566 3581 ἀρκέσειεν
3594 3501 3689 3563 ὧδε

2138 3602 2301 3654 κάκεῖ
2324 3602 2689 3669 στεφανῶσαι.
2729 3602 3054 3655 Ἔκκλινον
3081 3600 3200 3656 ἀπὸ
3242 3602 3453 3663 κακοῦ,
3486 3603 3645 3671 φησὶν
3673 3603 3700 3654 ὁ

2141 3694 2282 3754 θεῖος
2312 3692 2494 3755 Δαὸὶδ,
2529 3692 2629 3745 καὶ
2669 3693 2933 3760 ποίησον
2960 3693 3204 3760 ἀγαθόν.
3243 3693 3308 3745 Τί
3339 3694 3441 3760 τῆς
3478 3693 3705 3761 γνώμης

2142 3784 2345 3854 ταύτης
2372 3784 2569 3849 γένοιτ’
2603 3785 2669 3837 ἂν
2694 3786 2847 3852 ίσον;
2876 3785 2928 3837 τί
2963 3784 3422 3855 ὠφελιμώτερονς
3455 3786 3509 3837 τί
3542 3784 3706 3853 ταχύ-

2140 3893 2333 3945 τερον;
2368 3876 2434 3928 *Ω
2468 3877 2848 3944 πνευματικῆς
2879 3875 3107 3943 σοφίαςί
3141 3874 3185 3928 ὣ
3205 3877 3416 3946 φρενῶν
3445 3876 3705 3943 ὀξύτητος

2138 3966 2235 4021 τοῦ
2280 3968 2578 4031 δεδωκότος
2611 3968 2711 4037 τὴν
2755 3967 3006 4037 γνώμην,
3051 3967 3264 4022 τελείαν
3296 3969 3520 4029 τελείοις
3549 3970 3698 4035 παρά

2139 4061 2348 4113 τελείου
2396 4060 2815 4130 γεγενημένηνί
2872 4059 3017 4112 Νοῦν
3050 4060 3140 4127 ἄρ’
3170 4060 3306 4128 ἔχων
3336 4054 3486 4121 οὗτός
3529 4061 3695 4124 ἐστιν,

2139 4151 2200 4213 ὃς
2227 4148 2402 4217 εἰδὼς,
2440 4150 2513 4212 ὡς
2538 4149 2656 4202 ἐστι
2687 4151 2840 4219 χοῦς,
2885 4151 2980 4203 καὶ
3005 4151 3085 4202 δεῖ
3124 4151 3184 4202 τὸ
3221 4149 3376 4217 χρέος
3408 4148 3700 4200 ἀποδοῦναι

2140 4244 2212 4310 γῇ
2240 4243 2303 4311 τῇ
2336 4241 2524 4309 μητρὶ,
2556 4240 2634 4309 τῷ
2657 4240 2821 4293 Δαϐὶδ
2852 4240 3192 4308 πειθόμενος,
3214 4238 3408 4306 φθάσει
3439 4238 3700 4307 μετανοίᾳ

2140 4332 2232 4383 τὸν
2261 4331 2513 4384 θάνατον’
2542 4332 2727 4383 πᾶσαν
2762 4331 2860 4400 μὲν
2906 4332 3107 4385 κακίαν
3141 4331 3318 4396 ἐκδὺς,
3367 4332 3620 4401 χρηστοῖς
3647 4330 3701 4381 δὲ

2141 4419 2345 4491 ἔργοις,
2378 4422 2465 4490 ἐφ’
2494 4416 2578 4484 οἷς
2627 4420 2894 4491 ἐπλάσθη,
2931 4422 3091 4475 ἵλεων
3138 4423 3230 4476 τὸν
3262 4422 3509 4489 πλάστην
3542 4421 3701 4489 ἔργα·

2066 4472 2110 4529 D
2142 4472 2397 4583 σάμενος.
2420 4472 2643 4583 1Καίδῆ
2672 4472 3197 4584 ποιῶνήυάέιςρἇτέρᾷ,
3242 4512 3377 4582 μηδὲ
3418 4472 3484 4565 διζ
3516 4472 3701 4579 ἕτερον

2138 4605 2503 4675 ἐπαιρόμενος
2525 4602 2730 4674 φάνηθί
2775 4621 2930 4667 ποτε,
2956 4604 3205 4673 φίλτατεσ
3245 4603 3334 4656 ἵνα
3384 4602 3459 4673 μὴ
3484 4602 3573 4654 τὸν
3600 4603 3700 4654 Φα-

2141 4703 2349 4772 ρισαῖον
2381 4701 2608 4765 ἐκεῖνον,
2637 4697 2729 4752 τὸν
2776 4696 3051 4751 ἀσκοῦντα
3097 4697 3197 4765 μὲν
3226 4694 3447 4767 τρόπων
3476 4692 3700 4762 ἀρετὴν,

2140 4792 2408 4863 μηδαμῶς
2427 4791 2483 4844 δὲ
2531 4790 2845 4860 μετριάζειν
2896 4789 3274 4858 μεμαθηκότα,
3311 4785 3499 4847 κακῶς
3532 4781 3698 4852 ζηλώ-

2134 4902 2256 4948 σας,
2310 4885 2376 4937 τὶ
2433 4884 2651 4945 πολλοῖς
2710 4883 2901 4950 ἱδρῶσι
2958 4878 3376 4950 κατωρθωμένα
3426 4894 3509 4929 σοι
3556 4875 3698 4928 πάνυ

2136 4976 2333 5048 ῥᾳδίως
2362 4976 2690 5048 ἀφαιρεθῇς,
2724 4975 2915 5044 ὥσπερ
2945 4974 3183 5042 κάκείνῳ
3209 4968 3593 5041 συμϐέϐηκεν.
