4098 6272
366 313 369 316 ⁴
407 338 513 399 385

438 480 456 488 ο
470 477 899 491 ,ς’-...Ψ

1849 337 2136 400 ORATIO
2181 340 2230 399 Ι.

2808 496 3529 501 κνὴῄμ-ᾑ,

902 642 1311 796 MAN
1321 641 1874 801 UELIS
1988 644 3143 808 PALXEOLOGI

1699 910 1799 972 AD
1839 911 2217 976 JOANNEM
2250 917 2529 979 FILIUM

714 1024 1541 1218 ORATIONES
1617 1104 1834 1219 vn
1951 1105 3329 1224 ETHICO-POLlTlC/E.

1115 1459 1173 1514 Α,

2000 1460 2047 1515 Α

402 1556 591 1627 Λόγος
616 1553 1047 1627 προτρεπτικρς
1070 1554 1427 1627 είςᾳλργους,
1468 1549 1565 1604 καὶ
1592 1548 1725 1618 περὶ
1749 1547 1958 1618 ἀρετῆς

2076 1550 2259 1603 Oratio
2276 1551 2578 1605 hortatoria
2597 1550 2665 1602 ad
2686 1550 3011 1627 eloquentin
3034 1552 3234 1620 studia,
3258 1554 3421 1621 deque
3460 1556 3647 1610 virtute

820 1624 922 1678 καί
959 1623 1186 1692 ἀγαθοῦ
1214 1622 1534 1690 ἄρχοντος.

470 1738 579 1791 Τοῦ
606 1737 785 1801 καλῶς
812 1736 1138 1791 ἐπίστασθαι
1157 1737 1339 1804 λέγειν
1368 1735 1522 1788 οὐδὲν
1550 1734 1615 1788 ἂν
1647 1735 1856 1802 γένοιτο
1872 1733 1967 1786 λυ-

407 1831 780 1900 σιτελέστερον
802 1832 1065 1900 ἄρχουσιν
1097 1830 1376 1881 ἐθέλουσιν
1408 1827 1633 1895 ἀγαθοῖς
1666 1822 1834 1889 εἶναι,
1873 1824 1966 1879 νοῦ

404 1941 461 1976 τε
495 1924 663 1996 βάρος
688 1924 900 1994 ἔχουσι,
928 1925 1023 1977 καὶ
1049 1921 1183 1991 πρὸς
1210 1920 1273 1973 τδ
1304 1922 1453 1989 κοινῇ
1486 1921 1728 1973 συνοῖσον
1776 1918 1966 1988 ὁρῶσι,

402 2016 513 2069 τῶν
542 2034 603 2070 τε
650 2016 875 2085 ἀγαθῶν
930 2015 1123 2087 ἐρῶσι,
1182 2016 1278 2067 καὶ
1336 2013 1501 2083 μηδὲν
1547 2014 1649 2079 τῆς
1708 2011 1968 2080 ἀληθείας

403 2108 741 2179 προτιμῶσι.
776 2107 950 2161 Τοῦτο
991 2107 1230 2161 τουτοισὶ
1284 2109 1396 2169 τοῖς
1445 2104 1675 2175 ἀνδράσι
1714 2106 1960 2173 κρεῖττον

401 2199 699 2270 ἀτεχνῶςῆ
736 2199 1015 2262 πλουτεῖν,
1043 2200 1140 2252 καὶ
1163 2198 1291 2260 τοὺς
1333 2196 1427 2250 τοῦ
1461 2196 1700 2266 Κροίσου
1762 2195 1969 2263 θησαυρ-

404 2294 530 2362 ροὺς
556 2290 637 2355 είς
670 2291 976 2361 ἀσφαλείας
1004 2290 1165 2358 λόγον
1203 2288 1342 2342 πολὺ
1370 2286 1562 2353 νικῶν,
1613 2288 1968 2357 ἰσχυρότερον

400 2387 499 2454 τῆς
562 2385 764 2456 Ξέρξου
829 2385 1209 2453 πολυχειρίας,
1266 2381 1558 2450 σφενδόνης
1629 2380 1804 2446 Γύγου
1869 2379 1969 2448 τῆς

404 2476 641 2545 μυθικῆς
676 2476 773 2529 σὺν
799 2474 877 2545 τῷ
901 2472 1051 2541 καλῷ
1089 2472 1400 2542 βιαιότερον
1422 2486 1436 2503 ο
1481 2471 1573 2523 καλ⁸
1601 2470 1737 2532 ὅλως
1762 2470 1969 2523 τούτων

401 2566 815 2635 ἀνυσιμώτερόν
841 2582 900 2617 τε
934 2564 1028 2615 καὶ
1082 2562 1433 2633 τιμιώτερον,
1486 2561 1610 2614 ὅσον
1648 2562 1755 2614 οὐδ’
1794 2563 1971 2613 εἰπεῖν

402 2659 469 2713 ἂν
496 2660 581 2726 είη
613 2659 722 2711 τῶν
768 2658 1036 2727 εύχερῶν.
1068 2656 1372 2727 Σκοπῶμεν
1414 2651 1478 2724 δὴ
1508 2652 1618 2706 τῶν
1663 2653 1971 2721 εἰρημένων

403 2750 615 2820 ἀνδρῶν
643 2750 891 2813 ἕκαστον,
927 2748 1022 2801 καὶ
1070 2748 1121 2799 τί
1168 2764 1297 2800 ποτε
1330 2745 1648 2812 δεδύνηνται
1690 2743 1965 2812 κατορθῶ-

406 2861 519 2908 σαι,
546 2843 613 2895 δι’
645 2835 719 2895 ὧν
747 2858 811 2908 γε
837 2840 1161 2909 νενομίκασι
1206 2838 1349 2908 μέγα
1386 2854 1441 2889 τι
1474 2837 1567 2890 καὶ
1601 2838 1849 2905 γενναῖον
1873 2836 1966 2887 δυ-

405 2935 663 3007 νήσεσθαι
715 2933 1058 3004 δεδρακέναι.
1124 2932 1357 2983 Ἔπειτα
1405 2930 1495 2983 τὸν
1539 2929 1719 2997 λόγοις
1754 2926 1960 2981 εύδόκιυ

404 3044 503 3097 μον
564 3025 805 3079 τουτοισὶ
870 3023 1299 3093 παραϐάλωμεν,
1349 3021 1477 3074 ὄντα
1521 3037 1584 3087 γε
1651 3020 1744 3072 καὶ
1798 3018 1967 3072 τᾶλλα

402 3118 645 3172 τοιοῦτον
678 3113 1065 3187 ἀρχοντα,οἶον
1095 3115 1259 3177 εὐθὺς
1290 3112 1835 3184 ὲπροοιμιασάμεθα.
1858 3111 1965 3163 Καὶ

405 3212 515 3280 γὰρ
547 3210 674 3280 τῇδέ
708 3226 785 3279 πη
836 3208 1232 3275 διακρίνοντας,
1302 3207 1399 3259 οὐκ
1454 3204 1609 3274 οἶμαί
1642 3221 1703 3273 γε
1768 3205 1966 3274 ῥαδίως

401 3304 546 3373 ἡμᾶς
574 3301 980 3371 ὲξαμαρτήσειν
1010 3301 1109 3367 τῆς
1142 3298 1423 3368 ἀληθείας.
1467 3296 1526 3351 Ὀ
1558 3298 1655 3367 μὲν
1678 3297 1771 3349 οὖν
1798 3297 1965 3358 πολὺς

401 3397 607 3458 ἐκεῖνος
639 3397 841 3465 χρυσὸς
861 3394 953 3446 τὸν
983 3393 1073 3446 ἐπ’
1099 3391 1249 3460 αύτῷ
1295 3392 1439 3460 μέγα
1478 3390 1777 3461 φρονοῦντα
1801 3391 1963 3459 Κροί-

402 3501 495 3538 σον
523 3486 828 3554 ψευσθέντα
875 3484 983 3536 τῶν
1036 3482 1265 3536 ἐλπίδων
1298 3485 1572 3549 ἀπέφηνε,
1619 3482 1711 3533 καὶ
1740 3481 1962 3548 γέγονεν

401 3578 659 3645 ἄντικρυς
683 3577 830 3645 αὐτῷ
864 3576 1053 3645 συκίνη
1114 3574 1405 3643 ἐπικουρία
1463 3576 1496 3644 ἡ
1544 3575 1637 3626 ἐπὶ
1684 3575 1962 3642 χρήμασιν

404 3668 581 3730 ἐλπὶς,
607 3668 807 3721 οὑτωσὶ
840 3670 1057 3737 νεκροῖς
1090 3668 1371 3736 κειμένοις
1397 3666 1466 3719 δι’
1498 3666 1821 3736 ἀχρηστίαν.
1853 3665 1964 3717 Καὶ

406 3762 512 3830 μὴν
555 3762 648 3813 καὶ
679 3759 766 3811 διὰ
812 3759 1002 3811 τοῦτον
1055 3758 1299 3810 ἀπόλωλε
1332 3759 1468 3828 πρὸς
1505 3759 1581 3826 τῷ
1615 3758 1778 3826 μηδὲν
1834 3774 1963 3810 κατ-

399 3851 717 3923 ωρθωκέναι
768 3849 877 3901 τῶν
926 3850 1046 3902 κατ’
1080 3849 1287 3903 ἐλπίδα.
1323 3850 1523 3901 Καινὸν
1579 3834 1636 3899 δὲ
1668 3845 1824 3915 οἶμαι
1860 3864 1961 3916 μη-

397 3945 504 4006 δὲν,
543 3944 676 4013 μηδὲ
708 3940 955 4005 ἀπεικὸς,
986 3942 1033 3992 εί
1059 3940 1420 4009 περιέστηκεν
1447 3938 1593 4007 αύτῷ
1635 3940 1770 4007 πρὸς
1801 3938 1961 3990 τούν-

396 4036 643 4106 αντίονή
686 4035 837 4099 δόξα,
878 4032 1144 4103 μηδαμῶς
1197 4033 1284 4084 ἐπ’
1325 4033 1518 4101 ἀρετῇ,
1551 4030 1666 4083 ἀλλ’
1713 4032 1803 4081 ἐπὶ
1863 4047 1959 4100 μευ

2598 1637 2660 1672 ac
2691 1623 2820 1674 bono
2844 1623 3099 1692 principe.

2144 1732 2250 1798 Qui
2278 1733 2407 1788 boni
2439 1748 2557 1788 esse
2581 1734 2852 1803 principes
2876 1734 3085 1799 volunt,
3112 1742 3164 1788 et
3198 1734 3393 1789 mentis
3424 1735 3645 1804 aliquod

2070 1826 2279 1893 pondus
2312 1826 2534 1889 habent,
2563 1826 2655 1895 qui
2690 1826 2964 1895 publicam
2995 1836 3248 1895 spectant
3278 1827 3567 1883 utilitatem
3593 1838 3646 1881 et

2069 1916 2337 1970 bonarum
2366 1933 2545 1971 rerum
2575 1927 2845 1983 amantes,
2872 1918 3012 1972 nihil
3048 1919 3282 1972 veritate
3310 1920 3517 1973 ducunt
3550 1934 3647 1973 au-

2071 2009 2302 2078 tiquius,
2327 2008 2393 2064 iis
2426 2009 2572 2063 nulla
2606 2025 2695 2065 res
2728 2010 2848 2065 usui
2881 2011 3057 2081 magis
3089 2026 3210 2066 esse
3238 2022 3435 2081 potest,
3478 2030 3640 2083 quam

2069 2109 2215 2155 recte
2234 2099 2495 2168 loquendi
2514 2100 2767 2154 scientia.
2789 2098 2973 2154 Potius
2993 2102 3135 2155 enim
3162 2106 3264 2156 hoc
3287 2103 3366 2157 eis
3389 2112 3493 2168 est,
3527 2120 3644 2157 om-

2071 2208 2193 2248 nem
2213 2201 2367 2247 extra
2400 2193 2860 2254 controversiam,
2887 2209 3050 2264 quam
3085 2210 3249 2262 opum
3276 2197 3478 2263 copire;
3503 2212 3643 2267 pra:-

2070 2286 2195 2342 sidii
2236 2287 2357 2356 plus
2394 2286 2555 2341 habet
2594 2300 2757 2356 quam
2789 2287 2962 2342 Croesi
3005 2288 3147 2357 regis
3197 2289 3431 2343 thesauri
3468 2306 3483 2353 ;
3520 2290 3640 2357 plus

2068 2378 2304 2440 roboris,
2346 2388 2523 2446 quam
2582 2378 2887 2433 immensus
2929 2378 3019 2432 ille
3062 2377 3257 2433 Xerxis
3318 2379 3590 2434 exercitus
3624 2397 3637 2433 :

2070 2472 2190 2539 plus
2233 2470 2454 2535 virium,
2505 2486 2628 2524 cum
2684 2469 2937 2535 honesto,
2982 2487 3145 2539 quam
3199 2472 3363 2544 Gygis
3413 2474 3501 2528 illa
3555 2476 3641 2528 fa-

2072 2562 2264 2617 bulosa
2317 2563 2437 2631 pala
2474 2579 2487 2615 :
2526 2563 2759 2631 denique
2811 2572 2964 2616 tanto
3021 2565 3105 2618 his
3163 2576 3215 2618 et
3266 2566 3539 2622 efﬁcacius
3587 2579 3640 2622 et

2073 2654 2301 2721 majoris
2352 2664 2431 2708 est
2481 2655 2661 2722 pretii,
2697 2665 2960 2723 quantum
3014 2672 3079 2709 ne
3132 2656 3364 2710 dicendo
3416 2658 3634 2727 quidem

2073 2744 2331 2814 explicari
2367 2744 2523 2798 facile
2556 2744 2748 2813 possit.
2781 2744 2843 2795 Et
2862 2746 3276 2799 consideremus
3300 2762 3636 2817 sanequem-

2072 2839 2200 2893 libet
2228 2839 2445 2901 horum,
2480 2852 2617 2905 quos
2648 2837 2913 2899 diximus,
2945 2853 3175 2906 quaeque
3202 2838 3282 2893 vis
3326 2855 3511 2893 earum
3548 2858 3636 2895 re-

2071 2946 2188 2984 rum
2225 2929 2408 2993 fuerit,
2436 2930 2635 2997 quibus
2668 2914 2947 2983 illiirebus
3000 2945 3058 2985 se
3110 2941 3327 2999 patrare
3381 2948 3634 3003 magnum

2069 3022 2340 3091 quoddam
2368 3036 2431 3075 ac
2464 3022 2643 3075 nobile
2663 3021 2877 3076 facimus
2908 3037 3067 3089 posse
3116 3033 3400 3092 putarunt.
3434 3024 3635 3081 Deinde

2067 3115 2270 3169 nostris
2297 3114 2445 3169 hisce
2464 3114 2907 3169 commendatum
2929 3116 3265 3171 oratiOuibus
3281 3125 3346 3171 ad
3379 3134 3471 3173 eos
3490 3135 3635 3175 con:-

2068 3223 2344 3275 paremus,
2374 3208 2675 3276 principem
2710 3216 2901 3262 cmtera
2928 3225 3148 3279 quoque
3178 3212 3362 3275 talem,
3414 3215 3629 3282 qualem

2066 3299 2246 3353 statim
2273 3302 2339 3353 ab
2368 3298 2521 3352 initio
2550 3298 2963 3353 delineavimus.
2982 3301 3188 3371 Quippe
3211 3303 3254 3357 si
3284 3304 3383 3357 hoc
3397 3308 3630 3375 quodam

2067 3392 2228 3445 modo
2248 3406 2478 3444 examen
2517 3391 2854 3458 instituatur,
2896 3393 3039 3448 haud
3072 3395 3231 3450 facile
3264 3413 3365 3452 nos
3424 3415 3453 3453 a
3505 3416 3632 3455 vero

2066 3483 2419 3539 aberraturos
2444 3483 2701 3538 arbitror.
2743 3484 2935 3553 Ingens
2962 3484 3124 3553 igitur
3147 3488 3234 3539 illa
3255 3488 3332 3541 vis
3351 3490 3489 3550 auri,
3514 3506 3598 3545 ma
3614 3521 3634 3534 -

2065 3590 2199 3643 gnos
2227 3574 2295 3627 ob
2320 3588 2436 3626 eam
2473 3584 2747 3643 gerentem
2779 3575 2994 3628 animos
3044 3575 3291 3631 Croesum
3345 3591 3631 3648 exspecta-

2068 3666 2212 3719 tione
2246 3681 2343 3718 sua
2378 3664 2698 3719 frustratum
2734 3666 2921 3733 elusit,
2956 3683 3234 3737 quamque
3254 3685 3402 3738 spem
3436 3688 3633 3740 posue-

2066 3765 2149 3811 rat
2182 3756 2233 3809 in
2269 3758 2520 3824 pecunia,
2545 3774 2665 3823 qua
2691 3759 2821 3812 nulli
2851 3760 2997 3828 quod
3024 3772 3167 3815 esset
3204 3764 3350 3828 usui,
3416 3776 3627 3819 mortua

2063 3849 2454 3919 quasijacehat
2485 3892 2499 3917 ,
2537 3868 2600 3905 ca
2636 3854 2794 3919 plane
2816 3853 3133 3909 ﬁculnumei
3167 3858 3472 3924 prtesidium
3509 3859 3627 3915 fuit.

2067 3943 2180 3996 lmo
2217 3951 2435 4010 propter
2468 3943 2572 3998 hoc
2622 3945 2799 4012 ipsum
2836 3961 3054 4011 aurmn,
3089 3957 3447 4019 praeterquam
3482 3954 3628 4021 quod

2066 4034 2198 4089 nihil
2227 4049 2414 4087 eorum
2440 4034 2690 4101 perfecit,
2723 4051 2844 4104 quae
2873 4052 2970 4105 spe
3020 4040 3408 4108 destinaverat,
3463 4046 3626 4099 etiam

393 4130 607 4190 τάλλοις
661 4126 1056 4197 τεθαρρηκότι.
1120 4124 1292 4179 Ταυτὶ
1342 4125 1450 4193 γὰρ
1476 4125 1586 4185 τοῖς
1651 4121 1955 4191 χρωμένοις

2063 4127 2238 4195 periit.
2260 4125 2445 4193 Neque
2466 4141 2593 4180 vero
2612 4142 2810 4179 novum
2831 4139 2920 4181 aut
2940 4130 3256 4200 absurdum,
3277 4150 3389 4188 mea
3412 4138 3627 4205 quidem

391 4222 599 4284 αὐτοῖς,
637 4221 709 4281 ὡς
745 4217 874 4288 χρὴ,
911 4218 1029 4286 μετ’
1073 4218 1392 4284 ἐπιστήμης
1426 4214 1577 4283 ἀνδρὶ
1635 4212 1955 4280 πρεπούσης

390 4314 539 4365 δυκεῖ
588 4328 641 4364 τι
667 4312 957 4364 κάλλιστον
995 4305 1133 4362 εἶναι
1166 4310 1241 4377 τῷ
1273 4308 1373 4378 βίῳ
1418 4306 1613 4375 τούτῳ.
1668 4307 1760 4369 Εἰς
1812 4304 1955 4357 τοῦτ’

393 4402 539 4472 αύτῷ
566 4404 621 4455 δὲ
660 4405 821 4472 μόνον
854 4402 1045 4470 ὁρῶσι,
1091 4402 1152 4453 τὸ
1201 4400 1582 4469 θησαυρίζειν,
1635 4399 1729 4450 καὶ
1782 4397 1957 4448 εὐδαι-

397 4495 584 4563 μονίαν
610 4496 702 4547 καὶ
732 4494 883 4555 τέλος
914 4493 1078 4546 τοῦτο
1109 4492 1446 4562 νομίζουσιν,
1479 4491 1762 4560 ὑπηρέτης
1798 4490 1951 4541 ἀπω-

392 4587 537 4647 λείας
563 4588 591 4637 ὁ
620 4587 871 4649 πλοῦτος,
926 4586 1018 4638 καὶ
1073 4586 1346 4655 μεγίστων
1381 4584 1600 4637 ὀνειδῶν
1635 4583 1826 4645 αἴτιος.
1895 4582 1953 4635 '0

394 4676 448 4728 δέ
471 4694 534 4743 γε
556 4677 650 4729 καὶ
676 4679 779 4745 πρὸ
807 4677 901 4729 τοῦ
932 4676 1068 4729 Θεοῦ
1108 4678 1170 4729 τὸ
1208 4677 1561 4744 θησαυρίζειν
1584 4674 1735 4743 οἶμαι
1757 4674 1951 4739 τιθεὶς,

395 4769 489 4821 καὶ
537 4769 613 4829 είς
650 4768 809 4835 μόνον
841 4768 933 4819 τὸν
969 4768 1172 4837 χρυσὸν
1231 4768 1607 4836 ἀνηρτημένος
1666 4768 1949 4837 ὑπάρχων,

396 4859 594 4928 χρυσὸν
621 4859 828 4910 ἐκεῖνον
863 4858 953 4909 τὸν
1008 4858 1224 4911 ἐοικότα
1274 4858 1463 4920 λίθοις,
1510 4860 1621 4919 τοῖς
1679 4858 1951 4911 ὑποκεκαο

394 4948 691 5017 λυμμένοις
724 4950 942 5016 συχνοῖς
980 4947 1186 5011 ὕδασιν,
1217 4945 1267 4998 οἳ
1296 4949 1428 5015 πρὸς
1452 4947 1603 4999 οὐδὲν
1639 4946 1946 5016 ὁνήσουσιν,

394 5043 444 5092 εί
477 5040 550 5109 μή
588 5056 691 5093 που
723 5040 817 5091 καὶ
848 5040 1092 5105 γένοιντο
1118 5038 1394 5105 ναυαγίων
1429 5039 1614 5101 σίτιοι,
1658 5037 1951 5107 ἠλαζονεύ-

396 5147 527 5183 σατο
548 5131 655 5183 πᾶν
689 5131 934 5183 ἀνύσειν.
979 5130 1115 5193 Τοὺς
1135 5131 1246 5200 γὰρ
1281 5129 1379 5198 τῆς
1408 5128 1588 5199 ψυχῆς
1636 5129 1950 5197 ὀφθαλμοὺς

392 5222 765 5294 ἀμϐλυώττων
810 5225 837 5274 ὁ
874 5224 1105 5291 Κροῖσος
1128 5222 1206 5290 τῷ
1232 5222 1333 5291 τῆς
1383 5220 1747 5290 φιλαργυρίας
1795 5223 1951 5291 νοσή-

394 5331 545 5384 ματι,
582 5312 916 5383 πορρωτέρω
954 5313 1063 5364 τῶν
1110 5314 1260 5384 παρὰ
1318 5312 1484 5375 πόδας
1525 5313 1791 5380 κειμένων
1850 5314 1948 5367 οὐκ

2062 4218 2352 4283 sententia,
2379 4233 2489 4272 rem
2516 4220 2673 4272 aliter
2700 4221 2989 4284 cecidisse,
3011 4238 3173 4291 quam
3202 4226 3344 4279 illius
3370 4240 3483 4280 erat
3510 4231 3629 4298 opi-

2060 4311 2268 4379 nio,qui
2301 4311 2549 4364 fiduciam
2577 4327 2682 4364 non
2716 4312 2767 4364 in
2805 4312 3022 4379 virtute,
3044 4316 3139 4369 sed
3170 4320 3401 4372 metallis
3448 4321 3589 4374 collo
3610 4350 3627 4359 -

2056 4412 2300 4457 caverat.
2326 4402 2458 4456 Nam
2495 4404 2584 4457 illa
2614 4415 2757 4459 recte
2781 4406 3077 4472 utentibus,
3106 4423 3201 4461 ceu
3224 4424 3320 4477 par
3335 4420 3436 4473 est,
3458 4427 3630 4479 eaque

2056 4511 2175 4551 cum
2197 4497 2502 4565 prudentia,
2528 4512 2646 4565 qua:
2669 4497 2839 4549 virum
2862 4504 3037 4563 decet,
3060 4500 3479 4565 pulcherrimum
3507 4506 3629 4558 vitae

2059 4588 2219 4654 hujus
2250 4598 2634 4641 ornamentum
2672 4603 2794 4643 esse
2825 4590 3100 4644 videntur.
3134 4592 3235 4658 Qui
3272 4609 3398 4647 vero
3454 4596 3624 4650 solam

2058 4680 2441 4734 thesaurorum
2488 4680 2864 4735 collectionem
2908 4684 3224 4750 respiciunt,
3251 4701 3481 4755 eamque
3512 4698 3622 4741 tum

2058 4771 2391 4835 felicitatem,
2410 4781 2520 4825 tum
2549 4772 2706 4826 finem
2733 4774 2907 4842 ipsum
2930 4784 3196 4842 statuunt,
3219 4779 3282 4831 iis
3306 4794 3433 4847 opes
3456 4782 3519 4833 ad
3548 4783 3627 4833 in.

2055 4863 2275 4917 teritum
2304 4865 2572 4928 serviunt,
2596 4864 2939 4936 infamia’que
2959 4869 3210 4923 maximze
3242 4885 3463 4925 causam
3490 4890 3625 4940 prte-

2057 4955 2201 5009 bent.
2228 4954 2293 5007 At
2314 4953 2535 5009 Croesus
2560 4956 2649 5008 ille
2682 4965 2889 5020 noster,
2918 4961 3009 5027 qui
3048 4963 3625 5035 majoremcougorena.

2055 5045 2247 5099 darum
2270 5061 2456 5115 opum,
2474 5062 2635 5115 quam
2660 5048 2851 5117 ipsius,
2872 5060 2932 5103 ut
2954 5053 3211 5115 arbitror,
3233 5054 3321 5108 Ι)θί
3352 5058 3621 5112 rationem

2054 5136 2383 5200 habebat,et
2407 5154 2435 5191 a
2470 5140 2587 5192 solo
2623 5141 2888 5209 pendebat
2926 5158 3083 5207 auro,
3111 5145 3200 5199 illo
3245 5148 3467 5218 inquam
3516 5160 3623 5203 au-

2054 5242 2138 5293 ro,
2166 5227 2311 5296 quod
2345 5228 2411 5283 iis
2441 5236 2561 5282 crat
2581 5231 2758 5285 simile
2784 5231 3078 5301 lapidibus,
3105 5238 3196 5306 qui
3242 5238 3532 5306 profundis
3570 5242 3623 5293 in

2053 5320 2214 5389 aquis
2252 5320 2443 5387 abditi,
2472 5322 2674 5376 nullam
2706 5326 2771 5377 ad
2800 5340 2911 5380 rem
2937 5337 3063 5382 sunt
3093 5331 3276 5395 utiles,
3296 5332 3397 5386 nisi
3424 5332 3624 5386 fortas-

388 5406 612 5460 ἐδύνατο
637 5405 876 5474 βλέπειν.
906 5405 1070 5457 Ὅθεν
1101 5405 1167 5475 δὴ
1194 5406 1287 5458 καὶ
1312 5405 1375 5457 τὸ
1402 5404 1822 5474 κατορωρύχθαι
1848 5423 1941 5459 πο-

2063 5425 2109 5466 ;e
2140 5411 2438 5481 naufragiis
2470 5425 2529 5469 ut
2560 5416 2906 5473 occasionem
2954 5424 3250 5491 praebeant,
3318 5424 3502 5478 omnia
3555 5438 3616 5478 se

387 5496 659 5567 λὺνοαύτῷ
688 5497 890 5568 χρυσὸν
922 5498 1213 5566 σωτηρίαν,
1247 5498 1343 5551 καὶ⁵
1376 5498 1608 5568 τρυφὴν.
1646 5498 1738 5567 καὶ
1790 5499 1942 5568 βασι-

382 5589 533 5641 λείαν
567 5589 806 5654 ἐνόμιζε.
835 5590 943 5643 Καὶ
982 5589 1150 5651 πολὺς
1180 5585 1248 5657 ἦν
1279 5589 1370 5643 διὰ
1400 5589 1558 5642 τοῦτο
1614 5593 1755 5644 κατὰ
1804 5592 1943 5645 πάν-

381 5695 488 5731 των
526 5679 908 5748 ἐπαιρόμενος,
941 5684 1034 5734 καὶ
1062 5679 1332 5749 μηδαμῶς
1384 5681 1747 5749 κοιμώμενος,
1808 5682 1943 5752 μηδὲ

382 5769 700 5838 κραιπαλῶν
742 5754 890 5838 oft/qi,
927 5776 1151 5841 μονονοὺ
1203 5773 1619 5841 παρεφθέγγετο
1642 5789 1655 5805 ’
1689 5776 1780 5826 καὶ
1814 5774 1945 5826 ταῦ-

2049 5503 2412 5572 perfecturam
2435 5510 2791 5578 gloriabatur.
2812 5512 2943 5568 Nam
2967 5518 3109 5585 quod
3128 5517 3302 5570 oculis
3320 5515 3486 5567 animi
3524 5526 3628 5568 αι-

2055 5595 2273 5659 cutiret,
2294 5600 2363 5653 ob
2395 5602 2639 5656 avaritize
2667 5609 2938 5667 morbum,
2965 5608 3277 5672 remotiora,
3304 5623 3468 5675 quam
3505 5623 3627 5676 qua:

2055 5697 2179 5742 ante
2208 5690 2366 5756 pedes
2394 5703 2555 5747 erant
2597 5695 2722 5759 sita,
2753 5699 3064 5765 prospicere
3111 5713 3215 5752 non
3252 5706 3477 5765 poterat.
3506 5698 3626 5764 Quo

2057 5781 2239 5848 fiebat,
2266 5790 2324 5836 ut
2350 5785 2667 5840 immensam
2696 5789 2811 5841 auri
2833 5790 2937 5841 vim
2960 5790 3256 5855 defossam,
3291 5806 3390 5858 pro
3422 5790 3603 5847 saltue
