4098 6272
441 267 545 331 387

1606 262 2006 324 MANUELIS
2040 262 2489 327 PALzEOLOGI

3600 263 3713 324 383

443 402 543 455 pro
562 382 791 448 deliciis,
827 399 924 452 pro
958 397 1124 454 regno
1143 383 1387 438 duceret.
1413 380 1494 436 Ob
1517 380 1658 434 lianc
1690 393 1912 433 causam
1938 375 2036 430 ad-

2165 378 2208 431 rd
2240 396 2325 447 γε,
2354 382 2493 448 πρὸς
2523 380 2692 449 ἄνδρα
2730 379 3115 450 διαλεγόμενος
3141 371 3183 445 ᾧ
3221 395 3284 446 γε
3345 377 3483 446 πρὶς
3525 376 3681 428 εὑδαι
3702 398 3714 406 -

440 494 637 535 versus
664 492 851 531 omnes
879 476 1107 529 nimium
1140 484 1407 543 quantum
1437 482 1675 532 tumens,
1704 487 1805 524 nec
1860 470 2023 522 ullam

454 573 676 640 capiens
710 569 970 638 quietem,
998 583 1098 621 nec
1132 568 1262 620 vino
1298 581 1356 619 se
1394 565 1672 618 inebrians
1718 569 1929 615 tantum
1974 559 2030 614 in

449 677 706 719 sermone
753 660 1021 713 delirabat
1056 676 1069 712 :
1106 667 1159 713 et
1194 658 1284 711 illo
1311 657 1530 727 quidem
1564 670 1688 711 cum
1723 654 1841 707 viro
1869 651 2035 707 collo.

449 771 647 823 quens,
668 753 757 821 qui
788 767 971 805 veram
1012 751 1076 803 ad
1104 750 1416 803 felicitatem
1439 763 1632 801 aurum
1664 761 1772 799 non
1806 744 1907 796 nisi
1934 757 2032 811 pro

450 847 688 900 ludibrio
726 845 982 906 habebat,
1030 842 1245 897 etiamsi
1284 842 1405 911 quis
1438 841 1647 905 integra
1682 852 1810 892 saxa
1847 838 1899 889 in
1933 850 2035 888 an-

449 956 571 993 rum
609 954 895 1003 conversa,
933 937 1056 1005 ejus
1103 936 1168 989 ad
1207 935 1369 1004 pedes
1406 933 1715 1002 alijecisset.
1758 930 1887 983 Erat
1942 929 2032 980 hic

400 1084 411 1093 ,
449 1032 796 1086 Atheniensis
825 1030 914 1084 ille
958 1029 1259 1099 legislator,
1297 1026 1384 1080 cui
1418 1040 1619 1097 nomen
1658 1024 1847 1085 Solon,
1871 1035 2031 1089 quem

452 1124 702 1177 homines
749 1120 1161 1174 admirabantur
1208 1117 1438 1171 Athenis
1489 1116 1597 1169 illis
1642 1114 1861 1176 aureis,
1912 1123 2035 1179 quae

451 1218 623 1286 plene
651 1214 700 1267 id
736 1213 996 1281 temporis
1028 1209 1445 1263 admirabililius
1474 1206 1608 1259 viris
1646 1213 1825 1258 erant.
1854 1203 1918 1255 Et
1943 1203 2034 1271 qui

452 1325 559 1361 non
592 1322 805 1373 aequum
839 1311 1187 1371 erat,vomnes
1212 1301 1363 1353 illum
1391 1298 1650 1351 admirari
1673 1298 1695 1348 ἲ
1717 1294 1847 1349 Nam
1892 1296 2037 1348 inter

453 1408 531 1451 tot
553 1397 847 1467 praeclaros
864 1404 919 1447 et
942 1394 1192 1461 egregios
1218 1392 1382 1453 viros,
1410 1390 1501 1458 qui
1523 1387 1708 1441 referti
1737 1386 1891 1454 copia
1913 1386 2037 1454 plu-

452 1491 595 1541 rium
622 1489 978 1540 honestarum
1010 1486 1391 1551 bonarumque
1412 1496 1593 1535 rerum
1620 1487 1828 1541 essent,
1862 1492 2035 1531 unum

455 1582 690 1649 aliquem
723 1592 1055 1647 quocunque
1088 1576 1248 1629 modo
1276 1586 1505 1630 c:eteros
1555 1573 1812 1633 anteisse,
1846 1584 2035 1640 parum

456 1675 632 1735 abest,
656 1673 787 1738 quin
822 1670 979 1721 tidem
1007 1681 1269 1735 superare
1302 1666 1580 1719 videatur.
1612 1662 1713 1715 Hic
1752 1668 1935 1715 tamen
1986 1669 2041 1713 et

458 1766 600 1819 inter
629 1765 777 1825 illos,
812 1761 1113 1816 secundum
1152 1760 1342 1823 Deum,
1380 1755 1716 1811 venerabilis
1738 1762 1877 1817 erat,
1930 1767 2039 1805 non
2077 1739 2121 1801 Β

456 1859 601 1927 quod
633 1871 824 1908 aurum
853 1852 1174 1922 possideret,
1209 1864 1274 1904 ac
1305 1848 1701 1917 suppeditaret.
1739 1845 1858 1900 Non
1894 1843 2039 1897 enim

459 1947 771 2003 abundabat
798 1960 955 2011 auro,
983 1959 1085 1997 nec
1103 1950 1387 2011 argentum
1415 1938 1728 1993 habebatin
1750 1935 2045 2008 pretio,ni—

460 2044 503 2099 si
522 2052 663 2097 recte
690 2041 1120 2109 colligeretur,et
1139 2036 1337 2089 melius
1355 2032 1777 2102 expenderetur,
1794 2038 1848 2085 et
1866 2030 1919 2083 in
1967 2029 2048 2082 lo-

460 2148 525 2186 co
562 2143 853 2199 utrumque
874 2131 1053 2183 fieret.
1080 2127 1291 2195 Quippe
1323 2140 1425 2179 nec
1459 2125 1595 2192 ipse,
1630 2136 1735 2176 nec
1790 2121 1864 2173 illi
1910 2135 2048 2188 quos

461 2226 606 2279 dicto
631 2222 911 2276 audientes
938 2220 1516 2283 liabebatntantopere
1552 2212 1822 2281 putabant
1869 2224 2035 2280 expe-

466 2314 659 2367 tendas
685 2312 808 2365 illas
845 2310 965 2363 auri
1011 2322 1250 2373 massas,
1286 2320 1520 2376 quarum
1554 2318 1685 2359 sane
1714 2302 2048 2371 mancipium

462 2419 585 2458 cum
631 2404 852 2457 Crassus
885 2409 1051 2465 esset,
1081 2415 1177 2469 pro
1203 2398 1426 2452 domino
1478 2411 1538 2451 se
1592 2396 1833 2465 gerebat.
1894 2395 2052 2449 Unde

469 2511 571 2550 nec
595 2510 741 2549 curre
760 2492 945 2548 Soloni
986 2492 1109 2554 fuit,
1148 2500 1205 2543 ut
1228 2499 1398 2542 artem
1432 2487 1670 2556 aliquam
1693 2485 1907 2540 civibus
1930 2484 2049 2539 suis

469 2588 888 2654 lnveniret,qua
915 2583 1143 2637 omnino
1168 2581 1500 2634 ditescerent
1523 2596 1535 2632 :
1561 2593 1669 2632 non
1697 2578 1839 2631 hanc
1863 2575 2054 2631 metal—

433 2751 436 2755 .
469 2682 655 2743 licam,
689 2693 787 2732 nec
842 2678 1015 2740 illam,
1041 2675 1256 2743 opinor,
1286 2672 1373 2727 cui
1406 2671 1474 2725 ab
1505 2684 1641 2724 auro
1685 2668 2049 2723 conﬁciendo-

468 2789 663 2829 nnmen
698 2780 778 2823 est
806 2770 1016 2823 datum.
1039 2766 1155 2820 Non
1183 2770 1279 2821 bas
1304 2766 1375 2818 ob
1398 2779 1486 2818 res
1509 2762 1591 2816 vir
1610 2764 1846 2831 optimus
1870 2762 1941 2815 ab
1955 2776 2057 2831 op-

469 2864 620 2918 timis
641 2861 793 2926 viris,
828 2860 1100 2913 maximus
1129 2873 1159 2911 a
1189 2856 1450 2910 maximis
1480 2856 1804 2918 habebatur,
1827 2861 1881 2907 et
1915 2867 2059 2906 nunc

466 2967 689 3024 qucque
708 2950 923 3004 cunctis
955 2949 1124 3003 fuisse
1144 2947 1359 3001 videtur
1388 2963 1401 2999 :
1432 2946 1525 3000 sed
1554 2946 1700 3014 quod
1722 2954 1919 3015 prmter
1936 2945 2045 2997 alia

468 3046 643 3100 multa
673 3043 1041 3112 praeclaraque
1068 3039 1235 3103 facta,
1281 3053 1404 3107 quze
1445 3048 1862 3106 praecesserant,
1912 3038 2056 3107 leges

468 3140 644 3194 bonas
670 3136 881 3190 civibus
914 3134 1231 3188 omnimodo
1262 3132 1422 3186 bonis
1450 3129 1657 3186 tulerit.
1704 3130 1880 3184 Tanto
1923 3144 2054 3183 vero

470 3230 845 3302 praestiterunt
876 3240 1041 3294 npcrc
1067 3223 1261 3293 priscis
1315 3222 1522 3293 legibus
1577 3223 1646 3275 ab
1699 3223 1819 3291 ipso
1877 3220 2056 3285 factae,

466 3319 666 3391 quanti
700 3315 1268 3377 venitaestimandum,
1294 3315 1439 3382 quod
1473 3313 1557 3367 hae
1604 3321 1894 3381 postremae
1942 3311 2060 3365 lue-

474 3414 962 3477 rint,etaeternum
983 3406 1190 3462 civitati
1222 3406 1565 3460 duraverint.
1596 3404 1731 3457 Nam
1766 3404 1899 3459 visae
1922 3410 2056 3457 sunt

474 3505 607 3569 illis,
628 3504 831 3573 quibus
847 3509 1002 3557 erant
1021 3500 1161 3564 latae,
1185 3499 1419 3570 publicis
1437 3499 1680 3567 ipsorum
1703 3496 2059 3559 ornamentis,

479 3610 797 3668 quanquam
823 3609 885 3648 ea
912 3592 1195 3647 civitatum
1228 3590 1459 3644 aliarum
1485 3596 1811 3643 ornamenta
1842 3601 2066 3656 snpera-

480 3699 625 3752 rent,
661 3690 817 3759 longe
843 3685 1187 3749 illustriores,
1230 3684 1457 3752 ipsaque
1484 3696 1634 3745 arce,
1667 3696 1833 3750 quam
1882 3679 2066 3733 muni-

483 3784 678 3838 tiorem
708 3781 922 3835 ueteris
952 3778 1153 3847 ubique
1181 3786 1449 3830 terrarum
1476 3774 1894 3837 existimabant,
1914 3771 2056 3826 insi-

484 3878 663 3947 gniter
696 3873 1043 3937 munitiores,
1075 3872 1239 3940 longo
1263 3868 1500 3936 denique
1555 3866 1846 3919 intervallo
1900 3864 2067 3918 rebus

488 3966 615 4029 illis,
642 3965 842 4032 quibus
872 3978 930 4016 se
955 3962 1262 4031 iactabant,
1289 3959 1564 4012 meliores.
1616 3957 1677 4011 In
1728 3957 1877 4011 hunc
1927 3968 2062 4025 ergo

478 4056 709 4108 modum
744 4051 908 4106 Solon
924 4051 1200 4120 sapientia:
1216 4051 1433 4104 culmen
1467 4049 1668 4117 attigit,
1702 4048 1846 4117 quod
1872 4061 1934 4100 ea
1961 4061 2071 4115 prae

479 4147 690 4216 quovis
722 4161 857 4199 auro
889 4145 942 4198 in
965 4144 1139 4215 pretio
1161 4144 1477 4197 haberetur.
1506 4144 1575 4196 At
1594 4142 1818 4196 Crassus
1838 4141 1975 4194 adeo
1996 4150 2075 4194 te-

478 4230 771 4293 ntulcntus
796 4253 859 4291 ex
884 4237 979 4291 illo
1009 4236 1141 4290 vitio
1165 4251 1287 4299 suo,
1308 4233 1745 4287 animadvertere
1767 4247 1877 4285 non
1918 4240 2073 4300 pote-

488 4343 596 4396 rat,
623 4332 800 4400 qualis
832 4330 921 4383 ille
952 4329 1036 4383 vir
1066 4337 1235 4389 esset,
1265 4336 1318 4379 et
1344 4324 1488 4393 apud
1516 4323 1732 4391 qualem
1787 4322 2071 4376 hominem

2141 474 2331 541 μονίαν
2360 474 2459 542 τὴν
2494 472 2672 542 ἀληθῆ
2703 473 2878 540 γέλως
2915 469 2982 544 ἦν
3019 472 3194 542 σαφὴς
3215 474 3241 525 ὀ
3278 472 3506 541 χρυσὸς,
3537 470 3591 523 εἴ
3621 489 3712 533 τις

2134 560 2320 634 δήκαὶ
2359 564 2545 626 λίθους
2578 566 2735 628 ὅλους
2783 566 2948 637 τέχνῃ
3002 562 3240 635 χρυσοῦς
3304 566 3711 634 ἐργασάμενος.

2137 659 2320 726 φέρων
2381 658 2552 710 ἐτίθει
2589 657 2763 727 τούτῳ
2811 660 2920 728 πρὸ
2974 652 3081 711 τῶν
3136 658 3330 711 ποδῶν.
3385 657 3711 726 Νομοθέτης

2147 751 2391 820 Ἀθηνῶν
2453 751 2663 813 οὑτοσὶ,
2703 752 2884 804 Σόλων
2941 751 3490 821 προσαγορευόμενος
3515 745 3600 817 ἦν,
3647 752 3712 802 ἐν

2134 846 2255 906 ταῖς
2307 846 2541 914 χρυσαῖς
2584 844 2839 913 Ἀθήναις
2886 843 3319 912 θαυμαζόμενος,
3372 842 3713 909 θαυμαστῶν

2136 934 2212 1002 τῷ
2248 934 2554 1002 τηνικαῦτα
2582 934 2883 1002 γεμούσαις
2918 933 3149 1001 ἀνδρῶν.
3211 932 3403 985 Καίτοι
3445 933 3561 994 πῶς
3605 934 3711 986 οὑκ

2138 1026 2290 1089 ἄξιον
2313 1027 2522 1087 πάντας
2552 1027 2831 1095 θαυμάσαι
2852 1044 2864 1091 ;
2885 1027 2969 1080 Τὸ
3000 1028 3111 1094 γὰρ
3139 1028 3195 1079 ἐν
3228 1026 3469 1078 τοσοῖσδε
3520 1026 3711 1088 καλοῖς

2137 1136 2196 1171 τε
2226 1122 2321 1171 καὶ
2367 1120 2595 1187 ἀγαθοῖς
2642 1119 2926 1189 ἀνδράσιν,
2969 1117 3452 1187 ἐμπεπλησμένοις
3502 1116 3715 1170 πολλῶν

2137 1210 2319 1263 καλῶν
2378 1228 2436 1263 τε
2497 1212 2591 1263 καὶ
2632 1210 2875 1278 ἀγαθῶν,
2905 1211 3001 1262 ἕνα
3030 1212 3151 1263 τινὰ
3201 1210 3323 1263 καθ’
3360 1211 3538 1263 ὁτιοῦν
3586 1212 3716 1273 τοὺς

2140 1303 2339 1364 ἄλλους
2378 1302 2718 1369 ὑπερελάσαι
2772 1303 2972 1370 μικροῦ
3026 1302 3135 1354 δεῖν
3189 1295 3498 1355 κινδυνεύει
3542 1302 3719 1371 παρέ-

2140 1411 2257 1463 χειν
2281 1393 2612 1447 διαπιστεῖν.
2663 1394 2804 1447 Ἀλλ’
2847 1390 3002 1455 οὑτός
3027 1410 3090 1460 γε
3139 1394 3235 1446 καὶ
3280 1396 3337 1445 ἐν
3366 1396 3547 1456 αὑτοῖς
3579 1396 3719 1462 μετὰ

2139 1483 2200 1535 τὸ
2220 1482 2363 1535 θεῖον
2426 1483 2753 1551 σεϐάσμιος,
2787 1485 2846 1536 οὑ
2900 1484 2979 1553 τῷ
3022 1484 3223 1554 χρυσὸν
3276 1485 3570 1551 κεκτῆσθαι
3623 1487 3719 1536 καὶ

2141 1578 2420 1645 χορηγεῖν.
2453 1576 2599 1628 Οὗδέ
2630 1575 2737 1645 γὰρ
2762 1571 2831 1657 ᾖν
2880 1577 3073 1645 ἐκείνῳ
3101 1578 3270 1639 πολὺς
3317 1578 3541 1653 χρυσὸς,
3593 1577 3715 1629 οὑδέ

2143 1685 2208 1735 γε
2241 1666 2522 1739 προύργου
2584 1669 2907 1738 τάργύριον,
2963 1672 3010 1722 εί
3048 1669 3122 1739 μὴ
3156 1669 3338 1732 καλῶς
3390 1668 3716 1738 ἁθροίζοιτο,

2150 1760 2245 1813 καὶ
2291 1762 2544 1830 κρεῖττον
2607 1763 2978 1824 ἀναλίσκοιτο,
3026 1763 3121 1814 καὶ
3188 1762 3451 1831 ἑκάτερον
3506 1762 3605 1813 σὺν
3637 1762 3717 1829 τῷ

2144 1852 2325 1924 καιρῷ
2348 1855 2613 1922 γίγνοιτο.
2659 1854 2797 1908 Οὑτε
2836 1856 2944 1923 γὰρ
2979 1856 3126 1925 αὑτῷ
3178 1855 3388 1927 τάνδρὶ,
3425 1855 3548 1908 οὔτε
3608 1855 3717 1924 μὴν

2146 1951 2260 2009 τοῖς
2290 1948 2641 2015 πειθομένοις
2677 1947 2846 2016 αὑτῷ,
2872 1947 3017 2000 οὑτω
3054 1948 3527 2017 περισπούδαστον
3554 1943 3621 2016 ἦν
3649 1948 3721 1999 τὰ

2148 2042 2243 2095 τοῦ
2270 2039 2478 2110 χρυσοῦ
2503 2039 2793 2108 ψήγματα,
2819 2032 2893 2092 ὧν
2926 2039 2954 2090 ὁ
2982 2041 3213 2108 Κροῖσος
3234 2039 3420 2102 δοῦλος
3451 2040 3546 2104 ὢν,
3566 2042 3726 2108 ἡγεῖ-

2149 2148 2212 2183 το
2236 2129 2428 2199 κύριος
2454 2124 2619 2182 εῖναι.
2658 2129 2822 2181 Ὅθεν
2854 2129 2979 2182 οὑδὲ
3028 2130 3279 2199 μηχανὴν
3314 2133 3341 2183 ὁ
3395 2130 3572 2183 Σόὶων
3602 2131 3721 2195 ἐξε-

2154 2221 2396 2291 ζήτησεν
2456 2222 2752 2290 εὑρηκέναι
2782 2222 2899 2284 τοῖς
2936 2222 3181 2284 πολίταις
3224 2225 3340 2286 τοῖς
3374 2223 3539 2275 αὑτοῦ
3585 2224 3727 2294 πρὸς

2151 2316 2215 2367 τὺ
2268 2315 2565 2384 δυνηθῆναι
2609 2296 3049 2384 χρηματίζεσθαι
3099 2318 3280 2368 πάντα
3319 2318 3553 2387 τρόπον·
3599 2316 3726 2369 οὔτε

2153 2406 2365 2477 ταύτην
2389 2406 2451 2476 δή
2490 2424 2633 2475 φημι
2681 2405 2781 2475 τὴν
2816 2405 3167 2474 μεταλλικὴν,
3197 2406 3319 2460 οὑτε
3369 2409 3476 2479 μὴν
3520 2410 3618 2477 τὴν
3651 2405 3730 2460 οἷ-

2160 2518 2258 2571 μαι
2291 2498 2687 2570 χρυσοποιικὴν
2720 2497 3089 2568 καλουμένην.
3120 2501 3235 2552 Οὑκ
3281 2486 3387 2571 ἀρα
3440 2502 3525 2554 διὰ
3555 2500 3726 2553 ταῦτα

2158 2593 2378 2663 ἀριστος
2409 2590 2677 2660 ἀρίστοις,
2702 2593 2795 2644 καὶ¹
2844 2591 3106 2658 μέγιστος
3145 2591 3427 2660 μεγίστοις
3459 2594 3596 2663 ἀνὴρ
3638 2594 3730 2645 ἀν-

2160 2682 2321 2751 δράσι
2358 2681 2654 2751 νομίζοιτο,
2681 2682 2775 2732 καὶ
2801 2680 2897 2733 νῦν
2934 2697 2996 2747 γε
3024 2684 3188 2735 πᾶσιν
3226 2681 3305 2735 ἔτι
3342 2682 3492 2735 δοκεῖ
3520 2702 3531 2713 ·
3565 2685 3641 2754 τῷ
3671 2685 3728 2738 δὲ

2160 2776 2360 2844 νόμους
2415 2771 2658 2840 ἀγαθοὺς
2721 2772 2815 2824 ἐπὶ.
2862 2771 3078 2836 πολλοῖς
3130 2790 3189 2824 τε
3228 2775 3321 2826 καὶ
3350 2774 3533 2835 καλοῖς
3564 2775 3732 2844 ἐφθα-

2165 2866 2290 2918 κόσι
2321 2865 2569 2928 πολίταις
2621 2865 2797 2917 πάντα
2831 2866 3061 2933 ἀγαθοῖς
3105 2868 3439 2921 τεθεικέναι.
3478 2869 3729 2940 Τοσούτῳ

2164 2955 2221 3007 δὲ
2247 2956 2606 3025 ὑπερήλασαν
2650 2957 2777 3018 τοὺς
2816 2957 3229 3026 πρεσὸυτέρους
3268 2959 3319 3011 ot
3367 2962 3522 3029 παρὰ
3578 2961 3729 3015 τοῦδε

2165 3047 2554 3117 γεγενημένοι,
2584 3048 2692 3115 ὅσῳ
2718 3047 3068 3111 τελευταίους
3095 3051 3293 3114 αὐτοὺς
3318 3051 3601 3118 γενέσθαι,
3637 3058 3731 3108 καὶ

2161 3137 2474 3190 διαιωνίσαι
2536 3141 2602 3207 τῇ
2664 3138 2841 3192 πόλει.
2894 3140 3122 3205 Ἐδοξαν
3168 3144 3279 3213 γὰρ
3337 3147 3472 3209 τοῖς,
3530 3147 3596 3200 δι’
3640 3147 3730 3211 οὓς

2163 3227 2435 3295 ἐγένοντο,
2474 3227 2687 3297 κόσμου
2748 3230 2848 3297 μὲν
2900 3230 2994 3282 τοῦ
3030 3232 3163 3300 παρ’
3226 3234 3412 3298 αὑτοῖς
3451 3237 3719 3308 δημοσίου,

2165 3320 2343 3372 καίτοι
2406 3337 2469 3387 γε
2515 3320 2970 3384 πλεονεκτοῦντος
3024 3324 3131 3377 τῶν
3192 3326 3250 3378 ἐν
3281 3328 3470 3392 ἄλλαις
3521 3331 3714 3395 πόλεσι,

2170 3410 2369 3480 κομιδῆ
2400 3413 2863 3482 περιφανέστεροι
2888 3429 2902 3444 ’
2939 3415 3109 3481 αἰτῆς
3135 3417 3192 3470 δὲ
3233 3422 3597 3491 ἀκροπόλεως,
3626 3424 3720 3492 τῆς

2167 3503 2350 3564 αὑτοῖς
2409 3503 2778 3573 νομιζομένης
2819 3505 3233 3577 ἀσφαλεστέρας
3268 3511 3377 3563 τῶν
3418 3513 3729 3583 ἁπανταχοῦ

2169 3594 2291 3662 γῆς,
2321 3595 2620 3665 ὑπερφυῶς
2650 3597 3048 3668 ἀσφαλέστεροι
3071 3616 3084 3631 '
3109 3603 3201 3653 καὶ
3232 3603 3370 3665 ὅλως
3409 3621 3471 3672 γε
3499 3606 3735 3676 βελτίους

2170 3688 2300 3753 τῶν,
2333 3684 2417 3751 οἷς
2449 3689 2735 3758 ἐφρόνουν,
2766 3690 2947 3760 πολλῷ
2974 3691 3052 3762 τῷ
3095 3694 3271 3763 μέσῳ.
3309 3696 3466 3750 Οὕτω
3506 3701 3606 3768 μὲν
3650 3696 3739 3751 οὖν

2170 3770 2327 3841 οὗτος
2359 3781 2499 3849 ἀνὴρ
2524 3778 2738 3850 προύϐη
2771 3783 2909 3851 πρὸς
2937 3782 3109 3854 ἄκρον
3138 3788 3350 3855 σοφίας,
3379 3786 3455 3857 τῷ
3479 3789 3739 3857 τιμᾶσθαι

2173 3870 2381 3939 ταύτην
2409 3873 2611 3934 παντὸς
2632 3873 2855 3943 χρυσίου
2878 3892 2891 3906 ι
2922 3875 3066 3929 οὑτω
3116 3877 3171 3929 δὲ
3206 3878 3422 3947 μεθύων
3454 3880 3533 3947 τῷ
3575 3881 3733 3931 πάθει

2172 3962 2429 4029 Κροῖσος,
2472 3962 2571 4033 οὑχ
2602 3962 2717 4026 οἷός
2740 3966 2786 4017 τ’
2813 3961 2881 4036 ἦν
2913 3967 3289 4029 αίσθάνεσθαι,
3318 3963 3425 4030 οἷος
3462 3968 3541 4020 ὣν
3592 3970 3735 4021 ἐκεῖ-

2174 4068 2265 4114 νος
2327 4054 2611 4122 τυγχάνει.
2655 4056 2745 4108 καὶ
2806 4056 2943 4127 πρὸς
3005 4051 3117 4109 οἷον
3163 4056 3529 4111 ἐπεδείκνυτο.
3574 4058 3739 4112 Τουτὶ

2178 4143 2288 4210 γὰρ
2337 4143 2513 4211 δήπου
2565 4145 2627 4198 τὸ
2671 4146 2843 4208 πάθος
2906 4141 2979 4200 ὧν
3012 4146 3078 4201 ἂν
3110 4148 3366 4212 καθάπαξ
3402 4150 3741 4220 κρατήσειε,

2179 4233 2386 4286 τούτων
2419 4237 2537 4291 ταῖς
2566 4236 2770 4306 ψυχαῖς
2822 4240 3038 4308 ἐντήκει
3097 4238 3295 4294 ἑαυτοῦ
3349 4242 3577 4311 διηνεκῆ
3627 4259 3746 4295 τινα

2181 4326 2379 4395 δίψαν⁵
2427 4328 2494 4400 ἢν
2546 4330 2607 4380 τὸ
2640 4331 3005 4399 μετεχόμενον
3058 4333 3354 4402 ἀειδήποτε
3422 4335 3744 4403 προσαῦξον,

484 4424 852 4493 gloriaretur.
890 4421 1040 4485 Quos
1072 4419 1221 4471 enim
1253 4416 1445 4470 vitium
1481 4415 1590 4468 boc
1619 4414 1787 4468 semel
1819 4422 2059 4483 occupat

2179 4418 2253 4481 ὼς
2303 4420 2406 4487 ’ύλη
2456 4421 2566 4490 πῦρ
2617 4438 2676 4472 τε
2727 4423 2823 4475 καὶ
2862 4423 3059 4490 φλόγα,
3102 4425 3225 4486 ταῖς
3280 4426 3389 4477 τῶν
3433 4426 3747 4479 ἑαλωκότων

486 4531 684 4569 eorum
714 4513 913 4569 animis
935 4511 1225 4580 quamdam
1252 4510 1335 4562 sui
1366 4517 1682 4576 perpetuam
1707 4504 1853 4560 sitim
1890 4504 2078 4559 instil-

496 4608 793 4674 latzquam
847 4603 981 4657 illud
1036 4603 1236 4671 ipsum,
1264 4599 1406 4667 quod
1449 4596 2076 4666 percipitur,nunqnam

492 4714 610 4753 non
646 4700 818 4767 magis
850 4712 913 4750 ac
934 4695 1107 4765 magis
1139 4708 1367 4761 augens,
1399 4691 1476 4744 uti
1499 4689 1755 4744 materies
1795 4688 1973 4753 ignem
2027 4697 2083 4741 et

498 4787 799 4849 ﬂaiiunam,
840 4794 1050 4840 mentes
1101 4791 1477 4851 corrcptorum
1507 4781 1611 4835 hoc
1655 4779 1845 4833 morbo
1890 4779 2082 4846 vitiat;

496 4879 709 4949 .qnippe
774 4880 886 4932 lteri
956 4878 1166 4946 nequit,
1198 4883 1255 4929 ut
1278 4875 1530 4944 quiazger
1564 4878 1649 4927 est
1674 4871 1878 4935 animo,
1905 4884 2085 4925 mente

501 4985 675 5025 sanus
703 4970 794 5022 sit.
822 4970 877 5022 Id
912 4973 1072 5023 etiam
1092 4968 1284 5023 Crasso
1316 4963 1592 5021 usuvenit.
1621 4964 1955 5032 Argumento
1979 4972 2084 5028 est,

504 5062 654 5133 quod
689 5060 906 5115 Solonis
936 5063 998 5113 ad
1026 5062 1206 5131 ipsum
1230 5059 1475 5117 monitus
1497 5055 1830 5126 consiliaque
1854 5070 2085 5125 respue-

2185 4514 2353 4580 φρεσὶ
2385 4511 2732 4579 λυμαίνεται.
2768 4514 2844 4566 Οὑ
2870 4514 2980 4585 γὰρ
3006 4515 3122 4567 ἔστι
3160 4515 3426 4569 νοσοῦντα
3452 4519 3551 4586 τὴν
3575 4518 3747 4586 ψυχὴν

2185 4603 2354 4671 ὑγιῶς
2390 4603 2537 4673 ἔχειν
2583 4604 2681 4666 τὰς
2716 4608 2945 4675 φρένας.
3004 4606 3177 4660 Ταυτὶ
3216 4610 3313 4662 καὶ
3359 4611 3581 4680 Κροίσῳ
3616 4628 3750 4674 συμ-

2186 4694 2415 4762 6έ6ηκε.
2452 4696 2744 4763 Καὶεδηλοῖ
2764 4697 2825 4749 τὸ
2852 4697 3150 4751 διαπτύσαι
3172 4699 3272 4762 τὰς
3309 4702 3448 4772 πρὸς
3476 4702 3640 4753 αὑτὸν
3660 4702 3749 4753 τοῦ

2189 4786 2428 4849 Σόλωνος
2483 4791 2861 4858 παραινέσεις,
2893 4793 2988 4844 καὶ
3029 4792 3097 4845 τά
3150 4791 3543 4862 βουλεύματα’
3592 4793 3627 4847 ἃ
3658 4793 3752 4845 κᾶν

2200 4877 2511 4943 Ὀδυσσεὺς,
2564 4877 2667 4931 κᾶν
2699 4879 2953 4949 Νέστωρ,
2990 4882 3095 4934 κᾶν
3160 4882 3412 4935 ὁστισοῦν
3454 4884 3545 4935 ἐπὶ
3595 4882 3753 4952 σοφίᾳ

2191 4970 2447 5039 πολιτικῇ
2508 4971 2643 5022 πολὺ
2674 4971 2783 5023 τῶν
2840 4971 3019 5025 ἄλλων
3050 4972 3371 5040 διενεγκὼν,
3417 4973 3658 5043 ᾐσχύνθη
3697 4989 3749 5026 τε

2192 5052 2346 5127 οἶμαι
2375 5059 2622 5121 δικαίως,
2652 5062 2749 5112 καὶ
2783 5060 2892 5114 τῶν
2931 5063 3079 5115 ἰδίων
3104 5064 3395 5132 δογμάτων
3426 5062 3732 5135 προύθηκεν

506 5157 606 5220 rit,
626 5170 745 5222 qua:
767 5152 846 5205 vel
870 5152 1111 5220 Ulysses,
1136 5151 1215 5203 vel
1233 5148 1446 5213 Nestor,
1468 5148 1546 5204 vel
1566 5148 1745 5219 quivis
1762 5148 1924 5213 alius,
1940 5146 2090 5200 civili

505 5247 786 5315 sapientia
823 5244 982 5310 longe
1011 5243 1224 5296 laeteris
1259 5251 1545 5310 pra-stans,
1575 5240 1769 5294 merito
1800 5241 2091 5303 reveritus,

508 5355 637 5393 meo
664 5336 881 5407 quidem
907 5332 1368 5401 judicio,lui5set,
1398 5350 1465 5389 ac
1492 5333 1979 5389 suis-metdecretis
2003 5348 2095 5386 an-

498 5434 856 5500 :teposuisset.
875 5428 945 5482 At
960 5426 1180 5481 (Li-(esus
1200 5440 1302 5477 non
1324 5426 1393 5477 ita
1416 5429 1540 5488 ;5cd
1564 5434 1771 5479 tantum
1794 5440 1901 5485 non
1920 5424 2099 5479 ridere

500 5542 721 5588 senem,
741 5534 979 5593 spesque
1006 5519 1071 5573 de
1092 5518 1337 5585 pecuniis
1361 5532 1585 5585 prorsus
1604 5519 1884 5571 inutilibus
1902 5532 2099 5571 conce-

516 5627 663 5687 ptas,
691 5626 745 5669 et
769 5629 933 5669 vanas
966 5611 1206 5682 quidem,
1232 5610 1431 5663 dueere
1457 5610 1693 5675 potiores
1710 5610 2102 5663 admonitioni-

518 5708 620 5762 bus
642 5722 835 5776 reapse
869 5705 1075 5767 aureis,
1123 5716 1352 5771 qnmquc
1383 5699 1576 5754 salutis
1599 5708 1650 5753 et
1684 5700 1867 5767 gloriae
1901 5716 2101 5768 paran-

2205 5150 2345 5202 Ἀλλ’
2374 5150 2402 5201 ὁ
2432 5150 2670 5219 Κροῖσός
2702 5168 2765 5219 γε
2807 5152 2905 5223 οὑχ
2951 5153 3159 5217 οὕτως·
3193 5155 3330 5208 ἀλλὰ
3379 5157 3605 5225 μονονοὺ
3635 5171 3756 5207 κατ-

2197 5242 2364 5308 εγέλα
2399 5241 2494 5293 τοῦ
2526 5242 2801 5313 γέροντος,
2845 5237 2939 5295 καὶ
2995 5244 3180 5315 πολλῷ
3216 5246 3459 5315 βελτίους
3500 5241 3607 5315 ἦγε
3662 5246 3755 5307 τὰς

2199 5333 2306 5384 ἀπὸ
2336 5333 2637 5402 χρημάτων
2677 5332 2814 5395 ὅλως
2847 5335 3140 5404 ἀχρήστων
3185 5337 3352 5397 κενὰς
3390 5336 3613 5395 ἐλπίδας
3642 5352 3756 5386 νου-

2200 5425 2397 5477 θεσιῶν
2432 5425 2655 5494 χρυσῶν
2700 5425 2780 5491 τῷ
2825 5426 2963 5489 ὄντι,
3005 5428 3101 5483 καὶ
3161 5428 3438 5498 σωτηρίας
3487 5427 3755 5495 ἀφορμὰς,

2203 5517 2296 5569 καί
2319 5515 2477 5580 δόξης
2518 5516 2931 5584 παρεχομένων.
2967 5517 3153 5580 Οὕτως
3199 5518 3343 5572 ἑάλω
3400 5518 3496 5569 τοῦ
3534 5519 3757 5585 χρυσοῦ,

2204 5609 2297 5660 καὶ
2321 5607 2470 5659 τόνδε
2499 5608 2659 5675 μόνον
2680 5607 2979 5675 θαυμάζων
3034 5605 3125 5678 ἦν,
3184 5611 3291 5671 ἕως
3332 5611 3398 5662 ἐκ
3428 5610 3529 5675 τῆς
3574 5606 3759 5675 πείρας

2208 5699 2380 5766 αὑτῆς
2420 5698 2729 5768 μεμάθηκε,
2764 5700 2858 5751 καὶ
2914 5701 3131 5767 ἐπέγνω
3172 5700 3365 5753 ἑαυτὸν
3413 5699 3759 5763 ἐξηπατημέ-
