4098 6272
316 347 422 409 38')

1786 326 2074 389 ORATIO
2105 325 2157 387 Ι.

3461 322 3564 385 $90

317 477 427 512 νον.
459 457 597 513 οὐδὲ
623 456 839 526 χρόνος,
867 454 1045 524 οἶμαι,
1078 454 1271 516 πολὺς,
1325 448 1421 505 καὶ
1468 451 1496 502 ὁ
1518 445 1709 519 νεκρὸς
1738 446 1880 498 ἐκεῖ·

1988 440 2066 492 ιιω
2093 440 2329 494 rationes
2355 441 2779 510 suppeditarent.
2804 437 2986 507 Usque
3006 439 3141 492 adeo
3156 435 3224 492 ab
3250 453 3385 493 auro
3407 440 3563 493 reda-

316 571 405 616 νος
464 552 670 621 χρυσὸς
719 550 1029 620 μετάμελον
1087 546 1237 615 αύτῷ
1296 545 1573 614 παρέσχεν
1616 542 1882 609 ἀνόνητον

316 647 411 698 καὶ
442 645 542 713 τῆς
577 646 709 712 περὶ
739 642 892 694 τόνδε
943 641 1176 708 πλάνης,
1210 638 1304 692 καὶ
1335 637 1445 690 τῶν
1482 634 1746 695 ἀπονοίας
1789 634 1884 701 ρη-

320 737 533 805 μάτων,
564 731 647 798 οἷς
677 733 926 787 ἀπειθῶν
948 732 1024 802 τῷ
1051 732 1445 801 σωφρονίζοντι
1480 726 1880 795 κατεκέχρητο.

325 832 423 890 ’ος
453 828 562 898 γὰρ
590 826 718 896 χθὲς
748 826 839 879 καὶ
871 826 1137 895 πρότριτα
1173 822 1262 876 διὰ
1283 824 1375 875 τὸν
1432 820 1662 872 πλοῦτον
1717 817 1883 881 ἐκόμ-

318 919 517 982 παζεν,
540 918 710 987 αἴρων
734 915 927 985 ὀφρὺν,
954 916 1048 967 καὶ
1077 912 1421 984 ἀκροϐατῶν,
1482 913 1576 962 καὶ
1638 908 1727 962 τὸν
1782 907 1882 959 αύ-

319 1010 454 1079 χένα
488 1010 684 1061 τείνων
723 1008 805 1070 είς
854 1006 1104 1076 οὐρανὸν,
1136 1006 1275 1067 ὅλως
1327 1003 1689 1073 ἐπαιρόμενος
1739 1001 1883 1054 κατὰ

319 1104 427 1156 τῶν
452 1100 619 1154 αὐτοῦ
650 1100 959 1171 βελτιόνων,
1007 1097 1280 1167 Ἀθηναίῳ
1311 1094 1512 1148 Σόλωνι
1555 1092 1881 1161 διαλεγόμε-

322 1211 432 1258 νος,
460 1192 615 1263 οὗτος
656 1190 820 1254 αὐτὸς
848 1190 990 1259 μετὰ
1024 1188 1231 1258 βραχύν
1290 1204 1413 1241 τινα
1456 1185 1671 1255 χρόνον,
1701 1179 1879 1251 οἶμαι,

319 1293 387 1344 δι’
414 1291 614 1352 αὐτοὺς
643 1289 707 1357 δὴ
736 1288 865 1347 τοὺς
908 1288 1122 1355 σωροὺς
1156 1284 1265 1337 τῶν
1314 1280 1595 1351 μετάλλων
1632 1278 1790 1346 ὤφθη
1820 1292 1883 1343 γε

320 1383 502 1437 κλάων
547 1381 687 1452 μετὰ
716 1380 874 1448 βοῆς.
922 1376 1213 1445 Ἀθηναίου
1247 1371 1597 1444 μεμνημένος
1626 1368 1884 1429 Σόλωνος,

317 1477 554 1546 ὁπηνίκα
579 1474 691 1543 πῦρ
730 1470 973 1537 ἐξάλοιτο
1008 1467 1130 1521 κατ’
1153 1465 1343 1528 αὐτοῦ,
1378 1464 1474 1517 καλ⁴
1508 1462 1597 1515 διὰ
1626 1458 1886 1530 τῷπὶούο

318 1587 395 1639 τῳ
425 1569 672 1638 θαρῤεἶν,
722 1564 1043 1626 όνειδίζοιτο
1074 1560 1226 1629 παρὰ
1283 1557 1494 1626 Κύρου,
1550 1554 1643 1608 τοῦ
1668 1554 1768 1616 τὰς
1798 1553 1887 1605 εύ-

321 1661 468 1722 νοίας
493 1660 599 1711 τῶν
637 1657 727 1709 ὑπ’
759 1655 929 1725 αύτῷ,
959 1654 1054 1706 καὶ
1095 1649 1364 1720 φρουρὰν,
1411 1647 1509 1700 καὶ
1547 1646 1883 1716 θησαυροὺς,

326 1752 420 1805 καλ⁵
443 1752 550 1820 ὅτῳ
586 1749 653 1803 ἂν
682 1746 941 1816 βασιλεὺς
996 1742 1223 1808 σώζοιτό
1256 1759 1315 1794 τε
1380 1741 1475 1792 καὶ
1506 1733 1564 1791 εὖ
1627 1739 1879 1805 πράττοι,

329 1843 551 1911 μεγέθει
579 1843 897 1912 φρονήσεως
945 1840 1307 1907 κεκτημένου.
1350 1833 1514 1887 Ἀλλὰ
1559 1833 1666 1902 μὴν
1696 1830 1884 1885 κάκεί-

324 1954 431 1998 νως
465 1934 655 2003 γέγονε
693 1932 853 2002 δῆλον
884 1930 944 1983 τδ
977 1931 1076 1997 τῆς
1123 1928 1316 1998 σοφίας
1366 1927 1461 1980 καί
1491 1924 1586 1978 τοῦ
1647 1923 1881 1976 πλούτου

320 2028 598 2098 διάφορον.
640 2025 719 2079 Δι’
746 2026 953 2077 ἐκεῖνον
982 2022 1083 2092 μὲν
1114 2020 1222 2091 γάρ
1258 2021 1286 2072 ὁ
1327 2018 1669 2088 κεκτημένος
1719 2018 1882 2070 αὑτὸν

321 2119 589 2174 ὲ-κέκαυτο
610 2132 625 2148 ο
664 2115 900 2185 τοῦνομα
928 2115 986 2167 δὲ
1019 2113 1111 2167 τοῦ
1145 2113 1384 2173 Σόλωνος
1412 2111 1576 2164 αὑτὸν
1611 2109 1883 2181 ἐρρύσατο

319 2212 421 2282 τῆς
449 2210 667 2281 φλογὸς,
694 2208 837 2262 κατὰ
866 2208 1147 2277 πάρεργον
1183 2203 1370 2277 ῥηθέν.
1417 2205 1490 2255 Ού
1525 2202 1633 2272 γὰρ
1661 2202 1723 2269 δὴ
1747 2201 1883 2271 πρὸς

323 2304 604 2375 σωτηρίαν
642 2301 777 2355 ἐϐόα
807 2301 1043 2369 Κροῖσος
1076 2298 1161 2361 τὸ,
1197 2296 1397 2360 Σόλων,
1430 2295 1632 2357 Σόλων,
1661 2293 1777 2347 ἀλλ’
1807 2293 1882 2355 ὡς

327 2394 471 2465 μάλα
493 2410 556 2462 γε
595 2392 895 2461 θαυμάζων
928 2390 1020 2443 τὸν
1056 2388 1245 2457 ἄνδρα,
1304 2388 1381 2440 ὅτ’
1421 2387 1513 2440 ἐπὶ
1548 2385 1656 2439 τῶν
1711 2385 1882 2450 ξύλων

323 2483 640 2552 ἐφὴπλωτο,
686 2483 900 2540 τούτοις
946 2476 1479 2546 συγκανθησόμενος.
1540 2475 1720 2544 Ἐώρα
1758 2472 1883 2544 γάρ

321 2576 420 2646 τὴν
456 2576 514 2628 ἐν
553 2574 747 2642 ἐκείνῳ
797 2571 991 2638 σοφίαν
1044 2568 1142 2620 καλ⁵
1183 2566 1666 2636 προφητεύουσανο
1704 2565 1884 2631 ἔξεστι

323 2666 379 2718 δέ
415 2682 499 2718 σοι
529 2661 919 2734 καθαρώτερον
949 2656 1153 2727 γνῶναι
1186 2657 1257 2710 τὰ
1303 2656 1429 2728 περὶ
1475 2655 1666 2717 τῶνδε,
1701 2656 1795 2709 ἐάν
1821 2672 1882 2721 γε

323 2753 357 2830 ᾖ
391 2754 702 2826 βουλομένῳ
734 2752 1053 2818 διεξελθεῖν,
1089 2750 1143 2802 εί
1171 2750 1253 2810 τίς
1285 2765 1342 2801 τε
1390 2747 1549 2810 ἄλλος
1580 2747 1713 2816 περὶ
1762 2745 1886 2798 τού-

322 2867 431 2902 των
451 2847 730 2917 ίστόρηκε,
760 2844 976 2906 καὶτὰς
1002 2841 1291 2911 Ἡροδότου
1318 2839 1560 2903 Μούσας.
1586 2839 1758 2892 Ταυτὶ
1782 2838 1885 2908 μὲν

322 2938 415 2996 οῦν
445 2944 581 3012 ἡμῖν
604 2936 921 3007 ἀρκούντως
941 2936 1077 3005 ἡμῖν
1105 2934 1240 3007 ἔχει,
1271 2933 1371 2986 ὅσα
1413 2936 1506 2985 καὶ
1568 2931 1761 2997 σοφίαν
1796 2945 1883 3001 μὶ-

321 3037 452 3104 κρδν
481 3032 744 3102 ὑμνῆσαι,
778 3029 872 3081 καὶ
893 3024 1171 3093 ἐξελέγξαι
1194 3023 1281 3077 τὸν
1304 3023 1534 3076 πλοῦτον
1552 3024 1720 3093 μηδὲν
1749 3024 1884 3092 άλη-

1988 546 2108 589 ctus
2127 535 2178 588 in
2198 543 2516 605 potestatem
2538 544 2673 600 erat,
2694 534 2855 602 idque
2870 533 3043 587 solum
3064 532 3457 597 admirabatur,
3474 533 3568 585 dc-

1986 642 2088 680 nec
2112 628 2227 695 ipsa
2253 626 2447 679 didicit
2474 627 2831 695 experientia,
2859 640 3023 692 seque
3053 622 3339 691 deceptum
3364 638 3566 693 cogno-

1990 720 2089 775 vit.
2128 718 2240 774 Nec
2269 720 2525 785 multum,
2550 719 2765 788 opinor,
2795 719 3057 786 temporis
3087 717 3420 780 intercessit,
3441 732 3561 769 cum

1987 822 2265 866 mortuum
2311 812 2440 866 illud
2472 828 2661 865 aurum
2697 811 2843 875 fecit,
2868 821 2920 862 ut
2954 826 3076 863 eum
3119 811 3267 862 nullo
3297 808 3409 877 jam
3436 823 3557 860 cum

1986 905 2166 958 fructu
2200 907 2492 974 paeniteret
2523 914 2635 956 tum
2664 906 2871 957 erroris
2897 903 2962 956 de
2997 917 3131 954 auro
3158 901 3265 966 sui,
3300 910 3411 953 tum
3436 914 3562 968 pro-

1987 996 2252 1051 feCIorum
2284 996 2350 1050 ab
2398 997 2637 1049 amentia
2673 996 2984 1082 verborum,
3020 995 3241 1062 quibus,
3275 991 3561 1062 eastiganti

1988 1103 2096 1142 non
2124 1090 2532 1157 obtemperans,
2559 1105 2691 1142 usus
2715 1087 2916 1141 fuerat.
2951 1088 3053 1151 Qui
3100 1088 3246 1141 enim
3296 1088 3409 1139 heri
3456 1101 3559 1137 nu-

1987 1182 2219 1249 diusque
2244 1183 2436 1235 tertius
2471 1198 2528 1236 se
2560 1192 2779 1249 propter
2811 1196 2943 1248 opes
2976 1179 3264 1247 magnifice
3289 1178 3559 1246 jactabat,

1988 1274 2247 1325 attollens
2281 1273 2596 1340 supercilia,
2625 1273 2963 1336 summisque
2983 1273 3177 1340 pedum
3199 1272 3383 1337 digitis
3409 1270 3559 1321 ince-

1988 1362 2144 1427 dens,
2175 1374 2226 1417 et
2254 1363 2320 1416 ad
2347 1363 2544 1418 caelum
2568 1378 2742 1428 usque
2756 1361 3023 1414 cervicem
3056 1361 3359 1427 porrigens,
3386 1369 3561 1413 totus-

1988 1468 2094 1521 que
2122 1464 2338 1506 tumens
2362 1453 2623 1508 adversus
2651 1454 2899 1507 homines
2925 1468 2982 1506 se
3001 1453 3272 1517 meliores,
3295 1468 3403 1521 quo
3424 1460 3563 1505 tem-

1990 1560 2121 1614 pore
2146 1561 2266 1598 cum
2292 1544 2490 1599 Solone
2508 1544 2827 1599 Atheniensi
2861 1544 3270 1610 colloquebatur
3295 1562 3309 1595 :
3336 1546 3418 1596 hic
3450 1544 3564 1611 ipse

1992 1645 2112 1704 post
2137 1638 2294 1688 breve
2320 1645 2555 1703 tempus,
2594 1644 2651 1689 ut
2704 1636 2961 1709 arbitror,
2992 1646 3211 1704 proliter
3257 1636 3380 1689 illos
3417 1638 3565 1704 ipsos

1987 1728 2333 1780 metallorum
2368 1743 2596 1781 acervos
2625 1727 2733 1781 alta
2771 1742 2905 1781 voce
2960 1729 3178 1796 plorare
3228 1739 3562 1796 conspectus

1989 1829 2091 1884 est,
2121 1820 2338 1873 Solonis
2363 1818 2513 1873 illius
2529 1818 2882 1873 Atheniensis
2910 1818 3251 1882 recordatus,
3274 1834 3397 1870 cum
3420 1819 3561 1886 ignis

1990 1913 2044 1967 in
2075 1928 2197 1967 eum
2233 1912 2491 1976 insiliret,
2523 1920 2575 1964 et
2603 1911 2747 1979 quod
2781 1911 2835 1963 in
2879 1909 3074 1979 opibus
3107 1909 3360 1962 ﬁduciam
3390 1908 3563 1962 collo-

1990 2013 2168 2059 casset
2191 2046 2203 2070 ,
2235 2006 2614 2072 obiurgaretur
2642 2019 2670 2056 a
2696 2003 2860 2073 Cyro,
2890 2002 2982 2071 qui
3012 2002 3360 2056 subditorum
3394 2001 3559 2054 bene-

1988 2096 2379 2161 volentiam,et
2404 2095 2641 2165 praasidii
2675 2095 2888 2159 loco,et
2922 2096 3400 2157 lhesaurorum,et
3432 2108 3560 2161 qua-

1988 2190 2197 2244 rumvis
2230 2204 2436 2253 rerum,
2469 2188 2673 2258 quibus
2703 2197 2758 2241 et
2782 2187 3132 2241 incolumitas
3161 2188 3563 2254 etprosperltas

1989 2282 2135 2351 regia
2150 2282 2426 2336 contiuetu
2439 2297 2481 2347 r,
2498 2280 2665 2333 animi
2683 2280 3108 2349 magnitudinem
3126 2288 3558 2347 comparaverat.

1991 2373 2131 2440 Quin
2159 2383 2214 2429 et
2258 2374 2349 2428 ilia
2379 2388 2460 2438 re,
2490 2375 2763 2441 quodnam
2791 2380 2940 2427 esset
2964 2379 3077 2425 tum
3125 2372 3557 2440 sapientiamtum

1989 2480 2152 2534 opum
2177 2465 2497 2530 discrimen,
2524 2463 2797 2533 apparuit.
2818 2460 2952 2526 Nan)
2978 2472 3197 2532 propter
3224 2479 3356 2531 opes
3383 2463 3447 2527 is,
3468 2464 3560 2531 qui

1989 2572 2082 2610 cas
2116 2556 2455 2625 possidebat,
2490 2565 2716 2609 exustus
2749 2555 2939 2609 fuisset
2972 2572 2985 2609 :
3022 2564 3077 2608 at
3102 2555 3321 2608 Solonis
3365 2570 3565 2608 nomen

1990 2648 2164 2703 obiter
2180 2663 2524 2716 expressum,
2539 2662 2568 2700 e
2585 2647 2812 2700 ﬂammis
2832 2648 3105 2701 hominem
3124 2647 3341 2715 eripuit.
3356 2645 3566 2717 Quippe

1989 2754 2099 2795 non
2126 2739 2319 2794 salutis
2349 2739 2701 2808 impetranda:
2724 2753 2890 2792 causa
2920 2738 3139 2792 Solonis
3166 2754 3362 2792 nomen
3406 2741 3573 2793 (ἐγω-⁸

1991 2848 2086 2888 sus
2106 2831 2499 2903 ingeminabat,
2529 2832 2624 2886 sed
2646 2831 2793 2901 quod
2821 2847 3148 2901 magnopere
3183 2831 3356 2884 virum
3386 2832 3563 2885 adiui-

1990 2936 2228 2992 rarelur,
2253 2940 2364 2995 quo
2395 2934 2636 2993 tempore
2672 2924 2832 2992 lignis
2855 2925 3144 2991 impositus
3175 2924 3412 2993 jacebat,
3437 2942 3559 2978 cum

1990 3018 2192 3072 eisdem
2219 3016 2674 3070 coneremandus.
2699 3014 3094 3085 VidebatZeuim
3119 3016 3437 3084 sapientiam
3464 3018 3563 3069 So-

324 3126 432 3188 θῶς
461 3125 616 3188 ὄντα,
682 3122 731 3174 εί
771 3119 846 3190 μὴ
895 3115 962 3171 δι’
995 3117 1183 3187 ἔτερόν
1239 3133 1294 3168 τι
1334 3115 1644 3184 συνάγοντο,
1676 3116 1768 3167 καὶ
1820 3114 1881 3167 δι’

1990 3109 2131 3165 lonis
2162 3105 2673 3163 etiamvaticinandi
2700 3107 2749 3159 vi
2779 3109 3083 3175 praazlitam.
3117 3105 3179 3159 Et
3209 3108 3320 3160 base
3342 3109 3555 3175 quidem

322 3218 501 3271 ἐκεῖνο
549 3216 715 3269 πάλιν
748 3211 1119 3282 σκορπίζοιτο,
1153 3210 1249 3262 καὶ
1270 3210 1382 3260 τοῖν
1412 3209 1729 3278 εἰρημένοιν
1760 3208 1887 3261 ἑκά.

323 3328 482 3380 τερον
510 3309 569 3362 ού
598 3308 685 3361 διὰ
714 3304 908 3375 θυμὸν,
944 3302 1054 3356 οὐδ’
1117 3301 1310 3372 ὀργὴν,
1350 3300 1460 3353 οὐδ’
1486 3301 1784 3371 ἐπιθυμίαν
1809 3300 1885 3371 μὴ

324 3403 603 3471 σώφρονα,
636 3398 771 3452 ἀλλὰ
799 3397 941 3463 λόγῳ
962 3393 1240 3462 Ὑίγνοιτο.
1272 3391 1425 3444 Δοκῶ
1466 3392 1573 3460 γάρ
1614 3408 1704 3459 μοι
1731 3393 1881 3459 εἰρη-

320 3492 478 3546 κέναι
525 3490 775 3544 τοσοῦτον
798 3489 964 3541 ἕνεκα
988 3485 1082 3540 τοῦ
1116 3483 1483 3555 προκειμένου
1515 3481 1740 3546 σκοποῦ,
1760 3483 1883 3535 ὅσον

318 3583 383 3647 ἐξ
438 3582 673 3652 ὀνύχων,
742 3581 897 3649 φασὶ,
957 3581 1052 3632 καὶ
1108 3579 1173 3630 ἐκ
1229 3575 1323 3630 τοῦ
1379 3574 1710 3644 κρασπέδου,
1757 3572 1885 3626 νοῦν

318 3674 507 3743 ἔχουσι
560 3672 749 3725 λέοντα
781 3671 876 3724 καὶ
917 3666 1149 3738 ῦφασμα
1207 3667 1494 3737 ἀρκέσειεν
1541 3664 1609 3718 ἂν
1663 3665 1887 3718 εἰδέναι.

318 3762 451 3819 Οἷον
485 3764 594 3833 γάρ
617 3780 700 3826 τις
732 3764 856 3833 ὅρος
890 3778 980 3831 μοι
1016 3760 1274 3830 φαίνεται
1307 3757 1458 3809 τουτὶ
1491 3757 1552 3808 τὸ
1579 3757 1889 3809 τελευταῖον

322 3857 491 3927 ρηθέν
539 3855 633 3909 τοῦ
669 3853 849 3916 καλῶς
906 3871 965 3906 τε
1002 3853 1379 3922 θησαυρίζειν,
1442 3848 1540 3901 καὶ
1589 3850 1685 3917 μή.
1726 3847 1890 3899 Ὅθεν

323 3951 559 4004 ὕστατον
590 3948 750 4001 τοῦτο
778 3949 994 4017 φράσας
1025 3945 1156 4010 περὶ
1191 3945 1285 3998 τοῦ
1318 3941 1550 3995 πλούτου
1587 3956 1647 3991 τε
1679 3938 1887 4003 ἁπλῶς,

318 4040 546 4096 italico?»
598 4042 804 4111 τρόπου
845 4037 1114 4109 βασιλέως
1168 4034 1381 4101 Λυδῶν,
1408 4031 1502 4085 τοῦ
1548 4030 1678 4099 περὶ
1709 4028 1889 4081 αὐτῶν

317 4134 742 4206 ἀπαλλάττομαι
771 4136 956 4200 λόγου.

1993 3199 2200 3254 clarius
2248 3212 2579 3267 cognoscere
2631 3197 2854 3265 poteris,
2887 3197 2931 3249 si
2976 3198 3248 3268 perlegere
3278 3208 3388 3252 tum
3423 3200 3561 3254 alios

1991 3290 2231 3345 volueris
2263 3290 2572 3352 historicos,
2601 3294 2714 3341 tum
2740 3286 3002 3341 Herodoti
3032 3287 3237 3345 Musas.
3272 3290 3557 3346 Nobisista

1993 3400 2126 3438 sane
2158 3382 2453 3446 suﬂiciant,
2486 3382 2687 3451 quibus
2714 3390 2769 3437 et
2796 3382 3062 3451 sapientia
3095 3384 3282 3450 paucis
3335 3385 3557 3439 laudata

1993 3477 2156 3543 sit,ct
2182 3489 2457 3532 ostensum
2492 3490 2682 3544 reapse
2713 3475 2845 3528 nihil
2870 3490 2990 3529 esse
3021 3476 3261 3541 divitias,
3291 3479 3393 3531 nisi
3419 3482 3554 3534 alte-

1993 3572 2106 3624 rius
2125 3570 2202 3624 rei
2222 3584 2384 3623 causa
2407 3567 2755 3635 colligantur,
2779 3577 2829 3621 et
2846 3568 2915 3621 ob
2940 3568 3185 3621 eamdem
3213 3572 3555 3623 rursumdis-

1988 3670 2287 3731 pergantur
2312 3679 2325 3714 :
2356 3670 2518 3728 atque
2546 3660 2738 3713 borum
2774 3667 3067 3726 utrumque
3091 3673 3194 3710 non
3222 3674 3313 3726 per
3334 3660 3554 3713 iracun-

1989 3754 2155 3814 diam,
2182 3765 2281 3803 nec
2316 3749 2475 3813 iram,
2511 3764 2611 3802 nec
2642 3748 2993 3815 cupiditatem
3025 3764 3213 3815 parum
3251 3749 3552 3815 honestam,

1991 3846 2083 3901 sed
2113 3860 2235 3898 cum
2262 3842 2474 3896 ratione
2502 3842 2610 3894 liat.
2640 3840 2850 3907 Quippe
2877 3848 3085 3892 tantum
3118 3854 3147 3891 a
3183 3840 3338 3893 nobis
3387 3841 3454 3892 de
3503 3858 3567 3893 te

1990 3936 2267 4007 proposita
2296 3935 2498 3988 dictum
2532 3933 2787 3997 arbitror,
2822 3940 3081 3999 quantum
3106 3942 3286 3984 mente
3318 3934 3569 4000 praeditis

1998 4029 2131 4085 satis
2160 4023 2647 4095 sitagnoscendum
2686 4038 2749 4075 ex
2783 4023 3078 4092 unguibus,
3111 4026 3253 4092 quo-.l
3279 4024 3454 4088 aiunt,
3507 4036 3563 4079 et

1999 4121 2217 4182 lacinia,
2250 4128 2361 4172 tum
2389 4115 2626 4176 leonem,
2661 4121 2771 4165 tum
2803 4128 3060 4181 pannum.
3089 4113 3221 4167 Nam
3258 4115 3389 4168 mihi
3440 4115 3560 4184 qui-

316 4231 439 4284 dem
468 4230 569 4284 hoc
611 4205 889 4297 postremo
924 4227 1049 4280 loco
1077 4223 1281 4279 dictum
1314 4222 1529 4277 videtur
1547 4236 1667 4277 esse
1690 4222 1843 4289 quasi
1881 4222 1964 4277 lex
1998 4216 2244 4289 quaedam
2283 4219 2441 4264 rectae
2477 4205 2820 4260 collectionis
2844 4208 3247 4274 thesaurorum,
3282 4212 3362 4263 vel
3395 4223 3566 4265 secus

315 4295 869 4390 itistitum‘ldeoque
904 4332 1220 4387 supremum
1272 4317 1375 4369 hoc
1401 4324 1511 4368 tam
1566 4315 1634 4368 de
1663 4313 1866 4367 divitiis
1901 4308 2242 4380 simpliciter,
2272 4317 2432 4372 quam
2464 4299 2530 4353 de
2553 4295 2823 4368 Lydorum
2862 4298 3005 4367 regis
3040 4300 3258 4368 ingenio
3308 4301 3550 4369 prolocuv

316 4433 427 4484 tus,
456 4419 692 4487 amplius
731 4419 796 4472 de
826 4418 907 4470 eis
936 4416 1120 4470 dicere
1142 4410 1500 4481 supersedeo.

384 4481 479 4573 Ᾰεῖ
529 4481 588 4569 δέ
647 4533 748 4566 που
805 4512 954 4565 τόνδε
1017 4511 1356 4581 μεταγαγεῖν
1409 4507 1504 4559 ἐπὶ
1537 4504 1636 4576 τὴν
1683 4504 1881 4573 Ξέρξου

2061 4487 2417 4551 Traducenda
2453 4500 2583 4541 vero
2608 4483 2674 4538 ad
2708 4484 2980 4554 ingentem
3025 4481 3217 4537 Xerxis
3253 4485 3561 4536 exercitium

317 4613 586 4685 στρατιὰν
615 4609 712 4676 τὴν
745 4606 972 4676 πολλὴν,
1021 4604 1121 4672 τὴν
1168 4603 1415 4671 φρίττειν
1448 4599 1879 4671 παρασκευάσα-

314 4722 413 4759 σαν
452 4700 706 4767 δύναμιν,
742 4697 836 4749 καὶ
864 4695 1044 4747 πάντα
1073 4692 1332 4746 σείσασαν
1359 4691 1591 4759 πέρατα,
1621 4691 1687 4759 τῇ
1722 4689 1881 4757 φήμῃ

309 4812 373 4847 τε
430 4790 526 4843 καὶ
580 4789 699 4848 ταῖς
759 4781 1197 4851 ἀπειλαῖς-ἥδη
1251 4779 1496 4850 σκηπτοῦ
1534 4796 1680 4840 τινος
1723 4779 1881 4845 δίκην

312 4880 683 4950 ἐπενεχθείσα
710 4873 983 4944 πολλαχοῦ
1014 4872 1143 4941 γῆς,
1175 4870 1304 4922 ἔνθα
1343 4872 1417 4939 μὴ
1445 4865 1513 4938 ἦν
1565 4866 1760 4936 ἀρετὴ,
1793 4861 1881 4917 οἷα

318 4979 421 5048 μὲν
454 4973 632 5026 ἐδίδου
652 4969 881 5041 θαρρεῖν
910 4955 988 5034 τῷ
1014 4961 1350 5031 συνειλοχότι
1377 4961 1584 5028 ταύτην
1600 4959 1880 5026 λαμπραῖς

311 5067 532 5123 ἐλπίσιν
558 5081 573 5129 ;
607 5058 719 5115 οἷον
747 5061 790 5113 δ’
814 5058 1005 5110 ἔπειτα
1035 5055 1275 5125 παρέσχε
1341 5054 1645 5121 μετάμελον
1689 5052 1880 5119 ἀνόνη-

309 5176 445 5223 τον;
480 5155 744 5211 Εἰκότως.
788 5150 881 5202 Ἕκ
914 5147 1016 5216 μὲν
1059 5148 1165 5217 γὰρ
1203 5143 1389 5206 ἁπλῶς
1433 5144 1541 5195 τῶν
1596 5141 1878 5210 κατορθω-

313 5253 507 5324 μάτων
534 5244 706 5313 μείζω
740 5242 967 5310 παρεῖχε
999 5236 1401 5307 τεκμαίρεσθαι
1434 5237 1544 5288 τῶν
1568 5234 1673 5304 ἠδη
1712 5249 1875 5301 γεγε-

307 5321 583 5414 νημένων·
615 5337 699 5390 ὅτι
736 5334 792 5386 δὲ
818 5334 975 5385 ταυτὶ
1009 5331 1106 5399 τῆς
1142 5329 1332 5398 τύχης,
1387 5327 1487 5379 οὐκ
1522 5326 1731 5396 ἀρετῆς
1781 5321 1870 5394 ἦν,

304 5438 434 5499 τοὺς
483 5430 629 5485 κατὰ
659 5427 861 5493 ταύτης
916 5423 1311 5493 ἐπαιρομένους
1380 5419 1481 5471 οὐκ
1540 5419 1763 5488 ἀληθεῖς
1812 5434 1875 5484 γε

309 5532 533 5600 μάντεις
571 5521 841 5590 ἀπέφηνε.
886 5519 1007 5579 Πὼς
1060 5516 1167 5584 γάρ
1199 5514 1266 5566 ἂν
1316 5513 1645 5582 κρατήσειεν
1673 5511 1875 5579 ἀρετῆς

305 5620 470 5688 τύχη,
503 5617 571 5685 ῆν
605 5613 681 5682 μὴ
708 5612 767 5664 τὸ
796 5611 941 5664 θεῖον
993 5608 1284 5677 ὀργίζηται
1330 5605 1425 5656 καὶ
1458 5603 1726 5673 περιορᾷς
1766 5600 1874 5653 Καὶ

304 5711 461 5762 τοῦτο
484 5710 676 5775 γέγονε
704 5704 884 5773 δῆλον,
916 5703 1015 5770 οὐχ
1039 5695 1200 5769 ἦττον
1270 5698 1370 5769 μὲν
1393 5698 1487 5750 καὶ
1518 5698 1632 5758 τοῖς
1668 5693 1872 5765 προλα-

306 5799 459 5852 ϐοῦσι
485 5796 876 5862 κατορθώμασι
916 5793 1027 5845 τῶν
1060 5791 1328 5861 Ἑλλήνων
1355 5807 1366 5821 ·
1408 5789 1646 5858 μάλιστα
1685 5786 1739 5838 δὲ
1777 5800 1874 5837 κα-

1986 4590 2182 4650 oratio,
2213 4595 2266 4638 et
2328 4581 2393 4634 ad
2445 4580 2564 4633 illas
2608 4578 2817 4645 copias,
2867 4592 2988 4645 quas
3040 4576 3182 4629 fama
3236 4577 3439 4645 pariter
3491 4591 3554 4628 ac

1989 4682 2153 4738 minis
2229 4690 2420 4731 omnes
2466 4672 2598 4724 ﬁnes
2641 4680 2695 4723 et
2738 4670 3011 4737 trepidare
3054 4670 3433 4736 compulerunt
3500 4680 3559 4723 et

1989 4774 2720 4840 conquassarunt:quazque
2774 4762 2825 4813 in
2888 4762 3163 4827 complura
3224 4768 3385 4813 terra:
3441 4761 3559 4813 lora.

1991 4864 2235 4920 fulminis
2265 4862 2316 4914 in
2352 4873 2558 4912 morem
2592 4857 2805 4920 delatae,
2863 4855 2953 4906 ubi
2989 4853 3135 4907 nulla
3185 4854 3357 4906 virtus
3413 4863 3555 4910 erat.

1988 4966 2255 5027 quantum
2291 4952 2366 5007 illi
2391 4950 2621 5010 ﬁducia),
2643 4963 2849 5017 quaeso,
2868 4945 3309 5013 suppeditabant,
3342 4947 3432 5013 qui
3460 4963 3561 5001 eas

1987 5047 2263 5118 splendida
2301 5042 2532 5113 quadam
2565 5055 2661 5109 spe
2706 5037 3031 5106 collegerat?
3066 5048 3327 5105 quantum
3379 5039 3557 5105 paeni-

1986 5140 2169 5195 tentia:
2203 5137 2460 5203 deinceps
2493 5133 2699 5185 inutilis
2725 5131 2860 5183 attul
2883 5130 3067 5183 riunt?
3101 5128 3161 5180 Et
3193 5130 3383 5182 merito
3427 5130 3556 5197 qui-

1984 5231 2144 5292 dem;
2200 5243 2323 5280 nam
2380 5224 2703 5291 simplic‘ter
2748 5238 2813 5275 ex
2856 5222 3020 5274 rebus
3078 5236 3337 5289 prospere
3386 5231 3557 5289 gi-sts

1982 5319 2189 5388 majora
2240 5315 2525 5385 praeteritis
2578 5314 2854 5382 conjicere
2892 5313 3114 5366 dabant.
3151 5312 3254 5366 Sed
3289 5310 3556 5380 quoniam

1981 5412 2071 5466 illa
2106 5412 2356 5473 fortunm,
2384 5422 2488 5461 non
2532 5405 2750 5459 virtutis
2779 5413 2955 5467 erant,
2990 5403 3194 5456 ideirco
3226 5400 3555 5468 superbien-

1980 5512 2060 5559 tes
2122 5502 2384 5556 adversus
2454 5501 2617 5559 hanc,
2671 5507 2822 5551 vates
2857 5497 3082 5549 minime
3123 5509 3340 5547 veraces
3374 5493 3555 5544 exsti-

1979 5605 2179 5650 terunt.
2210 5593 2329 5659 Quo
2355 5591 2501 5647 enim
2554 5598 2711 5657 pacto
2750 5587 2965 5642 fortuna
3022 5589 3273 5637 virtutem
3335 5579 3553 5641 vicerit,

1978 5688 2078 5741 nisi
2116 5687 2255 5740 Deus
2286 5687 2456 5740 iratus
2483 5683 2645 5744 sit,ct
2677 5677 3009 5737 conniveat?
3040 5677 3180 5743 quod
3221 5685 3350 5725 sane
3376 5671 3557 5722 manis

1979 5780 2116 5833 festo
2159 5778 2335 5846 paruit
2370 5789 2483 5831 tum
2518 5774 2584 5828 dc
2632 5773 2976 5839 superiorum
3038 5774 3344 5823 temporum
3403 5758 3541 5810 fari-
