4098 6272
559 315 659 379 391

1737 336 2130 400 MANUELIS
2160 343 2609 409 PALr‘EOLOGI

3703 363 3807 426 392

560 427 790 482 noribus
812 427 1126 488 Graecorum
1159 435 1410 506 egregiis,
1441 445 1552 492 tum
1578 439 1659 495 vel
1687 445 1940 511 maxime,
1967 462 2110 516 quan

560 519 627 542 .1-
687 523 946 542 --_-:__-_-__
1012 539 1056 542 A-
1085 525 1141 542 ,0,
1222 528 1260 542 τι
1358 529 1370 541 ο
1517 534 1530 542 .
1577 534 1589 542 .
1686 536 1698 542 -
1980 539 1988 542 _

2239 456 2469 526 τάδηλον
2500 459 2745 526 γέγονεν,
2791 461 2950 530 ήνίκα
2981 461 3045 533 δὴ
3095 467 3208 529 τοῖς
3241 465 3558 537 Ἀθηναίοις
3603 476 3801 542 προσέ-

557 519 630 572 do
687 523 950 576 universa:
1001 525 1171 595 copiae
1221 528 1454 585 Persicae
1503 534 1869 592 Athenienses
1923 539 2130 594 adortae

557 619 703 673 sunt,
737 610 1028 668 admodum
1065 615 1168 672 illa:
1192 620 1412 688 quidem
1453 625 1672 690 acriter,
1705 636 1766 681 ut
1797 644 1991 686 cervos
2041 633 2128 687 leo

556 703 728 769 solet;
761 706 853 759 sed
879 721 1000 760 mox
1043 707 1094 762 in
1144 714 1310 780 pedes
1345 729 1463 770 sese
1500 718 1884 786 conjicientes,
1935 725 2129 793 quasi-

556 806 662 858 que
695 809 978 852 cervorum
1014 815 1164 854 more
1197 806 1448 860 leonibus
1496 818 1647 880 terga
1679 812 1892 875 dantes,
1930 817 2129 884 quine

557 882 813 940 latratum
851 889 1071 957 quidem
1107 893 1248 948 ferre
1279 909 1526 964 possunt.
1573 900 1709 956 'lum
1747 919 1875 960 vero
1933 882 2001 960 de
2032 905 2124 972 iis,

556 989 678 1043 quae
708 991 906 1045 passus
940 990 1044 1045 est,
1087 997 1232 1040 recte
1265 1002 1358 1042 rex
1400 990 1611 1059 didicit,
1671 1010 1778 1050 non
1823 997 2130 1053 multitudi—

556 1083 705 1131 nem,
739 1073 832 1124 sed
867 1073 1121 1129 virtutem
1159 1079 1358 1148 ubique
1390 1084 1632 1151 vincere,
1666 1103 1765 1142 nec
1790 1105 1912 1144 cum
1945 1090 2124 1159 bonis,

553 1159 768 1216 etiamsi
797 1166 952 1231 pauci
985 1165 1114 1232 sint,
1149 1173 1346 1228 multos
1403 1192 1521 1232 esse
1550 1183 1969 1249 comparandos,
2004 1186 2127 1240 licet

554 1267 746 1307 omnes
793 1256 983 1310 ordine
1036 1261 1172 1314 lines
1202 1264 1256 1316 in
1299 1266 1559 1323 ditionem
1598 1273 1869 1342 redigant.
1901 1274 2034 1329 Nam
2073 1286 2126 1332 et

555 1344 843 1411 conjuncta
875 1361 998 1400 eum
1037 1351 1236 1407 virtute
1268 1369 1558 1426 paupertas
1589 1363 1657 1416 iis
1684 1375 1765 1418 est
1821 1365 2120 1432 honestior,

553 1435 647 1501 qui
675 1437 880 1504 absque
916 1439 1114 1494 virtute
1173 1445 1389 1501 divitiis
1428 1449 1726 1518 abundant,
1782 1465 1835 1507 et
1871 1457 2125 1513 obscuris

555 1528 665 1579 nati
703 1532 1017 1596 parentibus
1049 1543 1149 1588 hoc
1186 1539 1342 1592 modo
1365 1539 1522 1611 longe
1551 1555 1678 1598 sunt
1709 1546 1970 1604 clariores
2015 1550 2122 1606 iliis

552 1615 644 1684 qui
688 1618 755 1669 ob
797 1621 1136 1676 nobilitatem
1191 1641 1312 1682 sese
1368 1629 1643 1697 jactitant.
1693 1633 1750 1687 In
1809 1639 2119 1694 universum

552 1711 785 1778 denique
823 1716 1112 1782 conjuncta
1149 1733 1270 1772 cum
1316 1722 1536 1788 virtute,
1567 1725 1712 1779 clara
1746 1740 1904 1783 sunt:
1937 1743 1992 1785 et
2035 1748 2122 1786 se-

552 1814 671 1865 cus,
695 1803 914 1858 virtutis
948 1810 1210 1874 expertia.
1253 1810 1356 1865 Sed
1390 1814 1800 1873 consideremus
1831 1834 2116 1890 accurate,
2152 1826 2192 1879 Β

551 1894 595 1947 si
627 1897 823 1962 placet,
878 1905 1180 1956 exercitum
1213 1906 1361 1959 omni
1412 1925 1642 1966 numero
1673 1915 2036 1985 superiorem,
2071 1918 2117 1972 si

553 1990 676 2055 quis
725 2005 848 2042 eum
915 2006 1201 2049 recensere
1258 1997 1422 2065 velit;
1496 2002 1590 2070 qui
1648 2007 1902 2071 quoniam
1961 2005 2120 2062 facile

551 2081 862 2148 complures
900 2084 965 2137 ad
995 2097 1184 2154 gentes
1237 2088 1447 2145 irruere
1483 2094 1675 2161 potuit,
1739 2099 1983 2152 omnium
2023 2116 2120 2170 po-

549 2181 774 2235 stremo,
807 2177 1046 2242 pessimo
1079 2177 1188 2232 fato
1218 2195 1338 2246 suo,
1369 2193 1569 2236 terram
1596 2185 1728 2239 adiit
1757 2187 1989 2242 alentem
2016 2189 2116 2242 ho-

550 2266 743 2326 mines,
778 2269 867 2334 qui
896 2270 1123 2324 honesto
1151 2287 1213 2325 ac
1245 2273 1428 2328 virtuti
1465 2286 1660 2330 cuncta
1694 2281 2114 2348 postpouebant.

548 2356 641 2411 lla:
676 2375 802 2412 vero
839 2363 968 2417 tales
998 2379 1060 2417 ac
1093 2373 1256 2420 tanta;
1282 2369 1472 2436 copiae,
1524 2377 1694 2424 totum
1751 2374 1892 2426 Asia:
1928 2375 2113 2440 robur,

547 2452 630 2504 vel
663 2454 911 2508 universa
944 2458 1124 2523 petitis
1159 2459 1310 2523 Asia,
1343 2461 1616 2528 siquidem
1657 2472 1708 2516 et
1738 2464 1853 2533 ipsa
1901 2481 2118 2535 quoque

547 2542 712 2614 Libya
745 2562 850 2600 non
885 2549 1092 2613 aderat,
1126 2566 1244 2618 quae
1278 2552 1378 2605 sibi
1411 2556 1702 2609 convenire
1745 2558 2031 2625 putabant,
2059 2567 2117 2612 ιιι

547 2652 640 2704 per
672 2654 822 2692 mare
857 2641 1062 2707 pedites
1097 2641 1430 2708 incederent,
1491 2653 1775 2715 terrasque
1813 2649 2015 2704 solidas
2065 2661 2118 2704 et

543 2733 887 2788 continentes
921 2736 1149 2804 navigiis
1183 2737 1588 2806 transjiCerent,
1636 2747 1691 2794 et
1748 2742 1981 2797 urbibus
2013 2758 2117 2796 nu-

447 2806 450 2810 i
544 2827 744 2878 morari
778 2827 1172 2880 medimnorum
1199 2830 1250 2881 in
1282 2846 1484 2883 morem
1531 2845 1874 2900 repererunt,
1913 2844 1966 2889 et
1993 2836 2115 2888 inn-

541 2920 720 2971 sitatis
757 2919 918 2972 rebus
955 2935 1128 2988 nsque
1189 2923 1326 2975 adeo
1361 2925 1680 2999 studebant,
1741 2934 1799 2980 ut
1831 2928 2112 2996 ;pusillum

541 3009 824 3073 ducerent,
857 3010 900 3063 si
936 3026 1041 3063 non
1075 3011 1157 3066 bis
1184 3014 1314 3067 solis
1342 3016 1491 3068 omni
1540 3017 1782 3086 subjecta
1815 3019 1916 3073 soli
1971 3030 2113 3072 terra

541 3103 847 3164 potirentur
875 3098 1274 3169 (turpissimum
1313 3119 1546 3173 namque
1579 3107 1712 3171 fore,
1751 3108 1792 3162 si
1847 3108 1928 3162 vel
1972 3109 2114 3164 bello

543 3196 690 3240 esset
755 3202 892 3256 Opus
957 3190 1222 3245 adversus
1270 3209 1630 3264 quoscunque
1695 3201 1974 3265 mortales,
2018 3209 2112 3252 aut

539 3277 802 3331 adversus
833 3295 1024 3335 onmes
1060 3285 1319 3350 pariter):
1356 3287 1467 3341 haec
1504 3304 1635 3358 ergo
1671 3292 1965 3346 multitudo
1991 3293 2112 3346 bar-

541 3372 742 3435 barica,
784 3389 889 3441 qua
922 3372 1149 3428 inferior
1177 3380 1353 3431 omnis
1387 3388 1504 3432 erat
1553 3381 1833 3449 cogitatio,
1893 3399 1920 3436 a
1977 3400 2108 3454 pau-

537 3464 618 3518 cis
648 3465 942 3520 admodum
1003 3467 1141 3522 victa
1196 3470 1456 3523 militibus
1498 3480 1599 3535 est,
1660 3472 1754 3526 sed
1811 3474 1904 3542 qui
1963 3476 2106 3544 digni

537 3559 722 3613 multis
761 3570 944 3618 essent
971 3563 1228 3630 praemiis.
1262 3561 1429 3616 Erant
1466 3563 1518 3617 hi
1550 3563 1938 3632 Athenienses,
1969 3583 2108 3638 quos

533 3665 814 3705 armorum
877 3653 1091 3721 peritia,
1135 3663 1188 3707 et
1227 3655 1392 3708 animi
1425 3657 1764 3722 fortitudine,
1808 3662 1992 3716 multis
2022 3672 2106 3716 at-

533 3762 639 3815 que
669 3747 833 3802 claris
889 3751 1094 3818 potitos
1132 3753 1375 3817 coronis,
1413 3763 1522 3807 tum
1564 3757 1782 3825 priscis,
1825 3767 1937 3813 tum
1984 3776 2109 3830 pro-

536 3841 695 3895 ximis
727 3843 1084 3910 temporibus,
1118 3858 1185 3897 ne
1235 3845 1285 3898 id
1339 3847 1557 3914 quidem
1613 3851 1855 3917 praelium
1913 3853 2106 3908 iisdem

532 3935 803 4001 spoliavit.
843 3935 954 3988 lmo
987 3936 1146 4003 longe
1202 3938 1605 4005 pulchrioribus
1647 3951 1720 4015 ἐι
1783 3945 2102 4014 majoribus,

531 4045 694 4095 quam
751 4029 855 4081 illae
894 4031 1102 4097 priores
1168 4030 1406 4096 fuerant,
1453 4033 1565 4088 haec
1623 4037 1701 4090 eis
1754 4038 2104 4095 benefaciens

531 4136 708 4188 pugna
742 4131 905 4189 caput
940 4122 1172 4175 ornavit.
1214 4122 1316 4176 Par
1342 4125 1484 4178 enim
1523 4134 1664 4190 erat,
1701 4139 1758 4181 ιιι
1785 4131 1928 4198 quod
1969 4147 2104 4200 prae-

527 4211 657 4265 iiUIII
694 4213 974 4282 pulchrius
1003 4225 1164 4282 atque
1202 4217 1374 4284 majus
1425 4216 1620 4272 fuisset
1651 4221 1773 4272 aliis
1825 4223 2100 4288 oumibns,

527 4317 690 4358 antea
741 4307 1019 4374 pugnatis,
1062 4307 1112 4359 id
1147 4317 1254 4359 tam
1306 4309 1432 4370 sibi,
1470 4325 1628 4377 quam
1689 4313 1972 4374 militibus,
2009 4314 2100 4382 qui

525 4418 637 4455 rem
678 4401 1087 4470 praeclarissime
1150 4401 1468 4467 gessissent,
1520 4403 1823 4455 consimilia
1883 4419 2102 4473 qu0que

525 4495 744 4562 praemia
811 4493 1076 4546 donaret:
1139 4493 1210 4546 ob
1263 4493 1622 4545 reverentiam
1699 4497 1896 4561 partim
1965 4511 2097 4550 vera:

2213 4493 2429 4588 ἀνδρίαν
2476 4493 2747 4590 ’ὑπερφυᾶ

524 4584 1005 4655 magnanimitatis,
1045 4599 1163 4652 quae
1205 4585 1403 4654 insigni
1440 4587 1810 4652 generositate
1844 4590 2095 4657 splende-

524 4692 637 4746 ret;
672 4681 870 4748 partim
933 4678 1271 4732 fortitudinis
1321 4679 1557 4743 eximizn,
1603 4695 1726 4747 qua:
1767 4691 1821 4734 et
1877 4682 2092 4737 modes-

523 4772 593 4822 tia
637 4774 871 4824 maxima
910 4781 1054 4826 esset
1108 4782 1322 4837 ornata,
1385 4781 1436 4824 et
1470 4773 1743 4825 consimili
1793 4776 2090 4843 prudentia

519 4867 840 4932 conspicua,
876 4882 1203 4935 semperque
1228 4867 1458 4936 justitiae
1510 4882 1716 4932 comes,
1750 4883 1874 4920 cum
1917 4867 2091 4920 virtu-

520 4961 663 5012 tibus
714 4962 794 5014 eis
828 4959 1108 5027 subjectis.
1147 4959 1280 5012 Nam
1328 4961 1470 5030 quod
1523 4961 1855 5029 particulare
1905 4970 2010 5025 est,
2061 4977 2090 5016 a

517 5050 691 5116 magis
727 5053 964 5119 generali
1002 5063 1054 5106 et
1094 5063 1324 5121 cognato
1357 5067 1577 5106 necesse
1611 5063 1695 5106 est
1729 5055 2093 5123 comprehen-

515 5141 694 5195 datur.
735 5141 791 5194 In
828 5143 971 5197 hunc
1008 5147 1224 5199 modum
1257 5147 1434 5200 affecti
1469 5162 1594 5216 erga
1650 5163 1865 5203 onmem
1921 5149 2090 5204 virtu-

515 5244 620 5286 tem
676 5235 1057 5302 Atbenienses,
1106 5253 1294 5306 paceni
1345 5243 1516 5310 pluris
1577 5241 1868 5307 faciebant,
1927 5261 2087 5313 quam

514 5327 806 5380 multorum
842 5338 995 5381 terra:
1037 5325 1297 5399 'jugerum
1328 5334 1743 5402 acquisitionem
1771 5353 1784 5392 :
1818 5339 2091 5407 simulque

512 5419 725 5486 Persas,
760 5421 1078 5492 injuriarum
1111 5436 1365 5480 auctores
1399 5436 1452 5480 et
1497 5444 1709 5492 avaros,
1745 5446 1851 5484 non
1893 5446 1922 5484 a
1974 5433 2089 5486 solo

511 5529 719 5571 tantum
755 5533 855 5572 suo
891 5518 1190 5587 patriisque
1215 5520 1467 5584 sedibus;
1511 5537 1696 5575 verum
1726 5533 1837 5578 tota
1870 5541 2090 5595 quoque

507 5606 711 5661 Gracia
748 5608 1105 5677 depellebant.
1144 5608 1205 5660 Et
1248 5609 1359 5662 haec
1405 5627 1534 5664 sane
1597 5613 1772 5666 facere
1837 5631 1944 5666 non
1994 5615 2089 5667 de-

507 5698 648 5753 siere
676 5715 888 5755 summa
928 5718 1049 5756 cum
1093 5701 1494 5764 moderatione,
1531 5719 1651 5770 quae
1686 5705 1920 5772 cepisset
1952 5704 2085 5758 olim

507 5789 576 5840 ab
612 5792 740 5848 ipsis
780 5794 1080 5858 maioribus
1112 5809 1234 5848 cum
1264 5794 1607 5861 praecedente
1633 5795 1789 5850 bonis
1830 5799 1880 5849 in
1921 5797 2085 5852 rebus

2234 548 2400 602 ﬁuit-sv
2433 552 2468 620 ή
2502 553 2741 624 Περσικὴ
2766 557 2918 610 πᾶσα
2949 557 3182 628 δύναμις
3202 562 3371 632 δριμὺ
3431 565 3531 632 μὶν
3566 568 3793 637 σφόδρα,

2233 643 2488 713 καθάπερ
2514 644 2651 699 λέων
2682 648 2927 718 ἐλάφοις,
2966 651 3142 704 ἔπειτ’
3169 655 3367 723 ἐχρῆτο
3397 660 3511 719 τοῖς
3542 659 3698 710 ποσὶν
3721 659 3799 721 ὡς

2230 732 2343 787 ἀπὸ
2402 735 2634 789 λεόντων
2695 740 2943 807 φυγοῦσα
2991 742 3150 813 δίκην
3213 745 3449 814 ἐλάφων,
3511 749 3620 801 τῶν
3674 751 3799 819 μηδ’

2233 826 2439 895 ὑλακὴν
2471 830 2715 896 ἐνεγκεῖν
2758 831 3092 898 δυναμένων.
3135 836 3344 906 Ἐμαθε
3377 839 3440 910 δή
3464 841 3586 894 τότε
3614 843 3795 906 καλῶς

2231 916 2290 981 ἐξ
2312 910 2386 970 ὧν
2419 935 2483 986 γε
2510 922 2798 976 ἐπεπόνθει
2835 924 3112 994 βασιλεὺς,
3146 928 3222 992 ὡς
3255 931 3315 983 ού
3341 932 3400 984 τὸ
3429 933 3657 1002 πλῆθος,
3682 937 3796 989 ἀλλ’

2231 1011 2406 1081 ἀρετὴ
2435 1013 2494 1066 τὸ
2525 1015 2688 1067 νικῶν
2721 1018 2842 1070 ἐστι
2901 1024 3192 1090 πανταχῆ·
3253 1024 3350 1076 καὶ
3400 1025 3462 1077 ού
3525 1028 3631 1096 χρὴ
3681 1017 3795 1092 τοῖς

2229 1103 2479 1170 ἀγαθοῖς,
2515 1106 2619 1160 κᾶν
2649 1103 2785 1161 ὦσιν
2824 1109 3211 1180 εὐαρίθμητοι,
3259 1117 3386 1177 τοὺς
3422 1118 3654 1182 πολλοὺς
3686 1139 3790 1172 πα-

2231 1195 2503 1265 ραθεῖναι,
2535 1199 2584 1251 εί
2611 1199 2674 1268 δή
2711 1201 2804 1254 καὶ
2854 1202 3073 1256 πάντων
3118 1205 3248 1274 ἑξῆς
3291 1209 3631 1276 κρατήσαιεν
3683 1211 3790 1265 τῶν

2228 1291 2542 1359 τερμάτων.
2573 1292 2684 1345 Καὶ
2709 1293 2816 1363 γάρ
2839 1311 2922 1346 τοι
2957 1297 3051 1349 καὶ
3101 1300 3262 1348 πενία
3303 1299 3422 1366 μετ’
3453 1301 3655 1371 ἀρετῆς
3704 1319 3788 1354 τι-

2230 1385 2474 1454 μιωτέρα
2498 1385 2607 1438 τῶν
2642 1385 2853 1454 πλούτῳ
2876 1389 3178 1458 κομώντων
3228 1393 3446 1462 ἐκείνης
3487 1396 3650 1448 ἄνευ·
3695 1399 3790 1450 καὶ

2225 1475 2274 1527 oi
2311 1475 2369 1540 ἐξ
2394 1476 2627 1545 ἀσήμων
2664 1477 2850 1541 παῖδες
2872 1478 2964 1531 τὸν
3015 1479 3222 1551 τρόπον
3255 1481 3450 1534 τοῦτον
3505 1484 3792 1554 διαφερόν-

2222 1585 2331 1628 τως
2355 1568 2730 1639 λαμπρότεροι
2751 1571 2861 1623 τῶν
2911 1573 3334 1641 σεμνυνομένων
3381 1575 3467 1628 ἐπ’
3497 1578 3747 1650 εὐγενείᾳ
3770 1596 3784 1611 ο

2223 1661 2320 1714 καὶ
2356 1661 2492 1724 ὅλως
2530 1663 2597 1715 τὰ
2645 1664 2742 1716 σὺν
2790 1665 2960 1732 ἀρετῇ
3013 1665 3106 1719 καὶ
3142 1667 3377 1737 λαμπρά
3407 1685 3424 1701 ο
3468 1669 3536 1722 τά
3585 1672 3788 1737 ταύτης

2223 1750 2278 1803 δὲ
2311 1752 2384 1822 μὴ
2417 1755 2713 1823 μετέχοντα
2747 1756 3077 1812 τούναντίον.
3119 1758 3280 1812 Ἀλλά
3306 1762 3599 1831 σκοπῶμεν
3633 1763 3784 1833 ἀκρι-

2223 1844 2355 1910 ὄῶς,
2386 1847 2435 1899 εί
2465 1845 2636 1913 δοκεῖ,
2682 1851 2947 1918 στρατιὰν
3002 1851 3150 1920 ἥττω
3210 1853 3501 1907 δεικνῦσαν
3551 1855 3784 1925 ἀριθμὸν

2222 1935 2464 2000 ἅπαντα,
2501 1940 2550 1991 εί
2579 1938 2824 2008 βούλοιτό
2861 1959 2943 2004 τις
2973 1945 3185 2011 ἐκείνην
3230 1945 3565 2017 ἐξαριθμεῖν,
3614 1951 3647 2019 ή
3704 1949 3782 2019 τῷ

2225 2030 2421 2100 ῥαδίως
2443 2031 2522 2092 είς
2555 2031 2682 2101 ἔθνη
2715 2033 3013 2101 πάμπολλα
3046 2035 3388 2104 είσκωμάσαι
3438 2037 3782 2108 δεδυνῆσθαι,

2223 2121 2456 2175 ὕστατον
2511 2123 2734 2177 πάντων
2773 2126 3030 2196 ἐκώμασε
3081 2131 3315 2200 κακίστη
3373 2131 3540 2201 μοίρᾳ
3587 2133 3784 2200 ἑαυτῆς

2222 2214 2302 2276 είς
2340 2215 2446 2282 γῆν
2500 2215 2811 2284 ἀνθρώποις
2867 2220 3199 2289 τρέφουσαν,
3239 2221 3439 2292 ὕστερα
3483 2224 3663 2279 πάντα
3701 2226 3788 2280 θε-

2224 2308 2420 2375 μένους
2459 2307 2550 2361 τοῦ
2583 2309 2752 2362 καλοῦ
2786 2312 2876 2363 καὶ
2939 2313 3039 2380 τῆς
3077 2315 3299 2384 ἀρετῆς.
3347 2315 3497 2387 Αὕτη
3536 2318 3592 2371 δὲ
3625 2321 3655 2389 ή
3687 2337 3788 2393 τη-

2221 2399 2455 2470 λικαύτη
2489 2403 2584 2454 καὶ
2614 2403 2852 2474 τοσαύτη
2887 2404 3138 2476 δύναμις,
3180 2409 3213 2478 ή
3251 2411 3398 2462 πᾶσα
3456 2412 3556 2481 τῆς
3601 2413 3788 2477 Ἀσίας

2224 2493 2399 2560 ἰσχὺς,
2438 2492 2642 2560 μᾶλλον
2700 2494 2756 2547 δὲ
2790 2495 2948 2549 Ἀσία
3010 2501 3180 2564 πᾶσα,
3219 2501 3268 2553 εί
3329 2503 3405 2572 μή
3475 2505 3572 2556 καὶ
3615 2505 3782 2576 Λιϐύη

2221 2585 2456 2653 προσῆν,
2484 2584 2516 2655 ἦ
2550 2587 2805 2650 πεζεύειν
2841 2587 3118 2643 θάλασσαν
3157 2594 3296 2663 αὐτῇ
3329 2596 3609 2666 προσῆκον
3640 2600 3786 2667 ήγεῖ-

2219 2689 2302 2734 το,
2339 2673 2434 2726 καὶ
2455 2674 2611 2727 πλεῖν
2629 2676 2894 2744 ἠπείρους
2915 2681 3014 2733 οὐκ
3041 2683 3296 2750 ἀπηξίου,
3326 2686 3517 2738 πόλεσί
3544 2705 3602 2740 τε
3629 2689 3784 2759 ἀριθ-

2223 2767 2443 2833 μεῖσθαι
2480 2767 2754 2837 μεδίμνων
2780 2770 2937 2842 δίκην
2967 2775 3276 2844 ἐξεύρισκε,
3313 2781 3408 2832 καὶ
3441 2782 3655 2835 τοσόνδε
3673 2787 3783 2846 τοῖς

2220 2860 2430 2922 καινοῖς
2464 2859 2850 2931 ἐφιλοτιμεῖτο,
2883 2864 2958 2927 ὡς
2990 2869 3188 2937 μικρὸν
3232 2870 3372 2923 πάνυ
3410 2873 3680 2942 νομίζειν,
3731 2879 3779 2930 εί

2222 2948 2296 3019 μὴ
2329 2954 2511 3018 μόνοις
2540 2955 2780 3006 τουτοισὶ
2807 2955 2907 3022 τῆς
2946 2957 3034 3024 ὑφ’
3067 2959 3202 3030 ήλίῳ
3258 2965 3594 3033 κρατήσειεν
3649 2967 3784 3035 (ἔσε-

2222 3039 2343 3092 σθαι
2375 3041 2483 3108 γὰρ
2513 3041 2622 3094 τῶν
2658 3045 2976 3114 αἰσχίστων,
3007 3049 3055 3101 εί
3106 3051 3200 3102 καί
3251 3070 3392 3116 τινος
3429 3057 3569 3128 αὐτῇ
3626 3059 3784 3112 πολέ-

2141 3161 2186 3222 C
2221 3147 2323 3198 μου
2357 3131 2570 3202 δεήσειε
2601 3134 2736 3202 πρὸς
2767 3136 3124 3192 οὑστινασοῦν
3153 3141 3264 3194 τῶν
3301 3144 3584 3213 ἀπάντων,
3625 3148 3655 3219 ἤ
3688 3153 3781 3203 καὶ

2216 3226 2352 3291 πρδς
2376 3224 2585 3285 πάντας
2612 3227 2740 3295 ἐξῆς
2779 3228 3124 3301 ἀνθρώπους)
3156 3248 3169 3261 ⁸
3204 3233 3342 3305 αὕτη
3373 3239 3605 3311 τοίνυνή
3646 3245 3779 3312 πλη-

2216 3314 2372 3386 θὺςή
2406 3317 2740 3389 βαρϐαρικὴ,
2774 3314 2842 3390 ἦς
2892 3322 3156 3394 λογισμὸς
3209 3327 3357 3392 ἅπας
3394 3331 3617 3404 ἥττητο,
3665 3334 3770 3388 ὀλί-

2214 3426 2328 3477 γων
2363 3411 2505 3464 πάνυ
2534 3415 2886 3483 στρατιωτῶν
2917 3417 3173 3488 ἥττηται,
3221 3423 3432 3477 πολλῶν
3488 3442 3546 3492 γε
3586 3430 3761 3495 μέντοι

2213 3501 2393 3570 γερῶν
2417 3503 2606 3568 ἀξίων.
2655 3505 2959 3575 Ἀθηναίων
2982 3503 3128 3564 οὗτοι
3177 3515 3386 3583 παῖδες,
3421 3516 3510 3579 οὓς
3561 3518 3761 3571 πολλῶν

2212 3610 2270 3646 τε
2305 3597 2396 3647 καὶ
2431 3596 2702 3667 λαμπρῶν
2741 3602 3114 3670 τετυχηκότας
3148 3608 3432 3676 στεφάνων
3465 3615 3572 3674 τοῖς
3609 3613 3770 3666 πάλαι

2213 3686 2446 3754 χρόνοις,
2483 3688 2577 3740 καὶ
2617 3691 2725 3754 τοῖς
2754 3692 2941 3759 ἐγγὺς,
2973 3695 3156 3748 ὃπλων
3215 3699 3483 3773 ἐμπειρίᾳ
3519 3707 3612 3758 καὶ
3651 3722 3776 3774 γεν-

2212 3779 2478 3850 ναιότητι,
2508 3782 2617 3834 οὐδ’
2649 3786 2676 3836 ό
2715 3787 3023 3855 τηνικαῦτα
3074 3791 3310 3862 πόλεμος
3360 3799 3589 3851 ἐκεί-,ων
3639 3801 3781 3854 ἐστέ·

2216 3887 2371 3939 ρησε.
2434 3873 2621 3943 Πολλῷ
2677 3879 2775 3945 μὲν
2833 3879 2926 3933 οὖν
2989 3883 3235 3936 καλλίοσι
3275 3888 3368 3939 καὶ
3398 3889 3616 3956 μείζοσι
3671 3893 3778 3946 τῶν

2211 3965 2535 4029 φθασάντων
2578 3969 2740 4032 αὑτός
2788 3988 2852 4039 γε
2910 3973 3124 4038 τούτοις
3177 3971 3236 4029 εὖ
3274 3979 3444 4031 ποιῶν
3497 3982 3775 4052 ἐκόσμησε

2210 4059 2477 4130 κεφαλήν.
2523 4062 2672 4116 Ἔδει
2703 4067 2812 4133 γὰρ
2864 4066 3027 4120 αὐτὸν
3080 4068 3283 4122 καλλίω
3331 4072 3423 4124 καὶ
3451 4074 3623 4138 μείζω
3663 4075 3773 4127 τῶν

2211 4152 2317 4220 πρὸ
2365 4153 2532 4206 αὐτοῦ
2575 4159 2946 4227 γεγενημένον
3001 4161 3276 4226 ἁπάντων,
3330 4162 3508 4231 ἐαυτῷ
3557 4176 3620 4217 τε·
3678 4168 3775 4220 καὶ

2207 4245 2321 4304 τοῖς
2378 4247 2737 4313 ἀριστεύσασι
2795 4251 3058 4321 παρέχειν
3115 4250 3250 4307 ἆθλα
3293 4255 3630 4326 κατάλληλα,
3695 4263 3776 4313 al-

2206 4334 2470 4405 δόύμενον
2551 4340 2648 4408 μὲν
2705 4341 3021 4412 φιλοτιμίαν
3077 4347 3177 4416 τὴν
3243 4346 3456 4418 ἀληθῆ,
3523 4354 3773 4418 γενναιόο

2207 4441 2326 4496 τητι
2404 4427 2870 4504 λαμπρυνομένην
2947 4437 3241 4505 ἐπιεικῶς,
3317 4443 3635 4513 αἰδούμενον
3717 4447 3773 4500 δὲ

2766 4567 2778 4591 ,
2850 4532 3172 4604 σωφροσύνῃ
3230 4533 3330 4603 μὲν
3389 4538 3622 4609 μεγίστῃ
3684 4555 3774 4591 κε-

2204 4613 2589 4680 κοσμημένην,
2619 4617 2877 4684 φρονήσει
2923 4619 2979 4671 δὲ
3022 4621 3185 4693 ὁμοίᾳ
3229 4624 3289 4676 τὸ
3315 4626 3438 4678 κατ’
3463 4627 3635 4697 αὐτὴν
3657 4631 3774 4683 ἐπι-

2198 4701 2566 4774 δεδειγμένην,
2617 4708 2707 4758 καὶ
2757 4709 2840 4761 ἀεὶ
2890 4711 2986 4762 σὺν
3033 4713 3109 4782 τῷ
3157 4715 3350 4786 δικαίῳ
3400 4718 3771 4791 πεζευομένην

2199 4792 2315 4859 ἅμα
2345 4812 2407 4862 γε
2437 4798 2556 4858 ταῖς
2588 4798 2678 4849 ὑπ’
2703 4800 2874 4864 αὐτὰς
2907 4803 3151 4872 ἀρεταῖς.
3186 4807 3259 4859 Τὸ
3291 4809 3401 4880 γὰρ
3431 4811 3496 4880 δὴ
3529 4813 3773 4882 μερικώ-

2195 4902 2352 4954 τερον
2383 4888 2652 4955 ἀνάγκαις
2689 4891 2889 4954 πάσαις
2925 4895 3394 4968 περιληφθήσεται
3425 4901 3505 4971 τῷ
3539 4919 3772 4969 γενικω-

2194 4976 2336 5044 τέρῳ
2382 4976 2475 5029 καὶ
2521 4982 2796 5045 συγγενεῖ.
2844 4981 3002 5035 Οὕτω
3047 4985 3112 5053 δὴ
3160 4989 3300 5058 πρὸς
3346 4991 3531 5044 πᾶσαν
3575 4992 3788 5062 ἀρετὴν,

2194 5067 2411 5137 ἔχοντες
2438 5070 2732 5141 Ἀθηναῖοι.
2761 5073 2966 5144 ἐτίμων
2993 5077 3092 5146 μὲν
3117 5081 3364 5150 εἰρήνην,
3393 5084 3499 5152 πρὸ
3523 5084 3617 5136 τοῦ
3645 5085 3775 5138 πλέ-

2195 5157 2301 5228 θρα
2353 5161 2652 5229 πάμπολλα
2683 5163 2786 5232 γῆς
2840 5167 3293 5235 κερδᾶναιοτοὺς
3341 5169 3398 5223 δὲ
3451 5171 3770 5242 ύῦρίζοντας

2195 5249 2287 5300 καὶ
2325 5252 2654 5312 πλεονέκτας
2695 5251 3018 5323 ἀνθρώπους
3060 5255 3121 5308 ού
3168 5257 3329 5324 μόνον
3360 5256 3463 5326 τῆς
3501 5260 3768 5328 σφετέρας

2193 5341 2375 5394 αὐτῶν
2401 5342 2528 5412 γῆς,
2556 5344 2650 5396 καὶ
2675 5346 2781 5397 τῶν
2813 5349 3056 5417 πατρίων
3083 5348 3252 5418 ἠθῶν,
3279 5349 3414 5403 ἀλλά
3447 5353 3538 5403 καὶ
3569 5353 3770 5415 παντὸς

2190 5436 2461 5503 ἠμύνοντο
2501 5437 2596 5489 τοῦ
2632 5437 2972 5508 Ἑλληνικοῦ.
3011 5441 3121 5494 Καὶ
3162 5441 3336 5495 ταῦτα
3381 5443 3445 5512 δὴ
3487 5443 3771 5507 ποιοῦντες

2192 5525 2602 5581 διατετελέκασι
2637 5530 2772 5600 μετὰ
2806 5532 2975 5600 πόσης
3004 5532 3106 5585 οῐει
3139 5533 3518 5603 μετριότητος,
3548 5535 3770 5605 «oppu-

2194 5617 2286 5670 θεν
2333 5619 2432 5689 μὲν
2478 5621 2764 5690 ἠργμένης
2807 5623 2872 5674 ἐκ
2916 5623 3025 5675 τῶν
3069 5624 3352 5693 προγόνων
3403 5627 3544 5694 μετά
3587 5627 3771 5692 πάσης

2195 5714 2664 5782 προηγησαμένης
2699 5713 3011 5778 πλεονεξίας
3042 5716 3152 5767 τῶν
3183 5715 3407 5784 ἀγαθῶν
3429 5755 3443 5779 ,
3474 5717 3770 5784 κατιούσης

2193 5798 2246 5850 δε
2287 5799 2531 5867 δικαίως,
2577 5800 2764 5870 ῶσπερ
2807 5820 2890 5865 τις
2935 5803 3156 5871 κλῆρος,
3197 5807 3461 5870 χρηστοῖς
3499 5807 3769 5872 ἐκγόνοις,
