4098 6272
421 412 523 474 39.3

1865 410 2151 468 ORATIO
2195 409 2237 469 1.

3553 397 3658 459 3*ἶά

416 527 686 598 χρηστοὺς
722 522 948 593 ζηλοῦσι
976 524 1185 591 γονέας.
1209 523 1450 593 -ᾝδεσαν
1479 523 1588 593 γὰρ
1610 560 1624 587 ,
1655 523 1727 585 ὡς
1756 525 1990 589 ταυτησὶ

2122 524 2608 587 mmiexeellentia,
2642 525 2941 593 meritoque
2979 523 3124 577 velut
3165 522 3452 577 hzereditas
3509 538 3661 590 quae-

420 623 496 691 μὴ
535 617 820 688 παρούσης
859 617 969 669 οὐδ’
994 616 1138 669 ἆπαν
1170 616 1232 668 τί)
1263 615 1364 683 τῆς
1402 614 1608 685 ἀρετῆς
1646 617 1835 684 χρῆμα
1876 613 1990 667 οἷόν

418 730 478 766 τε
533 710 804 763 συνοίσειν
853 707 1166 778 ἀνθρώπῳ·
1223 707 1353 775 περὶ
1402 701 1467 777 ἦς
1520 724 1582 772 γε
1635 708 1991 776 μετριότητος

424 801 663 874 ἐροῦμέν
702 820 757 855 τι
800 799 1254 870 προύργιαίτερον
1294 799 1437 851 κατά
1478 798 1675 867 σχολὴν
1720 797 1857 867 μετά
1898 798 1990 849 τοῦ

424 894 641 964 καιροῦ,
687 895 1077 961 συναιρομένου
1119 894 1211 944 τοῦ
1258 891 1584 960 κρείττονος.
1632 890 1746 943 Νῦν
1787 890 1843 941 δέ
1884 891 1991 942 τῶν

426 985 805 1055 προκειμένων
830 983 1105 1053 ἐχώμεθα.
1136 984 1281 1036 Ἔδει
1316 985 1414 1052 μὲν
1442 982 1553 1047 οῦν,
1574 983 1630 1034 εἰ
1662 982 1758 1034 καὶ
1790 984 1993 1041 πάντας

428 1080 671 1149 ἐλελήθει
718 1078 1032 1148 βαρϐάρους
1074 1077 1135 1130 τὸ
1178 1078 1279 1146 τῆς
1326 1077 1527 1147 ἀρετῆς
1568 1076 1787 1144 περιὸν,
1831 1076 1993 1127 αὺτδν

425 1170 559 1237 γοῦν
600 1169 823 1239 βασιλέα
870 1170 945 1237 μή
986 1167 1288 1235 λεληθέναι,
1336 1168 1468 1234 μηδέ
1511 1166 1754 1236 νομίζειν
1800 1166 1994 1234 πλήθει

427 1260 724 1329 κρατήσειν
759 1258 1214 1327 προαιρουμένων
1249 1257 1472 1325 πολέμῳ
1506 1255 1728 1308 πίπτειν
1763 1254 1867 1323 πρὸ
1900 1254 1993 1305 τοῦ

427 1351 669 1420 δεδέχθαι
697 1367 750 1403 τι
779 1350 887 1401 τῶν
918 1349 1182 1417 αἰσχρῶν.
1206 1348 1418 1412 Ἐδειξε
1450 1347 1559 1417 γὰρ
1590 1348 1618 1398 ὁ
1650 1347 1840 1414 χρόνος
1867 1347 1995 1406 τοὺς

429 1443 630 1511 ἄνδρας
661 1442 851 1495 τούσδε
887 1440 1067 1506 πολλῷ
1100 1456 1163 1507 γε
1201 1443 1454 1508 κρεῖττον
1488 1438 1903 1505 ἀσπαζομένους
1936 1435 1996 1487 τὸ

433 1531 551 1600 μεθ’
574 1531 752 1584 ὃπλων
782 1529 1221 1597 ἀγωνιζομένους
1248 1528 1505 1583 τεθνάναι
1534 1527 1675 1597 ὑπὲρ
1702 1527 1812 1579 τῶν
1842 1527 1995 1594 σφίσι

428 1621 816 1689 διαφερόντων,
843 1619 877 1688 ἦ
904 1620 1049 1681 τινὲς
1080 1618 1420 1682 ἀσπάζονται
1450 1616 1788 1686 πανηγύρεις
1812 1618 1995 1686 τρυφῇ

433 1713 527 1764 καὶ
554 1711 795 1782 ῥᾳθυμίᾳ
814 1710 1262 1781 ’προσηλωμένοι.
1293 1710 1352 1762 '0
1378 1708 1435 1761 δὲ
1459 1710 1525 1777 τῇ
1551 1708 1660 1760 τῶν
1684 1706 1998 1775 εὐτυχημά-

434 1816 543 1853 των
576 1800 854 1870 κραιπάλῃ
874 1840 889 1867 ,
922 1802 1016 1854 καὶ
1046 1802 1113 1869 τῇ
1152 1800 1317 1868 μανίᾳ
1352 1798 1461 1849 τῶν
1494 1794 1641 1865 αύτῷ
1678 1795 1992 1866 προσδοκωο

440 1894 615 1963 μένων
644 1893 1085 1965 κατορθωμάτων
1113 1890 1363 1960 καθάπερ
1393 1890 1545 1959 κῦμα
1569 1890 1795 1943 τύπτειν
1820 1888 1993 1959 ήξίου,

436 1983 582 2039 εἶκον
610 1986 829 2055 ἀνέμοις
860 1985 1010 2055 παρά
1039 1986 1099 2038 τὸ
1130 1984 1289 2050 δόξαν
1318 1982 1466 2053 αύτῷ
1491 1998 1506 2016 ο
1540 1982 1685 2036 οὕτω
1715 1980 1997 2036 κάνταῦθα

434 2077 686 2145 νενόμικε
714 2075 1077 2146 (θρασύτητος
1104 2074 1364 2145 ἀκρασία)
1396 2073 1603 2128 καπνοῦ
1626 2092 1681 2127 τι
1711 2074 1875 2144 μέρος
1901 2066 1999 2142 ἀ.ρέ

434 2171 615 2224 κέσειν
639 2168 788 2238 αὐτῷ
814 2169 907 2222 τοῦ
938 2169 995 2222 ἐν
1024 2171 1089 2240 τῇ
1118 2168 1265 2240 ψυχῇ
1298 2168 1471 2238 πυρὸς
1500 2168 1736 2233 ζέοντος,
1768 2167 1910 2234 λέγω
1936 2165 2000 2237 δὴ

435 2267 528 2317 τοῦ
556 2263 706 2334 παρὰ
732 2264 887 2332 λόγον
915 2262 1115 2333 θυμοῦ,
1140 2261 1409 2315 πασσυδεὶ
1431 2262 1556 2323 τοὺς
1575 2261 1844 2329 ’Έλληνας
1872 2262 2002 2313 ἀνα-

436 2356 630 2409 λῶσαι.
674 2355 813 2408 Ἀλλ’
845 2357 879 2425 ή
927 2356 1023 2423 τῆς
1075 2354 1307 2423 ἀκαίρου
1361 2353 1674 2423 φιλοτιμίας
1728 2351 2003 2422 ὑπερδολὴ

437 2448 590 2501 οὐδὲν
628 2447 821 2515 ἐκείνῳ
859 2445 1026 2515 τιμῆς
1068 2445 1332 2513 ἀπένειμε
1358 2460 1372 2477 ο
1420 2444 1556 2511 πρὸς
1596 2443 1653 2496 δὲ
1692 2443 2005 2496 τούναντίον

443 2538 628 2607 σαφῶς
668 2536 817 2605 αύτῷ
858 2536 958 2604 τὴν
1000 2521 1330 2605 προσδοκίαν
1372 2532 1759 2601 ἀντέστρεψεν.
1799 2532 1857 2586 Ὀ
1896 2534 2006 2603 γὰρ

442 2634 508 2701 τῇ
545 2630 739 2701 βροντῇ
770 2629 870 2698 τῆς
903 2630 1091 2697 φήμης
1122 2627 1188 2679 τὰ
1218 2624 1327 2677 τῶν
1360 2623 1571 2677 πολλῶν
1606 2624 1849 2692 κυκήσας
1884 2639 2010 2691 φρο-

444 2725 678 2794 νήματα,
694 2723 803 2781 καὶ
828 2720 1051 2782 τούτους
1078 2718 1259 2783 δείξας
1288 2716 1740 2786 καλινδουμένους
1766 2716 1873 2784 πρὸ
1902 2714 2010 2766 τῶν

445 2813 623 2868 ποδῶν
670 2813 856 2878 αὐτοῦ,
904 2811 1204 2880 φθάνοντας
1254 2811 1323 2863 τὰ
1371 2811 1526 2862 τοῦδε
1582 2806 2009 2878 προστάγματα,

445 2909 672 2979 ἀκονητὶ
712 2909 806 2961 καὶ
839 2907 938 2977 τὴν
973 2906 1201 2960 Ἐλλάδα
1242 2902 1695 2974 προσκτήσασθαι
1737 2903 2009 2969 φανταζό-

450 3020 645 3071 μενος,
684 3002 777 3055 καὶ
814 2999 1135 3070 ’παμιτληθελ¹
1165 2998 1229 3051 τὸ
1257 2996 1572 3067 Ἑλληνικὸν
1605 2995 1855 3066 καθάπερ
1889 2998 2015 3049 παῖ-

447 3097 541 3159 δάς
584 3113 734 3160 τινας
781 3094 942 3159 ἑλεῖν,
990 3091 1185 3155 παῖδάς
1229 3108 1293 3160 γε
1338 3090 1446 3143 τῶν
1489 3090 1883 3159 θρυπτομένων
1924 3091 2013 3140 ἐπ’

2099 616 2221 670 dam
2246 618 2499 671 devoluta
2535 624 2676 669 esset
2703 618 2769 669 ad
2799 625 3047 684 posteros
3070 615 3234 680 frugi,
3275 616 3413 682 frugi
3453 632 3664 683 paren-

2097 719 2211 762 tum
2244 710 2607 762 :emulatores.
2643 707 2847 761 Norant
2873 707 3041 771 enim,
3084 709 3128 761 si
3168 708 3280 760 lnec
3310 723 3415 758 non
3448 708 3663 762 adi-sset

2099 818 2166 855 ne
2202 802 2417 871 quidem
2446 802 2754 855 universam
2786 799 2995 851 v‘rtutis
3019 800 3121 849 vim
3174 798 3377 850 homini
3407 799 3665 862 prodesse

2097 910 2299 964 posse:
2339 897 2408 949 de
2448 911 2552 962 qua
2584 893 2956 946 moderatione
2990 891 3291 944 studiosius
3336 891 3538 959 aliquid
3573 907 3665 956 per

2100 986 2294 1050 otium,
2332 986 2518 1038 divino
2549 985 2775 1053 jnvanlc
2805 983 3049 1047 numine,
3082 997 3181 1035 suo
3214 992 3458 1049 tempore
3491 982 3668 1049 profe-

2102 1092 2306 1131 remus.
2347 1075 2505 1129 Nunc
2538 1077 2626 1137 iis,
2663 1091 2783 1143 ane
2820 1075 3092 1141 proposita
3133 1073 3290 1127 nobis
3327 1082 3475 1132 sunt.
3533 1074 3663 1125 insi-

2099 1178 2331 1222 stemus.
2366 1166 2521 1221 Licet
2569 1181 2719 1230 ergo,
2766 1182 2885 1233 qua:
2936 1166 3155 1219 virtutis
3209 1166 3519 1231 pra¥5tantia
3576 1165 3668 1225 sit,

2100 1274 2292 1313 omnes
2320 1260 2631 1326 ignorarent
2652 1256 2873 1310 Barbari
2904 1273 2918 1320 ;
2972 1259 3152 1325 regem
3183 1258 3357 1324 ipsum
3393 1256 3441 1309 id
3476 1257 3668 1310 saltem

2101 1352 2357 1419 ignorare
2388 1365 2497 1404 non
2544 1352 2811 1416 eportnit,
2855 1363 3029 1416 neque
3081 1359 3272 1417 putare
3307 1351 3571 1409 futurum,
3613 1360 3671 1399 ιιι

2104 1444 2387 1498 hominum
2424 1442 2596 1510 copiis
2648 1456 2742 1494 eos
2783 1442 2835 1494 in
2878 1449 3200 1506 potestatein
3243 1441 3527 1504 redigeret.
3576 1440 3669 1508 qni

2104 1534 2242 1589 bello
2298 1534 2492 1588 cadere
2551 1532 2803 1593 mallent,
2855 1548 3015 1596 quam
3077 1539 3237 1599 turpe
3289 1531 3417 1597 quid
3471 1533 3673 1586 adiuit-

2104 1642 2234 1683 tere.
2295 1627 2509 1697 Quippe
2567 1638 2783 1694 tempus
2819 1626 2992 1689 ipsum
3034 1624 3355 1687 declaravit,
3413 1625 3500 1678 his
3540 1625 3672 1678 viris

2100 1723 2256 1788 longe
2284 1717 2452 1773 fuisse
2482 1718 2723 1781 cliarius,
2760 1716 2803 1769 si
2846 1715 3058 1780 armati,
3093 1731 3188 1784 pro
3222 1716 3383 1769 rebus
3430 1717 3544 1793 suis
3595 1715 3679 1768 di-

2103 1808 2388 1874 micantes,
2440 1809 2871 1868 occumberent,
2928 1822 3090 1874 quam
3127 1804 3270 1870 aliis,
3322 1805 3587 1874 voluptati
3622 1814 3676 1858 et

2102 1901 2330 1968 ignaviae
2360 1899 2584 1961 deditis,
2636 1899 2773 1967 grati
2821 1897 3075 1951 ludorum
3116 1894 3239 1950 festi
3272 1895 3389 1949 dies
3421 1910 3542 1949 esse
3579 1910 3673 1948 so-

2100 1991 2264 2045 leant.
2288 1990 2499 2051 Xerxes
2528 2003 2656 2042 vero
2671 2002 3053 2057 prosperorum
3075 2001 3427 2041 successuum
3456 1987 3677 2054 crapula

2102 2084 2260 2153 quasi
2292 2080 2523 2151 quadam
2566 2082 2855 2149 impulsus,
2906 2090 2960 2134 et
2989 2079 3178 2133 furore
3211 2079 3459 2148 profecto
3490 2079 3557 2133 de
3583 2094 3678 2146 spe

2105 2176 2467 2245 gerendarum
2507 2172 2743 2227 feliciter
2772 2187 2975 2249 rerum,
3004 2172 3171 2225 veluti
3205 2186 3353 2249 mare
3377 2172 3530 2240 prius
3554 2185 3679 2224 ver-

2106 2243 2284 2322 berari
2318 2264 2584 2337 jusserat,
2647 2264 2793 2331 quod
2850 2246 3026 2317 ventis
3090 2243 3290 2331 praeter
3343 2265 3676 2315 voluntatem

2107 2375 2261 2415 suam
2290 2361 2540 2422 cederet;
2575 2360 2649 2411 ita
2680 2356 2907 2427 putabat
2937 2355 3025 2409 hic
3047 2370 3265 2425 quoque
3299 2358 3355 2422 (ο
3407 2355 3681 2420 intempe-

2110 2463 2318 2507 rantem
2360 2449 2667 2521 audaciam)
2705 2450 2923 2520 paulum
2961 2448 3093 2501 fumi
3127 2448 3193 2502 de
3240 2449 3360 2517 igne
3415 2447 3510 2516 qui
3561 2446 3681 2513 ejus

2112 2547 2165 2597 in
2202 2544 2386 2597 aniin
2415 2542 2686 2611 ﬂagraret,
2738 2540 2807 2593 de
2864 2539 3146 2592 iracundia
3194 2539 3423 2592 rationis
3456 2545 3682 2605 experte

2112 2636 2255 2701 dico,
2282 2632 2486 2688 Graecis
2506 2633 2751 2686 funditus
2775 2630 3131 2684 absumendis
3162 2628 3543 2682 sutIecturnm.
3573 2626 3679 2682 Sed

2116 2727 2282 2781 nimia
2317 2728 2398 2780 vis
2427 2725 2652 2780 absurdi
2706 2724 2871 2779 studii
2907 2723 3038 2777 nihil
3069 2724 3119 2777 ei
3172 2722 3377 2791 peperit
3433 2723 3680 2785 honoris,

2116 2833 2180 2873 ac
2211 2820 2487 2873 diversum
2518 2817 2701 2887 potius
2765 2818 2970 2870 exitum
3023 2814 3138 2883 spei
3178 2814 3343 2868 dedit.
3406 2811 3538 2867 Nam
3587 2812 3697 2880 qui

2118 2911 2355 2966 rumoris
2390 2911 2592 2964 tonitru
2621 2909 2983 2978 complurium
3009 2906 3425 2976 perturbaverat
3445 2905 3682 2965 animos.

2113 3018 2293 3071 eoque
2324 3002 2627 3072 redegerat,
2671 3008 2728 3055 ut
2761 3000 3027 3069 imperata
3086 2984 3256 3068 ipsius
3292 2997 3681 3065 anticipantes,

2120 3093 2185 3147 ad
2211 3095 2375 3163 pedes
2408 3093 2527 3161 ejus
2557 3106 2677 3147 sese
2707 3098 3156 3161 prosternerent;
3189 3090 3318 3143 dum
3349 3089 3555 3157 absque
3602 3087 3687 3141 la-

448 3189 679 3255 ἀγορᾶς,
723 3185 818 3239 καὶ
868 3182 1245 3253 προσεχόντων
1289 3181 1595 3250 ἀθύρμασι,
1642 3181 1735 3232 καὶ
1784 3180 2010 3249 μηδενὸς

2122 3188 2249 3241 bore
2274 3200 2332 3241 se
2363 3183 2625 3239 Graeciam
2664 3198 2885 3254 quoque
2927 3182 3118 3238 ditioni
3174 3182 3511 3250 adiecturum
3549 3180 3686 3233 ima-

449 3280 579 3349 γοῦν
614 3280 982 3347 γεγευμένους
1024 3271 1407 3344 προσήκοντοξ
1434 3272 1692 3341 ἀνδράσιν
1727 3273 2015 3342 ἐπιτηδεύ⁹

456 3389 652 3442 ματος,
688 3370 801 3425 ἀλλ’
823 3369 882 3421 ἓν
913 3384 975 3435 γε
1004 3368 1161 3420 τοῦτο
1193 3364 1613 3435 μεμαθηκότας,
1645 3364 1924 3433 ὀρχεῖσθαί
1956 3380 2014 3415 τε

453 3466 547 3519 καὶ
575 3460 923 3525 ἀκκίζεσθαι,
954 3456 1309 3527 γυναικώδεις
1338 3456 1433 3509 καὶ
1461 3458 1558 3525 τὴν
1590 3456 1770 3524 φύσιν,
1805 3456 1896 3508 καὶ
1922 3457 2018 3524 τὴν

455 3559 679 3625 γνώμην
699 3596 712 3620 ,
744 3556 837 3607 καὶ
865 3554 965 3621 τὴν
998 3550 1243 3605 παιδείαν
1275 3551 1623 3621 ὑπάρχοντας
1648 3567 1662 3581 ’
1693 3553 1722 3603 ό
1752 3549 1981 3616 σοϐαρὸς
2002 3589 2016 3611 ,

458 3646 552 3698 καὶ.
588 3646 941 3714 ὑπερνεφῶν,
976 3644 1069 3696 καὶ
1105 3644 1558 3710 γεγαυρωμένος,
1593 3643 1621 3693 ὁ
1653 3639 1893 3692 τοσαῦτα
1927 3640 2025 3707 ἐμ-

462 3738 706 3790 ϐατεύων
750 3740 826 3798 εἰς
868 3738 936 3788 τὰ
974 3736 1245 3803 Ἐλλήνων
1285 3734 1609 3803 πράγματα,
1652 3734 1750 3785 ὅσα
1795 3736 1886 3783 καὶ
1926 3734 2025 3799 τὴν
2072 3729 2077 3735 ’

460 3829 624 3901 τῶνδε
678 3830 784 3895 γῆν
836 3830 945 3888 τοῖς
996 3826 1304 3896 σατράπαις
1354 3825 1627 3893 διανέμειν
1680 3828 1759 3886 εἰς
1814 3824 2022 3891 ἀρχὴν,

461 3919 650 3995 ὥσπερ
682 3919 746 3971 ἂν
774 3920 821 3969 εἰ
847 3917 1050 3987 ταύτην
1079 3916 1245 3969 πάλαι
1278 3916 1601 3984 προείληφεν
1622 3929 1634 3942 '
1663 3915 1858 3968 ὁπόσον
1886 3913 2031 3965 οἴκο-

462 4014 553 4065 θεν
585 4009 794 4079 σπουδῇ
823 4010 919 4063 ἐπὶ
946 4008 1046 4076 τὴν
1079 4006 1307 4061 Ἐλλάδα
1336 4008 1440 4076 γῆν
1471 4008 1719 4075 ἔτρεχεν,
1755 4007 2032 4073 ὀνειροπο-

460 4105 630 4173 λήσας
659 4103 756 4166 τὰς
787 4104 904 4155 ἐκεῖ
932 4102 1111 4163 νίκας,
1141 4100 1235 4152 καὶ
1262 4099 1329 4153 τὰ
1360 4100 1466 4151 ἀπὸ
1497 4098 1602 4149 τῶν
1634 4097 1844 4165 ἐχθρῶν
1875 4097 2031 4163 ἐγερ-

464 4196 741 4264 θησόμενα
783 4191 958 4258 τούτῳ
1000 4191 1272 4258 τρόπαια,
1319 4187 1569 4240 τοσοῦτον
1614 4186 1728 4239 ἄνω
1774 4186 2033 4275 ποταμῶν

465 4285 846 4355 παλινδρομῶν
873 4284 1237 4346 ἁνεδείκνυτο,
1263 4281 1383 4334 οὐδὲ
1412 4281 1543 4346 γοῦν
1569 4279 1736 4347 αὐτὴν
1762 4281 1859 4347 τὴν
1887 4278 2035 4346 πρώ-

467 4399 567 4451 την
599 4370 706 4442 οἷός
737 4396 795 4431 τε
829 4378 1117 4446 γενόμενος
1153 4374 1472 4438 ὑπενεγκεῖν
1505 4369 1834 4439 προσϐολήν.
1874 4370 2032 4424 ’0πό-

2120 3282 2360 3351 ginatur,
2399 3289 2681 3349 totamque
2716 3278 3030 3333 Graecorum
3065 3276 3336 3331 nationem
3377 3277 3686 3343 capturum,

2118 3386 2217 3426 ceu
2254 3388 2460 3443 pueros
2488 3372 2779 3443 quosdam,
2810 3372 2900 3440 qui
2931 3369 3151 3424 delicias
3181 3370 3232 3420 in
3270 3368 3385 3421 loro
3418 3366 3682 3427 facerent,

2119 3475 2171 3519 et
2206 3466 2428 3521 ludicris
2456 3467 2647 3520 intenti
2677 3473 2860 3519 essent
2886 3502 2899 3525 ,
2936 3476 3036 3515 nec
3070 3460 3237 3514 ullum
3294 3458 3511 3525 aliquod
3549 3474 3689 3525 Opus

2123 3557 2273 3610 virile
2308 3559 2714 3625 degustassent,
2740 3554 2835 3609 sed
2893 3550 3275 3606 tantummodo
3327 3550 3525 3603 saltare
3552 3550 3694 3603 didi-

2122 3650 2345 3713 cissent,
2374 3666 2438 3703 ac
2469 3650 2717 3703 lascivire
2738 3689 2752 3711 ,
2790 3662 2889 3700 nec
2929 3662 3031 3699 non
3059 3640 3349 3699 muliebres
3380 3654 3434 3695 et
3463 3642 3695 3710 ingeniis

2124 3750 2327 3804 essent,
2378 3751 2429 3793 et
2481 3741 2693 3803 animis,
2736 3749 2790 3793 et
2846 3738 3168 3792 educatione
3218 3736 3438 3799 :ferox,
3476 3735 3695 3803 inquam

2127 3833 2236 3895 ille,
2268 3847 2539 3900 supraque
2581 3832 2755 3885 nubes
2782 3831 2983 3892 elatus.
3025 3839 3190 3898 atque
3228 3827 3570 3895 superbiens,
3598 3826 3695 3896 qui

2130 3935 2280 3977 tanto
2331 3940 2453 3977 Clllll
2494 3922 2630 3976 fastu
2693 3921 3003 3976 Graecorum
3043 3922 3095 3974 in
3152 3922 3289 3975 bona
3327 3919 3513 3988 pedem
3557 3918 3698 3973 infe-

2134 4020 2285 4071 rebat
2333 4029 2390 4071 ut
2422 4032 2609 4069 eorum
2642 4027 2839 4069 terram
2876 4030 3096 4085 quoque
3148 4014 3382 4084 satrapis
3430 4014 3545 4069 suis
3574 4028 3697 4067 cum

2133 4120 2397 4180 potestate
2426 4108 2717 4161 tenendam
2749 4106 3127 4172 distribueret,
3158 4122 3219 4161 ac
3243 4108 3287 4160 si
3318 4106 3522 4174 pridem
3552 4105 3700 4158 illam

2136 4211 2498 4269 occupasset;
2556 4201 2640 4253 hic
2703 4214 2855 4269 ergo,
2917 4207 3121 4267 quanta
3172 4214 3297 4253 cum
3352 4198 3703 4251 festinatione

2120 4290 2300 4346 'domo
2332 4292 2626 4360 profectus,
2678 4289 2939 4344 Grazciam
2984 4306 3152 4344 cursu
3211 4290 3443 4358 petebat,
3482 4288 3572 4341 ubi
3624 4287 3705 4339 vi-

2138 4385 2341 4438 ctorias
2376 4383 2490 4451 ipse
2525 4382 2626 4437 sibi
2666 4381 3054 4447 somniaverat,
3078 4381 3473 4448 statuendaque
3505 4377 3573 4433 de
3603 4380 3707 4430 ho-

471 4492 561 4526 σον
596 4474 703 4541 γάρ
742 4470 807 4539 δὴ
840 4464 939 4537 τὴν
974 4467 1238 4535 ταχίστην
1276 4463 1363 4515 ἐπ’
1392 4462 1632 4523 ἐκείνους
1675 4462 1873 4529 ἤλαυνε
1896 4499 1911 4521 ,
1946 4475 2020 4510 το⁴

2138 4478 2313 4533 stibus
2365 4488 2584 4546 tropzea,
2646 4484 2791 4529 tanta
2846 4474 3089 4529 vicissim
3142 4490 3266 4529 cum
3326 4472 3710 4541 properatione

474 4566 624 4617 σόνδε
651 4565 873 4622 τούτους
906 4559 1144 4628 αἰσχρῶς
1173 4557 1426 4623 διέφεὸγε
1445 4596 1459 4620 ,
1493 4554 1653 4623 σῶμα
1685 4553 1780 4606 καὶ
1810 4554 2035 4620 γνώμην

476 4654 569 4708 καὶ
594 4653 770 4721 ψυχὴν
797 4649 933 4718 πρὸς
955 4645 1265 4700 τούναντίον
1291 4645 1435 4699 ἀπαν
1463 4646 1716 4714 τραπεὶς,
1750 4647 1844 4697 καὶ
1870 4645 2039 4697 πᾶσιν

475 4744 543 4817 ἧν
572 4747 843 4814 ἀφόρητος
874 4743 940 4810 τῇ
978 4739 1200 4807 σπουδῇ.
1240 4736 1589 4805 Ἐπεθύμησε
1619 4736 1723 4804 γῆς
1755 4736 2037 4804 Περσίδος,

477 4835 796 4903 ἐπεθύμησε
831 4830 925 4883 τοῦ
959 4828 1164 4895 ταύτης
1206 4824 1416 4877 καπνοῦ
1438 4863 1453 4890 ,
1490 4827 1631 4877 κατὰ
1668 4824 1756 4876 τὸν
1798 4824 2039 4893 Ὀμήρου

479 4928 843 4997 πλανώμενον·
873 4920 1153 4975 Ὀδυσσέα.
1182 4919 1280 4970 Ἂν
1373 4934 1424 4968 τι
1457 4920 1641 4987 χεῖρον
1664 4918 1759 4970 καὶ
1792 4918 2000 4969 καπνοῦ
2026 4955 2041 4977 ,

484 5022 636 5091 φίλον
670 5016 818 5085 αύτῷ
844 5011 1123 5076 δέξασθαι,
1158 5010 1204 5061 εἰ
1242 5010 1399 5077 μόνον
1430 5008 1514 5079 είη
1546 5008 1654 5059 τῶν
1686 5007 1917 5061 οἴκοθεν.
1958 5009 2046 5071 Ὠς

460 5115 657 5179 ,ἔγωγε
686 5104 839 5177 οἶμαι
865 5107 953 5156 τὸν
980 5102 1150 5171 ἀνδρα
1178 5100 1365 5152 τοῦτον
1391 5095 1494 5152 ὧδε
1526 5100 1876 5167 μεταϐαλεῖν,
1905 5099 2047 5151 ὥστε

452 5203 696 5275 ,χαίρειν
740 5199 979 5253 ἐάσαντα
1051 5193 1346 5259 στεφάνους
1386 5208 1445 5243 τε
1492 5190 1584 5243 καὶ
1626 5190 1910 5260 θρίαμϐον,
1955 5194 2049 5244 καὶ

483 5297 582 5365 τὴν
612 5297 674 5346 ἐκ
704 5292 797 5359 τῆς
828 5288 985 5357 νίκης
1017 5287 1197 5338 πᾶσαν
1225 5282 1604 5352 λαμπρότητα,
1640 5282 1806 5351 μηδὲν
1838 5285 2052 5353 θαυμά-

488 5388 603 5451 ζειν
638 5386 827 5453 ἕτερον
869 5381 1005 5449 πλὴν
1044 5376 1247 5445 φυγῆς,
1286 5374 1635 5446 ἀνδραπόδοις
1678 5377 1778 5428 οὐκ
1819 5377 1885 5429 ἂν
1924 5395 2053 5447 πρε-

489 5480 713 5553 magn;
757 5473 917 5527 Ὀθεν
956 5469 1064 5523 οὐδ’
1095 5467 1353 5529 ἀπεικὸς,
1398 5466 1451 5516 εἴ
1487 5483 1567 5529 τις
1609 5468 1807 5520 ἔδωκεν
1846 5471 2053 5521 ἐκεῖνον
2124 5476 2131 5481 “

495 5573 621 5625 ίδείν
651 5570 746 5630 τὰς
783 5571 837 5618 ἐν
865 5567 931 5635 τῇ
966 5558 1368 5631 γυναικωνίτιδι
1405 5559 1599 5628 κόρας,
1636 5561 1885 5630 στέργειν
1913 5564 2055 5615 κατὰ

492 5665 697 5733 κόρρης
734 5656 1108 5726 τυφθήσεσθαι
1154 5653 1285 5720 παρ’
1309 5652 1487 5705 αὐτῶν
1523 5652 1687 5705 ’ἑνεκα
1721 5653 1820 5721 τῆς
1864 5671 2054 5721 γυναι-

493 5754 696 5815 κώδους
727 5749 893 5804 αὑτοῦ
926 5748 1124 5816 φυγῆς.
1151 5744 1240 5813 Τῷ
1270 5746 1377 5815 γὰρ
1408 5743 1605 5796 αὐτίκα
1631 5748 1930 5816 τετράφθαι
1959 5749 2056 5816 τὴν

493 5844 703 5913 ψυχὴν,
732 5843 828 5898 καὶ
855 5842 981 5903 τοὺς
1010 5837 1333 5906 λογισμοὺς,
1364 5837 1455 5888 καὶ¹
1483 5837 1732 5893 τοσοῦτον
1761 5840 2050 5909 ὀῤῥωδεῖν,

852 5935 1129 5995 PATnoL.
1160 5932 1275 5993 (ΞΒ.
1319 5928 1499 5987 CLVI

2144 4572 2426 4637 repetebat
2485 4567 2746 4621 adversos
2781 4580 2993 4632 amnes,
3027 4578 3152 4618 cum
3184 4579 3250 4617 ne
3300 4562 3538 4631 primum
3585 4560 3709 4630 qui-

2144 4660 2266 4715 dem
2297 4658 2606 4713 conllietum
2644 4656 2916 4711 sustinere
2968 4655 3256 4724 potuisset.
3293 4651 3427 4705 Nam
3471 4661 3709 4721 quanto-

2146 4766 2273 4820 pere
2301 4765 2489 4804 versus
2520 4749 2619 4802 hos
2649 4748 2852 4816 impetu
2886 4746 3244 4801 celeberrimo
3272 4744 3552 4813 pergebat,
3587 4754 3710 4797 tan-

2147 4851 2333 4911 topere
2360 4840 2599 4895 vicissim
2633 4839 2700 4893 ab
2733 4840 2840 4893 illis
2869 4839 3013 4907 turpi
3042 4838 3357 4893 discedebat
3404 4837 3528 4906 fuga
3556 4854 3570 4902 ;
3602 4837 3713 4903 jam

2147 4924 2285 4988 alius
2311 4931 2471 5002 plane
2502 4941 2609 4983 tam
2642 4944 2894 4999 corpore,
2942 4944 3106 4998 quam
3154 4929 3366 4997 judicio
3424 4930 3715 4995 animoque

2148 5025 2347 5078 factus.
2373 5016 2642 5076 Omnibus
2670 5022 2739 5075 ob
2762 5021 3167 5075 festinationem
3194 5019 3550 5073 intolerabilis
3572 5028 3712 5072 erat.

2155 5113 2503 5167 Desiderabat
2536 5123 2733 5165 terram
2793 5110 3083 5174 Persidem,
3124 5110 3324 5163 fumum
3361 5111 3478 5178 ejus
3534 5126 3719 5163 exem-

2154 5206 2242 5275 plo
2274 5204 2576 5275 vagabundi
2612 5202 2823 5272 Ulyssis
2864 5203 3010 5256 illius
3051 5200 3324 5256 Homerici
3353 5200 3716 5255 desideiabat.

2153 5297 2325 5351 Etiam
2357 5298 2401 5351 si
2448 5297 2577 5365 quid
2609 5294 2760 5349 fumo
2792 5296 3052 5358 deterius,
3102 5296 3386 5349 admittere
3434 5290 3719 5359 gestiebat.

2158 5388 2319 5439 modo
2370 5387 2519 5440 domi
2550 5396 2879 5441 versaretur.
2917 5386 3033 5451 Quo
3068 5387 3143 5451 lit,
3176 5397 3233 5439 ut
3279 5383 3528 5453 equidem
3576 5382 3721 5431 arbi~

2159 5486 2293 5538 trer,
2336 5478 2482 5531 hunc
2536 5478 2714 5530 virum
2756 5477 2891 5530 adeo
2935 5475 3108 5530 fuisse
3145 5484 3409 5527 mutatum
3473 5478 3532 5521 ut
3572 5485 3723 5519 coro--

2158 5570 2245 5622 nis
2278 5577 2329 5621 et
2381 5569 2677 5637 triumpho,
2716 5578 2879 5635 atque
2917 5568 3065 5621 omni
3118 5565 3358 5618 victorim
3410 5559 3721 5625 Splendom.

2160 5662 2340 5715 valere
2370 5661 2557 5730 justis,
2594 5661 2741 5713 aliud
2803 5661 2935 5712 nihil
2965 5673 3127 5725 quam
3178 5656 3375 5721 "ngam,
3408 5666 3475 5703 ne
3504 5650 3725 5716 quidem

2156 5755 2437 5823 mancipia
2491 5756 2797 5817 decentem,
2864 5752 3245 5803 admirantur.
3304 5746 3415 5796 Nec
3483 5742 3730 5791 iibstzwlr‘.

2162 5860 2313 5909 vero,
2342 5840 2536 5913 siquis
2558 5858 2682 5897 eum
2712 5841 2903 5910 puellis
2926 5839 3156 5909 gynwcei
3182 5833 3532 5905 spectandum
3577 5828 3729 5879 mlti-

3295 5926 3365 5993 13
