4098 6272
469 435 577 498 393

1637 429 1687 486 Μ
1702 427 1793 487 ΛΝ
1808 428 2038 488 UELlS
2081 429 2528 490 l’.-U...l£OLl)Gl

3582 432 3699 505 i396

473 555 701 615 buisset,
731 549 868 619 :equi
902 545 1138 612 bonique
1202 541 1472 596 facturum
1506 539 1699 604 fuisse,
1755 540 1802 594 si
1851 539 1932 594 vel
1963 538 2031 593 ab

2141 543 2256 595 ὅσον
2288 542 2504 610 ἐνόμιζε
2543 542 2758 607 φοϐεῖν,
2795 543 2980 608 ἡγεῖτό
3018 545 3064 594 οἱ
3103 544 3176 612 μὴ
3207 545 3321 596 ’δεῖν
3358 542 3535 596 ποδῶν
3570 561 3709 615 προς

469 647 550 697 eis
611 643 748 710 fuga:
811 637 1095 692 llttlllclttis
1153 649 1320 689 causa
1399 631 1665 702 colaphos
1738 631 2036 700 acciperet.

470 738 602 790 Nam
640 735 766 802 quia
825 730 1008 785 subito
1061 737 1302 782 mutatus
1331 735 1453 780 erat
1501 725 1741 787 animus,
1777 738 1882 777 una
1913 737 2036 776 cum

468 822 912 895 cogitationibus,
971 820 1194 888 jaruque
1254 827 1466 872 tantum
1522 813 1822 879 metuebat,
1863 828 2039 882 quan-

470 928 582 970 tum
653 920 808 965 antea
859 925 919 963 sc
965 911 1191 963 terroris
1240 909 1482 962 incutere
1533 907 1800 976 putabat:
1837 918 1942 958 non
1972 902 2040 956 ad

468 1005 780 1075 fugiendum
815 1003 1034 1056 domum
1069 1016 1229 1075 egere
1277 1015 1335 1054 se
1361 999 1592 1070 pedibus
1629 995 2036 1060 arbitrabatur,

466 1073 563 1150 nec
595 1096 777 1162 equis,
806 1094 854 1147 vi
887 1107 1080 1148 cursus
1106 1073 1252 1160 ipsos
1280 1104 1468 1145 cervos
1492 1088 1879 1159 superantibus
1901 1125 1918 1152 ,
1947 1083 2042 1140 sed

468 1188 571 1242 alis
606 1185 948 1256 simpliciter,
986 1194 1038 1238 et
1070 1197 1256 1236 earum
1280 1182 1498 1246 quidem
1531 1181 1736 1240 avium.
1767 1177 2042 1246 qualevi-

467 1289 576 1332 tate
599 1286 825 1330 caeteras
852 1275 1141 1328 excedunt.
1171 1271 1314 1325 Satis
1341 1272 1545 1324 homini
1573 1280 1818 1333 strenuo,
1837 1266 2043 1322 Helles-

467 1382 693 1439 pontum
728 1367 809 1420 vel
845 1375 957 1419 rate
992 1363 1335 1432 transjicerc,
1372 1361 1518 1430 quod
1553 1371 1741 1416 natare
1767 1375 1876 1415 non
1923 1373 2044 1429 pos-

463 1470 568 1516 set.
601 1458 782 1529 Usque
807 1456 941 1511 adeo
971 1455 1035 1509 de
1067 1455 1177 1508 alio
1202 1453 1253 1507 in
1281 1453 1453 1517 aliud,
1487 1460 1542 1506 et
1593 1452 1646 1506 in
1694 1451 2038 1506 contrarium

464 1553 644 1622 potius
678 1558 916 1604 mutatus
949 1555 1066 1600 erat
1102 1565 1114 1600 :
1146 1561 1268 1600 nam
1307 1543 1401 1614 qui
1460 1544 1626 1598 densa
1661 1543 1880 1597 navium
1913 1555 2044 1596 coa-

464 1662 550 1706 cta
581 1649 759 1719 copia,
795 1657 847 1703 et
875 1654 1128 1702 accurata
1172 1643 1486 1698 earumdem
1520 1643 1899 1706 commissura,
1941 1655 2041 1695 ceu

464 1751 629 1811 ponte
655 1740 890 1808 quodam
928 1737 1033 1791 tale
1086 1745 1408 1804 tantumque
1453 1748 1607 1788 mare
1637 1741 2041 1794 constraverat,

464 1833 608 1902 quod
639 1847 701 1886 ex
724 1831 853 1886 Asia
886 1831 937 1882 in
973 1829 1258 1897 Europam
1295 1827 1484 1881 eadem
1523 1826 1599 1880 uti
1649 1823 2042 1890 transjectione

409 1903 413 1906 ’
463 1937 587 1976 cum
614 1919 982 1974 caeteris-ante
1014 1933 1072 1973 se
1123 1926 1436 1981 recusaret;
1472 1915 1679 1984 majore
1708 1929 1832 1970 cum
1867 1913 2035 1967 animi

405 2020 408 2022 ’
463 2012 788 2081 dejectione,
839 2021 999 2080 atque
1045 2009 1308 2062 humilius
1363 2007 1694 2079 transfugit,
1745 2022 1912 2078 quam
1955 2007 2039 2062 vel

465 2106 575 2170 ipsa
612 2103 904 2171 mancipia.
954 2101 1037 2154 vel
1075 2100 1297 2154 calones
1345 2098 1578 2163 faciant,
1625 2085 1907 2170 nunquam
1956 2115 2036 2153 reo

462 2195 763 2264 spiciendo.
785 2208 1008 2248 cursum
1031 2192 1183 2264 illum
1203 2207 1360 2247 suum
1389 2206 1607 2260 semper
1632 2207 1854 2260 urgens.
1874 2189 2039 2260 Opta-

466 2288 578 2350 bat,
603 2285 867 2350 -arbitror,
892 2296 1237 2351 nequaquam
1263 2280 1496 2349 amplius
1525 2282 1901 2350 insequentem
1929 2296 2040 2334 nta-

397 2361 414 2370 ,
463 2393 566 2432 nus
592 2376 842 2438 evadere,
865 2373 1041 2441 deque
1058 2371 1270 2427 caeteris
1291 2370 1546 2425 omnibus
1565 2371 1754 2424 leviter
1771 2371 2037 2425 sollicitus

463 2479 601 2524 erat.
619 2466 732 2520 liae
753 2467 928 2535 ipsum
952 2463 1394 2534 persequebatur,
1410 2472 1468 2516 ut
1493 2463 1794 2532 aufugeret,
1813 2472 1868 2515 ut
1887 2471 2032 2531 terga

462 2563 640 2620 daret.
666 2567 932 2614 tit-versus
953 2558 1212 2610 orientem
1229 2555 1399 2608 solem
1433 2553 1624 2608 itinere
1639 2563 1921 2616 contento,
1939 2567 2038 2606 nec

463 2651 780 2706 intermisso
807 2657 1086 2718 pergeret;
1119 2655 1175 2700 ut
1198 2661 1302 2699 non
1335 2646 1620 2710 dormiret,
1649 2661 1755 2698 non
1787 2644 2036 2713 quiesce—

457 2751 566 2808 ret,
599 2759 865 2812 nusquam
902 2740 1249 2795 subsisteret.
1279 2736 1413 2792 Nam
1442 2741 1660 2792 charam
1688 2736 1833 2790 illam
1878 2738 2035 2804 prius

462 2837 734 2903 Europam
771 2833 862 2900 qui
885 2840 1052 2899 .putas
1104 2829 1157 2884 id
1190 2829 1452 2896 temporis
1479 2827 1707 2882 oderat?
1736 2827 1879 2881 inter
1912 2841 2035 2881 eur-

463 2927 690 2980 rcndum
726 2932 903 2976 mente
943 2921 1268 2975 domi‘totus
1313 2929 1450 2983 erat,
1483 2919 1701 2974 domum
1737 2918 2033 2982 clamabat,

461 3018 682 3072 domum
715 3028 882 3068 cursu
935 3011 1209 3074 teudel‘at,
1252 3025 1446 3065 manus
1483 3010 1535 3063 in
1565 3011 1870 3064 anteriores
1903 3008 2035 3062 diri-

461 3125 614 3179 gens,
664 3107 853 3174 eisque
903 3104 1010 3157 vim
1059 3116 1306 3171 magnam
1353 3100 1640 3164 adhibens,
1689 3107 1895 3152 tantum
1929 3114 2031 3152 non

2140 636 2242 704 τὴν
2271 634 2455 687 οἴκαδε
2489 633 2688 702 φυγὴν.
2725 634 2846 700 μηδ’
2871 635 3055 686 ἵππων
3084 636 3450 704 αἰσχυνόντων
3480 635 3709 703 ἐλάφους

2141 727 2310 795 ἀρετῇ
2354 719 2582 796 δρόμὸυ,
2625 727 2760 781 ἀλλὰ
2807 727 3024 795 πτερῶν
3065 727 3326 796 ἀτεχνῶς,
3370 727 3465 781 καὶ
3506 727 3710 780 τούτων

2139 818 2343 887 ὀρνέων
2370 817 2614 882 ἐκείνων,
2641 817 2749 869 τῶν
2775 818 2864 869 ἐπὶ
2895 817 3190 886 κουφότητι
3215 817 3324 869 τῶν
3349 817 3524 871 ἄλλων
3555 817 3708 870 πλεο·

2142 907 2494 962 νεκτούντων.
2532 909 2751 976 Ἠγάπα
2787 909 2853 962 ἂν
2883 912 2911 962 ό
2944 910 3204 975 γεννάδας
3242 910 3428 978 σχεδία
3462 911 3709 979 διαϐῆναι

2142 999 2234 1052 τὸν
2269 999 2680 1064 Ἑλλήσποντον,
2715 1001 2791 1061 ὼς
2825 1000 2926 1052 οὐκ
2958 1001 3078 1054 ὲνδν
3108 999 3257 1068 αὺτῷ
3292 1000 3573 1070 νήχεσθαι.
3607 1002 3712 1054 0‘5-
3795 1017 3800 1019 ‘

2143 1107 2248 1152 τως
2275 1091 2368 1156 ἀφ’
2397 1091 2586 1160 ἑτέρου
2619 1090 2751 1160 πρὸς
2777 1090 2986 1160 ἕτερον,
3018 1091 3218 1159 μᾶλλον
3241 1092 3298 1146 δὲ
3325 1092 3462 1158 πρὸς
3486 1094 3708 1146 τούνανο

2141 1185 2256 1238 τίον
2301 1183 2612 1250 μετέὁαλεν.
2648 1184 2706 1237 Ὀ
2747 1185 2854 1254 γάρ
2896 1183 3033 1238 νεῶν
3077 1184 3276 1253 συνόδῳ
3321 1185 3462 1239 πάνυ
3507 1189 3706 1254 πυκνῇ,

2145 1277 2236 1328 καὶ
2277 1275 2496 1346 ἀκριϐεῖ
2535 1292 2598 1342 γε
2643 1275 2849 1328 τούτων
2895 1278 3256 1345 προσαρμογῇ
3299 1276 3400 1345 τὴν
3443 1276 3711 1343 τοσαύτην

2145 1367 2239 1420 καὶ
2259 1367 2514 1436 τοιαύτην
2537 1366 2804 1420 θάλατταν
2828 1365 3157 1435 γεφυρώσας
3175 1406 3192 1430 ,
3218 1367 3320 1420 οὐκ
3343 1366 3510 1432 ἀξιῶν
3534 1367 3630 1436 τὴν
3656 1367 3713 1431 ἐξ

2157 1452 2336 1522 Ἀσίας
2366 1450 2513 1528 πρδςζ
2528 1458 2629 1528 τὴν
2657 1457 3208 1528 Εὐρώπην-διάϐασιν
3237 1458 3335 1528 τὴν
3364 1459 3534 1528 αὐτὴν
3565 1457 3712 1526 αὐτῷ

2150 1551 2395 1620 γενέσθαι
2428 1551 2542 1613 τοῖς
2583 1551 2690 1619 πρὸ
2728 1548 2894 1602 αὐτοῦ
2941 1551 3486 1619 μιικροπρεπέστερόν
3518 1567 3578 1604 τε
3619 1552 3713 1606 καὶ

2143 1641 2525 1710 ταπεινότερον
2549 1641 2658 1693 τῶν
2683 1641 3089 1710 ἀργυρωνήτων
3119 1641 3211 1693 καὶ
3238 1641 3584 1709 σκευοφόρων
3606 1641 3714 1694 διε-

2143 1736 2453 1804 δίδρασκεν,
2476 1717 2890 1801 ἀμεταστρεπτὶ
2912 1733 3003 1785 τὸν
3027 1732 3226 1803 δρόμον
3252 1733 3339 1786 ἀεὶ
3365 1733 3706 1802 ποιούμενος.

2149 1827 2343 1895 Ηῦχετ⁶
2374 1826 2460 1891 ἂν,
2493 1819 2670 1895 οῗμαι,
2695 1824 3027 1892 διολισθῆσαι
3057 1824 3169 1876 τῶν
3201 1824 3385 1882 οὐκέτι
3405 1825 3709 1878 διωκόντων

2141 1919 2304 1970 αὖτὶν
2351 1920 2452 1979 τὰς
2497 1918 2722 1986 χεῖρας,
2777 1917 2874 1968 καὶ
2923 1916 3054 1984 περὶ
3098 1915 3209 1968 τῶν
3258 1915 3435 1969 ἄλλων
3486 1917 3703 1968 πάντων

2140 2009 2316 2077 κούφη
2344 2025 2426 2068 τις
2457 2001 2522 2074 ἦν
2552 2006 2746 2075 ίκείνῳ
2777 2006 3019 2075 φροντίς.
3048 2005 3188 2058 Δὺτό
3217 2021 3281 2073 γε
3312 2005 3470 2060 τοῦτο
3499 2005 3707 2059 διώκων

2137 2097 2239 2170 ἦν,
2274 2101 2333 2151 τδ
2366 2097 2816 2166 ἀποδιδράσκειν,
2854 2096 2914 2149 τὺ
2947 2095 3209 2166 φεύγειν,
3244 2096 3304 2148 τὸ
3333 2097 3434 2165 τὴν
3469 2095 3602 2163 πρὸς
3632 2095 3707 2148 ἕω

2140 2191 2368 2260 πορείαν
2398 2189 2650 2242 σύντονόν
2678 2206 2738 2241 τε
2763 2189 2858 2242 καὶ
2885 2188 3119 2256 ἄληκτον
3144 2187 3293 2255 αὐτῷ
3320 2188 3618 2254 γίγνεσθαι,
3645 2189 3706 2239 τ’)

2143 2283 2217 2351 μὴ
2250 2279 2553 2341 καθεύδειν.
2587 2280 2647 2332 τὸ
2687 2279 2758 2348 μὴ
2793 2279 3044 2348 ἠρεμεῖν,
3076 2278 3138 2330 τὸ
3175 2278 3249 2348 μὴ
3284 2278 3558 2332 ἵστασθαι.
3593 2279 3704 2349 Τὴν

2138 2376 2268 2438 πρὶν
2298 2374 2405 2442 γὰρ
2435 2371 2594 2440 φίλην
2623 2370 2891 2440 Εὐρώπην
2918 2369 3032 2434 πῶς
3060 2371 3161 2423 οἴει
3209 2371 3329 2423 τότε
3362 2351 3701 2440 μεμίσηκενς

2141 2467 2302 2520 Ὅλον
2334 2465 2472 2518 οἴκοι
2502 2463 2592 2515 τὸν
2623 2463 2746 2514 νοῦν
2775 2457 2887 2530 εἶχε
2921 2461 3091 2526 θέων,
3122 2459 3296 2514 οἴκαδ’
3323 2463 3452 2517 ἐϐόα
3472 2503 3488 2528 ,
3521 2463 3708 2516 οἴκαδε

2136 2559 2227 2612 vim
2255 2557 2452 2627 δρόμον
2481 2555 2771 2624 είργάζετο
2790 2595 2804 2618 ,
2837 2553 3029 2606 τείνων
3055 2548 3132 2608 τὼ
3161 2557 3450 2625 χεῖρε-τοῖς
3481 2556 3667 2626 πρόσω
3687 2599 3702 2616 .

2135 2647 2230 2701 καὶ
2270 2644 2491 2714 μονονοὺ
2534 2641 2859 2706 κονδυλίζων
2894 2642 3182 2706 τουτουσὶ,
3217 2643 3411 2712 κομιδῇ
3451 2642 3707 2712 βιαζόμε-

2136 2755 2246 2799 νος.
2271 2732 2379 2789 Ἦν
2408 2735 2603 2796 absab;
2631 2735 2724 2786 καὶ
2750 2736 2815 2802 τῇ
2850 2735 2943 2802 βοῇ
2973 2733 3225 2802 καθάπερ
3257 2733 3482 2801 μάστιγι
3510 2749 3705 2802 προσε-

2135 2827 2373 2887 λαύνων,
2413 2824 2492 2894 τῷ
2537 2823 2728 2894 μηδενὶ
2778 2822 2885 2876 τῶν
2933 2824 3152 2878 πάντων
3197 2825 3508 2890 ἀρκεῖσθαι.
3554 2826 3582 2879 ὃ
3627 2826 3705 2895 μὴ

2135 2921 2362 2989 δύναμιν
2416 2919 2483 2972 ἂν
2535 2914 2681 2986 εἶχεν
2733 2915 2982 2986 αὖθωρδν
3042 2916 3206 2969 αὑτὸν
3260 2917 3704 2986 διασφενδονῆσαι

2137 3012 2272 3082 πρὸς
2315 3011 2414 3080 τὴν
2461 3009 2725 3079 πατρίδα.
2763 3007 2929 3062 Ὅθεν
2969 3007 3088 3061 δέον
3134 3007 3356 3071 τούτους
3407 3008 3706 3078 θαυμάζειν

2135 3109 2234 3176 τῆς
2265 3105 2584 3176 ἐπιμελείας
2615 3105 2709 3158 τοῦ
2739 3105 2942 3175 δρόμου
2963 3145 2979 3170 ,
3010 3105 3092 3159 ὅτι
3123 3105 3188 3174 δὴ
3220 3106 3316 3159 καὶ
3344 3105 3533 3159 τοῦτο)
3562 3103 3706 3177 είχον

463 3215 674 3272 pugnos
701 3196 1001 3266 ingerebat.
1031 3194 1262 3250 Eosdem
1290 3209 1440 3260 voce,
1471 3194 1622 3264 quasi
1649 3191 1878 3262 flagello,
1907 3205 2035 3245 con-

2141 3199 2367 3250 κατόπιν
2395 3196 2486 3248 τδν
2514 3193 2686 3256 οὕτως
2718 3193 3096 3263 ἐπειγόμενον,
3127 3198 3154 3247 ὁ
3183 3195 3237 3247 δὲ
3273 3196 3365 3247 καὶ
3393 3197 3704 3250 τούναντίον

465 3291 691 3350 citabat,
727 3285 870 3354 quod
906 3283 1053 3338 nulla
1099 3298 1322 3353 prorsus
1355 3298 1414 3336 re
1461 3289 1746 3336 contentus
1809 3279 2036 3348 acquie-

467 3389 663 3444 sceret,
693 3395 814 3449 qua:
839 3393 944 3432 non
958 3376 1144 3430 eadem
1165 3375 1338 3444 ipsum
1368 3374 1500 3427 hora
1537 3374 1589 3427 in
1618 3373 1842 3441 patriam
1879 3372 2032 3442 quasi

465 3472 811 3541 futulzejactu
844 3465 1137 3523 transferre
1171 3476 1375 3535 posset.
1413 3465 1566 3520 Cnde
1606 3465 1786 3528 fiebat,
1827 3477 1883 3518 ut
1909 3482 2032 3519 cum

464 3577 560 3618 eos
585 3563 654 3615 ob
684 3561 958 3630 singulare
988 3559 1041 3613 in
1061 3573 1226 3613 cursu
1243 3557 1485 3611 studium
1521 3555 1780 3610 admirari
1814 3556 2037 3612 deberet

463 3656 554 3724 qui
579 3671 608 3708 a
629 3663 776 3723 tergo
802 3653 1097 3721 ipsummet
1119 3653 1254 3705 adeo
1275 3649 1618 3704 festinantem
1644 3649 2030 3717 relinquerent,

464 3746 798 3817 contrarium
826 3745 1006 3814 potius
1023 3752 1228 3812 ageret,
1253 3758 1454 3810 eosque
1479 3741 1710 3810 graviter
1729 3755 2027 3796 aerusaret.

466 3838 672 3907 Quippe
703 3837 1030 3891 celeritatem
1058 3852 1247 3890 e.:rum
1285 3835 1456 3904 ipsius
1513 3834 1577 3886 ad
1614 3834 1790 3904 fugam
1836 3834 2033 3887 alacri-

468 3940 550 3982 tas
609 3944 703 3998 pro
739 3929 992 3983 tarditate
1033 3929 1266 3998 quadam
1302 3927 1554 3982 habebat.
1584 3926 1808 3997 Semper
1837 3929 2030 3981 exhor-

469 4021 683 4075 tabatur
708 4020 935 4074 comites
957 4035 1173 4084 cursus,
1197 4035 1294 4073 nec
1319 4020 1372 4073 in
1397 4035 1464 4075 eo
1488 4033 1547 4073 se
1569 4033 2030 4088 supervacaneum

470 4113 671 4181 aliquid
725 4111 905 4166 facere
928 4112 1411 4166 animadvertebat.
1437 4109 1554 4165 Non
1587 4113 1731 4165 enim
1761 4109 1834 4163 illi
1859 4110 2036 4163 feren-

467 4204 596 4256 dum
629 4201 738 4256 ullo
763 4204 924 4256 modo
959 4207 1240 4270 putabant,
1268 4201 1311 4255 si
1351 4215 1457 4253 non
1485 4200 1734 4252 eumdem
1763 4213 1884 4252 eum
1910 4211 2035 4267 rege

467 4309 689 4348 eursutn
723 4293 1072 4356 conﬁcerent,
1105 4306 1242 4358 quos
1293 4291 1431 4342 idem
1465 4304 1586 4342 cum
1619 4288 1710 4340 illo
1755 4299 1932 4341 metus
1982 4287 2034 4338 in

465 4402 705 4441 errorem
739 4385 1062 4452 impulisset.
1097 4384 1297 4450 quique
1344 4394 1570 4448 prorsus
1606 4379 1671 4429 al)
1707 4378 1861 4430 initio
1901 4377 2038 4444 fuga:

467 4496 524 4532 sc
550 4493 675 4534 cum
704 4492 770 4531 eo
798 4475 1093 4529 dedissl'ut.
1117 4471 1172 4526 Si
1197 4472 1287 4539 qui
1322 4470 1607 4538 nequirent
1628 4469 1910 4537 eottsequi,
1941 4483 2036 4522 eos

2146 3289 2332 3355 σαφῶς
2373 3287 2578 3352 δποίει,
2618 3285 2733 3338 καὶ·
2758 3285 3126 3354 διαφερόντως
3167 3286 3366 3347 αὐτοὺς
3407 3288 3679 3356 ἐμέμφετο

2147 3381 2259 3450 Τὴν
2285 3379 2393 3448 γὰρ
2421 3377 2599 3431 αὐτῶν
2624 3377 2897 3447 ταχυτῆτα
2929 3375 3234 3447 βραδυτῆτά
3261 3393 3377 3440 πως
3408 3379 3694 3446 ἀπέφαινεν

2146 3470 2178 3538 ἠ
2228 3467 2363 3536 πρὸς
2401 3465 2499 3535 τὴν
2533 3464 2708 3533 φυγὴν
2742 3464 3042 3533 προθυμία.
3081 3467 3433 3520 Διεκελεύετο
3476 3469 3568 3537 μὲν
3606 3469 3691 3520 ἀεὶ

2143 3561 2254 3620 τοῖς
2286 3555 2432 3626 αὑτῷ
2465 3557 2746 3609 συνθέουσι
2767 3597 2783 3621 ,
2817 3558 3090 3624 παρέλκον
3117 3575 3168 3610 τι
3201 3560 3295 3611 καὶ
3328 3561 3576 3631 περιττδν
3602 3561 3698 3613 οὐκ

2145 3651 2535 3712 αἰσθανόμενον
2564 3648 2754 3701 ποιῶν.
2783 3649 2855 3699 Οὐ
2887 3649 2996 3719 γάρ
3027 3649 3253 3701 ἀνεκτόν
3279 3667 3342 3713 γε
3374 3655 3584 3716 πάντως
3613 3653 3706 3704 αὖ-

2145 3746 2251 3803 τοῖς
2283 3743 2356 3810 μὴ
2382 3741 2474 3792 τὶν
2500 3739 2660 3792 αὐτὸν
2691 3737 2871 3790 ἀνύειν
2899 3739 3100 3808 δρόμον
3128 3739 3206 3808 τῷ
3237 3739 3478 3805 βασιλεῖ,
3509 3741 3581 3811 τῷ
3606 3743 3707 3810 ῐεῳ

2144 3833 2316 3899 τούτῳ
2347 3829 2496 3900 φόϐῳ
2527 3833 2961 3898 παρατραπεῖσι,
2995 3831 3087 3880 καὶ
3121 3832 3396 3894 παντελῶς
3431 3832 3530 3902 τὴν
3560 3835 3708 3901 πρὼο

2143 3940 2240 3992 την
2287 3921 2380 3973 σὺν
2419 3919 2566 3989 αὑτῷ
2619 3921 2756 3986 cei;
2810 3920 3007 3981 αὐτοὺς
3053 3920 3372 3974 ὲκδεδυκόσι
3419 3926 3482 3992 τῇ
3535 3927 3702 3991 φυγῇ.

2144 4014 2282 4073 Τοὺς
2314 4011 2359 4064 δ’
2383 4012 2482 4064 οὐκ
2511 4011 2816 4078 ἀρκοῦντας
2847 4009 3183 4072 ἁκολτυθεῖν,
3217 4015 3435 4074 τούτους
3461 4013 3506 4064 δ’
3527 4014 3583 4074 ἐς
3614 4029 3705 4064 κε-

2149 4121 2319 4173 ρακας
2351 4104 2726 4172 ἀποπέμπων,
2759 4101 2908 4165 ἄξιον
2936 4103 3029 4153 καί
3059 4103 3107 4154 oi
3140 4102 3409 4171 προσῆκον
3441 4103 3702 4172 πράττειν

2143 4196 2170 4244 ὁ
2204 4195 2442 4260 γενναῖος
2478 4193 2748 4260 ἐνόμιζεν.
2777 4191 2937 4254 "Ole;
2973 4194 3078 4260 γὰρ
3116 4187 3182 4262 ἦν
3217 4195 3318 4263 τῆς
3347 4193 3542 4263 φυγῆς,
3577 4196 3704 4256 δ).α;

2143 4287 2240 4348 τὰς
2270 4287 2422 4353 ἡνίας
2453 4287 2626 4353 ἐφεὶς,
2661 4287 2800 4356 ὁρῶν
2835 4289 2912 4338 εἰς
2949 4287 3110 4354 μόνον
3139 4288 3230 4339 τὸν
3263 4288 3476 4356 καιρὸν,
3506 4290 3598 4341 καὶ
3631 4290 3706 4358 μὴ

2144 4376 2278 4445 πρδς
2323 4375 2510 4443 ἓτερον
2563 4375 2799 4445 βλέπων,
2841 4375 3000 4428 ’Λλλὰ
3056 4376 3160 4445 μὴν
3212 4377 3332 4429 ἀντὶ
3375 4376 3560 4430 πεδίου
3608 4378 3708 4448 τὴν

2143 4465 2379 4536 ὀρεινὴν,
2419 4466 2542 4518 ἀντὶ
2581 4465 2637 4516 δὲ
2679 4465 3018 4534 ψαμμώδους
3056 4466 3154 4534 τὴν
3201 4465 3362 4520 λίθων
3405 4467 3708 4536 γέμουσαν,

466 4569 531 4626 ad
565 4582 758 4625 corvos
795 4567 944 4621 abire
964 4566 1184 4634 jubens,
1213 4578 1309 4618 sua
1337 4576 1393 4616 se
1418 4561 1499 4613 vir
1527 4570 1782 4614 strenuus
1811 4574 2037 4628 persona

2147 4557 2264 4608 ἀντὶ
2291 4557 2344 4608 δὲ
2377 4558 2527 4618 λείας
2556 4557 2675 4610 όδοῦ
2701 4558 2800 4628 τὴν
2825 4561 3084 4626 τραχεῖαν
3115 4559 3207 4610 καί
3239 4558 3459 4612 σκολιὰν
3487 4558 3703 4629 ἧλαυν-.

465 4663 688 4732 dignum
742 4658 870 4729 quid
922 4672 1081 4726 agere
1121 4655 1395 4725 putabat:
1440 4667 1563 4704 nam
1621 4661 1766 4705 totus
1809 4661 1927 4705 erat
1982 4652 2035 4705 in

470 4754 620 4823 fuga,
673 4749 1145 4810 totaslaxavCrat
1193 4745 1430 4798 habenas
1460 4785 1474 4807 ,
1512 4741 1649 4795 alius
1692 4742 1764 4792 rei
1805 4741 2034 4806 .uullius,

469 4858 635 4911 quam
678 4840 938 4908 temporis
985 4840 1248 4891 rationem
1279 4832 1528 4886 habebat.
1573 4831 1896 4895 Quinetiam
1943 4846 2038 4898 pro

469 4931 786 5002 campestri,
819 4946 915 4998 per
963 4939 1309 4980 illontuosum
1335 4939 1354 4990 ;
1383 4938 1478 4992 pro
1517 4937 1766 4985 arenoso,
1816 4936 1911 4989 per
1953 4937 2040 4983 sa-

473 5037 656 5087 xeum;
684 5034 781 5089 pro
805 5020 942 5080 laevi,
973 5034 1066 5086 per
1089 5019 1192 5070 iter
1217 5029 1470 5084 asperum
1496 5013 1890 5082 obliquumque
1917 5021 2039 5066 teu—

469 5117 654 5170 debat.
689 5113 836 5164 Diem
871 5124 966 5178 pro
995 5119 1150 5162 nocte
1182 5108 1434 5169 ducebat,
1471 5117 1787 5170 noctemque.
1813 5104 2036 5172 profun-

469 5206 594 5258 dam
643 5217 740 5272 pro
784 5198 930 5252 clara
976 5197 1116 5250 luce.
1161 5194 1230 5247 At
1275 5197 1452 5262 qualis
1487 5195 1587 5257 vir,
1634 5193 1907 5246 obseCro?
1945 5194 2038 5263 qui

435 5352 442 5358 ,
473 5297 682 5347 calente
713 5287 963 5350 meridie,
990 5287 1129 5341 coelo
1170 5285 1608 5350 sudo,.eampum
1643 5283 1961 5350 aequabilem
1988 5295 2040 5340 et

473 5390 716 5452 planum,
758 5396 856 5435 uec
885 5379 990 5432 ulla
1022 5393 1079 5431 re
1117 5377 1430 5437 molestum,
1463 5374 1724 5442 gradatim
1776 5389 1838 5428 ac
1870 5378 2037 5442 tarde,

473 5492 583 5546 prae
615 5466 1017 5542 magnificentia
1065 5464 1344 5532 fastuque,
1398 5461 1481 5514 vix
1523 5461 1725 5530 alioqui
1764 5465 2048 5538 transiret.

469 5566 631 5638 Atqui
672 5564 832 5618 modo
863 5559 910 5615 si
939 5557 1330 5614 comedendum
1357 5561 1520 5616 esset,
1572 5551 1786 5610 aliudve
1813 5556 1940 5625 quid
1965 5559 2039 5613 rei

472 5658 792 5713 necessaria:
827 5651 1152 5713 faciendum,
1191 5648 1264 5709 id,
1299 5645 1567 5716 siquidem
1601 5657 1843 5716 urgeret,
1877 5649 2040 5720 equi.

473 5756 616 5811 taus,
666 5747 851 5811 credo,
895 5743 1148 5799 faciebat.
1200 5738 1384 5809 Usque
1426 5736 1563 5790 adeo
1603 5751 1713 5807 pra:
1751 5737 2044 5799 formidine

475 5845 709 5891 mentem
743 5836 889 5892 velut
919 5835 1196 5903 amiserat,
1244 5846 1340 5889 nec
1378 5829 1542 5886 ullam
1578 5831 1658 5888 vel
1690 5830 1922 5903 honesti,
1958 5835 2042 5893 vel

2141 4648 2237 4717 τὴν
2272 4647 2441 4700 νύκτα
2481 4650 2578 4716 μὲν
2614 4649 2826 4718 ἡμέραν
2861 4649 3210 4717 λογιζόμενος
3234 4689 3248 4712 ,
3285 4648 3453 4720 αὐτὴν
3487 4650 3542 4700 δὲ
3581 4665 3677 4701 om

2092 4787 2100 4793 .
2141 4740 2383 4810 τομήνην
2409 4741 2601 4792 ἀκτῖνα
2631 4740 2779 4808 μάλα
2806 4741 3222 4810 ἀστράπτουσαν
3241 4756 3255 4772 ο
3285 4741 3379 4793 καὶ
3405 4741 3594 4806 ταῦτα,
3625 4745 3707 4799 τῖς

2144 4830 2262 4880 ποτ’
2288 4829 2532 4898 ἁνδρῶνς
2570 4833 2597 4883 ό
2633 4831 2986 4901 μεσημϐρίας
3013 4832 3332 4901 ,σταθερᾶς,
3369 4833 3588 4902 αίορίας
3621 4833 3709 4884 οε-

2145 4937 2272 4989 σης.
2295 4921 2474 4998 π;δίον
2507 4921 2710 4989 ὁμαλόν
2743 4939 2802 4975 τε
2839 4924 2932 4975 καὶ
2966 4922 3126 4986 λεῖον,
3164 4925 3258 4975 καὶ
3295 4923 3463 4993 μηδέν
3497 4941 3548 4975 τι
3585 4907 3684 4995 δυτι-

2145 5012 2335 5080 χερὲς,
2374 5012 2535 5083 σχολῇ
2579 5015 2667 5065 καὶ
2712 5013 2877 5082 βάδην
2938 5014 3044 5068 ὑπδ
3099 5015 3578 5084 μεγαλοπρεπείας
3620 5031 3654 5067 κ
3683 5019 3713 5066 ,ἱ

2144 5105 2314 5172 τύφου
2353 5105 2503 5174 μόλις
2540 5106 2930 5174 πορευόμενος.
2968 5106 3076 5160 Καὶ
3115 5106 3222 5177 μὴν
3254 5107 3454 5175 δεῆσαν
3487 5109 3702 5172 φαγεῖν,

2145 5197 2176 5262 ἡ
2208 5212 2257 5246 τι
2290 5196 2398 5247 τῶν
2428 5195 2736 5263 ἐπάναγκες
2770 5199 3030 5265 πράττειν
3054 5240 3072 5264 ι
3101 5200 3390 5253 ἐλαύνοντά
3443 5217 3507 5267 γε
3559 5195 3710 5270 οἶμαι

2143 5287 2202 5339 τὸ
2245 5291 2567 5357 κατεπεῖγον
2609 5289 2771 5342 αὑτὸν
2812 5290 3164 5358 ἐργάζεσθαι.
3214 5291 3372 5345 Οὕτω
3418 5309 3500 5346 τοι
3543 5291 3716 5362 δειλίᾳ

2143 5385 2240 5441 τὰς
2283 5381 2486 5448 φρένας
2529 5379 2719 5450 ὥσπερ
2761 5381 3028 5449 ἀπόλωλε,
3067 5384 3164 5436 καὶ
3205 5383 3358 5436 οὐδέν
3395 5383 3544 5452 αὐτῷ
3585 5384 3715 5453 περὶ

2143 5472 2236 5521 τοῦ
2281 5471 2446 5523 καλοῦ
2479 5488 2538 5523 τε
2579 5473 2672 5524 καὶ
2711 5471 3046 5541 καθήκοντος
3090 5471 3304 5542 ἔμελεν.
3343 5475 3499 5526 Οὓτω
3540 5473 3713 5543 πάντη

2144 5560 2424 5630 λογισμῶν
2452 5563 2811 5620 άπεπταικὼς
2838 5564 3103 5635 τηλικῷδε
3134 5568 3377 5637 σχήματι
3407 5565 3712 5635 προσηκόν-

2144 5669 2269 5717 των,
2305 5654 2435 5722 πρὸς
2465 5653 2541 5721 τῷ
2577 5653 2817 5723 μηδόλως
2850 5655 3203 5724 αἰσχύνεσθαι
3232 5657 3342 5709 οὐδ’
3366 5655 3716 5722 ὑπελογίζετο

2146 5741 2254 5794 τῶν
2289 5742 2477 5794 δεινῶν
2509 5743 2684 5805 οὐδὲν,
2723 5743 2783 5794 οὑ
2830 5744 2963 5814 πῦρ,
3001 5745 3059 5797 οὗ
3104 5744 3299 5814 θῆρας,
3333 5744 3433 5797 οὐκ
3473 5742 3714 5806 ὄλισθον,

2147 5837 2205 5888 οὖ
2245 5833 2541 5906 βόρϐορον,
2577 5835 2638 5888 οὐ
2677 5834 2974 5903 σκόπελον,
3008 5837 3068 5890 οὐ
3105 5836 3385 5907 κρημνὸν,
3421 5836 3482 5888 οὐ
3516 5834 3675 5903 λιμιν
3698 5875 3712 5902 ³
