4098 6272
427 480 525 538 3θῖ
1852 469 2136 528 (:RATlO
2172 470 2215 526 ῐ.

3552 422 3679 526 ’308

424 585 527 635 οὐκ
573 581 791 646 ἀδοξίαν
840 583 1033 652 αὐτήν.
1084 582 1269 636 Πάντα
1302 583 1496 653 ἑορτὴν
1548 583 1731 650 ἠγεῖτο
1776 583 1843 633 τὰ
1872 583 1998 633 δυσ-

2111 577 2286 631 tlecmi
2339 577 2600 630 rationem
2655 576 2906 630 hab-bili.
2960 574 3143 644 Usque
3198 574 3333 629 adeo
3376 588 3600 642 prorsus
3649 590 3678 626 ιι

423 675 604 747 χερῆο
655 676 834 729 πάντα
887 675 1197 746 πανήγυριν
1272 677 1340 729 τά
1406 677 1577 729 δεινά.
1623 676 1809 744 Μηδὲν
1860 674 1997 741 πλὴν

437 764 745 833 Ἀθηναίων
790 766 1064 835 φοόερδν,
1119 767 1286 835 μηδὲν
1339 770 1573 835 φευκτὸν
1617 768 1744 820 ἄνευ
1795 766 1994 818 αὐτῶν.

429 857 630 919 Movet;
664 857 877 920 τούτοις
918 858 1128 921 πάντας
1166 860 1279 911 δεῖν
1311 858 1597 929 πρωτείων
1633 860 1850 920 πάντως
1893 875 2000 909 πα-

434 952 703 1017 ραχωρεῖν
738 949 831 1002 ἐπὶ
862 950 972 1002 τῶν
1006 951 1262 1004 ἁπάντων
1283 968 1298 984 ο
1338 952 1436 1004 καὶ
1464 951 1592 1014 τοὺς
1623 950 1783 1004 τοῦτο
1822 951 1998 1021 πράτ-

428 1057 622 1107 τοντας
651 1041 920 1111 μηδαμῶς
948 1044 1331 1113 αἰσχύνεσθαι.
1359 1044 1424 1096 Τί
1452 1044 1559 1113 χρὴ
1590 1043 1757 1096 πολλὰ
1786 1043 1998 1110 λέγεινς

428 1134 611 1203 Σεμνά
646 1135 747 1203 μὲν
779 1135 956 1190 πάντα
982 1136 1051 1190 τὰ
1079 1136 1327 1207 ἄκοσμα,
1357 1137 1549 1207 κέρδος
1578 1136 1633 1190 δὲ
1666 1137 1873 1207 ζημίαν
1899 1138 2003 1189 πᾶ·

429 1242 528 1278 σαν
553 1225 824 1296 ἐνόμιζεν,
855 1228 904 1281 εί
933 1228 1037 1291 σῶς
1066 1230 1531 1299 ὲπαναστρέῲειεν
1556 1229 1736 1283 οἴκαδε
1759 1245 1775 1261 ·
1802 1227 2002 1282 οὔκουν

427 1318 799 1387 ἠρυθρίασεν,
851 1320 1040 1389 ⁹ἐτερος
1096 1322 1446 1377 παντάπασιν
1496 1324 1555 1387 ἐξ
1607 1322 1771 1376 ἄλλου
1823 1321 2002 1389 πάντη

429 1408 777 1475 φαινόμενος.
823 1408 946 1461 Οὐδ’
975 1411 1160 1479 ἠγεῖτο
1205 1412 1476 1482 χαλεπὸν,
1524 1413 1572 1463 εἰ
1614 1410 1791 1480 ὁρῷτο
1836 1411 2005 1479 χείρω

429 1499 655 1565 πάσχων
699 1500 948 1564 ἐκείνων,
998 1500 1034 1553 ἃ
1084 1504 1268 1572 μικρῷ
1318 1504 1553 1573 πρόσθεν
1603 1503 1819 1571 ἠπείλει
1870 1505 2005 1568 τοῖς,

430 1591 521 1657 ὑφ’
557 1588 631 1644 ὦν
685 1593 835 1645 ταῦτ’
872 1593 1105 1663 ἔπασχε.
1162 1597 1356 1649 Καίτοι
1406 1598 1458 1648 τί
1516 1596 1636 1649 ποτ’
1673 1596 1741 1650 ἂν
1793 1598 2005 1666 αῐσχιον

386 1686 604 1749 κείποις
658 1687 758 1755 τῆς
835 1684 1009 1746 οὕτως
1069 1689 1128 1751 ἐς
1198 1688 1370 1759 ἄκρον
1436 1688 1773 1760 μεταϐολῆς,
1831 1687 2007 1753 οὕτως

432 1774 629 1842 ἀθρόον
677 1779 1091 1848 γεγενημένης;
1125 1779 1287 1843 Γένος
1321 1779 1612 1850 βατράχων
1664 1778 1893 1849 μηδενὸς
1920 1780 2008 1833 δε-

433 1864 751 1935 διττομένου
799 1870 900 1924 οὐκ
946 1872 1003 1933 ἐς
1054 1871 1216 1941 βυθὸν
1267 1872 1645 1936 καταδύονται,
1679 1870 1756 1936 ώς
1795 1875 2006 1942 ἀφανι-

435 1957 627 2027 σθῆναι
656 1964 768 2024 τοῖς
798 1963 1083 2031 τέλμασιν.
1116 1958 1281 2026 Οὗτος
1313 1964 1369 2017 δὲ
1403 1965 1662 2034 ἠνέσχετο
1692 1966 1941 2035 πάσχων,
1976 1969 2004 2019 ὁ

434 2050 625 2119 μηδενὶ
664 2052 773 2105 τῶν
821 2054 1049 2107 πώποτε
1097 2057 1486 2124 γεγενημένων
1512 2055 1840 2128 ,ἀνθρώπων
1882 2061 2005 2122 ταῖς

431 2143 564 2214 παρ’
608 2144 802 2196 ἑαυτοῦ
848 2148 1171 2211 φαντασίαις
1216 2146 1592 2216 ἑξισούμενος,
1634 2148 1773 2219 ὅπερ
1812 2149 1925 2203 οὐδ’
1953 2151 2005 2202 oi

434 2235 648 2294 πτῶκες
696 2232 981 2287 ποιοῦσινο
1032 2226 1288 2302 ἔφευγεν,
1338 2235 1585 2305 ἔτρεχεν.
1629 2229 1732 2288 οὐκ
1781 2236 2004 2304 ἠρέμει,

437 2325 570 2395 μηδὲ
601 2324 690 2377 τὸν
719 2326 985 2380 διώκοντα
1016 2326 1251 2397 βλέπων,
1281 2328 1315 2396 ἥ
1344 2328 1503 2381 σκιάν
1536 2328 1678 2397 ὀρῶν
1708 2329 1943 2388 ἐκείνου,
1970 2329 2002 2398 ἢ

434 2417 619 2483 φωνῆς
668 2416 805 2479 ὅλως
864 2416 1100 2470 ἀκούων.
1160 2418 1321 2480 Ἴσως
1368 2434 1432 2485 γε
1490 2421 1865 2488 παρεμυθεῖτο
1913 2420 2008 2471 τὶν

438 2504 729 2573 ἄνθρωπον
759 2506 933 2558 ταῦτα
968 2507 1269 2575 πάσχοντα,
1300 2500 1456 2575 οἶμαι
1482 2507 1538 2559 δὲ
1570 2509 1667 2559 καὶ
1693 2507 2007 2578 προῦτρεπε

433 2596 571 2667 πρὸς
607 2596 704 2665 τὴν
744 2597 1151 2667 ἀνυπέρϐλητόν
1186 2614 1245 2650 τε
1275 2597 1370 2649 καὶ
1400 2596 1790 2667 ἀπαράσλητον
1819 2599 2010 2667 ἐκτρο-

435 2687 567 2754 πὴν,
593 2686 654 2739 τὸ
698 2687 828 2749 τοὺς
884 2686 1489 2756 συναλαζονευομένους
1542 2687 1692 2757 αὐτῷ
1742 2688 2010 2758 πρότερον

433 2775 557 2828 τότε
599 2777 1021 2847 συμφεύγοντας
1049 2779 1181 2849 όρᾷν
1206 2778 1358 2832 οὐδὲν
1390 2778 1605 2834 ἐκείνου
1641 2778 2008 2849 σχολαίτερον.

436 2869 665 2922 Πάντων
695 2870 803 2939 γάρ
847 2870 1129 2941 προῦργου
1163 2872 1392 2940 γέγονεν
1427 2872 1613 2934 αὐτοῖς
1648 2872 1682 2942 ἡ
1733 2872 1872 2943 πρὸς
1915 2874 2011 2927 τὸν

435 2959 581 3014 οἷκον
621 2963 900 3025 ἐπάνοδος.
934 2962 1151 3034 Ταύτης
1182 2964 1283 3018 οὐκ
1333 2964 1401 3019 ἂν
1446 2963 1720 3033 ἠλλάξατο
1753 2964 2012 3035 βασιλεὺς

437 3055 547 3106 οὐδ’
583 3049 657 3107 ὧν
683 3059 854 3124 χωρὶς
881 3055 981 3108 οὐκ
1010 3055 1077 3109 ἂν
1099 3054 1253 3126 ἠξίου
1282 3056 1344 3109 τὸ
1376 3057 1508 3126 πρὶν
1546 3056 1759 3127 βιῶναι.
1789 3057 2009 3129 Ταύτης

439 3146 617 3198 πάντα
660 3146 891 3216 δεύτερα
941 3142 1049 3217 ἦγε
1094 3148 1192 3200 καὶ
1241 3147 1528 3217 βασιλείαν
1584 3149 1776 3219 αὐτὴν,
1807 3150 2013 3221 κλῆρον

2099 670 2521 736 cogitationibus
2555 711 2570 735 ,
2645 678 2807 723 tanta:
2857 667 3130 735 maiestati
3180 667 3678 730 convenientibus,

2101 762 2417 825 destitutus,
2443 773 2801 831 praeterquam
2825 762 2967 831 quod
2994 760 3194 815 nullius
3219 775 3340 813 eum
3359 759 3433 813 rei
3459 759 3701 825 puderet'

2104 868 2203 904 ιιι-ο
2238 852 2465 921 periculi
2495 855 2794 922 quidquam
2823 858 2885 905 ad
2914 853 3160 906 auimutn
3195 852 3487 905 revocabat
3520 867 3532 901 :
3570 867 3678 905 non

2104 943 2308 1012 ignem,
2351 960 2457 998 non
2512 944 2675 1008 feras,
2735 959 2838 997 non
2896 944 3127 1006 ruinam,
3181 957 3287 996 non
3324 957 3543 1005 ccnutn,
3575 958 3685 998 nott

2104 1039 2410 1108 scopulum,
2441 1054 2546 1093 non
2585 1040 2912 1109 praecipitem
2934 1039 3138 1103 locum,
3168 1052 3276 1091 non
3319 1037 3541 1101 famem,
3574 1052 3683 1090 non

2107 1133 2273 1199 ipsam
2326 1130 2627 1185 infamiam.
2670 1132 2863 1185 Omnia
2921 1132 3148 1186 molesta
3202 1147 3301 1199 pro
3346 1129 3508 1194 festo,
3564 1131 3684 1184 dira

2107 1239 2203 1290 pro
2236 1223 2486 1277 ludorum
2522 1226 2832 1279 celebritate
2855 1224 3124 1288 ducebat;
3164 1225 3297 1277 nihil
3341 1223 3390 1278 ei
3420 1223 3683 1276 tormizlao

2106 1312 2234 1376 bile,
2260 1323 2458 1381 pra-ter
2480 1313 2838 1367 Athenienses
2862 1330 2875 1377 ;
2899 1312 3032 1366 nihil
3055 1313 3298 1380 exceptis
3321 1313 3447 1376 illis,
3474 1310 3685 1381 fugien-

2107 1403 2233 1454 dum
2274 1420 2287 1455 :
2328 1402 2412 1455 his
2452 1402 2586 1457 solis
2618 1416 2809 1456 omnes
2853 1402 3077 1454 omnino
3110 1402 3308 1455 debere
3361 1402 3586 1469 primas,
3628 1402 3683 1453 in

2111 1491 2273 1545 rebus
2301 1493 2580 1557 omnibus,
2618 1494 2952 1557 concedere;
2984 1508 3083 1547 nec
3128 1494 3177 1545 id
3218 1492 3544 1547 facientibus
3575 1492 3685 1546 ullo

2111 1585 2271 1637 modo
2302 1584 2494 1652 pudori
2524 1599 2644 1638 esse
2673 1600 2851 1651 posse.
2875 1584 3013 1650 Quid
3042 1585 3225 1638 multis
3247 1599 3384 1651 opus
3414 1583 3536 1637 est?
3564 1598 3686 1636 ont-

2112 1676 2201 1730 nia
2236 1676 2489 1730 indecora
2516 1691 2613 1745 pro
2646 1677 2909 1737 honestis,
2935 1691 3098 1729 omne
3126 1675 3385 1729 damnum
3414 1689 3509 1742 pro
3533 1674 3686 1729 lucro

2111 1766 2390 1833 ducebat;
2423 1766 2585 1820 modo
2610 1765 2795 1820 salvus
2821 1765 3043 1819 domum
3080 1772 3464 1817 reverteretur.
3500 1761 3687 1829 Itaque

2110 1872 2218 1910 non
2245 1856 2630 1913 erubescebat.
2652 1856 2797 1925 qttod
2820 1853 2985 1908 alium
3027 1868 3252 1924 prorsus
3282 1869 3346 1906 ex
3391 1852 3496 1906 alio
3521 1867 3580 1907 se
3609 1852 3687 1905 fa-
3772 1920 3783 1927 .

2106 1960 2256 2002 ctum
2287 1949 2631 2014 ostenderet;
2662 1964 2761 2002 nec
2792 1963 2952 2017 grave
2975 1948 3217 2015 putabat,
3250 1946 3295 1999 si
3328 1946 3606 1998 hominum
3629 1944 3687 1997 in

2109 2041 2282 2095 oculis
2308 2040 2471 2095 etiam
2506 2041 2777 2095 deteriora
2815 2048 3108 2110 pateretur,
3142 2054 3304 2107 quam
3351 2053 3471 2107 qua:
3524 2039 3688 2107 paulo

2110 2143 2235 2187 ante
2259 2133 2569 2187 minabatur
2594 2135 2682 2196 iis,
2707 2149 2734 2186 a
2758 2135 2957 2203 quibus
2982 2133 3094 2186 haec
3112 2132 3440 2202 patiebatur.
3468 2132 3534 2183 At
3559 2146 3686 2185 vero

2107 2224 2239 2292 quid
2271 2225 2377 2278 dici
2433 2225 2645 2293 turpius
2697 2226 2799 2279 hac
2848 2226 3149 2279 mutatione
3202 2225 3373 2293 possit
3416 2234 3684 2288 extrema,

2111 2325 2217 2369 tam
2254 2317 2434 2371 subito
2461 2317 2640 2371 facta?
2669 2316 2853 2380 ﬂante,
2883 2320 2926 2372 si
2956 2318 3100 2371 nulla
3133 2332 3217 2371 res
3243 2325 3504 2372 terrorem
3534 2318 3687 2372 incu-

2109 2407 2227 2471 tiat,
2260 2407 2312 2461 in
2338 2407 2506 2463 altum
2546 2423 2604 2463 sc
2628 2424 2735 2463 non
2764 2409 3106 2479 demergunt,
3143 2420 3200 2465 ut
3236 2410 3434 2464 abdita:
3488 2410 3686 2479 palude

2111 2513 2378 2567 nusquam
2398 2509 2715 2568 appareant.
2747 2499 2843 2554 llic
2875 2515 3025 2564 vero,
3048 2501 3141 2569 qui
3180 2502 3310 2555 nulli
3349 2501 3683 2566 mortalium,

2110 2590 2203 2657 qui
2241 2606 2479 2660 unquam
2504 2592 2852 2657 exstiterunt,
2877 2593 3362 2663 imaginationibus
3378 2610 3443 2649 ex
3468 2610 3526 2650 se
3553 2609 3687 2649 con-

2111 2682 2283 2750 ceptis
2308 2696 2405 2750 par
2434 2690 2573 2749 erat,
2606 2684 2658 2737 id
2703 2683 2883 2739 facere
2924 2684 3207 2747 sustinuit,
3245 2688 3386 2754 quod
3424 2703 3491 2741 ne
3532 2687 3686 2757 lepo-

2115 2788 2201 2843 res
2226 2774 2445 2843 quidem
2487 2775 2720 2842 faciunt,
2774 2775 3035 2847 fugiebat,
3070 2780 3347 2843 currebat.
3385 2795 3491 2833 non
3524 2782 3681 2851 quie-

2115 2864 2322 2931 scebat,
2343 2880 2465 2920 eum
2483 2882 2580 2923 nec
2600 2878 3015 2939 persequentem
3034 2882 3300 2935 cerneret,
3317 2885 3417 2925 nec
3435 2874 3684 2930 umbram

2113 2957 2232 3027 ejus
2289 2958 2516 3023 videret,
2573 2969 2668 3015 aut
2701 2974 2890 3016 vocem
2928 2960 3093 3014 ullam
3148 2961 3378 3018 audiret.
3433 2961 3686 3020 Fortasse

2114 3051 2500 3107 consolabatur
2546 3052 2824 3107 hominem
2895 3052 3009 3107 haec
3062 3054 3424 3121 perferentem
3454 3095 3469 3118 ,
3521 3065 3686 3125 atque

2113 3144 2276 3199 etiam
2309 3144 2591 3212 incitabat,
2633 3145 2819 3211 credo,
2850 3146 2914 3200 ad
2949 3163 3223 3205 summam
3252 3156 3306 3201 et
3344 3147 3688 3218 incompara-

437 3238 796 3301 δικαιότατον,
817 3240 1118 3321 ὲκηπατρδς
1147 3241 1297 3312 αὐτῷ
1327 3242 1717 3309 κατελθοῦσαν,
1743 3245 2006 3315 μεγίστην

2119 3236 2281 3291 bilem
2309 3237 2445 3292 hanc
2476 3237 2745 3293 insaniam
2772 3256 2787 3305 ;
2824 3239 2965 3307 quod
2990 3255 3105 3305 eos,
3141 3255 3277 3308 quos
3316 3251 3475 3295 antea
3504 3243 3685 3297 socios

338 3332 341 3333 ⁷
434 3327 627 3384 οὖσαν.
680 3332 781 3393 Ὧς,
814 3332 922 3401 γὰρ
955 3332 1151 3397 ἔοικεν,
1196 3335 1224 3385 ό
1279 3332 1443 3401 φύσος
1488 3335 1670 3404 ψυχῆς
1720 3338 2009 3407 κρατήσας

437 3422 695 3486 καθάπαξ
752 3423 929 3477 δεινόν
967 3441 1019 3477 τι
1058 3427 1264 3496 ταύτης
1306 3427 1495 3480 erasas
1551 3431 1658 3481 πᾶν
1704 3430 1928 3497 ἀγαθὸν,
1962 3434 2010 3483 εί

440 3512 514 3583 μὴ
533 3515 640 3567 ισὺν
668 3515 811 3586 λόγῳ
846 3517 1006 3589 τοῦτο
1031 3521 1441 3588 προσκτήσαιτο
1467 3520 1543 3589 τῷ
1572 3524 1883 3592 γιγνομένῳ
1916 3525 2011 3577 καὶ

438 3606 728 3674 πρέποντι,
768 3603 888 3662 εἶτα
923 3611 1020 3663 καὶ
1054 3612 1237 3681 χρόνῳ
1268 3612 1444 3683 τούτῳ
1481 3616 1815 3681 συγγένοιτο,
1855 3617 1910 3678 ὃς
1943 3616 2011 3669 ἂν

439 3697 712 3763 περιόδοις
758 3702 853 3752 καὶ
902 3702 1141 3772 μήκεσιν
1194 3704 1340 3774 αὐτῇ
1386 3721 1450 3773 γε
1488 3706 1645 3760 τοῦτο
1700 3708 2010 3777 προστήξας

440 3788 537 3837 καὶ
568 3789 877 3855 παγιώσας,
911 3791 1289 3864 ἀμετάϐλητον
1332 3797 1635 3866 ἀποφῆναι.
1673 3794 1858 3850 Πείθει
1900 3800 2009 3852 δει-

442 3874 531 3949 λία
582 3878 841 3945 τρώσασα
894 3883 1038 3946 νοῦν,
1097 3884 1325 3954 ἀκράτῳ
1379 3886 1532 3955 φόϐῳ
1584 3878 2008 3955 κατασχεθέντα,

441 3967 642 4035 ῥᾳδίως
666 3970 1122 4026 ἁνταλλάττεσθαι
1150 3975 1402 4042 μεγάλων
1436 3975 1532 4027 καὶ
1566 3978 1708 4029 πάνυ
1741 3976 2010 4045 λαμπρῶν

439 4059 621 4123 φαῦλα
659 4062 755 4112 καὶ
806 4061 994 4129 γελοῖα
1042 4065 1380 4134 πράγματα,
1434 4068 1526 4118 καὶ
1574 4066 1641 4117 τὰ
1690 4066 2011 4135 δυσχερείας

440 4148 635 4215 μεστὰ,
663 4153 757 4202 καὶ
794 4154 1055 4222 μισητέα,
1089 4158 1185 4207 καὶ
1237 4156 1527 4227 βδελυκτᾶι,
1560 4158 1636 4220 ώς
1688 4161 1753 4210 τὰ
1801 4159 2011 4221 τούτοις

436 4241 674 4307 ἐναντία,
705 4245 801 4297 σὺν
832 4245 1145 4316 εὐφροσύνῃ
1179 4247 1461 4317 δέχεσθαι,
1502 4248 1639 4319 πρὸς
1676 4250 1845 4318 μόνην
1878 4252 2011 4303 ἀπο-

437 4331 704 4383 ϐλέποντα
730 4333 828 4402 τὴν
859 4334 952 4386 τοῦ
985 4334 1290 4398 λυποῦντος
1319 4336 1663 4405 ἀπαλλαγήν.
1696 4339 1858 4393 Τουτὶ
1908 4357 2012 4391 πα-

334 4488 345 4497 ,
436 4420 543 4473 θὼν
584 4422 859 4491 βασιλεὺς,
895 4423 1175 4493 βασιλείαν
1229 4424 1329 4494 μὲν
1375 4424 1546 4494 αὐτὴν
1597 4426 1753 4494 παρὰ
1802 4426 2007 4493 φαῦλον

437 4513 681 4581 θέμενος,
732 4514 792 4566 τὸ
828 4516 1255 4582 προσκυνεῖσθαι
1309 4515 1507 4585 μικρὸν
1553 4516 1881 4586 ἡγούμενος,
1923 4535 2009 4586 μι-

2114 3324 2384 3381 habuerat
2415 3329 2769 3395 arrogantite,
2798 3345 2941 3382 nunc
2962 3331 3131 3384 nihilo
3157 3346 3215 3386 se
3242 3333 3520 3399 segniores
3547 3334 3686 3404 fuga:

2112 3418 2294 3472 socios
2329 3419 2690 3488 conspiceret.
2723 3417 2856 3472 Nam
2903 3419 3037 3473 nihil
3084 3422 3164 3474 eis
3214 3432 3331 3476 erat
3377 3423 3679 3492 antiquius,

2112 3525 2272 3578 quam
2309 3511 2386 3563 uti
2419 3510 2639 3565 domum
2669 3510 2932 3568 redirent.
2962 3510 3098 3566 Cum
3127 3513 3228 3566 hac
3255 3514 3568 3569 reversione
3590 3532 3686 3577 rex

2112 3616 2215 3656 nec
2258 3601 2347 3655 illa
2381 3613 2792 3670 commutasset,
2828 3604 3035 3674 absque
3066 3606 3265 3673 quibus
3294 3616 3451 3660 antea
3496 3624 3564 3662 ne
3604 3610 3687 3662 vi-

2113 3706 2239 3747 vere
2282 3693 2501 3761 quidem
2542 3698 2827 3752 voluisset.
2881 3697 3017 3752 Iluic
3065 3697 3251 3752 omnia
3292 3702 3683 3768 postponebat,

2114 3784 2405 3854 ipsumque
2458 3786 2592 3840 adeo
2624 3802 2876 3856 regnum,
2910 3790 3036 3858 jure
3069 3790 3308 3845 debitum
3336 3793 3384 3847 ei
3419 3794 3683 3861 patrimo-

2115 3876 2290 3941 nium,
2325 3877 2468 3945 quod
2501 3879 2894 3946 amplissimum
2936 3897 2964 3934 a
2997 3890 3149 3950 patre
3183 3895 3488 3953 acceperat.
3519 3886 3688 3943 Nimi-

2116 3983 2235 4021 rum
2269 3977 2465 4034 metus,
2498 3970 2575 4023 uti
2619 3971 2853 4038 videtur,
2889 3974 2933 4026 si
2968 3975 3136 4029 semel
3182 3977 3422 4033 animum
3454 3994 3715 4050 οοευρει-.

2114 4057 2272 4122 verit,
2306 4057 2680 4113 admirabilem
2713 4060 2817 4113 vim
2868 4062 3027 4116 habet
3056 4078 3123 4117 ex
3168 4081 3231 4121 eo
3263 4068 3491 4135 pellendi
3524 4083 3687 4125 omne

2116 4148 2358 4214 bonum;
2397 4151 2448 4203 in
2477 4159 2842 4208 consentanea
2879 4157 3210 4226 decenteque
3241 4161 3447 4216 ratione
3476 4161 3526 4215 id
3569 4164 3688 4216 ani-

2116 4254 2238 4294 mus
2256 4240 2524 4309 acquirat,
2552 4243 2710 4311 eique
2727 4253 2945 4314 tempus
2974 4248 3037 4300 ad
3071 4250 3289 4317 aliquod
3320 4255 3460 4306 adsit
3495 4270 3506 4304 :
3540 4272 3626 4323 qur
3650 4256 3683 4309 d

2117 4331 2206 4385 ubi
2253 4333 2444 4401 spatiis
2482 4335 2806 4402 quihusdam
2855 4336 3334 4405 intercedentibus,
3368 4348 3548 4397 animo
3595 4350 3686 4402 [:0-

2116 4440 2240 4477 num
2275 4425 2451 4493 ipsum
2485 4427 2744 4492 infixerit,
2777 4431 3119 4501 solidumque
3157 4433 3345 4490 fecerit
3371 4477 3385 4501 ,
3423 4438 3681 4493 immuta-

2115 4514 2219 4567 bile
2251 4515 2514 4570 redditur.
2550 4517 2861 4587 'l‘repidatio
2907 4523 2950 4575 si
3007 4534 3242 4579 tuentem
3295 4530 3679 4593 vulneraverit,

437 4604 573 4669 διροῦ
602 4604 697 4656 καὶ
732 4605 835 4667 ὑπὸ
879 4608 1094 4660 πάντων
1140 4606 1311 4659 ὲονῶν
1353 4609 1485 4678 παρ’
1512 4607 1666 4660 οὐδέν
1701 4626 1753 4660 τι
1799 4609 2006 4676 λογιζό-

2116 4600 2407 4660 immodica
2440 4620 2743 4678 correptam
2778 4611 3090 4673 formidine.
3119 4616 3261 4669 facili
3287 4632 3404 4671 eam
3438 4634 3683 4673 momen-
3756 4598 3761 4605 ί

444 4710 605 4759 μενος
640 4696 700 4745 τὸ
748 4696 852 4747 ὑπὸ
900 4697 989 4748 τὸν
1042 4698 1133 4749 ὑπ’
1166 4698 1329 4754 αὐτὸν
1364 4701 1590 4765 μονονοὺ
1639 4700 1732 4752 καὶ
1776 4702 1864 4752 ίσα
1888 4701 2009 4770 Θεῷ

441 4783 876 4851 θεραπεύεσθαι,
927 4789 1131 4856 ἑορτῶν
1164 4806 1233 4851 τε
1290 4790 1565 4859 ἀλογήσας
1621 4792 1715 4842 καὶ
1759 4792 2009 4862 “Muri-

444 4890 607 4941 ρεων,
658 4868 746 4935 αἷς
812 4874 1021 4945 ἔχαιρε,
1075 4877 1328 4945 βασίλειά
1377 4896 1436 4931 τε
1500 4880 1595 4932 καὶ
1650 4881 1870 4951 λουτρὰ,
1916 4883 2010 4935 καὶ

438 4963 806 5031 παραδείσους
861 4966 1105 5030 ἐκείνους
1156 4970 1433 5039 περιιδὼν,
1466 4971 1502 5023 ἃ
1536 4974 1631 5023 καὶι
1680 4975 1772 5025 τοῦ
1809 4977 2007 5038 παντὸς

440 5056 738 5125 προετίμα,
784 5053 937 5127 οἶμαι
966 5057 1023 5111 δὲ
1051 5059 1146 5112 καὶ
1175 5062 1352 5129 νήσων
1380 5063 1623 5129 ἐκείνων,
1656 5064 1720 5126 ἃς
1758 5067 1868 5127 τοῖς
1906 5070 2008 5134 μά-

437 5164 639 5215 κκρσιν
669 5150 974 5219 ἀπένειμαν
1005 5132 1052 5203 οί
1084 5152 1205 5204 τότε
1234 5152 1663 5222 παραπαίοντες,
1693 5156 2006 5222 ἀσφοδελῶν

436 5258 497 5292 τε
531 5241 836 5309 λειμώνων,
877 5243 972 5295 καὶ
1014 5244 1269 5297 Ἠλυσίου
1322 5246 1527 5309 πεδίου,
1557 5248 1651 5298 καὶ
1689 5248 1798 5299 τῶν
1832 5251 2007 5302 τοιού-

435 5348 547 5382 των
610 5332 893 5398 ἀπάντων,
954 5335 1053 5403 τὴν
1113 5337 1323 5388 ἰδιώτου
1388 5327 1582 5405 μοῖραν
1638 5338 1850 5410 ἐπῄνει,
1914 5342 2008 5392 καὶ

437 5423 691 5489 στέργειν
735 5424 951 5493 ἕτοιμος
994 5421 1063 5496 ἦν
1110 5426 1370 5492 δουλείαν,
1417 5429 1511 5478 καὶ
1563 5429 1742 5480 πάντα
1792 5431 2006 5499 φέρειν,

437 5514 601 5583 μόνον
629 5515 677 5565 εί
708 5514 956 5578 σιῦζοιτο.
991 5517 1166 5571 Λίθων
1197 5518 1255 5570 δὲ
1287 5520 1511 5571 ἐκείνων
1546 5520 1655 5573 τῶν
1688 5524 1894 5575 πολλῶν
1944 5542 2003 5577 τε

434 5608 530 5660 καὶ
559 5606 764 5674 καλῶν,
797 5611 890 5661 καὶ
921 5610 1198 5678 μεγάλων,
1232 5607 1311 5673 οἷς
1353 5613 1714 5682 ἐκεκόσμητο,
1749 5617 1839 5667 καὶ
1873 5617 2006 5668 πλα-

432 5702 595 5750 τ’νο·.›
639 5702 738 5767 τῆς
778 5694 1008 5771 χρυσῆς,
1046 5704 1141 5754 καὶ
1184 5694 1255 5771 δη
1286 5696 1378 5755 καὶ
1416 5704 1585 5771 τύφου
1640 5707 1839 5768 παντὸς
1890 5709 2007 5759 ἐπι-

434 5790 786 5858 λελησμέκος,
846 5793 1128 5861 ἠσπάζετό
1176 5811 1233 5847 τε
1294 5797 1507 5860 πενίαν,
1572 5797 1666 5849 καὶ
1724 5800 2003 5866 προύτίθει

436 5884 721 5954 σχήματος
760 5886 922 5954 μόνον
966 5888 1065 5940 οὐκ
1115 5888 1418 5944 ἀθανασίαν
1462 5889 1611 5958 αὐτῷ
1642 5891 1999 5961 παρέχοντος.

2116 4708 2171 4751 to
2202 4698 2451 4767 impellit,
2482 4711 2543 4753 ut
2577 4717 2700 4754 cum
2738 4704 2945 4770 magnis
2974 4714 3027 4757 et
3065 4707 3219 4760 valde
3258 4708 3553 4776 splendidis
3601 4728 3684 4763 re-

2116 4790 2217 4843 bus
2274 4791 2401 4844 vilia
2437 4790 2774 4860 ridiettlaque
2803 4805 3137 4860 commutet;
3171 4812 3233 4851 ac
3265 4799 3419 4867 plena
3457 4801 3684 4859 difficul-

2115 4880 2259 4945 tatis,
2297 4880 2529 4950 odioque
2576 4889 2631 4935 et
2673 4888 3046 4939 exsecratione
3080 4887 3259 4954 digna,
3309 4891 3470 4944 veluti
3508 4894 3549 4943 si
3600 4892 3684 4946 his

2113 4974 2386 5027 contraria
2438 4973 2615 5027 forent
2648 4989 2769 5028 cum
2812 4974 3103 5044 voluptate.
3137 4962 3306 5032 solam
3337 4984 3574 5037 molestae
3606 4987 3681 5039 rei

2116 5066 2574 5134 prepulsationetn
2610 5080 2885 5135 spectans.
2916 5070 3196 5139 suscipiat.
3232 5071 3343 5127 lloc
3385 5070 3505 5129 eum
3559 5079 3683 5130 huic

2115 5172 2330 5226 quoque
2361 5159 2468 5227 regi
2507 5158 2809 5214 accidisset.
2844 5162 3068 5231 regnum
3101 5167 3275 5231 ipsum
3321 5168 3680 5237 vilipcndens,

2114 5249 2487 5302 adorationem
2521 5251 2897 5317 parvifaciens,
2928 5271 3032 5322 qua
3066 5272 3229 5324 prope
3255 5260 3468 5313 cunctis
3496 5274 3523 5312 a
3553 5275 3683 5327 gen-

2106 5340 2261 5393 tibus
2308 5344 2629 5409 colebatur;
2668 5359 2788 5413 -pro
2818 5347 2987 5401 nihilo
3044 5348 3268 5413 ducens,
3320 5353 3620 5420 quodsuis
3651 5367 3679 5405 a

2111 5432 2345 5486 subditis
2388 5435 2436 5487 ei
2475 5436 2653 5489 cultus
2709 5451 2872 5505 prope
2900 5424 3101 5492 divino
3149 5454 3246 5507 par
3277 5440 3628 5492 exhiberetur
3662 5458 3678 5502 ;

2111 5526 2367 5591 neglectis
2383 5536 2435 5579 et
2458 5527 2895 5582 solemnitatibus
2908 5538 2960 5581 et
2976 5529 3222 5581 ludorum
3247 5528 3678 5583 celebritatibus.

2110 5616 2313 5683 qu.bus
2336 5617 2534 5685 alioqui
2561 5618 2952 5683 delectabatur,
2980 5621 3264 5689 regiasque
3292 5635 3417 5671 cum
3447 5619 3678 5675 lavacris

2109 5716 2162 5760 ct
2193 5709 2458 5775 paradisis
2492 5719 2834 5778 aspernatus,
2889 5727 3010 5777 qum
3060 5712 3232 5764 cuivis
3288 5711 3363 5765 rei
3424 5710 3679 5778 praeferre

2108 5800 2356 5863 solebat;
2410 5801 2670 5871 itemque,
2716 5818 2834 5855 mea
2878 5817 3007 5855 sane
3045 5804 3321 5870 opinione,
3358 5804 3478 5857 illas
3527 5804 3677 5869 ipsus

2111 5894 2338 5960 insulas,
2372 5909 2508 5965 quas
2537 5908 2724 5949 eorum
2745 5894 3215 5963 tetnporumdeliri
3238 5895 3485 5950 homines
3506 5894 3679 5951 beatis
