  <div class='ocr_page' id='page_1' title='image "/cluster/home/n/w/nwhite01/storage/ocr_20150623/156/mdp.39015078384719/207.png"; bbox 0 0 4098 6272; ppageno 0'>
   <div class='ocr_carea' id='block_1_1' title="bbox 300 573 1263 655">
    <p class='ocr_par' dir='ltr' id='par_1_1' title="bbox 300 573 1263 655">
     <span class='ocr_line' id='line_1_1' title="bbox 300 573 1263 655; baseline -0.02 -13"><span class='ocrx_word' id='word_1_1' title='bbox 300 648 311 655; x_wconf 46' lang='grc'><strong>,</strong></span> <span class='ocrx_word' id='word_1_2' title='bbox 404 574 787 640; x_wconf 61' lang='lat' dir='ltr'><strong>attrilruertmt,</strong></span> <span class='ocrx_word' id='word_1_3' title='bbox 838 592 960 630; x_wconf 90' lang='lat' dir='ltr'><strong>cum</strong></span> <span class='ocrx_word' id='word_1_4' title='bbox 1010 573 1263 625; x_wconf 73' lang='lat' dir='ltr'><strong>herbosis</strong></span> 
     </span>
    </p>
   </div>
   <div class='ocr_carea' id='block_1_2' title="bbox 398 466 502 527">
    <p class='ocr_par' dir='ltr' id='par_1_2' title="bbox 398 466 502 527">
     <span class='ocr_line' id='line_1_2' title="bbox 398 466 502 527; baseline 0.029 -3"><span class='ocrx_word' id='word_1_5' title='bbox 398 466 502 527; x_wconf 64' lang='lat' dir='ltr'><strong>H99</strong></span> 
     </span>
    </p>
   </div>
   <div class='ocr_carea' id='block_1_3' title="bbox 404 654 1975 744">
    <p class='ocr_par' dir='ltr' id='par_1_3' title="bbox 404 654 1975 744">
     <span class='ocr_line' id='line_1_3' title="bbox 404 654 1975 744; baseline -0.015 -14"><span class='ocrx_word' id='word_1_6' title='bbox 404 692 619 744; x_wconf 79' lang='lat' dir='ltr'><strong>campo,</strong></span> <span class='ocrx_word' id='word_1_7' title='bbox 648 670 835 725; x_wconf 74' lang='lat' dir='ltr'><strong>etaliis</strong></span> <span class='ocrx_word' id='word_1_8' title='bbox 860 661 1449 744; x_wconf 70' lang='lat' dir='ltr'><strong>hujusmodiomnibus</strong></span> <span class='ocrx_word' id='word_1_9' title='bbox 1477 678 1488 712; x_wconf 92' lang='lat'><strong>:</strong></span> <span class='ocrx_word' id='word_1_10' title='bbox 1518 657 1710 728; x_wconf 81' lang='lat' dir='ltr'><strong>privati</strong></span> <span class='ocrx_word' id='word_1_11' title='bbox 1741 654 1975 709; x_wconf 80' lang='lat' dir='ltr'><strong>hominis</strong></span> 
     </span>
    </p>
   </div>
   <div class='ocr_carea' id='block_1_4' title="bbox 408 734 1978 822">
    <p class='ocr_par' dir='ltr' id='par_1_4' title="bbox 408 734 1978 822">
     <span class='ocr_line' id='line_1_4' title="bbox 408 734 1978 822; baseline -0.017 0"><span class='ocrx_word' id='word_1_12' title='bbox 408 781 606 822; x_wconf 90' lang='lat' dir='ltr'><strong>sortem</strong></span> <span class='ocrx_word' id='word_1_13' title='bbox 636 762 964 817; x_wconf 63' lang='lat' dir='ltr'><strong>laudabatac</strong></span> <span class='ocrx_word' id='word_1_14' title='bbox 988 734 1302 809; x_wconf 72' lang='lat' dir='ltr'><strong>servitutem</strong></span> <span class='ocrx_word' id='word_1_15' title='bbox 1333 752 1563 806; x_wconf 87' lang='lat' dir='ltr'><strong>tolerare</strong></span> <span class='ocrx_word' id='word_1_16' title='bbox 1591 761 1815 817; x_wconf 83' lang='lat' dir='ltr'><strong>paratus</strong></span> <span class='ocrx_word' id='word_1_17' title='bbox 1837 754 1978 805; x_wconf 88' lang='lat' dir='ltr'><strong>erat,</strong></span> 
     </span>
    </p>
   </div>
   <div class='ocr_carea' id='block_1_5' title="bbox 409 837 1979 918">
    <p class='ocr_par' dir='ltr' id='par_1_5' title="bbox 409 837 1979 918">
     <span class='ocr_line' id='line_1_5' title="bbox 409 837 1979 918; baseline -0.015 -10"><span class='ocrx_word' id='word_1_18' title='bbox 409 854 700 918; x_wconf 88' lang='lat' dir='ltr'><strong>omniaque</strong></span> <span class='ocrx_word' id='word_1_19' title='bbox 733 848 893 910; x_wconf 83' lang='lat' dir='ltr'><strong>ferre,</strong></span> <span class='ocrx_word' id='word_1_20' title='bbox 931 844 1091 898; x_wconf 76' lang='lat' dir='ltr'><strong>modo</strong></span> <span class='ocrx_word' id='word_1_21' title='bbox 1124 844 1306 907; x_wconf 82' lang='lat' dir='ltr'><strong>salvus</strong></span> <span class='ocrx_word' id='word_1_22' title='bbox 1327 840 1604 894; x_wconf 80' lang='lat' dir='ltr'><strong>evaderet.</strong></span> <span class='ocrx_word' id='word_1_23' title='bbox 1630 837 1979 889; x_wconf 55' lang='lat' dir='ltr'><strong>Gemmarum</strong></span> 
     </span>
    </p>
   </div>
   <div class='ocr_carea' id='block_1_6' title="bbox 411 928 1986 1012">
    <p class='ocr_par' dir='ltr' id='par_1_6' title="bbox 411 928 1986 1012">
     <span class='ocr_line' id='line_1_6' title="bbox 411 928 1986 1012; baseline -0.012 -14"><span class='ocrx_word' id='word_1_24' title='bbox 411 962 563 1006; x_wconf 59' lang='lat' dir='ltr'><strong>vero,</strong></span> <span class='ocrx_word' id='word_1_25' title='bbox 592 944 792 1012; x_wconf 81' lang='lat' dir='ltr'><strong>quibus</strong></span> <span class='ocrx_word' id='word_1_26' title='bbox 831 949 884 994; x_wconf 90' lang='lat' dir='ltr'><strong>et</strong></span> <span class='ocrx_word' id='word_1_27' title='bbox 918 938 1121 999; x_wconf 86' lang='lat' dir='ltr'><strong>multis,</strong></span> <span class='ocrx_word' id='word_1_28' title='bbox 1174 946 1228 989; x_wconf 89' lang='lat' dir='ltr'><strong>et</strong></span> <span class='ocrx_word' id='word_1_29' title='bbox 1260 934 1521 1005; x_wconf 77' lang='lat' dir='ltr'><strong>pulchris,</strong></span> <span class='ocrx_word' id='word_1_30' title='bbox 1554 942 1605 984; x_wconf 86' lang='lat' dir='ltr'><strong>et</strong></span> <span class='ocrx_word' id='word_1_31' title='bbox 1652 928 1863 999; x_wconf 84' lang='lat' dir='ltr'><strong>magnis</strong></span> <span class='ocrx_word' id='word_1_32' title='bbox 1896 942 1986 981; x_wconf 86' lang='lat' dir='ltr'><strong>or-</strong></span> 
     </span>
    </p>
   </div>
   <div class='ocr_carea' id='block_1_7' title="bbox 413 1020 1983 1099">
    <p class='ocr_par' dir='ltr' id='par_1_7' title="bbox 413 1020 1983 1099">
     <span class='ocr_line' id='line_1_7' title="bbox 413 1020 1983 1099; baseline -0.014 -7"><span class='ocrx_word' id='word_1_33' title='bbox 413 1048 571 1092; x_wconf 82' lang='lat' dir='ltr'><strong>natus</strong></span> <span class='ocrx_word' id='word_1_34' title='bbox 589 1044 729 1097; x_wconf 80' lang='lat' dir='ltr'><strong>erat,</strong></span> <span class='ocrx_word' id='word_1_35' title='bbox 756 1046 1039 1099; x_wconf 68' lang='lat' dir='ltr'><strong>auremque</strong></span> <span class='ocrx_word' id='word_1_36' title='bbox 1061 1028 1282 1093; x_wconf 78' lang='lat' dir='ltr'><strong>platani,</strong></span> <span class='ocrx_word' id='word_1_37' title='bbox 1309 1036 1362 1078; x_wconf 92' lang='lat' dir='ltr'><strong>et</strong></span> <span class='ocrx_word' id='word_1_38' title='bbox 1384 1025 1556 1079; x_wconf 81' lang='lat' dir='ltr'><strong>fastus</strong></span> <span class='ocrx_word' id='word_1_39' title='bbox 1569 1021 1748 1077; x_wconf 90' lang='lat' dir='ltr'><strong>omnis</strong></span> <span class='ocrx_word' id='word_1_40' title='bbox 1762 1020 1983 1081; x_wconf 90' lang='lat' dir='ltr'><strong>oblitus,</strong></span> 
     </span>
    </p>
   </div>
   <div class='ocr_carea' id='block_1_8' title="bbox 396 1111 1987 1198">
    <p class='ocr_par' dir='ltr' id='par_1_8' title="bbox 396 1111 1987 1198">
     <span class='ocr_line' id='line_1_8' title="bbox 396 1111 1987 1198; baseline -0.011 -17"><span class='ocrx_word' id='word_1_41' title='bbox 396 1136 783 1198; x_wconf 66' lang='lat' dir='ltr'><strong>paupertatem</strong></span> <span class='ocrx_word' id='word_1_42' title='bbox 829 1120 1272 1190; x_wconf 68' lang='lat' dir='ltr'><strong>amplectebatur,</strong></span> <span class='ocrx_word' id='word_1_43' title='bbox 1315 1118 1474 1185; x_wconf 89' lang='lat' dir='ltr'><strong>eique</strong></span> <span class='ocrx_word' id='word_1_44' title='bbox 1521 1111 1785 1183; x_wconf 87' lang='lat' dir='ltr'><strong>majestati</strong></span> <span class='ocrx_word' id='word_1_45' title='bbox 1835 1120 1987 1163; x_wconf 88' lang='lat' dir='ltr'><strong>ante-</strong></span> 
     </span>
    </p>
   </div>
   <div class='ocr_carea' id='block_1_9' title="bbox 416 1201 1991 1285">
    <p class='ocr_par' dir='ltr' id='par_1_9' title="bbox 416 1201 1991 1285">
     <span class='ocr_line' id='line_1_9' title="bbox 416 1201 1991 1285; baseline -0.011 -15"><span class='ocrx_word' id='word_1_46' title='bbox 416 1220 669 1283; x_wconf 74' lang='lat' dir='ltr'><strong>ponebat,</strong></span> <span class='ocrx_word' id='word_1_47' title='bbox 707 1232 827 1285; x_wconf 75' lang='lat' dir='ltr'><strong>qua:</strong></span> <span class='ocrx_word' id='word_1_48' title='bbox 861 1215 963 1284; x_wconf 89' lang='lat' dir='ltr'><strong>ipsi</strong></span> <span class='ocrx_word' id='word_1_49' title='bbox 997 1221 1203 1265; x_wconf 87' lang='lat' dir='ltr'><strong>tantum</strong></span> <span class='ocrx_word' id='word_1_50' title='bbox 1239 1226 1347 1262; x_wconf 90' lang='lat' dir='ltr'><strong>non</strong></span> <span class='ocrx_word' id='word_1_51' title='bbox 1379 1205 1848 1262; x_wconf 74' lang='lat' dir='ltr'><strong>immortalitatem</strong></span> <span class='ocrx_word' id='word_1_52' title='bbox 1881 1201 1991 1254; x_wconf 86' lang='lat' dir='ltr'><strong>lar-</strong></span> 
     </span>
    </p>
   </div>
   <div class='ocr_carea' id='block_1_10' title="bbox 416 1302 1991 1381">
    <p class='ocr_par' dir='ltr' id='par_1_10' title="bbox 416 1302 1991 1381">
     <span class='ocr_line' id='line_1_10' title="bbox 416 1302 1991 1381; baseline -0.008 -21"><span class='ocrx_word' id='word_1_53' title='bbox 416 1316 679 1381; x_wconf 69' lang='lat' dir='ltr'><strong>giebatur.</strong></span> <span class='ocrx_word' id='word_1_54' title='bbox 715 1307 823 1360; x_wconf 83' lang='lat' dir='ltr'><strong>Nec</strong></span> <span class='ocrx_word' id='word_1_55' title='bbox 848 1310 945 1360; x_wconf 86' lang='lat' dir='ltr'><strong>abs</strong></span> <span class='ocrx_word' id='word_1_56' title='bbox 982 1322 1036 1357; x_wconf 88' lang='lat' dir='ltr'><strong>re</strong></span> <span class='ocrx_word' id='word_1_57' title='bbox 1064 1304 1188 1371; x_wconf 84' lang='lat' dir='ltr'><strong>quis</strong></span> <span class='ocrx_word' id='word_1_58' title='bbox 1209 1302 1428 1365; x_wconf 75' lang='lat' dir='ltr'><strong>dixerit,</strong></span> <span class='ocrx_word' id='word_1_59' title='bbox 1447 1314 1592 1360; x_wconf 89' lang='lat' dir='ltr'><strong>eum,</strong></span> <span class='ocrx_word' id='word_1_60' title='bbox 1614 1312 1723 1366; x_wconf 89' lang='lat' dir='ltr'><strong>quo</strong></span> <span class='ocrx_word' id='word_1_61' title='bbox 1742 1306 1991 1363; x_wconf 86' lang='lat' dir='ltr'><strong>tempore</strong></span> 
     </span>
    </p>
   </div>
   <div class='ocr_carea' id='block_1_11' title="bbox 419 1388 1991 1467">
    <p class='ocr_par' dir='ltr' id='par_1_11' title="bbox 419 1388 1991 1467">
     <span class='ocr_line' id='line_1_11' title="bbox 419 1388 1991 1467; baseline -0.013 -9"><span class='ocrx_word' id='word_1_62' title='bbox 419 1419 576 1458; x_wconf 87' lang='lat' dir='ltr'><strong>nemo</strong></span> <span class='ocrx_word' id='word_1_63' title='bbox 630 1416 737 1453; x_wconf 89' lang='lat' dir='ltr'><strong>non</strong></span> <span class='ocrx_word' id='word_1_64' title='bbox 797 1398 893 1467; x_wconf 83' lang='lat' dir='ltr'><strong>ipsi</strong></span> <span class='ocrx_word' id='word_1_65' title='bbox 932 1396 1261 1451; x_wconf 75' lang='lat' dir='ltr'><strong>assentando</strong></span> <span class='ocrx_word' id='word_1_66' title='bbox 1288 1391 1686 1449; x_wconf 80' lang='lat' dir='ltr'><strong>biandicbatur,</strong></span> <span class='ocrx_word' id='word_1_67' title='bbox 1743 1388 1991 1442; x_wconf 73' lang='lat' dir='ltr'><strong>futurum</strong></span> 
     </span>
    </p>
   </div>
   <div class='ocr_carea' id='block_1_12' title="bbox 418 1489 1994 1564">
    <p class='ocr_par' dir='ltr' id='par_1_12' title="bbox 418 1489 1994 1564">
     <span class='ocr_line' id='line_1_12' title="bbox 418 1489 1994 1564; baseline -0.008 -19"><span class='ocrx_word' id='word_1_68' title='bbox 418 1504 640 1564; x_wconf 88' lang='lat' dir='ltr'><strong>putasse</strong></span> <span class='ocrx_word' id='word_1_69' title='bbox 669 1501 726 1544; x_wconf 88' lang='lat' dir='ltr'><strong>ut</strong></span> <span class='ocrx_word' id='word_1_70' title='bbox 781 1489 1204 1543; x_wconf 85' lang='lat' dir='ltr'><strong>immortalitatis</strong></span> <span class='ocrx_word' id='word_1_71' title='bbox 1254 1500 1472 1555; x_wconf 90' lang='lat' dir='ltr'><strong>quoque</strong></span> <span class='ocrx_word' id='word_1_72' title='bbox 1517 1491 1737 1553; x_wconf 78' lang='lat' dir='ltr'><strong>propter</strong></span> <span class='ocrx_word' id='word_1_73' title='bbox 1767 1496 1994 1550; x_wconf 85' lang='lat' dir='ltr'><strong>regnum</strong></span> 
     </span>
    </p>
   </div>
   <div class='ocr_carea' id='block_1_13' title="bbox 420 1575 1997 1656">
    <p class='ocr_par' dir='ltr' id='par_1_13' title="bbox 420 1575 1997 1656">
     <span class='ocr_line' id='line_1_13' title="bbox 420 1575 1997 1656; baseline -0.01 -17"><span class='ocrx_word' id='word_1_74' title='bbox 420 1587 693 1656; x_wconf 86' lang='lat' dir='ltr'><strong>particeps</strong></span> <span class='ocrx_word' id='word_1_75' title='bbox 727 1582 966 1637; x_wconf 83' lang='lat' dir='ltr'><strong>lieret.ld</strong></span> <span class='ocrx_word' id='word_1_76' title='bbox 992 1582 1135 1634; x_wconf 92' lang='lat' dir='ltr'><strong>enim</strong></span> <span class='ocrx_word' id='word_1_77' title='bbox 1165 1592 1379 1646; x_wconf 84' lang='lat' dir='ltr'><strong>semper</strong></span> <span class='ocrx_word' id='word_1_78' title='bbox 1403 1577 1456 1630; x_wconf 89' lang='lat' dir='ltr'><strong>in</strong></span> <span class='ocrx_word' id='word_1_79' title='bbox 1485 1575 1676 1628; x_wconf 85' lang='lat' dir='ltr'><strong>melius</strong></span> <span class='ocrx_word' id='word_1_80' title='bbox 1703 1582 1814 1626; x_wconf 91' lang='lat' dir='ltr'><strong>tum</strong></span> <span class='ocrx_word' id='word_1_81' title='bbox 1845 1586 1997 1633; x_wconf 79' lang='lat' dir='ltr'><strong>cura,</strong></span> 
     </span>
    </p>
   </div>
   <div class='ocr_carea' id='block_1_14' title="bbox 422 1664 2000 1741">
    <p class='ocr_par' dir='ltr' id='par_1_14' title="bbox 422 1664 2000 1741">
     <span class='ocr_line' id='line_1_14' title="bbox 422 1664 2000 1741; baseline -0.01 -9"><span class='ocrx_word' id='word_1_82' title='bbox 422 1690 535 1732; x_wconf 88' lang='lat' dir='ltr'><strong>tum</strong></span> <span class='ocrx_word' id='word_1_83' title='bbox 567 1678 765 1729; x_wconf 78' lang='lat' dir='ltr'><strong>\irtute</strong></span> <span class='ocrx_word' id='word_1_84' title='bbox 796 1691 894 1727; x_wconf 84' lang='lat' dir='ltr'><strong>sua</strong></span> <span class='ocrx_word' id='word_1_85' title='bbox 940 1672 1265 1741; x_wconf 81' lang='lat' dir='ltr'><strong>prorehens,</strong></span> <span class='ocrx_word' id='word_1_86' title='bbox 1311 1670 1430 1724; x_wconf 90' lang='lat' dir='ltr'><strong>loco</strong></span> <span class='ocrx_word' id='word_1_87' title='bbox 1479 1667 1662 1736; x_wconf 88' lang='lat' dir='ltr'><strong>pontis</strong></span> <span class='ocrx_word' id='word_1_88' title='bbox 1703 1675 1756 1719; x_wconf 90' lang='lat' dir='ltr'><strong>et</strong></span> <span class='ocrx_word' id='word_1_89' title='bbox 1803 1664 2000 1734; x_wconf 87' lang='lat' dir='ltr'><strong>gradus</strong></span> 
     </span>
    </p>
   </div>
   <div class='ocr_carea' id='block_1_15' title="bbox 425 1756 2003 1836">
    <p class='ocr_par' dir='ltr' id='par_1_15' title="bbox 425 1756 2003 1836">
     <span class='ocr_line' id='line_1_15' title="bbox 425 1756 2003 1836; baseline -0.01 -14"><span class='ocrx_word' id='word_1_90' title='bbox 425 1771 489 1822; x_wconf 88' lang='lat' dir='ltr'><strong>ad</strong></span> <span class='ocrx_word' id='word_1_91' title='bbox 520 1778 792 1836; x_wconf 87' lang='lat' dir='ltr'><strong>speratam</strong></span> <span class='ocrx_word' id='word_1_92' title='bbox 828 1763 1296 1818; x_wconf 82' lang='lat' dir='ltr'><strong>immortalitatem</strong></span> <span class='ocrx_word' id='word_1_93' title='bbox 1332 1758 1435 1814; x_wconf 86' lang='lat' dir='ltr'><strong>sibi</strong></span> <span class='ocrx_word' id='word_1_94' title='bbox 1470 1758 1584 1811; x_wconf 80' lang='lat' dir='ltr'><strong>fore</strong></span> <span class='ocrx_word' id='word_1_95' title='bbox 1612 1756 1885 1818; x_wconf 82' lang='lat' dir='ltr'><strong>credebat,</strong></span> <span class='ocrx_word' id='word_1_96' title='bbox 1921 1764 2003 1807; x_wconf 89' lang='lat' dir='ltr'><strong>at-</strong></span> 
     </span>
    </p>
   </div>
   <div class='ocr_carea' id='block_1_16' title="bbox 427 1848 2006 1923">
    <p class='ocr_par' dir='ltr' id='par_1_16' title="bbox 427 1848 2006 1923">
     <span class='ocr_line' id='line_1_16' title="bbox 427 1848 2006 1923; baseline -0.011 -10"><span class='ocrx_word' id='word_1_97' title='bbox 427 1877 531 1923; x_wconf 79' lang='lat' dir='ltr'><strong>que</strong></span> <span class='ocrx_word' id='word_1_98' title='bbox 558 1860 695 1912; x_wconf 85' lang='lat' dir='ltr'><strong>hanc</strong></span> <span class='ocrx_word' id='word_1_99' title='bbox 725 1857 982 1920; x_wconf 72' lang='lat' dir='ltr'><strong>vicissim,</strong></span> <span class='ocrx_word' id='word_1_100' title='bbox 1014 1864 1137 1923; x_wconf 92' lang='lat' dir='ltr'><strong>post</strong></span> <span class='ocrx_word' id='word_1_101' title='bbox 1179 1853 1393 1920; x_wconf 81' lang='lat' dir='ltr'><strong>longam</strong></span> <span class='ocrx_word' id='word_1_102' title='bbox 1425 1851 1487 1904; x_wconf 86' lang='lat' dir='ltr'><strong>in</strong></span> <span class='ocrx_word' id='word_1_103' title='bbox 1512 1860 1610 1903; x_wconf 87' lang='lat' dir='ltr'><strong>teri</strong></span> <span class='ocrx_word' id='word_1_104' title='bbox 1628 1848 1673 1901; x_wconf 89' lang='lat' dir='ltr'><strong>is</strong></span> <span class='ocrx_word' id='word_1_105' title='bbox 1701 1861 2006 1901; x_wconf 85' lang='lat' dir='ltr'><strong>commora—</strong></span> 
     </span>
    </p>
   </div>
   <div class='ocr_carea' id='block_1_17' title="bbox 1562 434 2440 508">
    <p class='ocr_par' dir='ltr' id='par_1_17' title="bbox 1562 434 2440 508">
     <span class='ocr_line' id='line_1_17' title="bbox 1562 434 2440 508; baseline -0.017 -1"><span class='ocrx_word' id='word_1_106' title='bbox 1562 445 1723 508; x_wconf 81' lang='lat' dir='ltr'><strong>MAN</strong></span> <span class='ocrx_word' id='word_1_107' title='bbox 1738 444 1962 504; x_wconf 84' lang='lat' dir='ltr'><strong>UELlS</strong></span> <span class='ocrx_word' id='word_1_108' title='bbox 1992 434 2440 501; x_wconf 63' lang='lat' dir='ltr'><strong>PALAL’OLOGI</strong></span> 
     </span>
    </p>
   </div>
   <div class='ocr_carea' id='block_1_18' title="bbox 1296 530 2008 636">
    <p class='ocr_par' dir='ltr' id='par_1_18' title="bbox 1296 562 1978 636">
     <span class='ocr_line' id='line_1_18' title="bbox 1296 562 1978 636; baseline -0.01 -14"><span class='ocrx_word' id='word_1_109' title='bbox 1296 569 1407 623; x_wconf 87' lang='lat' dir='ltr'><strong>illis</strong></span> <span class='ocrx_word' id='word_1_110' title='bbox 1461 579 1650 636; x_wconf 82' lang='lat' dir='ltr'><strong>pratis,</strong></span> <span class='ocrx_word' id='word_1_111' title='bbox 1714 575 1762 619; x_wconf 94' lang='lat' dir='ltr'><strong>et</strong></span> <span class='ocrx_word' id='word_1_112' title='bbox 1798 562 1978 633; x_wconf 85' lang='lat' dir='ltr'><strong>Elysio</strong></span> 
     </span>
    </p>
   </div>
   <div class='ocr_carea' id='block_1_19' title="bbox 2111 530 3662 636">
    <p class='ocr_par' dir='ltr' id='par_1_19' title="bbox 2111 530 3662 622">
     <span class='ocr_line' id='line_1_19' title="bbox 2111 530 3662 622; baseline -0.02 -11"><span class='ocrx_word' id='word_1_113' title='bbox 2111 556 2195 610; x_wconf 73' lang='grc' dir='ltr'>ἰαὶ</span> <span class='ocrx_word' id='word_1_114' title='bbox 2248 552 2353 622; x_wconf 84' lang='grc' dir='ltr'>μὴν</span> <span class='ocrx_word' id='word_1_115' title='bbox 2383 549 2610 609; x_wconf 79' lang='grc' dir='ltr'><strong>εἰκότως</strong></span> <span class='ocrx_word' id='word_1_116' title='bbox 2657 546 2719 600; x_wconf 76' lang='grc' dir='ltr'>ἄν</span> <span class='ocrx_word' id='word_1_117' title='bbox 2753 560 2833 605; x_wconf 89' lang='grc' dir='ltr'><strong>τις</strong></span> <span class='ocrx_word' id='word_1_118' title='bbox 2880 543 3025 595; x_wconf 84' lang='grc' dir='ltr'>είποι</span> <span class='ocrx_word' id='word_1_119' title='bbox 3075 537 3317 600; x_wconf 82' lang='grc' dir='ltr'>κάκεῖνο,</span> <span class='ocrx_word' id='word_1_120' title='bbox 3346 534 3428 585; x_wconf 76' lang='grc' dir='ltr'>ὅτι</span> <span class='ocrx_word' id='word_1_121' title='bbox 3470 531 3535 600; x_wconf 81' lang='grc' dir='ltr'><strong>δὴ</strong></span> <span class='ocrx_word' id='word_1_122' title='bbox 3563 530 3662 582; x_wconf 80' lang='grc' dir='ltr'><strong>καὶ</strong></span> 
     </span>
    </p>
   </div>
   <div class='ocr_carea' id='block_1_20' title="bbox 3531 414 3641 477">
    <p class='ocr_par' dir='ltr' id='par_1_20' title="bbox 3531 414 3641 477">
     <span class='ocr_line' id='line_1_20' title="bbox 3531 414 3641 477; baseline -0.018 1"><span class='ocrx_word' id='word_1_123' title='bbox 3531 414 3641 477; x_wconf 70' lang='grc' dir='ltr'><strong>4θο</strong></span> 
     </span>
    </p>
   </div>
   <div class='ocr_carea' id='block_1_21' title="bbox 2082 622 3658 712">
    <p class='ocr_par' dir='ltr' id='par_1_21' title="bbox 2082 622 3658 712">
     <span class='ocr_line' id='line_1_21' title="bbox 2082 622 3658 712; baseline -0.018 -12"><span class='ocrx_word' id='word_1_124' title='bbox 2082 646 2287 712; x_wconf 79' lang='grc' dir='ltr'><strong>ταύτης</strong></span> <span class='ocrx_word' id='word_1_125' title='bbox 2315 638 2589 709; x_wconf 76' lang='grc' dir='ltr'>ἐνόμιζεν,</span> <span class='ocrx_word' id='word_1_126' title='bbox 2623 637 2787 706; x_wconf 81' lang='grc' dir='ltr'><strong>ἡνίκα</strong></span> <span class='ocrx_word' id='word_1_127' title='bbox 2840 633 2991 702; x_wconf 71' lang='grc' dir='ltr'>παρὰ</span> <span class='ocrx_word' id='word_1_128' title='bbox 3025 631 3244 684; x_wconf 85' lang='grc' dir='ltr'>πάντων</span> <span class='ocrx_word' id='word_1_129' title='bbox 3273 622 3658 684; x_wconf 77' lang='grc' dir='ltr'>ὲκολακεύετο,</span> 
     </span>
    </p>
   </div>
   <div class='ocr_carea' id='block_1_22' title="bbox 2088 715 3661 808">
    <p class='ocr_par' dir='ltr' id='par_1_22' title="bbox 2088 715 3661 808">
     <span class='ocr_line' id='line_1_22' title="bbox 2088 715 3661 808; baseline -0.017 -17"><span class='ocrx_word' id='word_1_130' title='bbox 2088 737 2333 808; x_wconf 73' lang='grc' dir='ltr'><strong>μεθέξειν</strong></span> <span class='ocrx_word' id='word_1_131' title='bbox 2370 734 2459 786; x_wconf 71' lang='grc' dir='ltr'><strong>διὰ</strong></span> <span class='ocrx_word' id='word_1_132' title='bbox 2508 732 2607 800; x_wconf 80' lang='grc' dir='ltr'>τὴν</span> <span class='ocrx_word' id='word_1_133' title='bbox 2653 727 2955 798; x_wconf 80' lang='grc' dir='ltr'>βασιλείαν.</span> <span class='ocrx_word' id='word_1_134' title='bbox 3012 722 3274 774; x_wconf 80' lang='grc' dir='ltr'>Ἐσεσοαι</span> <span class='ocrx_word' id='word_1_135' title='bbox 3333 719 3442 785; x_wconf 89' lang='grc' dir='ltr'>γὰρ</span> <span class='ocrx_word' id='word_1_136' title='bbox 3490 715 3661 782; x_wconf 75' lang='grc' dir='ltr'>αὐτὴν</span> 
     </span>
    </p>
   </div>
   <div class='ocr_carea' id='block_1_23' title="bbox 2088 806 3663 898">
    <p class='ocr_par' dir='ltr' id='par_1_23' title="bbox 2088 806 3663 898">
     <span class='ocr_line' id='line_1_23' title="bbox 2088 806 3663 898; baseline -0.016 -17"><span class='ocrx_word' id='word_1_137' title='bbox 2088 830 2303 898; x_wconf 76' lang='grc' dir='ltr'>ἐκείνῳ,</span> <span class='ocrx_word' id='word_1_138' title='bbox 2331 823 2679 877; x_wconf 58' lang='lat' dir='ltr'><strong>emacem</strong></span> <span class='ocrx_word' id='word_1_139' title='bbox 2731 822 2841 873; x_wconf 84' lang='grc' dir='ltr'>αίε“ι</span> <span class='ocrx_word' id='word_1_140' title='bbox 2879 818 3014 884; x_wconf 71' lang='grc' dir='ltr'>πρὸς</span> <span class='ocrx_word' id='word_1_141' title='bbox 3059 816 3304 883; x_wconf 82' lang='grc' dir='ltr'>ἄμεινον,</span> <span class='ocrx_word' id='word_1_142' title='bbox 3342 806 3663 878; x_wconf 76' lang='grc' dir='ltr'><strong>ἐπιμελείας</strong></span> 
     </span>
    </p>
   </div>
   <div class='ocr_carea' id='block_1_24' title="bbox 2088 898 3666 989">
    <p class='ocr_par' dir='ltr' id='par_1_24' title="bbox 2088 898 3666 989">
     <span class='ocr_line' id='line_1_24' title="bbox 2088 898 3666 989; baseline -0.016 -17"><span class='ocrx_word' id='word_1_143' title='bbox 2088 924 2184 989; x_wconf 85' lang='grc' dir='ltr'><strong>τῆς</strong></span> <span class='ocrx_word' id='word_1_144' title='bbox 2217 917 2381 971; x_wconf 81' lang='grc' dir='ltr'>αὑτοῦ</span> <span class='ocrx_word' id='word_1_145' title='bbox 2409 917 2504 969; x_wconf 69' lang='grc' dir='ltr'><strong>καὶ</strong></span> <span class='ocrx_word' id='word_1_146' title='bbox 2542 913 2747 982; x_wconf 77' lang='grc' dir='ltr'>ἀρετῆς</span> <span class='ocrx_word' id='word_1_147' title='bbox 2776 911 2983 967; x_wconf 77' lang='grc' dir='ltr'>εἵνεκα,</span> <span class='ocrx_word' id='word_1_148' title='bbox 3026 907 3270 974; x_wconf 81' lang='grc' dir='ltr'>γέφυραν</span> <span class='ocrx_word' id='word_1_149' title='bbox 3296 902 3391 955; x_wconf 73' lang='grc' dir='ltr'><strong>καὶ</strong></span> <span class='ocrx_word' id='word_1_150' title='bbox 3419 898 3666 966; x_wconf 81' lang='grc' dir='ltr'>κλίμακα</span> 
     </span>
    </p>
   </div>
   <div class='ocr_carea' id='block_1_25' title="bbox 2091 987 3665 1080">
    <p class='ocr_par' dir='ltr' id='par_1_25' title="bbox 2091 987 3665 1080">
     <span class='ocr_line' id='line_1_25' title="bbox 2091 987 3665 1080; baseline -0.016 -16"><span class='ocrx_word' id='word_1_151' title='bbox 2091 1012 2188 1080; x_wconf 85' lang='grc' dir='ltr'>τῆς</span> <span class='ocrx_word' id='word_1_152' title='bbox 2243 1007 2605 1076; x_wconf 75' lang='grc' dir='ltr'><strong>ἐλπιζομένης</strong></span> <span class='ocrx_word' id='word_1_153' title='bbox 2645 1002 2982 1061; x_wconf 78' lang='grc' dir='ltr'>ἀθανασίας·</span> <span class='ocrx_word' id='word_1_154' title='bbox 3018 999 3113 1050; x_wconf 71' lang='grc' dir='ltr'><strong>καὶ</strong></span> <span class='ocrx_word' id='word_1_155' title='bbox 3170 995 3344 1063; x_wconf 73' lang='grc' dir='ltr'>αὐτήν</span> <span class='ocrx_word' id='word_1_156' title='bbox 3394 1008 3455 1059; x_wconf 84' lang='grc' dir='ltr'><strong>γε</strong></span> <span class='ocrx_word' id='word_1_157' title='bbox 3502 987 3665 1041; x_wconf 84' lang='grc' dir='ltr'>πάλιν</span> 
     </span>
    </p>
   </div>
   <div class='ocr_carea' id='block_1_26' title="bbox 2092 1074 3667 1173">
    <p class='ocr_par' dir='ltr' id='par_1_26' title="bbox 2092 1074 3667 1173">
     <span class='ocr_line' id='line_1_26' title="bbox 2092 1074 3667 1173; baseline -0.014 -18"><span class='ocrx_word' id='word_1_158' title='bbox 2092 1074 2261 1173; x_wconf 82' lang='grc' dir='ltr'>γέρας</span> <span class='ocrx_word' id='word_1_159' title='bbox 2289 1104 2384 1171; x_wconf 84' lang='grc' dir='ltr'><strong>τῆς</strong></span> <span class='ocrx_word' id='word_1_160' title='bbox 2417 1074 2695 1169; x_wconf 73' lang='grc' dir='ltr'>βασιλείας</span> <span class='ocrx_word' id='word_1_161' title='bbox 2743 1093 2881 1163; x_wconf 87' lang='grc' dir='ltr'><strong>μετά</strong></span> <span class='ocrx_word' id='word_1_162' title='bbox 2922 1093 3145 1163; x_wconf 70' lang='grc' dir='ltr'>μακρὰν</span> <span class='ocrx_word' id='word_1_163' title='bbox 3186 1087 3283 1156; x_wconf 76' lang='grc' dir='ltr'>τὴν</span> <span class='ocrx_word' id='word_1_164' title='bbox 3318 1083 3507 1138; x_wconf 68' lang='grc' dir='ltr'>ἐνθάδε</span> <span class='ocrx_word' id='word_1_165' title='bbox 3550 1074 3667 1134; x_wconf 76' lang='grc' dir='ltr'>δια-</span> 
     </span>
    </p>
   </div>
   <div class='ocr_carea' id='block_1_27' title="bbox 2092 1177 3667 1264">
    <p class='ocr_par' dir='ltr' id='par_1_27' title="bbox 2092 1177 3667 1264">
     <span class='ocr_line' id='line_1_27' title="bbox 2092 1177 3667 1264; baseline -0.013 -18"><span class='ocrx_word' id='word_1_166' title='bbox 2092 1194 2309 1264; x_wconf 79' lang='grc' dir='ltr'>τριϐήν.</span> <span class='ocrx_word' id='word_1_167' title='bbox 2356 1191 2499 1243; x_wconf 81' lang='grc' dir='ltr'>Ἀλλ’</span> <span class='ocrx_word' id='word_1_168' title='bbox 2531 1191 2629 1242; x_wconf 67' lang='grc' dir='ltr'><strong>οὐκ</strong></span> <span class='ocrx_word' id='word_1_169' title='bbox 2665 1187 2792 1252; x_wconf 79' lang='grc' dir='ltr'>ὲνῆν</span> <span class='ocrx_word' id='word_1_170' title='bbox 2842 1183 3122 1254; x_wconf 79' lang='grc' dir='ltr'>τραπέντα</span> <span class='ocrx_word' id='word_1_171' title='bbox 3155 1179 3335 1249; x_wconf 74' lang='grc' dir='ltr'>ψυχὴν</span> <span class='ocrx_word' id='word_1_172' title='bbox 3388 1178 3486 1246; x_wconf 84' lang='grc' dir='ltr'><strong>τὴν</strong></span> <span class='ocrx_word' id='word_1_173' title='bbox 3523 1177 3667 1240; x_wconf 80' lang='grc' dir='ltr'>γνὼο</span> 
     </span>
    </p>
   </div>
   <div class='ocr_carea' id='block_1_28' title="bbox 2101 1264 3673 1354">
    <p class='ocr_par' dir='ltr' id='par_1_28' title="bbox 2101 1264 3673 1354">
     <span class='ocr_line' id='line_1_28' title="bbox 2101 1264 3673 1354; baseline -0.013 -18"><span class='ocrx_word' id='word_1_174' title='bbox 2101 1303 2207 1354; x_wconf 88' lang='grc' dir='ltr'><strong>μην</strong></span> <span class='ocrx_word' id='word_1_175' title='bbox 2241 1287 2412 1352; x_wconf 74' lang='grc' dir='ltr'>ἴσχειν</span> <span class='ocrx_word' id='word_1_176' title='bbox 2453 1281 2746 1349; x_wconf 74' lang='grc' dir='ltr'><strong>ἀκίνητον⁸</strong></span> <span class='ocrx_word' id='word_1_177' title='bbox 2780 1278 2923 1331; x_wconf 81' lang='grc' dir='ltr'>ὥστε</span> <span class='ocrx_word' id='word_1_178' title='bbox 2974 1274 3072 1344; x_wconf 81' lang='grc' dir='ltr'>τὴν</span> <span class='ocrx_word' id='word_1_179' title='bbox 3119 1271 3219 1341; x_wconf 76' lang='grc' dir='ltr'><strong>μὲν</strong></span> <span class='ocrx_word' id='word_1_180' title='bbox 3261 1267 3546 1338; x_wconf 77' lang='grc' dir='ltr'>βασιλείαν</span> <span class='ocrx_word' id='word_1_181' title='bbox 3586 1264 3673 1317; x_wconf 80' lang='grc' dir='ltr'>εύ-</span> 
     </span>
    </p>
   </div>
   <div class='ocr_carea' id='block_1_29' title="bbox 2098 1360 3670 1441">
    <p class='ocr_par' dir='ltr' id='par_1_29' title="bbox 2098 1360 3670 1441">
     <span class='ocr_line' id='line_1_29' title="bbox 2098 1360 3670 1441; baseline -0.014 -11"><span class='ocrx_word' id='word_1_182' title='bbox 2098 1377 2215 1441; x_wconf 80' lang='grc' dir='ltr'>Οὺς,</span> <span class='ocrx_word' id='word_1_183' title='bbox 2250 1377 2348 1428; x_wconf 70' lang='grc' dir='ltr'>καὶ</span> <span class='ocrx_word' id='word_1_184' title='bbox 2378 1376 2404 1427; x_wconf 84' lang='grc' dir='ltr'>ὃ</span> <span class='ocrx_word' id='word_1_185' title='bbox 2431 1375 2481 1426; x_wconf 82' lang='grc' dir='ltr'><strong>τί</strong></span> <span class='ocrx_word' id='word_1_186' title='bbox 2511 1390 2616 1439; x_wconf 88' lang='grc' dir='ltr'><strong>περ</strong></span> <span class='ocrx_word' id='word_1_187' title='bbox 2659 1370 2861 1438; x_wconf 82' lang='grc' dir='ltr'>σεμνὸν</span> <span class='ocrx_word' id='word_1_188' title='bbox 2913 1368 3084 1436; x_wconf 83' lang='grc' dir='ltr'>αὐτὴν</span> <span class='ocrx_word' id='word_1_189' title='bbox 3134 1363 3423 1432; x_wconf 75' lang='grc' dir='ltr'>ἀποφαίνοι</span> <span class='ocrx_word' id='word_1_190' title='bbox 3459 1360 3670 1431; x_wconf 81' lang='grc' dir='ltr'>χρῆμα,</span> 
     </span>
    </p>
   </div>
   <div class='ocr_carea' id='block_1_30' title="bbox 2099 1453 3676 1535">
    <p class='ocr_par' dir='ltr' id='par_1_30' title="bbox 2099 1453 3676 1535">
     <span class='ocr_line' id='line_1_30' title="bbox 2099 1453 3676 1535; baseline -0.012 -15"><span class='ocrx_word' id='word_1_191' title='bbox 2099 1469 2296 1532; x_wconf 75' lang='grc' dir='ltr'>ἐξέωσε</span> <span class='ocrx_word' id='word_1_192' title='bbox 2350 1467 2447 1535; x_wconf 78' lang='grc' dir='ltr'>τῆς</span> <span class='ocrx_word' id='word_1_193' title='bbox 2488 1467 2708 1533; x_wconf 72' lang='grc' dir='ltr'>μνήμης</span> <span class='ocrx_word' id='word_1_194' title='bbox 2739 1478 2753 1493; x_wconf 78' lang='grc'><strong>⁸</strong></span> <span class='ocrx_word' id='word_1_195' title='bbox 2796 1461 2864 1513; x_wconf 77' lang='grc' dir='ltr'>τὰ</span> <span class='ocrx_word' id='word_1_196' title='bbox 2890 1460 3096 1528; x_wconf 72' lang='grc' dir='ltr'>ταύτης</span> <span class='ocrx_word' id='word_1_197' title='bbox 3133 1458 3191 1510; x_wconf 86' lang='grc' dir='ltr'><strong>δὲ</strong></span> <span class='ocrx_word' id='word_1_198' title='bbox 3238 1455 3368 1523; x_wconf 74' lang='grc' dir='ltr'>ἡδέα</span> <span class='ocrx_word' id='word_1_199' title='bbox 3423 1453 3520 1505; x_wconf 73' lang='grc' dir='ltr'><strong>καὶ</strong></span> <span class='ocrx_word' id='word_1_200' title='bbox 3554 1467 3676 1519; x_wconf 84' lang='grc' dir='ltr'>τερ-</span> 
     </span>
    </p>
   </div>
   <div class='ocr_carea' id='block_1_31' title="bbox 2102 1541 3675 1627">
    <p class='ocr_par' dir='ltr' id='par_1_31' title="bbox 2102 1541 3675 1627">
     <span class='ocr_line' id='line_1_31' title="bbox 2102 1541 3675 1627; baseline -0.013 -14"><span class='ocrx_word' id='word_1_201' title='bbox 2102 1560 2234 1626; x_wconf 65' lang='lat' dir='ltr'><strong>ma,</strong></span> <span class='ocrx_word' id='word_1_202' title='bbox 2269 1559 2413 1627; x_wconf 78' lang='grc' dir='ltr'>ειπερ</span> <span class='ocrx_word' id='word_1_203' title='bbox 2442 1559 2508 1609; x_wconf 82' lang='grc' dir='ltr'>ἂν</span> <span class='ocrx_word' id='word_1_204' title='bbox 2545 1551 2702 1625; x_wconf 61' lang='grc' dir='ltr'>οἶμαι</span> <span class='ocrx_word' id='word_1_205' title='bbox 2739 1553 2928 1608; x_wconf 80' lang='grc' dir='ltr'>τοῦτον</span> <span class='ocrx_word' id='word_1_206' title='bbox 2956 1548 3287 1619; x_wconf 73' lang='grc' dir='ltr'>προτιθέναι</span> <span class='ocrx_word' id='word_1_207' title='bbox 3336 1545 3431 1599; x_wconf 70' lang='grc' dir='ltr'>καὶ</span> <span class='ocrx_word' id='word_1_208' title='bbox 3461 1541 3675 1612; x_wconf 84' lang='grc' dir='ltr'>ἀμϐρο-</span> 
     </span>
    </p>
   </div>
   <div class='ocr_carea' id='block_1_32' title="bbox 2103 1635 3671 1721">
    <p class='ocr_par' dir='ltr' id='par_1_32' title="bbox 2103 1635 3671 1721">
     <span class='ocr_line' id='line_1_32' title="bbox 2103 1635 3671 1721; baseline -0.013 -16"><span class='ocrx_word' id='word_1_209' title='bbox 2103 1653 2224 1721; x_wconf 83' lang='grc' dir='ltr'>σίας</span> <span class='ocrx_word' id='word_1_210' title='bbox 2254 1652 2351 1705; x_wconf 71' lang='lat' dir='ltr'><strong>xu&quot;.</strong></span> <span class='ocrx_word' id='word_1_211' title='bbox 2382 1652 2666 1717; x_wconf 85' lang='grc' dir='ltr'>νέκταρος,</span> <span class='ocrx_word' id='word_1_212' title='bbox 2699 1647 2808 1699; x_wconf 87' lang='grc' dir='ltr'><strong>τῶν</strong></span> <span class='ocrx_word' id='word_1_213' title='bbox 2841 1642 3116 1711; x_wconf 73' lang='grc' dir='ltr'>λογισμῶν</span> <span class='ocrx_word' id='word_1_214' title='bbox 3145 1640 3407 1693; x_wconf 84' lang='grc' dir='ltr'>διεώσατο</span> <span class='ocrx_word' id='word_1_215' title='bbox 3439 1635 3636 1696; x_wconf 82' lang='grc' dir='ltr'>τελέως</span> <span class='ocrx_word' id='word_1_216' title='bbox 3658 1650 3671 1663; x_wconf 78' lang='grc' dir='ltr'><strong>ο</strong></span> 
     </span>
    </p>
   </div>
   <div class='ocr_carea' id='block_1_33' title="bbox 2105 1727 3674 1811">
    <p class='ocr_par' dir='ltr' id='par_1_33' title="bbox 2105 1727 3674 1811">
     <span class='ocr_line' id='line_1_33' title="bbox 2105 1727 3674 1811; baseline -0.014 -14"><span class='ocrx_word' id='word_1_217' title='bbox 2105 1745 2199 1797; x_wconf 72' lang='grc' dir='ltr'><strong>καί</strong></span> <span class='ocrx_word' id='word_1_218' title='bbox 2234 1740 2577 1811; x_wconf 74' lang='grc' dir='ltr'>ἁμωσγέπως</span> <span class='ocrx_word' id='word_1_219' title='bbox 2607 1739 2728 1791; x_wconf 81' lang='grc' dir='ltr'>οὐδὲ</span> <span class='ocrx_word' id='word_1_220' title='bbox 2761 1737 3040 1805; x_wconf 77' lang='grc' dir='ltr'>ἐμέμνητο</span> <span class='ocrx_word' id='word_1_221' title='bbox 3068 1732 3167 1802; x_wconf 78' lang='grc' dir='ltr'>τῆς</span> <span class='ocrx_word' id='word_1_222' title='bbox 3194 1731 3323 1800; x_wconf 85' lang='grc' dir='ltr'><strong>πρίν</strong></span> <span class='ocrx_word' id='word_1_223' title='bbox 3358 1727 3674 1794; x_wconf 74' lang='grc' dir='ltr'>ἐμπλήκτου</span> 
     </span>
    </p>
   </div>
   <div class='ocr_carea' id='block_1_34' title="bbox 2110 1817 3679 1903">
    <p class='ocr_par' dir='ltr' id='par_1_34' title="bbox 2110 1817 3679 1903">
     <span class='ocr_line' id='line_1_34' title="bbox 2110 1817 3679 1903; baseline -0.012 -16"><span class='ocrx_word' id='word_1_224' title='bbox 2110 1833 2459 1903; x_wconf 81' lang='grc' dir='ltr'>παραφορᾶς.</span> <span class='ocrx_word' id='word_1_225' title='bbox 2525 1831 2610 1892; x_wconf 73' lang='grc' dir='ltr'>Ὠς</span> <span class='ocrx_word' id='word_1_226' title='bbox 2657 1831 2834 1897; x_wconf 73' lang='grc' dir='ltr'>ἔγωγε</span> <span class='ocrx_word' id='word_1_227' title='bbox 2903 1822 3080 1896; x_wconf 73' lang='grc' dir='ltr'>οἶμαι,</span> <span class='ocrx_word' id='word_1_228' title='bbox 3125 1823 3177 1874; x_wconf 77' lang='grc' dir='ltr'>εἴ</span> <span class='ocrx_word' id='word_1_229' title='bbox 3229 1839 3312 1883; x_wconf 91' lang='grc' dir='ltr'><strong>τις</strong></span> <span class='ocrx_word' id='word_1_230' title='bbox 3367 1819 3516 1887; x_wconf 77' lang='grc' dir='ltr'>αὐτῷ</span> <span class='ocrx_word' id='word_1_231' title='bbox 3550 1817 3679 1891; x_wconf 76' lang='grc' dir='ltr'>περὶ</span> 
     </span>
    </p>
   </div>
   <div class='ocr_carea' id='block_1_35' title="bbox 428 1909 2008 2017">
    <p class='ocr_par' dir='ltr' id='par_1_35' title="bbox 428 1942 2008 2017">
     <span class='ocr_line' id='line_1_35' title="bbox 428 1942 2008 2017; baseline -0.008 -13"><span class='ocrx_word' id='word_1_232' title='bbox 428 1953 654 2013; x_wconf 78' lang='lat' dir='ltr'><strong>tionem,</strong></span> <span class='ocrx_word' id='word_1_233' title='bbox 688 1949 840 2017; x_wconf 80' lang='lat' dir='ltr'><strong>regni</strong></span> <span class='ocrx_word' id='word_1_234' title='bbox 884 1946 1185 2015; x_wconf 59' lang='lat' dir='ltr'><strong>praemium.</strong></span> <span class='ocrx_word' id='word_1_235' title='bbox 1225 1942 1331 1997; x_wconf 86' lang='lat' dir='ltr'><strong>Sed</strong></span> <span class='ocrx_word' id='word_1_236' title='bbox 1378 1942 1489 1995; x_wconf 80' lang='lat' dir='ltr'><strong>ﬁeri</strong></span> <span class='ocrx_word' id='word_1_237' title='bbox 1538 1956 1642 1993; x_wconf 90' lang='lat' dir='ltr'><strong>nou</strong></span> <span class='ocrx_word' id='word_1_238' title='bbox 1681 1947 1911 2007; x_wconf 81' lang='lat' dir='ltr'><strong>poterat,</strong></span> <span class='ocrx_word' id='word_1_239' title='bbox 1953 1947 2008 1991; x_wconf 93' lang='lat' dir='ltr'><strong>ut</strong></span> 
     </span>
    </p>
   </div>
   <div class='ocr_carea' id='block_1_36' title="bbox 2111 1909 3679 2017">
    <p class='ocr_par' dir='ltr' id='par_1_36' title="bbox 2118 1909 3679 1996">
     <span class='ocr_line' id='line_1_36' title="bbox 2118 1909 3679 1996; baseline -0.012 -19"><span class='ocrx_word' id='word_1_240' title='bbox 2118 1925 2397 1996; x_wconf 68' lang='grc' dir='ltr'>βασιλείας</span> <span class='ocrx_word' id='word_1_241' title='bbox 2433 1925 2525 1977; x_wconf 70' lang='grc' dir='ltr'><strong>καὶ</strong></span> <span class='ocrx_word' id='word_1_242' title='bbox 2556 1922 2665 1975; x_wconf 84' lang='grc' dir='ltr'><strong>τῶν</strong></span> <span class='ocrx_word' id='word_1_243' title='bbox 2706 1921 2921 1990; x_wconf 77' lang='grc' dir='ltr'>ἐκείνης</span> <span class='ocrx_word' id='word_1_244' title='bbox 2970 1916 3194 1986; x_wconf 79' lang='grc' dir='ltr'>ἀγαθῶν</span> <span class='ocrx_word' id='word_1_245' title='bbox 3224 1912 3529 1983; x_wconf 76' lang='grc' dir='ltr'>τηνικαῦτα</span> <span class='ocrx_word' id='word_1_246' title='bbox 3564 1909 3679 1960; x_wconf 84' lang='grc' dir='ltr'>δια-</span> 
     </span>
    </p>
   </div>
   <div class='ocr_carea' id='block_1_37' title="bbox 428 2031 2007 2105">
    <p class='ocr_par' dir='ltr' id='par_1_37' title="bbox 428 2031 2007 2105">
     <span class='ocr_line' id='line_1_37' title="bbox 428 2031 2007 2105; baseline -0.009 -9"><span class='ocrx_word' id='word_1_247' title='bbox 428 2046 617 2097; x_wconf 88' lang='lat' dir='ltr'><strong>animo</strong></span> <span class='ocrx_word' id='word_1_248' title='bbox 680 2050 919 2093; x_wconf 88' lang='lat' dir='ltr'><strong>mutatus</strong></span> <span class='ocrx_word' id='word_1_249' title='bbox 956 2079 971 2105; x_wconf 92' lang='lat'><strong>,</strong></span> <span class='ocrx_word' id='word_1_250' title='bbox 1035 2050 1268 2091; x_wconf 90' lang='lat' dir='ltr'><strong>mentem</strong></span> <span class='ocrx_word' id='word_1_251' title='bbox 1345 2036 1623 2088; x_wconf 85' lang='lat' dir='ltr'><strong>immotam</strong></span> <span class='ocrx_word' id='word_1_252' title='bbox 1672 2031 2007 2085; x_wconf 44' lang='lat' dir='ltr'><strong>“retineret:</strong></span> 
     </span>
    </p>
   </div>
   <div class='ocr_carea' id='block_1_38' title="bbox 431 2124 2013 2203">
    <p class='ocr_par' dir='ltr' id='par_1_38' title="bbox 431 2124 2013 2203">
     <span class='ocr_line' id='line_1_38' title="bbox 431 2124 2013 2203; baseline -0.011 -13"><span class='ocrx_word' id='word_1_253' title='bbox 431 2142 617 2203; x_wconf 80' lang='lat' dir='ltr'><strong>itaque</strong></span> <span class='ocrx_word' id='word_1_254' title='bbox 643 2148 764 2187; x_wconf 76' lang='lat' dir='ltr'><strong>mox</strong></span> <span class='ocrx_word' id='word_1_255' title='bbox 797 2141 851 2186; x_wconf 90' lang='lat' dir='ltr'><strong>et</strong></span> <span class='ocrx_word' id='word_1_256' title='bbox 884 2128 1134 2200; x_wconf 69' lang='lat' dir='ltr'><strong>re‘gnum,</strong></span> <span class='ocrx_word' id='word_1_257' title='bbox 1160 2139 1215 2183; x_wconf 87' lang='lat' dir='ltr'><strong>et</strong></span> <span class='ocrx_word' id='word_1_258' title='bbox 1239 2124 1506 2196; x_wconf 83' lang='lat' dir='ltr'><strong>quidquid</strong></span> <span class='ocrx_word' id='word_1_259' title='bbox 1538 2126 1825 2193; x_wconf 64' lang='lat' dir='ltr'><strong>cjusesset</strong></span> <span class='ocrx_word' id='word_1_260' title='bbox 1853 2135 2013 2192; x_wconf 84' lang='lat' dir='ltr'><strong>gene-</strong></span> 
     </span>
    </p>
   </div>
   <div class='ocr_carea' id='block_1_39' title="bbox 426 2219 2012 2292">
    <p class='ocr_par' dir='ltr' id='par_1_39' title="bbox 426 2219 2012 2292">
     <span class='ocr_line' id='line_1_39' title="bbox 426 2219 2012 2292; baseline -0.006 -14"><span class='ocrx_word' id='word_1_261' title='bbox 426 2227 528 2288; x_wconf 73' lang='lat' dir='ltr'><strong>ris,</strong></span> <span class='ocrx_word' id='word_1_262' title='bbox 564 2235 623 2278; x_wconf 90' lang='lat' dir='ltr'><strong>ut</strong></span> <span class='ocrx_word' id='word_1_263' title='bbox 663 2234 906 2292; x_wconf 66' lang='lat' dir='ltr'><strong>augustae</strong></span> <span class='ocrx_word' id='word_1_264' title='bbox 935 2224 1014 2277; x_wconf 88' lang='lat' dir='ltr'><strong>rei</strong></span> <span class='ocrx_word' id='word_1_265' title='bbox 1061 2237 1258 2275; x_wconf 88' lang='lat' dir='ltr'><strong>nomen</strong></span> <span class='ocrx_word' id='word_1_266' title='bbox 1290 2222 1455 2289; x_wconf 81' lang='lat' dir='ltr'><strong>regno</strong></span> <span class='ocrx_word' id='word_1_267' title='bbox 1500 2219 1841 2281; x_wconf 88' lang='lat' dir='ltr'><strong>conciliaret,</strong></span> <span class='ocrx_word' id='word_1_268' title='bbox 1904 2229 2012 2268; x_wconf 89' lang='lat' dir='ltr'><strong>me-</strong></span> 
     </span>
    </p>
   </div>
   <div class='ocr_carea' id='block_1_40' title="bbox 354 2308 2012 2380">
    <p class='ocr_par' dir='ltr' id='par_1_40' title="bbox 354 2308 2012 2380">
     <span class='ocr_line' id='line_1_40' title="bbox 354 2308 2012 2380; baseline -0.007 -12"><span class='ocrx_word' id='word_1_269' title='bbox 354 2308 361 2311; x_wconf 14' lang='lat' dir='ltr'><strong>i</strong></span> <span class='ocrx_word' id='word_1_270' title='bbox 433 2316 603 2368; x_wconf 77' lang='lat' dir='ltr'><strong>inuria</strong></span> <span class='ocrx_word' id='word_1_271' title='bbox 654 2314 922 2378; x_wconf 77' lang='lat' dir='ltr'><strong>exclusit;</strong></span> <span class='ocrx_word' id='word_1_272' title='bbox 958 2326 1189 2380; x_wconf 72' lang='lat' dir='ltr'><strong>quaeque</strong></span> <span class='ocrx_word' id='word_1_273' title='bbox 1242 2326 1411 2379; x_wconf 86' lang='lat' dir='ltr'><strong>regno</strong></span> <span class='ocrx_word' id='word_1_274' title='bbox 1459 2309 1697 2375; x_wconf 84' lang='lat' dir='ltr'><strong>jucunda</strong></span> <span class='ocrx_word' id='word_1_275' title='bbox 1750 2310 2012 2367; x_wconf 87' lang='lat' dir='ltr'><strong>inessent,</strong></span> 
     </span>
    </p>
   </div>
   <div class='ocr_carea' id='block_1_41' title="bbox 426 2399 2011 2471">
    <p class='ocr_par' dir='ltr' id='par_1_41' title="bbox 426 2399 2011 2471">
     <span class='ocr_line' id='line_1_41' title="bbox 426 2399 2011 2471; baseline -0.007 -11"><span class='ocrx_word' id='word_1_276' title='bbox 426 2406 737 2460; x_wconf 81' lang='lat' dir='ltr'><strong>existimata</strong></span> <span class='ocrx_word' id='word_1_277' title='bbox 764 2402 1092 2471; x_wconf 63' lang='lat' dir='ltr'><strong>ca‘teroquiu</strong></span> <span class='ocrx_word' id='word_1_278' title='bbox 1135 2401 1203 2455; x_wconf 91' lang='lat' dir='ltr'><strong>ab</strong></span> <span class='ocrx_word' id='word_1_279' title='bbox 1236 2401 1351 2469; x_wconf 90' lang='lat' dir='ltr'><strong>ipso</strong></span> <span class='ocrx_word' id='word_1_280' title='bbox 1386 2408 1493 2454; x_wconf 90' lang='lat' dir='ltr'><strong>tam</strong></span> <span class='ocrx_word' id='word_1_281' title='bbox 1524 2399 1815 2462; x_wconf 85' lang='lat' dir='ltr'><strong>ambrosia,</strong></span> <span class='ocrx_word' id='word_1_282' title='bbox 1851 2412 2011 2466; x_wconf 89' lang='lat' dir='ltr'><strong>quam</strong></span> 
     </span>
    </p>
   </div>
   <div class='ocr_carea' id='block_1_42' title="bbox 429 2491 2011 2565">
    <p class='ocr_par' dir='ltr' id='par_1_42' title="bbox 429 2491 2011 2565">
     <span class='ocr_line' id='line_1_42' title="bbox 429 2491 2011 2565; baseline -0.008 -12"><span class='ocrx_word' id='word_1_283' title='bbox 429 2508 648 2553; x_wconf 83' lang='lat' dir='ltr'><strong>nectare</strong></span> <span class='ocrx_word' id='word_1_284' title='bbox 692 2496 926 2565; x_wconf 87' lang='lat' dir='ltr'><strong>potiora,</strong></span> <span class='ocrx_word' id='word_1_285' title='bbox 974 2509 1203 2563; x_wconf 86' lang='lat' dir='ltr'><strong>prorsus</strong></span> <span class='ocrx_word' id='word_1_286' title='bbox 1262 2508 1291 2547; x_wconf 91' lang='lat' dir='ltr'><strong>e</strong></span> <span class='ocrx_word' id='word_1_287' title='bbox 1344 2492 1765 2560; x_wconf 82' lang='lat' dir='ltr'><strong>cogitationibus</strong></span> <span class='ocrx_word' id='word_1_288' title='bbox 1805 2491 2011 2558; x_wconf 85' lang='lat' dir='ltr'><strong>ejecit;</strong></span> 
     </span>
    </p>
   </div>
   <div class='ocr_carea' id='block_1_43' title="bbox 428 2580 2012 2659">
    <p class='ocr_par' dir='ltr' id='par_1_43' title="bbox 428 2580 2012 2659">
     <span class='ocr_line' id='line_1_43' title="bbox 428 2580 2012 2659; baseline -0.006 -17"><span class='ocrx_word' id='word_1_289' title='bbox 428 2589 779 2659; x_wconf 88' lang='lat' dir='ltr'><strong>quodamque</strong></span> <span class='ocrx_word' id='word_1_290' title='bbox 840 2585 1008 2640; x_wconf 88' lang='lat' dir='ltr'><strong>modo</strong></span> <span class='ocrx_word' id='word_1_291' title='bbox 1074 2585 1221 2639; x_wconf 90' lang='lat' dir='ltr'><strong>illius</strong></span> <span class='ocrx_word' id='word_1_292' title='bbox 1273 2586 1514 2653; x_wconf 69' lang='lat' dir='ltr'><strong>pristina:</strong></span> <span class='ocrx_word' id='word_1_293' title='bbox 1568 2582 1882 2650; x_wconf 75' lang='lat' dir='ltr'><strong>stolidaeque</strong></span> <span class='ocrx_word' id='word_1_294' title='bbox 1928 2580 2012 2633; x_wconf 83' lang='lat' dir='ltr'><strong>in-</strong></span> 
     </span>
    </p>
   </div>
   <div class='ocr_carea' id='block_1_44' title="bbox 428 2673 2007 2749">
    <p class='ocr_par' dir='ltr' id='par_1_44' title="bbox 428 2673 2007 2749">
     <span class='ocr_line' id='line_1_44' title="bbox 428 2673 2007 2749; baseline -0.007 -13"><span class='ocrx_word' id='word_1_295' title='bbox 428 2697 605 2736; x_wconf 76' lang='lat' dir='ltr'><strong>sauia:</strong></span> <span class='ocrx_word' id='word_1_296' title='bbox 647 2696 715 2735; x_wconf 89' lang='lat' dir='ltr'><strong>ne</strong></span> <span class='ocrx_word' id='word_1_297' title='bbox 746 2680 963 2749; x_wconf 85' lang='lat' dir='ltr'><strong>quidem</strong></span> <span class='ocrx_word' id='word_1_298' title='bbox 996 2679 1341 2740; x_wconf 90' lang='lat' dir='ltr'><strong>meminerat,</strong></span> <span class='ocrx_word' id='word_1_299' title='bbox 1381 2685 1437 2729; x_wconf 93' lang='lat' dir='ltr'><strong>ut</strong></span> <span class='ocrx_word' id='word_1_300' title='bbox 1466 2675 1716 2745; x_wconf 84' lang='lat' dir='ltr'><strong>equidem</strong></span> <span class='ocrx_word' id='word_1_301' title='bbox 1754 2673 2007 2738; x_wconf 87' lang='lat' dir='ltr'><strong>arbitrer,</strong></span> 
     </span>
    </p>
   </div>
   <div class='ocr_carea' id='block_1_45' title="bbox 432 2763 2013 2843">
    <p class='ocr_par' dir='ltr' id='par_1_45' title="bbox 432 2763 2013 2843">
     <span class='ocr_line' id='line_1_45' title="bbox 432 2763 2013 2843; baseline -0.006 -16"><span class='ocrx_word' id='word_1_302' title='bbox 432 2776 477 2827; x_wconf 93' lang='lat' dir='ltr'><strong>si</strong></span> <span class='ocrx_word' id='word_1_303' title='bbox 503 2773 630 2843; x_wconf 83' lang='lat' dir='ltr'><strong>quis</strong></span> <span class='ocrx_word' id='word_1_304' title='bbox 658 2773 722 2825; x_wconf 88' lang='lat' dir='ltr'><strong>de</strong></span> <span class='ocrx_word' id='word_1_305' title='bbox 749 2785 938 2839; x_wconf 86' lang='lat' dir='ltr'><strong>regno,</strong></span> <span class='ocrx_word' id='word_1_306' title='bbox 968 2763 1144 2838; x_wconf 76' lang='lat' dir='ltr'><strong>deque</strong></span> <span class='ocrx_word' id='word_1_307' title='bbox 1171 2769 1321 2837; x_wconf 88' lang='lat' dir='ltr'><strong>regni</strong></span> <span class='ocrx_word' id='word_1_308' title='bbox 1347 2767 1523 2832; x_wconf 87' lang='lat' dir='ltr'><strong>bonis,</strong></span> <span class='ocrx_word' id='word_1_309' title='bbox 1550 2766 1616 2820; x_wconf 88' lang='lat' dir='ltr'><strong>ad</strong></span> <span class='ocrx_word' id='word_1_310' title='bbox 1636 2781 1759 2820; x_wconf 87' lang='lat' dir='ltr'><strong>eum</strong></span> <span class='ocrx_word' id='word_1_311' title='bbox 1790 2765 1843 2819; x_wconf 94' lang='lat' dir='ltr'><strong>id</strong></span> <span class='ocrx_word' id='word_1_312' title='bbox 1872 2773 2013 2818; x_wconf 84' lang='lat' dir='ltr'><strong>tem-</strong></span> 
     </span>
    </p>
   </div>
   <div class='ocr_carea' id='block_1_46' title="bbox 432 2857 2016 2933">
    <p class='ocr_par' dir='ltr' id='par_1_46' title="bbox 432 2857 2016 2933">
     <span class='ocr_line' id='line_1_46' title="bbox 432 2857 2016 2933; baseline -0.006 -15"><span class='ocrx_word' id='word_1_313' title='bbox 432 2867 584 2933; x_wconf 87' lang='lat' dir='ltr'><strong>poris</strong></span> <span class='ocrx_word' id='word_1_314' title='bbox 618 2865 997 2923; x_wconf 85' lang='lat' dir='ltr'><strong>disseruisset,</strong></span> <span class='ocrx_word' id='word_1_315' title='bbox 1028 2869 1081 2914; x_wconf 91' lang='lat' dir='ltr'><strong>et</strong></span> <span class='ocrx_word' id='word_1_316' title='bbox 1108 2861 1558 2914; x_wconf 82' lang='lat' dir='ltr'><strong>molestissimum</strong></span> <span class='ocrx_word' id='word_1_317' title='bbox 1585 2859 1635 2911; x_wconf 88' lang='lat' dir='ltr'><strong>ei</strong></span> <span class='ocrx_word' id='word_1_318' title='bbox 1669 2857 1938 2921; x_wconf 78' lang='lat' dir='ltr'><strong>futurum,</strong></span> <span class='ocrx_word' id='word_1_319' title='bbox 1960 2863 2016 2909; x_wconf 88' lang='lat' dir='ltr'><strong>et</strong></span> 
     </span>
    </p>
   </div>
   <div class='ocr_carea' id='block_1_47' title="bbox 437 2948 2011 3023">
    <p class='ocr_par' dir='ltr' id='par_1_47' title="bbox 437 2948 2011 3023">
     <span class='ocr_line' id='line_1_47' title="bbox 437 2948 2011 3023; baseline -0.004 -15"><span class='ocrx_word' id='word_1_320' title='bbox 437 2958 673 3011; x_wconf 85' lang='lat' dir='ltr'><strong>l&#39;ortasse</strong></span> <span class='ocrx_word' id='word_1_321' title='bbox 709 2954 1190 3023; x_wconf 86' lang='lat' dir='ltr'><strong>reprehensionem</strong></span> <span class='ocrx_word' id='word_1_322' title='bbox 1224 2954 1442 3020; x_wconf 85' lang='lat' dir='ltr'><strong>quoque</strong></span> <span class='ocrx_word' id='word_1_323' title='bbox 1472 2951 1780 3005; x_wconf 88' lang='lat' dir='ltr'><strong>subiturum</strong></span> <span class='ocrx_word' id='word_1_324' title='bbox 1821 2948 2011 3002; x_wconf 83' lang='lat' dir='ltr'><strong>fuisse.</strong></span> 
     </span>
    </p>
   </div>
   <div class='ocr_carea' id='block_1_48' title="bbox 435 3039 2014 3116">
    <p class='ocr_par' dir='ltr' id='par_1_48' title="bbox 435 3039 2014 3116">
     <span class='ocr_line' id='line_1_48' title="bbox 435 3039 2014 3116; baseline -0.004 -16"><span class='ocrx_word' id='word_1_325' title='bbox 435 3047 595 3116; x_wconf 86' lang='lat' dir='ltr'><strong>Atqui</strong></span> <span class='ocrx_word' id='word_1_326' title='bbox 624 3047 802 3114; x_wconf 91' lang='lat' dir='ltr'><strong>prius,</strong></span> <span class='ocrx_word' id='word_1_327' title='bbox 835 3060 955 3099; x_wconf 90' lang='lat' dir='ltr'><strong>cum</strong></span> <span class='ocrx_word' id='word_1_328' title='bbox 981 3044 1046 3097; x_wconf 88' lang='lat' dir='ltr'><strong>ab</strong></span> <span class='ocrx_word' id='word_1_329' title='bbox 1069 3040 1217 3096; x_wconf 91' lang='lat' dir='ltr'><strong>omni</strong></span> <span class='ocrx_word' id='word_1_330' title='bbox 1242 3043 1537 3096; x_wconf 85' lang='lat' dir='ltr'><strong>sobrietate</strong></span> <span class='ocrx_word' id='word_1_331' title='bbox 1562 3055 1789 3109; x_wconf 86' lang='lat' dir='ltr'><strong>prorsus</strong></span> <span class='ocrx_word' id='word_1_332' title='bbox 1806 3039 2014 3093; x_wconf 88' lang='lat' dir='ltr'><strong>alienus</strong></span> 
     </span>
    </p>
   </div>
   <div class='ocr_carea' id='block_1_49' title="bbox 433 3129 2013 3202">
    <p class='ocr_par' dir='ltr' id='par_1_49' title="bbox 433 3129 2013 3202">
     <span class='ocr_line' id='line_1_49' title="bbox 433 3129 2013 3202; baseline -0.005 -11"><span class='ocrx_word' id='word_1_333' title='bbox 433 3145 677 3201; x_wconf 88' lang='lat' dir='ltr'><strong>csset,ct</strong></span> <span class='ocrx_word' id='word_1_334' title='bbox 722 3135 1060 3198; x_wconf 86' lang='lat' dir='ltr'><strong>admittebat,</strong></span> <span class='ocrx_word' id='word_1_335' title='bbox 1096 3145 1149 3188; x_wconf 88' lang='lat' dir='ltr'><strong>et</strong></span> <span class='ocrx_word' id='word_1_336' title='bbox 1193 3132 1642 3202; x_wconf 84' lang='lat' dir='ltr'><strong>amplectebatur,</strong></span> <span class='ocrx_word' id='word_1_337' title='bbox 1693 3141 1746 3185; x_wconf 93' lang='lat' dir='ltr'><strong>et</strong></span> <span class='ocrx_word' id='word_1_338' title='bbox 1794 3129 2013 3200; x_wconf 73' lang='lat' dir='ltr'><strong>largiter</strong></span> 
     </span>
    </p>
   </div>
   <div class='ocr_carea' id='block_1_50' title="bbox 434 3221 2081 3315">
    <p class='ocr_par' dir='ltr' id='par_1_50' title="bbox 434 3221 2081 3315">
     <span class='ocr_line' id='line_1_50' title="bbox 434 3221 2081 3315; baseline -0.004 -34"><span class='ocrx_word' id='word_1_339' title='bbox 434 3227 895 3285; x_wconf 85' lang='lat' dir='ltr'><strong>remunerabatur</strong></span> <span class='ocrx_word' id='word_1_340' title='bbox 924 3267 939 3292; x_wconf 93' lang='lat'><strong>,</strong></span> <span class='ocrx_word' id='word_1_341' title='bbox 994 3226 1040 3283; x_wconf 91' lang='lat' dir='ltr'><strong>si</strong></span> <span class='ocrx_word' id='word_1_342' title='bbox 1070 3227 1157 3295; x_wconf 90' lang='lat' dir='ltr'><strong>qui</strong></span> <span class='ocrx_word' id='word_1_343' title='bbox 1196 3241 1318 3280; x_wconf 85' lang='lat' dir='ltr'><strong>eum</strong></span> <span class='ocrx_word' id='word_1_344' title='bbox 1362 3227 1478 3292; x_wconf 89' lang='lat' dir='ltr'><strong>pari</strong></span> <span class='ocrx_word' id='word_1_345' title='bbox 1509 3239 1632 3277; x_wconf 87' lang='lat' dir='ltr'><strong>cum</strong></span> <span class='ocrx_word' id='word_1_346' title='bbox 1668 3223 1775 3279; x_wconf 84' lang='lat' dir='ltr'><strong>diis</strong></span> <span class='ocrx_word' id='word_1_347' title='bbox 1812 3221 2009 3277; x_wconf 64' lang='lat' dir='ltr'><strong>coaliti-</strong></span> <span class='ocrx_word' id='word_1_348' title='bbox 2034 3252 2081 3315; x_wconf 66' lang='grc' dir='ltr'>Ο</span> 
     </span>
    </p>
   </div>
   <div class='ocr_carea' id='block_1_51' title="bbox 437 3311 2007 3387">
    <p class='ocr_par' dir='ltr' id='par_1_51' title="bbox 437 3311 2007 3387">
     <span class='ocr_line' id='line_1_51' title="bbox 437 3311 2007 3387; baseline -0.006 -12"><span class='ocrx_word' id='word_1_349' title='bbox 437 3322 543 3376; x_wconf 86' lang='lat' dir='ltr'><strong>bus</strong></span> <span class='ocrx_word' id='word_1_350' title='bbox 589 3332 644 3375; x_wconf 88' lang='lat' dir='ltr'><strong>et</strong></span> <span class='ocrx_word' id='word_1_351' title='bbox 673 3320 881 3374; x_wconf 73' lang='lat' dir='ltr'><strong>ccclesti</strong></span> <span class='ocrx_word' id='word_1_352' title='bbox 922 3318 1094 3387; x_wconf 87' lang='lat' dir='ltr'><strong>gratia</strong></span> <span class='ocrx_word' id='word_1_353' title='bbox 1144 3315 1548 3385; x_wconf 71' lang='lat' dir='ltr'><strong>perfruentibus</strong></span> <span class='ocrx_word' id='word_1_354' title='bbox 1576 3314 1781 3367; x_wconf 89' lang='lat' dir='ltr'><strong>honore</strong></span> <span class='ocrx_word' id='word_1_355' title='bbox 1803 3311 2007 3366; x_wconf 90' lang='lat' dir='ltr'><strong>coluis-</strong></span> 
     </span>
    </p>
   </div>
   <div class='ocr_carea' id='block_1_52' title="bbox 437 3403 2007 3477">
    <p class='ocr_par' dir='ltr' id='par_1_52' title="bbox 437 3403 2007 3477">
     <span class='ocr_line' id='line_1_52' title="bbox 437 3403 2007 3477; baseline -0.008 -12"><span class='ocrx_word' id='word_1_356' title='bbox 437 3409 861 3466; x_wconf 59' lang='lat' dir='ltr'><strong>sent.’Sedenim</strong></span> <span class='ocrx_word' id='word_1_357' title='bbox 902 3407 969 3463; x_wconf 88' lang='lat' dir='ltr'><strong>de</strong></span> <span class='ocrx_word' id='word_1_358' title='bbox 1002 3408 1274 3477; x_wconf 87' lang='lat' dir='ltr'><strong>prioribus</strong></span> <span class='ocrx_word' id='word_1_359' title='bbox 1299 3407 1364 3459; x_wconf 89' lang='lat' dir='ltr'><strong>ad</strong></span> <span class='ocrx_word' id='word_1_360' title='bbox 1397 3404 1672 3460; x_wconf 86' lang='lat' dir='ltr'><strong>contraria</strong></span> <span class='ocrx_word' id='word_1_361' title='bbox 1704 3403 2007 3463; x_wconf 85' lang='lat' dir='ltr'><strong>traductus,</strong></span> 
     </span>
    </p>
   </div>
   <div class='ocr_carea' id='block_1_53' title="bbox 440 3492 2013 3569">
    <p class='ocr_par' dir='ltr' id='par_1_53' title="bbox 440 3492 2013 3569">
     <span class='ocr_line' id='line_1_53' title="bbox 440 3492 2013 3569; baseline -0.008 -13"><span class='ocrx_word' id='word_1_362' title='bbox 440 3520 547 3557; x_wconf 89' lang='lat' dir='ltr'><strong>non</strong></span> <span class='ocrx_word' id='word_1_363' title='bbox 604 3503 715 3569; x_wconf 87' lang='lat' dir='ltr'><strong>jam</strong></span> <span class='ocrx_word' id='word_1_364' title='bbox 778 3499 1059 3569; x_wconf 65' lang='lat' dir='ltr'><strong>pristinus</strong></span> <span class='ocrx_word' id='word_1_365' title='bbox 1094 3499 1183 3552; x_wconf 91' lang='lat' dir='ltr'><strong>ille</strong></span> <span class='ocrx_word' id='word_1_366' title='bbox 1236 3496 1441 3551; x_wconf 68' lang='lat' dir='ltr'><strong>Xerxes</strong></span> <span class='ocrx_word' id='word_1_367' title='bbox 1494 3503 1665 3559; x_wconf 86' lang='lat' dir='ltr'><strong>erat,</strong></span> <span class='ocrx_word' id='word_1_368' title='bbox 1733 3493 1829 3562; x_wconf 87' lang='lat' dir='ltr'><strong>qui</strong></span> <span class='ocrx_word' id='word_1_369' title='bbox 1900 3492 2013 3545; x_wconf 65' lang='lat' dir='ltr'><strong>haec</strong></span> 
     </span>
    </p>
   </div>
   <div class='ocr_carea' id='block_1_54' title="bbox 439 3588 2009 3663">
    <p class='ocr_par' dir='ltr' id='par_1_54' title="bbox 439 3588 2009 3663">
     <span class='ocr_line' id='line_1_54' title="bbox 439 3588 2009 3663; baseline -0.006 -14"><span class='ocrx_word' id='word_1_370' title='bbox 439 3608 552 3649; x_wconf 88' lang='lat' dir='ltr'><strong>tum</strong></span> <span class='ocrx_word' id='word_1_371' title='bbox 619 3593 846 3663; x_wconf 83' lang='lat' dir='ltr'><strong>agebat,</strong></span> <span class='ocrx_word' id='word_1_372' title='bbox 915 3591 1191 3655; x_wconf 86' lang='lat' dir='ltr'><strong>celebris,</strong></span> <span class='ocrx_word' id='word_1_373' title='bbox 1263 3592 1511 3658; x_wconf 89' lang='lat' dir='ltr'><strong>inquam,</strong></span> <span class='ocrx_word' id='word_1_374' title='bbox 1554 3588 1665 3651; x_wconf 87' lang='lat' dir='ltr'><strong>ille,</strong></span> <span class='ocrx_word' id='word_1_375' title='bbox 1729 3601 2009 3654; x_wconf 82' lang='lat' dir='ltr'><strong>magnus,</strong></span> 
     </span>
    </p>
   </div>
   <div class='ocr_carea' id='block_1_55' title="bbox 434 3677 2012 3756">
    <p class='ocr_par' dir='ltr' id='par_1_55' title="bbox 434 3677 2012 3756">
     <span class='ocr_line' id='line_1_55' title="bbox 434 3677 2012 3756; baseline -0.005 -19"><span class='ocrx_word' id='word_1_376' title='bbox 434 3688 638 3756; x_wconf 63' lang='lat' dir='ltr'><strong>audax,</strong></span> <span class='ocrx_word' id='word_1_377' title='bbox 670 3687 870 3747; x_wconf 85' lang='lat' dir='ltr'><strong>elatus,</strong></span> <span class='ocrx_word' id='word_1_378' title='bbox 900 3683 1167 3745; x_wconf 86' lang='lat' dir='ltr'><strong>insolens,</strong></span> <span class='ocrx_word' id='word_1_379' title='bbox 1197 3683 1289 3749; x_wconf 90' lang='lat' dir='ltr'><strong>qui</strong></span> <span class='ocrx_word' id='word_1_380' title='bbox 1332 3696 1523 3750; x_wconf 86' lang='lat' dir='ltr'><strong>parum</strong></span> <span class='ocrx_word' id='word_1_381' title='bbox 1547 3680 1753 3740; x_wconf 81' lang='lat' dir='ltr'><strong>aberat,</strong></span> <span class='ocrx_word' id='word_1_382' title='bbox 1780 3678 1856 3730; x_wconf 91' lang='lat' dir='ltr'><strong>uti</strong></span> <span class='ocrx_word' id='word_1_383' title='bbox 1887 3677 2012 3745; x_wconf 87' lang='lat' dir='ltr'><strong>qui-</strong></span> 
     </span>
    </p>
   </div>
   <div class='ocr_carea' id='block_1_56' title="bbox 435 3768 2011 3848">
    <p class='ocr_par' dir='ltr' id='par_1_56' title="bbox 435 3768 2011 3848">
     <span class='ocr_line' id='line_1_56' title="bbox 435 3768 2011 3848; baseline -0.009 -13"><span class='ocrx_word' id='word_1_384' title='bbox 435 3784 561 3835; x_wconf 83' lang='lat' dir='ltr'><strong>dem</strong></span> <span class='ocrx_word' id='word_1_385' title='bbox 590 3777 907 3848; x_wconf 84' lang='lat' dir='ltr'><strong>apparebat,</strong></span> <span class='ocrx_word' id='word_1_386' title='bbox 943 3775 1075 3843; x_wconf 91' lang='lat' dir='ltr'><strong>quin</strong></span> <span class='ocrx_word' id='word_1_387' title='bbox 1103 3788 1227 3827; x_wconf 90' lang='lat' dir='ltr'><strong>cum</strong></span> <span class='ocrx_word' id='word_1_388' title='bbox 1257 3776 1373 3840; x_wconf 89' lang='lat' dir='ltr'><strong>ipso</strong></span> <span class='ocrx_word' id='word_1_389' title='bbox 1403 3772 1508 3825; x_wconf 89' lang='lat' dir='ltr'><strong>Deo</strong></span> <span class='ocrx_word' id='word_1_390' title='bbox 1534 3781 1805 3824; x_wconf 87' lang='lat' dir='ltr'><strong>certamen</strong></span> <span class='ocrx_word' id='word_1_391' title='bbox 1838 3768 2011 3823; x_wconf 87' lang='lat' dir='ltr'><strong>susci-</strong></span> 
     </span>
    </p>
   </div>
   <div class='ocr_carea' id='block_1_57' title="bbox 446 3860 2012 3939">
    <p class='ocr_par' dir='ltr' id='par_1_57' title="bbox 446 3860 2012 3939">
     <span class='ocr_line' id='line_1_57' title="bbox 446 3860 2012 3939; baseline -0.006 -15"><span class='ocrx_word' id='word_1_392' title='bbox 446 3880 627 3939; x_wconf 80' lang='lat' dir='ltr'><strong>peret,</strong></span> <span class='ocrx_word' id='word_1_393' title='bbox 675 3870 769 3923; x_wconf 88' lang='lat' dir='ltr'><strong>sed</strong></span> <span class='ocrx_word' id='word_1_394' title='bbox 806 3868 947 3920; x_wconf 89' lang='lat' dir='ltr'><strong>alius</strong></span> <span class='ocrx_word' id='word_1_395' title='bbox 974 3867 1042 3918; x_wconf 88' lang='lat' dir='ltr'><strong>ab</strong></span> <span class='ocrx_word' id='word_1_396' title='bbox 1072 3865 1166 3918; x_wconf 91' lang='lat' dir='ltr'><strong>illo</strong></span> <span class='ocrx_word' id='word_1_397' title='bbox 1191 3864 1468 3933; x_wconf 85' lang='lat' dir='ltr'><strong>quondam</strong></span> <span class='ocrx_word' id='word_1_398' title='bbox 1503 3861 1708 3925; x_wconf 79' lang='lat' dir='ltr'><strong>Xerxe,</strong></span> <span class='ocrx_word' id='word_1_399' title='bbox 1744 3860 2012 3929; x_wconf 86' lang='lat' dir='ltr'><strong>planeque</strong></span> 
     </span>
    </p>
   </div>
   <div class='ocr_carea' id='block_1_58' title="bbox 401 3952 2015 4026">
    <p class='ocr_par' dir='ltr' id='par_1_58' title="bbox 401 3952 2015 4026">
     <span class='ocr_line' id='line_1_58' title="bbox 401 3952 2015 4026; baseline -0.009 -10"><span class='ocrx_word' id='word_1_400' title='bbox 401 4018 410 4026; x_wconf 71' lang='grc'><strong>,</strong></span> <span class='ocrx_word' id='word_1_401' title='bbox 441 3964 711 4016; x_wconf 80' lang='lat' dir='ltr'><strong>diversus.</strong></span> <span class='ocrx_word' id='word_1_402' title='bbox 750 3958 881 4011; x_wconf 81' lang='lat' dir='ltr'><strong>Nam</strong></span> <span class='ocrx_word' id='word_1_403' title='bbox 904 3972 967 4011; x_wconf 77' lang='lat' dir='ltr'><strong>ex</strong></span> <span class='ocrx_word' id='word_1_404' title='bbox 993 3955 1338 4024; x_wconf 65' lang='lat' dir='ltr'><strong>paenitentia,</strong></span> <span class='ocrx_word' id='word_1_405' title='bbox 1375 3954 1536 4023; x_wconf 90' lang='lat' dir='ltr'><strong>quasi</strong></span> <span class='ocrx_word' id='word_1_406' title='bbox 1566 3952 1612 4006; x_wconf 89' lang='lat' dir='ltr'><strong>si</strong></span> <span class='ocrx_word' id='word_1_407' title='bbox 1644 3967 1809 4021; x_wconf 79' lang='lat' dir='ltr'><strong>grave</strong></span> <span class='ocrx_word' id='word_1_408' title='bbox 1851 3959 2015 4019; x_wconf 89' lang='lat' dir='ltr'><strong>caput</strong></span> 
     </span>
    </p>
   </div>
   <div class='ocr_carea' id='block_1_59' title="bbox 441 4043 2011 4119">
    <p class='ocr_par' dir='ltr' id='par_1_59' title="bbox 441 4043 2011 4119">
     <span class='ocr_line' id='line_1_59' title="bbox 441 4043 2011 4119; baseline -0.008 -15"><span class='ocrx_word' id='word_1_409' title='bbox 441 4061 607 4113; x_wconf 79' lang='lat' dir='ltr'><strong>esset,</strong></span> <span class='ocrx_word' id='word_1_410' title='bbox 641 4050 828 4104; x_wconf 91' lang='lat' dir='ltr'><strong>oculos</strong></span> <span class='ocrx_word' id='word_1_411' title='bbox 865 4050 920 4101; x_wconf 88' lang='lat' dir='ltr'><strong>in</strong></span> <span class='ocrx_word' id='word_1_412' title='bbox 988 4056 1189 4119; x_wconf 52' lang='lat' dir='ltr'><strong>terram</strong></span> <span class='ocrx_word' id='word_1_413' title='bbox 1243 4046 1499 4115; x_wconf 83' lang='lat' dir='ltr'><strong>deﬁgere,</strong></span> <span class='ocrx_word' id='word_1_414' title='bbox 1558 4059 1667 4097; x_wconf 89' lang='lat' dir='ltr'><strong>non</strong></span> <span class='ocrx_word' id='word_1_415' title='bbox 1703 4043 1850 4097; x_wconf 92' lang='lat' dir='ltr'><strong>illius</strong></span> <span class='ocrx_word' id='word_1_416' title='bbox 1891 4049 2011 4095; x_wconf 89' lang='lat' dir='ltr'><strong>erat</strong></span> 
     </span>
    </p>
   </div>
   <div class='ocr_carea' id='block_1_60' title="bbox 444 4134 2012 4211">
    <p class='ocr_par' dir='ltr' id='par_1_60' title="bbox 444 4134 2012 4211">
     <span class='ocr_line' id='line_1_60' title="bbox 444 4134 2012 4211; baseline -0.008 -11"><span class='ocrx_word' id='word_1_417' title='bbox 444 4144 733 4211; x_wconf 47' lang='grc' dir='ltr'>δημοτικαὶ*</span> <span class='ocrx_word' id='word_1_418' title='bbox 761 4140 979 4211; x_wconf 88' lang='lat' dir='ltr'><strong>prioris,</strong></span> <span class='ocrx_word' id='word_1_419' title='bbox 1033 4142 1120 4196; x_wconf 80' lang='lat' dir='ltr'><strong>cui</strong></span> <span class='ocrx_word' id='word_1_420' title='bbox 1157 4140 1350 4208; x_wconf 87' lang='lat' dir='ltr'><strong>primis</strong></span> <span class='ocrx_word' id='word_1_421' title='bbox 1379 4140 1446 4192; x_wconf 86' lang='lat' dir='ltr'><strong>ab</strong></span> <span class='ocrx_word' id='word_1_422' title='bbox 1498 4136 1656 4190; x_wconf 90' lang='lat' dir='ltr'><strong>annis</strong></span> <span class='ocrx_word' id='word_1_423' title='bbox 1713 4134 2012 4189; x_wconf 89' lang='lat' dir='ltr'><strong>innutritus</strong></span> 
     </span>
    </p>
   </div>
   <div class='ocr_carea' id='block_1_61' title="bbox 439 4229 2015 4302">
    <p class='ocr_par' dir='ltr' id='par_1_61' title="bbox 439 4229 2015 4302">
     <span class='ocr_line' id='line_1_61' title="bbox 439 4229 2015 4302; baseline -0.008 -13"><span class='ocrx_word' id='word_1_424' title='bbox 439 4245 581 4299; x_wconf 86' lang='lat' dir='ltr'><strong>erat,</strong></span> <span class='ocrx_word' id='word_1_425' title='bbox 618 4246 667 4288; x_wconf 92' lang='lat' dir='ltr'><strong>et</strong></span> <span class='ocrx_word' id='word_1_426' title='bbox 702 4234 908 4302; x_wconf 90' lang='lat' dir='ltr'><strong>absque</strong></span> <span class='ocrx_word' id='word_1_427' title='bbox 929 4248 1032 4301; x_wconf 88' lang='lat' dir='ltr'><strong>qua</strong></span> <span class='ocrx_word' id='word_1_428' title='bbox 1064 4248 1131 4287; x_wconf 93' lang='lat' dir='ltr'><strong>ne</strong></span> <span class='ocrx_word' id='word_1_429' title='bbox 1173 4231 1434 4299; x_wconf 83' lang='lat' dir='ltr'><strong>temporis</strong></span> <span class='ocrx_word' id='word_1_430' title='bbox 1459 4229 1679 4298; x_wconf 86' lang='lat' dir='ltr'><strong>quidem</strong></span> <span class='ocrx_word' id='word_1_431' title='bbox 1734 4236 2015 4280; x_wconf 87' lang='lat' dir='ltr'><strong>momento</strong></span> 
     </span>
    </p>
   </div>
   <div class='ocr_carea' id='block_1_62' title="bbox 446 4318 2013 4397">
    <p class='ocr_par' dir='ltr' id='par_1_62' title="bbox 446 4318 2013 4397">
     <span class='ocr_line' id='line_1_62' title="bbox 446 4318 2013 4397; baseline -0.011 -13"><span class='ocrx_word' id='word_1_432' title='bbox 446 4330 688 4397; x_wconf 78' lang='lat' dir='ltr'><strong>conspici</strong></span> <span class='ocrx_word' id='word_1_433' title='bbox 719 4336 947 4397; x_wconf 77' lang='lat' dir='ltr'><strong>poterat.</strong></span> <span class='ocrx_word' id='word_1_434' title='bbox 987 4326 1173 4388; x_wconf 83' lang='lat' dir='ltr'><strong>Itaque</strong></span> <span class='ocrx_word' id='word_1_435' title='bbox 1214 4323 1439 4375; x_wconf 82' lang='lat' dir='ltr'><strong>materie</strong></span> <span class='ocrx_word' id='word_1_436' title='bbox 1486 4319 1698 4372; x_wconf 73' lang='lat' dir='ltr'><strong>Xerxes</strong></span> <span class='ocrx_word' id='word_1_437' title='bbox 1725 4318 1864 4371; x_wconf 86' lang='lat' dir='ltr'><strong>idem</strong></span> <span class='ocrx_word' id='word_1_438' title='bbox 1899 4331 2013 4368; x_wconf 91' lang='lat' dir='ltr'><strong>ma-</strong></span> 
     </span>
    </p>
   </div>
   <div class='ocr_carea' id='block_1_63' title="bbox 443 4405 2013 4485">
    <p class='ocr_par' dir='ltr' id='par_1_63' title="bbox 443 4405 2013 4485">
     <span class='ocr_line' id='line_1_63' title="bbox 443 4405 2013 4485; baseline -0.01 -14"><span class='ocrx_word' id='word_1_439' title='bbox 443 4434 584 4472; x_wconf 91' lang='lat' dir='ltr'><strong>nens</strong></span> <span class='ocrx_word' id='word_1_440' title='bbox 622 4419 769 4485; x_wconf 89' lang='lat' dir='ltr'><strong>(nam</strong></span> <span class='ocrx_word' id='word_1_441' title='bbox 805 4417 920 4469; x_wconf 87' lang='lat' dir='ltr'><strong>lieri</strong></span> <span class='ocrx_word' id='word_1_442' title='bbox 968 4422 1177 4466; x_wconf 69' lang='lat' dir='ltr'><strong>natura:</strong></span> <span class='ocrx_word' id='word_1_443' title='bbox 1210 4409 1439 4464; x_wconf 84' lang='lat' dir='ltr'><strong>mutatio</strong></span> <span class='ocrx_word' id='word_1_444' title='bbox 1486 4405 1793 4475; x_wconf 89' lang='lat' dir='ltr'><strong>nequibat),</strong></span> <span class='ocrx_word' id='word_1_445' title='bbox 1836 4406 2013 4457; x_wconf 74' lang='lat' dir='ltr'><strong>forma</strong></span> 
     </span>
    </p>
   </div>
   <div class='ocr_carea' id='block_1_64' title="bbox 442 4498 2015 4581">
    <p class='ocr_par' dir='ltr' id='par_1_64' title="bbox 442 4498 2015 4581">
     <span class='ocr_line' id='line_1_64' title="bbox 442 4498 2015 4581; baseline -0.01 -17"><span class='ocrx_word' id='word_1_446' title='bbox 442 4521 688 4581; x_wconf 77' lang='lat' dir='ltr'><strong>extreme</strong></span> <span class='ocrx_word' id='word_1_447' title='bbox 715 4513 946 4569; x_wconf 87' lang='lat' dir='ltr'><strong>tnutata,</strong></span> <span class='ocrx_word' id='word_1_448' title='bbox 983 4502 1198 4558; x_wconf 89' lang='lat' dir='ltr'><strong>cunctis</strong></span> <span class='ocrx_word' id='word_1_449' title='bbox 1230 4500 1524 4553; x_wconf 75' lang='lat' dir='ltr'><strong>maximam</strong></span> <span class='ocrx_word' id='word_1_450' title='bbox 1558 4498 1627 4551; x_wconf 89' lang='lat' dir='ltr'><strong>de</strong></span> <span class='ocrx_word' id='word_1_451' title='bbox 1658 4513 1715 4550; x_wconf 90' lang='lat' dir='ltr'><strong>se</strong></span> <span class='ocrx_word' id='word_1_452' title='bbox 1742 4498 2015 4565; x_wconf 65' lang='lat' dir='ltr'><strong>praibebat</strong></span> 
     </span>
    </p>
   </div>
   <div class='ocr_carea' id='block_1_65' title="bbox 2113 2004 3680 2087">
    <p class='ocr_par' dir='ltr' id='par_1_65' title="bbox 2113 2004 3680 2087">
     <span class='ocr_line' id='line_1_65' title="bbox 2113 2004 3680 2087; baseline -0.013 -15"><span class='ocrx_word' id='word_1_453' title='bbox 2113 2019 2345 2087; x_wconf 77' lang='grc' dir='ltr'>λέγοιτο,</span> <span class='ocrx_word' id='word_1_454' title='bbox 2387 2016 2492 2069; x_wconf 80' lang='grc' dir='ltr'><strong>κᾶν</strong></span> <span class='ocrx_word' id='word_1_455' title='bbox 2522 2013 2931 2083; x_wconf 77' lang='grc' dir='ltr'>ὲπαχθέστατος</span> <span class='ocrx_word' id='word_1_456' title='bbox 2976 2010 3149 2074; x_wconf 81' lang='grc' dir='ltr'>δόξαι,</span> <span class='ocrx_word' id='word_1_457' title='bbox 3180 2010 3273 2061; x_wconf 91' lang='grc' dir='ltr'><strong>καί</strong></span> <span class='ocrx_word' id='word_1_458' title='bbox 3304 2023 3406 2057; x_wconf 76' lang='grc' dir='ltr'><strong>που</strong></span> <span class='ocrx_word' id='word_1_459' title='bbox 3436 2004 3529 2057; x_wconf 71' lang='grc' dir='ltr'><strong>καὶ</strong></span> <span class='ocrx_word' id='word_1_460' title='bbox 3562 2004 3680 2052; x_wconf 78' lang='grc' dir='ltr'>ἐπι-</span> 
     </span>
    </p>
   </div>
   <div class='ocr_carea' id='block_1_66' title="bbox 2115 2095 3679 2181">
    <p class='ocr_par' dir='ltr' id='par_1_66' title="bbox 2115 2095 3679 2181">
     <span class='ocr_line' id='line_1_66' title="bbox 2115 2095 3679 2181; baseline -0.012 -18"><span class='ocrx_word' id='word_1_461' title='bbox 2115 2111 2334 2181; x_wconf 83' lang='grc' dir='ltr'>τίμησίν</span> <span class='ocrx_word' id='word_1_462' title='bbox 2392 2126 2512 2161; x_wconf 81' lang='grc' dir='ltr'>τινα</span> <span class='ocrx_word' id='word_1_463' title='bbox 2562 2105 2691 2174; x_wconf 74' lang='grc' dir='ltr'>παρ’</span> <span class='ocrx_word' id='word_1_464' title='bbox 2743 2104 2909 2157; x_wconf 80' lang='grc' dir='ltr'>αύτοῦ</span> <span class='ocrx_word' id='word_1_465' title='bbox 2973 2102 3253 2167; x_wconf 76' lang='grc' dir='ltr'>δέξασθαι.</span> <span class='ocrx_word' id='word_1_466' title='bbox 3326 2097 3515 2151; x_wconf 76' lang='grc' dir='ltr'>Καίτοι</span> <span class='ocrx_word' id='word_1_467' title='bbox 3582 2095 3679 2145; x_wconf 71' lang='grc' dir='ltr'>καὶ</span> 
     </span>
    </p>
   </div>
   <div class='ocr_carea' id='block_1_67' title="bbox 2116 2189 3680 2273">
    <p class='ocr_par' dir='ltr' id='par_1_67' title="bbox 2116 2189 3680 2273">
     <span class='ocr_line' id='line_1_67' title="bbox 2116 2189 3680 2273; baseline -0.013 -16"><span class='ocrx_word' id='word_1_468' title='bbox 2116 2205 2351 2273; x_wconf 78' lang='grc' dir='ltr'>ἐδέχετο,</span> <span class='ocrx_word' id='word_1_469' title='bbox 2382 2204 2475 2254; x_wconf 64' lang='grc' dir='ltr'>καὶ</span> <span class='ocrx_word' id='word_1_470' title='bbox 2504 2201 2823 2270; x_wconf 72' lang='grc' dir='ltr'>ἠσπάζετο,</span> <span class='ocrx_word' id='word_1_471' title='bbox 2871 2196 2965 2250; x_wconf 75' lang='grc' dir='ltr'><strong>καὶ</strong></span> <span class='ocrx_word' id='word_1_472' title='bbox 3026 2195 3238 2263; x_wconf 81' lang='grc' dir='ltr'>συχνοῖς</span> <span class='ocrx_word' id='word_1_473' title='bbox 3284 2189 3542 2259; x_wconf 73' lang='grc' dir='ltr'>ἠμείϐετο</span> <span class='ocrx_word' id='word_1_474' title='bbox 3581 2189 3680 2237; x_wconf 72' lang='grc' dir='ltr'><strong>(Ζῶ-</strong></span> 
     </span>
    </p>
   </div>
   <div class='ocr_carea' id='block_1_68' title="bbox 2119 2280 3681 2365">
    <p class='ocr_par' dir='ltr' id='par_1_68' title="bbox 2119 2280 3681 2365">
     <span class='ocr_line' id='line_1_68' title="bbox 2119 2280 3681 2365; baseline -0.011 -17"><span class='ocrx_word' id='word_1_475' title='bbox 2119 2313 2256 2365; x_wconf 87' lang='grc' dir='ltr'>ροις,</span> <span class='ocrx_word' id='word_1_476' title='bbox 2301 2294 2463 2348; x_wconf 81' lang='grc' dir='ltr'>ὁπότε</span> <span class='ocrx_word' id='word_1_477' title='bbox 2513 2292 2797 2354; x_wconf 76' lang='grc' dir='ltr'>παντελῶς</span> <span class='ocrx_word' id='word_1_478' title='bbox 2843 2288 3249 2356; x_wconf 74' lang='grc' dir='ltr'>ἀσωφρόνιστος</span> <span class='ocrx_word' id='word_1_479' title='bbox 3301 2280 3404 2354; x_wconf 84' lang='grc' dir='ltr'>ἦν,</span> <span class='ocrx_word' id='word_1_480' title='bbox 3449 2282 3501 2335; x_wconf 82' lang='grc' dir='ltr'><strong>εί</strong></span> <span class='ocrx_word' id='word_1_481' title='bbox 3538 2297 3681 2341; x_wconf 86' lang='grc' dir='ltr'>τινες</span> 
     </span>
    </p>
   </div>
   <div class='ocr_carea' id='block_1_69' title="bbox 2116 2375 3679 2455">
    <p class='ocr_par' dir='ltr' id='par_1_69' title="bbox 2116 2375 3679 2455">
     <span class='ocr_line' id='line_1_69' title="bbox 2116 2375 3679 2455; baseline -0.012 -15"><span class='ocrx_word' id='word_1_482' title='bbox 2116 2390 2321 2443; x_wconf 80' lang='grc' dir='ltr'>ἐκεῖνον</span> <span class='ocrx_word' id='word_1_483' title='bbox 2348 2388 2616 2455; x_wconf 83' lang='grc' dir='ltr'>ἐτίμησαν</span> <span class='ocrx_word' id='word_1_484' title='bbox 2643 2385 2731 2436; x_wconf 75' lang='grc' dir='ltr'>ἴσα</span> <span class='ocrx_word' id='word_1_485' title='bbox 2757 2385 2869 2446; x_wconf 83' lang='grc' dir='ltr'>ταῖς</span> <span class='ocrx_word' id='word_1_486' title='bbox 2899 2384 2954 2435; x_wconf 83' lang='grc' dir='ltr'>ὲν</span> <span class='ocrx_word' id='word_1_487' title='bbox 2982 2379 3195 2449; x_wconf 81' lang='grc' dir='ltr'>οὐρανῷ</span> <span class='ocrx_word' id='word_1_488' title='bbox 3220 2375 3679 2437; x_wconf 56' lang='grc' dir='ltr'>πολιτευομένοις,</span> 
     </span>
    </p>
   </div>
   <div class='ocr_carea' id='block_1_70' title="bbox 2117 2467 3684 2549">
    <p class='ocr_par' dir='ltr' id='par_1_70' title="bbox 2117 2467 3684 2549">
     <span class='ocr_line' id='line_1_70' title="bbox 2117 2467 3684 2549; baseline -0.01 -14"><span class='ocrx_word' id='word_1_489' title='bbox 2117 2482 2211 2536; x_wconf 76' lang='grc' dir='ltr'><strong>καὶ</strong></span> <span class='ocrx_word' id='word_1_490' title='bbox 2247 2481 2344 2549; x_wconf 79' lang='grc' dir='ltr'><strong>τῆς</strong></span> <span class='ocrx_word' id='word_1_491' title='bbox 2377 2478 2566 2531; x_wconf 82' lang='grc' dir='ltr'>αὐτόθι</span> <span class='ocrx_word' id='word_1_492' title='bbox 2630 2476 2852 2546; x_wconf 88' lang='grc' dir='ltr'>χάριτος</span> <span class='ocrx_word' id='word_1_493' title='bbox 2896 2473 3284 2527; x_wconf 79' lang='grc' dir='ltr'>ἀπολαύουσιν.</span> <span class='ocrx_word' id='word_1_494' title='bbox 3324 2468 3464 2520; x_wconf 81' lang='grc' dir='ltr'>Ἀλλ’</span> <span class='ocrx_word' id='word_1_495' title='bbox 3509 2467 3608 2536; x_wconf 67' lang='grc' dir='ltr'><strong>οὐχ</strong></span> <span class='ocrx_word' id='word_1_496' title='bbox 3656 2469 3684 2519; x_wconf 88' lang='grc' dir='ltr'>ὁ</span> 
     </span>
    </p>
   </div>
   <div class='ocr_carea' id='block_1_71' title="bbox 2117 2562 3682 2646">
    <p class='ocr_par' dir='ltr' id='par_1_71' title="bbox 2117 2562 3682 2646">
     <span class='ocr_line' id='line_1_71' title="bbox 2117 2562 3682 2646; baseline -0.011 -19"><span class='ocrx_word' id='word_1_497' title='bbox 2117 2578 2309 2646; x_wconf 83' lang='grc' dir='ltr'>πρώην</span> <span class='ocrx_word' id='word_1_498' title='bbox 2335 2572 2539 2643; x_wconf 78' lang='grc' dir='ltr'>Ξέρξης</span> <span class='ocrx_word' id='word_1_499' title='bbox 2564 2567 2654 2640; x_wconf 79' lang='grc' dir='ltr'>ἦν,</span> <span class='ocrx_word' id='word_1_500' title='bbox 2675 2568 3145 2640; x_wconf 83' lang='grc' dir='ltr'>μετενηνεγμένος</span> <span class='ocrx_word' id='word_1_501' title='bbox 3174 2568 3236 2618; x_wconf 85' lang='grc' dir='ltr'>ὲκ</span> <span class='ocrx_word' id='word_1_502' title='bbox 3267 2564 3377 2616; x_wconf 86' lang='grc' dir='ltr'><strong>τῶν</strong></span> <span class='ocrx_word' id='word_1_503' title='bbox 3403 2562 3682 2631; x_wconf 83' lang='grc' dir='ltr'>προτέρων</span> 
     </span>
    </p>
   </div>
   <div class='ocr_carea' id='block_1_72' title="bbox 2119 2658 3685 2738">
    <p class='ocr_par' dir='ltr' id='par_1_72' title="bbox 2119 2658 3685 2738">
     <span class='ocr_line' id='line_1_72' title="bbox 2119 2658 3685 2738; baseline -0.01 -16"><span class='ocrx_word' id='word_1_504' title='bbox 2119 2669 2256 2738; x_wconf 81' lang='grc' dir='ltr'>πρὸς</span> <span class='ocrx_word' id='word_1_505' title='bbox 2303 2666 2587 2729; x_wconf 83' lang='grc' dir='ltr'>τάναντία,</span> <span class='ocrx_word' id='word_1_506' title='bbox 2624 2667 2651 2717; x_wconf 85' lang='grc' dir='ltr'>ὀ</span> <span class='ocrx_word' id='word_1_507' title='bbox 2705 2661 2881 2716; x_wconf 79' lang='grc' dir='ltr'>ταῦτα</span> <span class='ocrx_word' id='word_1_508' title='bbox 2940 2661 3065 2713; x_wconf 79' lang='grc' dir='ltr'>τότε</span> <span class='ocrx_word' id='word_1_509' title='bbox 3113 2658 3607 2729; x_wconf 83' lang='grc' dir='ltr'>διαπραττόμενος,</span> <span class='ocrx_word' id='word_1_510' title='bbox 3656 2658 3685 2707; x_wconf 87' lang='grc' dir='ltr'><strong>ὁ</strong></span> 
     </span>
    </p>
   </div>
   <div class='ocr_carea' id='block_1_73' title="bbox 2117 2745 3683 2826">
    <p class='ocr_par' dir='ltr' id='par_1_73' title="bbox 2117 2745 3683 2826">
     <span class='ocr_line' id='line_1_73' title="bbox 2117 2745 3683 2826; baseline -0.01 -13"><span class='ocrx_word' id='word_1_511' title='bbox 2117 2762 2303 2823; x_wconf 76' lang='grc' dir='ltr'>πολὺς,</span> <span class='ocrx_word' id='word_1_512' title='bbox 2333 2761 2360 2811; x_wconf 92' lang='grc' dir='ltr'>ὀ</span> <span class='ocrx_word' id='word_1_513' title='bbox 2392 2758 2586 2826; x_wconf 82' lang='grc' dir='ltr'>μέγας,</span> <span class='ocrx_word' id='word_1_514' title='bbox 2614 2758 2642 2807; x_wconf 81' lang='grc' dir='ltr'>ὁ</span> <span class='ocrx_word' id='word_1_515' title='bbox 2673 2754 2902 2824; x_wconf 80' lang='grc' dir='ltr'>θρασὺς,</span> <span class='ocrx_word' id='word_1_516' title='bbox 2929 2754 2957 2805; x_wconf 78' lang='grc' dir='ltr'>ὁ</span> <span class='ocrx_word' id='word_1_517' title='bbox 2988 2750 3322 2820; x_wconf 83' lang='grc' dir='ltr'>ὑπερόπτης,</span> <span class='ocrx_word' id='word_1_518' title='bbox 3342 2748 3371 2799; x_wconf 84' lang='grc' dir='ltr'><strong>ὁ</strong></span> <span class='ocrx_word' id='word_1_519' title='bbox 3398 2745 3683 2817; x_wconf 84' lang='grc' dir='ltr'>ὑϐριστὴς,</span> 
     </span>
    </p>
   </div>
   <div class='ocr_carea' id='block_1_74' title="bbox 2115 2836 3686 2913">
    <p class='ocr_par' dir='ltr' id='par_1_74' title="bbox 2115 2836 3686 2913">
     <span class='ocr_line' id='line_1_74' title="bbox 2115 2836 3686 2913; baseline -0.011 -8"><span class='ocrx_word' id='word_1_520' title='bbox 2115 2849 2523 2913; x_wconf 50' lang='grc' dir='ltr'>ὁλκινδυνεύων,</span> <span class='ocrx_word' id='word_1_521' title='bbox 2560 2846 2634 2907; x_wconf 81' lang='grc' dir='ltr'>ὥς</span> <span class='ocrx_word' id='word_1_522' title='bbox 2677 2844 3069 2911; x_wconf 76' lang='grc' dir='ltr'>γεέφαίνετο,</span> <span class='ocrx_word' id='word_1_523' title='bbox 3102 2842 3195 2895; x_wconf 70' lang='grc' dir='ltr'><strong>κα)⁸</strong></span> <span class='ocrx_word' id='word_1_524' title='bbox 3249 2838 3384 2909; x_wconf 74' lang='grc' dir='ltr'>πρὸς</span> <span class='ocrx_word' id='word_1_525' title='bbox 3432 2838 3493 2891; x_wconf 83' lang='grc' dir='ltr'>τὸ</span> <span class='ocrx_word' id='word_1_526' title='bbox 3542 2836 3686 2889; x_wconf 73' lang='grc' dir='ltr'>θεῖον</span> 
     </span>
    </p>
   </div>
   <div class='ocr_carea' id='block_1_75' title="bbox 2116 2929 3683 3014">
    <p class='ocr_par' dir='ltr' id='par_1_75' title="bbox 2116 2929 3683 3014">
     <span class='ocr_line' id='line_1_75' title="bbox 2116 2929 3683 3014; baseline -0.01 -19"><span class='ocrx_word' id='word_1_527' title='bbox 2116 2944 2218 3014; x_wconf 74' lang='grc' dir='ltr'><strong>ἤδη</strong></span> <span class='ocrx_word' id='word_1_528' title='bbox 2252 2939 2555 3010; x_wconf 80' lang='grc' dir='ltr'>κεχρῆσθαί</span> <span class='ocrx_word' id='word_1_529' title='bbox 2596 2955 2741 2991; x_wconf 89' lang='grc' dir='ltr'>τισιν</span> <span class='ocrx_word' id='word_1_530' title='bbox 2790 2935 3069 3005; x_wconf 76' lang='grc' dir='ltr'>ἁμίλλαις,</span> <span class='ocrx_word' id='word_1_531' title='bbox 3101 2933 3215 2987; x_wconf 82' lang='grc' dir='ltr'>ἀλλ’</span> <span class='ocrx_word' id='word_1_532' title='bbox 3260 2932 3448 3001; x_wconf 69' lang='grc' dir='ltr'>ἕτερός</span> <span class='ocrx_word' id='word_1_533' title='bbox 3473 2948 3558 2993; x_wconf 87' lang='grc' dir='ltr'><strong>τις</strong></span> <span class='ocrx_word' id='word_1_534' title='bbox 3590 2929 3683 2982; x_wconf 73' lang='grc' dir='ltr'><strong>τοῦ</strong></span> 
     </span>
    </p>
   </div>
   <div class='ocr_carea' id='block_1_76' title="bbox 2116 3022 3686 3105">
    <p class='ocr_par' dir='ltr' id='par_1_76' title="bbox 2116 3022 3686 3105">
     <span class='ocr_line' id='line_1_76' title="bbox 2116 3022 3686 3105; baseline -0.01 -15"><span class='ocrx_word' id='word_1_535' title='bbox 2116 3038 2283 3091; x_wconf 73' lang='grc' dir='ltr'>πάλαι</span> <span class='ocrx_word' id='word_1_536' title='bbox 2328 3033 2553 3105; x_wconf 76' lang='grc' dir='ltr'>Ξέρξου,</span> <span class='ocrx_word' id='word_1_537' title='bbox 2585 3032 2677 3085; x_wconf 73' lang='grc' dir='ltr'>καὶ</span> <span class='ocrx_word' id='word_1_538' title='bbox 2732 3031 2908 3099; x_wconf 83' lang='grc' dir='ltr'>πάντη</span> <span class='ocrx_word' id='word_1_539' title='bbox 2966 3028 3135 3093; x_wconf 80' lang='grc' dir='ltr'>ξένος.</span> <span class='ocrx_word' id='word_1_540' title='bbox 3190 3026 3263 3077; x_wconf 79' lang='grc' dir='ltr'><strong>Τὸ</strong></span> <span class='ocrx_word' id='word_1_541' title='bbox 3303 3026 3411 3092; x_wconf 84' lang='grc' dir='ltr'>γὰρ</span> <span class='ocrx_word' id='word_1_542' title='bbox 3456 3023 3520 3092; x_wconf 77' lang='grc' dir='ltr'><strong>δὴ</strong></span> <span class='ocrx_word' id='word_1_543' title='bbox 3553 3022 3686 3091; x_wconf 68' lang='grc' dir='ltr'>πρὸς</span> 
     </span>
    </p>
   </div>
   <div class='ocr_carea' id='block_1_77' title="bbox 2114 3118 3684 3201">
    <p class='ocr_par' dir='ltr' id='par_1_77' title="bbox 2114 3118 3684 3201">
     <span class='ocr_line' id='line_1_77' title="bbox 2114 3118 3684 3201; baseline -0.02 -17"><span class='ocrx_word' id='word_1_544' title='bbox 2114 3131 2218 3201; x_wconf 80' lang='grc' dir='ltr'><strong>γῆν</strong></span> <span class='ocrx_word' id='word_1_545' title='bbox 2249 3129 2475 3182; x_wconf 84' lang='grc' dir='ltr'>κύπτειν</span> <span class='ocrx_word' id='word_1_546' title='bbox 2513 3123 2847 3196; x_wconf 77' lang='grc' dir='ltr'>μεταμελείᾳ</span> <span class='ocrx_word' id='word_1_547' title='bbox 2876 3122 2997 3192; x_wconf 68' lang='grc' dir='ltr'>τὴν</span> <span class='ocrx_word' id='word_1_548' title='bbox 3035 3119 3278 3188; x_wconf 76' lang='grc' dir='ltr'>κεφαλὴν</span> <span class='ocrx_word' id='word_1_549' title='bbox 3322 3118 3684 3189; x_wconf 73' lang='grc' dir='ltr'>βαρυνόμενον</span> 
     </span>
    </p>
   </div>
   <div class='ocr_carea' id='block_1_78' title="bbox 2113 3208 3682 3293">
    <p class='ocr_par' dir='ltr' id='par_1_78' title="bbox 2113 3208 3682 3293">
     <span class='ocr_line' id='line_1_78' title="bbox 2113 3208 3682 3293; baseline -0.008 -18"><span class='ocrx_word' id='word_1_550' title='bbox 2113 3224 2213 3275; x_wconf 78' lang='grc' dir='ltr'><strong>οὐκ</strong></span> <span class='ocrx_word' id='word_1_551' title='bbox 2254 3218 2320 3293; x_wconf 84' lang='grc' dir='ltr'>ἧν</span> <span class='ocrx_word' id='word_1_552' title='bbox 2369 3222 2466 3289; x_wconf 85' lang='grc' dir='ltr'>τῆς</span> <span class='ocrx_word' id='word_1_553' title='bbox 2515 3218 2794 3289; x_wconf 79' lang='grc' dir='ltr'>προτέρας</span> <span class='ocrx_word' id='word_1_554' title='bbox 2850 3208 3233 3287; x_wconf 71' lang='grc' dir='ltr'>ὑπεροψίας,ᾖ</span> <span class='ocrx_word' id='word_1_555' title='bbox 3265 3229 3329 3281; x_wconf 88' lang='grc' dir='ltr'><strong>γε</strong></span> <span class='ocrx_word' id='word_1_556' title='bbox 3388 3213 3682 3282; x_wconf 79' lang='grc' dir='ltr'>σύντροφος</span> 
     </span>
    </p>
   </div>
   <div class='ocr_carea' id='block_1_79' title="bbox 2114 3304 3676 3385">
    <p class='ocr_par' dir='ltr' id='par_1_79' title="bbox 2114 3304 3676 3385">
     <span class='ocr_line' id='line_1_79' title="bbox 2114 3304 3676 3385; baseline -0.011 -16"><span class='ocrx_word' id='word_1_557' title='bbox 2114 3321 2343 3378; x_wconf 80' lang='grc' dir='ltr'>ἐκεῖνος,</span> <span class='ocrx_word' id='word_1_558' title='bbox 2372 3316 2467 3367; x_wconf 75' lang='grc' dir='ltr'><strong>καὶ</strong></span> <span class='ocrx_word' id='word_1_559' title='bbox 2498 3310 2565 3385; x_wconf 77' lang='grc' dir='ltr'>ἧς</span> <span class='ocrx_word' id='word_1_560' title='bbox 2613 3313 2786 3382; x_wconf 79' lang='grc' dir='ltr'>χωρὶς</span> <span class='ocrx_word' id='word_1_561' title='bbox 2837 3309 2949 3361; x_wconf 76' lang='grc' dir='ltr'>οὐδ’</span> <span class='ocrx_word' id='word_1_562' title='bbox 2980 3310 3038 3361; x_wconf 82' lang='grc' dir='ltr'>ὲν</span> <span class='ocrx_word' id='word_1_563' title='bbox 3091 3308 3295 3374; x_wconf 76' lang='grc' dir='ltr'>ἀκαρεῖ</span> <span class='ocrx_word' id='word_1_564' title='bbox 3326 3305 3434 3362; x_wconf 82' lang='grc' dir='ltr'>,τοῦ</span> <span class='ocrx_word' id='word_1_565' title='bbox 3483 3304 3676 3370; x_wconf 86' lang='grc' dir='ltr'>χρόνου</span> 
     </span>
    </p>
   </div>
   <div class='ocr_carea' id='block_1_80' title="bbox 2112 3392 3671 3475">
    <p class='ocr_par' dir='ltr' id='par_1_80' title="bbox 2112 3392 3671 3475">
     <span class='ocr_line' id='line_1_80' title="bbox 2112 3392 3671 3475; baseline -0.01 -18"><span class='ocrx_word' id='word_1_566' title='bbox 2112 3405 2301 3459; x_wconf 84' lang='grc' dir='ltr'>τοῦτον</span> <span class='ocrx_word' id='word_1_567' title='bbox 2343 3402 2412 3475; x_wconf 83' lang='grc' dir='ltr'>ἦν</span> <span class='ocrx_word' id='word_1_568' title='bbox 2461 3403 2739 3471; x_wconf 77' lang='grc' dir='ltr'>θεαθῆναι.</span> <span class='ocrx_word' id='word_1_569' title='bbox 2783 3401 2947 3454; x_wconf 84' lang='grc' dir='ltr'>Ὥστε</span> <span class='ocrx_word' id='word_1_570' title='bbox 2984 3397 3084 3469; x_wconf 86' lang='grc' dir='ltr'><strong>τὴν</strong></span> <span class='ocrx_word' id='word_1_571' title='bbox 3120 3397 3250 3465; x_wconf 81' lang='grc' dir='ltr'>ὓλην</span> <span class='ocrx_word' id='word_1_572' title='bbox 3290 3399 3317 3449; x_wconf 86' lang='grc' dir='ltr'><strong><em>ὁ</em></strong></span> <span class='ocrx_word' id='word_1_573' title='bbox 3346 3394 3508 3455; x_wconf 80' lang='grc' dir='ltr'>αὐτὸς</span> <span class='ocrx_word' id='word_1_574' title='bbox 3540 3392 3671 3460; x_wconf 82' lang='grc' dir='ltr'>Ξέρ-</span> 
     </span>
    </p>
   </div>
   <div class='ocr_carea' id='block_1_81' title="bbox 2115 3485 3670 3567">
    <p class='ocr_par' dir='ltr' id='par_1_81' title="bbox 2115 3485 3670 3567">
     <span class='ocr_line' id='line_1_81' title="bbox 2115 3485 3670 3567; baseline -0.012 -14"><span class='ocrx_word' id='word_1_575' title='bbox 2115 3499 2211 3566; x_wconf 80' lang='grc' dir='ltr'><strong>ξης</strong></span> <span class='ocrx_word' id='word_1_576' title='bbox 2245 3497 2425 3567; x_wconf 86' lang='grc' dir='ltr'>μένων</span> <span class='ocrx_word' id='word_1_577' title='bbox 2454 3495 2535 3566; x_wconf 84' lang='grc' dir='ltr'>(ού</span> <span class='ocrx_word' id='word_1_578' title='bbox 2578 3495 2686 3563; x_wconf 80' lang='grc' dir='ltr'>γὰρ</span> <span class='ocrx_word' id='word_1_579' title='bbox 2718 3492 2848 3561; x_wconf 73' lang='grc' dir='ltr'><strong>ὲνῆν</strong></span> <span class='ocrx_word' id='word_1_580' title='bbox 2892 3492 2992 3561; x_wconf 80' lang='grc' dir='ltr'>τὴν</span> <span class='ocrx_word' id='word_1_581' title='bbox 3019 3489 3181 3560; x_wconf 78' lang='grc' dir='ltr'>φύσιν</span> <span class='ocrx_word' id='word_1_582' title='bbox 3218 3485 3589 3559; x_wconf 84' lang='grc' dir='ltr'>μεταϐαλεῖν),</span> <span class='ocrx_word' id='word_1_583' title='bbox 3611 3486 3670 3535; x_wconf 82' lang='grc' dir='ltr'>τὸ</span> 
     </span>
    </p>
   </div>
   <div class='ocr_carea' id='block_1_82' title="bbox 2113 3576 3675 3656">
    <p class='ocr_par' dir='ltr' id='par_1_82' title="bbox 2113 3576 3675 3656">
     <span class='ocr_line' id='line_1_82' title="bbox 2113 3576 3675 3656; baseline -0.01 -13"><span class='ocrx_word' id='word_1_584' title='bbox 2113 3586 2251 3651; x_wconf 84' lang='grc' dir='ltr'>εἶδος</span> <span class='ocrx_word' id='word_1_585' title='bbox 2305 3588 2488 3656; x_wconf 82' lang='grc' dir='ltr'>ἄκρως</span> <span class='ocrx_word' id='word_1_586' title='bbox 2537 3583 2802 3654; x_wconf 81' lang='grc' dir='ltr'>ἀμείψας,</span> <span class='ocrx_word' id='word_1_587' title='bbox 2837 3584 3047 3645; x_wconf 83' lang='grc' dir='ltr'>πάντας</span> <span class='ocrx_word' id='word_1_588' title='bbox 3104 3598 3168 3649; x_wconf 83' lang='grc' dir='ltr'><strong>γε</strong></span> <span class='ocrx_word' id='word_1_589' title='bbox 3214 3583 3437 3649; x_wconf 77' lang='grc' dir='ltr'>παρεῖχε</span> <span class='ocrx_word' id='word_1_590' title='bbox 3467 3576 3675 3644; x_wconf 77' lang='grc' dir='ltr'>θαυμά-</span> 
     </span>
    </p>
   </div>
   <div class='ocr_carea' id='block_1_83' title="bbox 2115 3669 3682 3746">
    <p class='ocr_par' dir='ltr' id='par_1_83' title="bbox 2115 3669 3682 3746">
     <span class='ocr_line' id='line_1_83' title="bbox 2115 3669 3682 3746; baseline -0.01 -13"><span class='ocrx_word' id='word_1_591' title='bbox 2115 3683 2250 3744; x_wconf 83' lang='grc' dir='ltr'>ζειν,</span> <span class='ocrx_word' id='word_1_592' title='bbox 2284 3680 2343 3732; x_wconf 66' lang='lat' dir='ltr'><strong>ob</strong></span> <span class='ocrx_word' id='word_1_593' title='bbox 2381 3678 2712 3746; x_wconf 74' lang='grc' dir='ltr'>φιλοσοφῶν,</span> <span class='ocrx_word' id='word_1_594' title='bbox 2748 3676 2807 3728; x_wconf 83' lang='grc' dir='ltr'><strong>ού</strong></span> <span class='ocrx_word' id='word_1_595' title='bbox 2857 3673 3192 3745; x_wconf 79' lang='grc' dir='ltr'>μετριάζων,</span> <span class='ocrx_word' id='word_1_596' title='bbox 3224 3671 3389 3725; x_wconf 76' lang='grc' dir='ltr'>πόθεν</span> <span class='ocrx_word' id='word_1_597' title='bbox 3415 3689 3428 3733; x_wconf 88' lang='grc'>;</span> <span class='ocrx_word' id='word_1_598' title='bbox 3458 3669 3682 3721; x_wconf 58' lang='lat' dir='ltr'><strong>novav-</strong></span> 
     </span>
    </p>
   </div>
   <div class='ocr_carea' id='block_1_84' title="bbox 2113 3761 3683 3841">
    <p class='ocr_par' dir='ltr' id='par_1_84' title="bbox 2113 3761 3683 3841">
     <span class='ocr_line' id='line_1_84' title="bbox 2113 3761 3683 3841; baseline -0.004 -13"><span class='ocrx_word' id='word_1_599' title='bbox 2113 3775 2227 3828; x_wconf 83' lang='grc' dir='ltr'>τίον</span> <span class='ocrx_word' id='word_1_600' title='bbox 2285 3774 2409 3841; x_wconf 12' lang='grc' dir='ltr'>μὲν,</span> <span class='ocrx_word' id='word_1_601' title='bbox 2456 3770 2570 3835; x_wconf 80' lang='grc' dir='ltr'>οὖν,</span> <span class='ocrx_word' id='word_1_602' title='bbox 2621 3769 2697 3831; x_wconf 82' lang='grc' dir='ltr'>ὡς</span> <span class='ocrx_word' id='word_1_603' title='bbox 2778 3768 2856 3838; x_wconf 80' lang='grc' dir='ltr'>μὴ</span> <span class='ocrx_word' id='word_1_604' title='bbox 2936 3766 3269 3834; x_wconf 70' lang='grc' dir='ltr'>γεγευμένος</span> <span class='ocrx_word' id='word_1_605' title='bbox 3340 3761 3683 3830; x_wconf 69' lang='grc' dir='ltr'>φιλοσοφίας.</span> 
     </span>
    </p>
   </div>
   <div class='ocr_carea' id='block_1_85' title="bbox 2117 3850 3686 3936">
    <p class='ocr_par' dir='ltr' id='par_1_85' title="bbox 2117 3850 3686 3936">
     <span class='ocr_line' id='line_1_85' title="bbox 2117 3850 3686 3936; baseline -0.011 -16"><span class='ocrx_word' id='word_1_606' title='bbox 2117 3865 2435 3936; x_wconf 79' lang='grc' dir='ltr'>μετριάζειν</span> <span class='ocrx_word' id='word_1_607' title='bbox 2462 3861 2847 3930; x_wconf 85' lang='grc' dir='ltr'>διδασκούσης.</span> <span class='ocrx_word' id='word_1_608' title='bbox 2878 3859 3104 3929; x_wconf 83' lang='grc' dir='ltr'>Ταύτης</span> <span class='ocrx_word' id='word_1_609' title='bbox 3138 3859 3247 3926; x_wconf 84' lang='grc' dir='ltr'>γὰρ</span> <span class='ocrx_word' id='word_1_610' title='bbox 3297 3850 3453 3916; x_wconf 66' lang='grc' dir='ltr'>οὗτος</span> <span class='ocrx_word' id='word_1_611' title='bbox 3483 3853 3686 3923; x_wconf 78' lang='grc' dir='ltr'>ἔρημος</span> 
     </span>
    </p>
   </div>
   <div class='ocr_carea' id='block_1_86' title="bbox 2112 3944 3686 4025">
    <p class='ocr_par' dir='ltr' id='par_1_86' title="bbox 2112 3944 3686 4025">
     <span class='ocr_line' id='line_1_86' title="bbox 2112 3944 3686 4025; baseline -0.012 -12"><span class='ocrx_word' id='word_1_612' title='bbox 2112 3959 2213 4024; x_wconf 83' lang='grc' dir='ltr'><strong>ὢν,</strong></span> <span class='ocrx_word' id='word_1_613' title='bbox 2264 3958 2437 4021; x_wconf 74' lang='grc' dir='ltr'>οὕτως</span> <span class='ocrx_word' id='word_1_614' title='bbox 2490 3958 2745 4025; x_wconf 76' lang='grc' dir='ltr'>ἀκόσμως</span> <span class='ocrx_word' id='word_1_615' title='bbox 2797 3956 3072 4025; x_wconf 73' lang='grc' dir='ltr'>ἐχρήσατο</span> <span class='ocrx_word' id='word_1_616' title='bbox 3130 3952 3196 4020; x_wconf 75' lang='grc' dir='ltr'>τῇ</span> <span class='ocrx_word' id='word_1_617' title='bbox 3251 3946 3560 4018; x_wconf 79' lang='grc' dir='ltr'>μεταϐολῇ,</span> <span class='ocrx_word' id='word_1_618' title='bbox 3613 3944 3686 4004; x_wconf 82' lang='grc' dir='ltr'>ὡς</span> 
     </span>
    </p>
   </div>
   <div class='ocr_carea' id='block_1_87' title="bbox 2117 4039 3687 4123">
    <p class='ocr_par' dir='ltr' id='par_1_87' title="bbox 2117 4039 3687 4123">
     <span class='ocr_line' id='line_1_87' title="bbox 2117 4039 3687 4123; baseline -0.012 -18"><span class='ocrx_word' id='word_1_619' title='bbox 2117 4052 2434 4123; x_wconf 66' lang='grc' dir='ltr'>ἀποκρύψαι</span> <span class='ocrx_word' id='word_1_620' title='bbox 2486 4049 2659 4119; x_wconf 80' lang='grc' dir='ltr'>ταύτῃ</span> <span class='ocrx_word' id='word_1_621' title='bbox 2711 4046 3043 4107; x_wconf 84' lang='grc' dir='ltr'>πολύποδας,</span> <span class='ocrx_word' id='word_1_622' title='bbox 3074 4044 3169 4096; x_wconf 79' lang='grc' dir='ltr'><strong>καὶ</strong></span> <span class='ocrx_word' id='word_1_623' title='bbox 3221 4041 3394 4109; x_wconf 83' lang='grc' dir='ltr'>λῆρον</span> <span class='ocrx_word' id='word_1_624' title='bbox 3441 4039 3687 4093; x_wconf 77' lang='grc' dir='ltr'>ἅπαντας</span> 
     </span>
    </p>
   </div>
   <div class='ocr_carea' id='block_1_88' title="bbox 2116 4126 3687 4211">
    <p class='ocr_par' dir='ltr' id='par_1_88' title="bbox 2116 4126 3687 4211">
     <span class='ocr_line' id='line_1_88' title="bbox 2116 4126 3687 4211; baseline -0.013 -14"><span class='ocrx_word' id='word_1_625' title='bbox 2116 4143 2395 4211; x_wconf 68' lang='grc' dir='ltr'>ἀποφῆναι</span> <span class='ocrx_word' id='word_1_626' title='bbox 2425 4141 2550 4203; x_wconf 78' lang='grc' dir='ltr'>τοὺς</span> <span class='ocrx_word' id='word_1_627' title='bbox 2584 4137 3003 4211; x_wconf 84' lang='grc' dir='ltr'>χαμαιλέοντας,</span> <span class='ocrx_word' id='word_1_628' title='bbox 3037 4132 3296 4209; x_wconf 33' lang='grc' dir='ltr'>Καὶθγάρ</span> <span class='ocrx_word' id='word_1_629' title='bbox 3341 4130 3370 4181; x_wconf 84' lang='grc' dir='ltr'>ὀ</span> <span class='ocrx_word' id='word_1_630' title='bbox 3402 4130 3552 4199; x_wconf 75' lang='grc' dir='ltr'>ἥρως</span> <span class='ocrx_word' id='word_1_631' title='bbox 3598 4126 3687 4211; x_wconf 76' lang='grc' dir='ltr'>ού-</span> 
     </span>
    </p>
   </div>
   <div class='ocr_carea' id='block_1_89' title="bbox 2114 4208 3685 4303">
    <p class='ocr_par' dir='ltr' id='par_1_89' title="bbox 2114 4208 3685 4303">
     <span class='ocr_line' id='line_1_89' title="bbox 2114 4208 3685 4303; baseline -0.013 -16"><span class='ocrx_word' id='word_1_632' title='bbox 2114 4237 2257 4296; x_wconf 77' lang='grc' dir='ltr'>τοσὶ,</span> <span class='ocrx_word' id='word_1_633' title='bbox 2286 4233 2485 4303; x_wconf 81' lang='grc' dir='ltr'>μᾶλλον</span> <span class='ocrx_word' id='word_1_634' title='bbox 2516 4231 2572 4283; x_wconf 81' lang='grc' dir='ltr'>δὲ</span> <span class='ocrx_word' id='word_1_635' title='bbox 2612 4233 2637 4282; x_wconf 79' lang='grc' dir='ltr'><strong>ό</strong></span> <span class='ocrx_word' id='word_1_636' title='bbox 2687 4230 2779 4281; x_wconf 79' lang='grc' dir='ltr'>καὶ</span> <span class='ocrx_word' id='word_1_637' title='bbox 2825 4228 3050 4289; x_wconf 86' lang='grc' dir='ltr'>τούτους</span> <span class='ocrx_word' id='word_1_638' title='bbox 3096 4223 3258 4284; x_wconf 74' lang='grc' dir='ltr'>αὐτὸς</span> <span class='ocrx_word' id='word_1_639' title='bbox 3304 4219 3519 4290; x_wconf 87' lang='grc' dir='ltr'>παριὼν</span> <span class='ocrx_word' id='word_1_640' title='bbox 3560 4208 3685 4276; x_wconf 68' lang='grc' dir='ltr'>τοῧς</span> 
     </span>
    </p>
   </div>
   <div class='ocr_carea' id='block_1_90' title="bbox 2116 4309 3687 4395">
    <p class='ocr_par' dir='ltr' id='par_1_90' title="bbox 2116 4309 3687 4395">
     <span class='ocr_line' id='line_1_90' title="bbox 2116 4309 3687 4395; baseline -0.018 -9"><span class='ocrx_word' id='word_1_641' title='bbox 2116 4326 2325 4395; x_wconf 77' lang='grc' dir='ltr'>ἥρωας,</span> <span class='ocrx_word' id='word_1_642' title='bbox 2360 4324 2435 4386; x_wconf 83' lang='grc' dir='ltr'>ὥς</span> <span class='ocrx_word' id='word_1_643' title='bbox 2489 4338 2551 4389; x_wconf 85' lang='grc' dir='ltr'><strong>γε</strong></span> <span class='ocrx_word' id='word_1_644' title='bbox 2604 4319 2759 4390; x_wconf 78' lang='grc' dir='ltr'>ᾤετο,</span> <span class='ocrx_word' id='word_1_645' title='bbox 2799 4318 2896 4370; x_wconf 77' lang='grc' dir='ltr'>καὶ</span> <span class='ocrx_word' id='word_1_646' title='bbox 2941 4317 3089 4384; x_wconf 84' lang='grc' dir='ltr'>Ἴρου</span> <span class='ocrx_word' id='word_1_647' title='bbox 3146 4319 3269 4366; x_wconf 76' lang='grc' dir='ltr'>τότε</span> <span class='ocrx_word' id='word_1_648' title='bbox 3324 4310 3418 4363; x_wconf 81' lang='grc' dir='ltr'><strong>τοῦ</strong></span> <span class='ocrx_word' id='word_1_649' title='bbox 3458 4309 3687 4377; x_wconf 83' lang='grc' dir='ltr'>πένητος</span> 
     </span>
    </p>
   </div>
   <div class='ocr_carea' id='block_1_91' title="bbox 2116 4398 3687 4480">
    <p class='ocr_par' dir='ltr' id='par_1_91' title="bbox 2116 4398 3687 4480">
     <span class='ocr_line' id='line_1_91' title="bbox 2116 4398 3687 4480; baseline -0.013 -12"><span class='ocrx_word' id='word_1_650' title='bbox 2116 4414 2499 4480; x_wconf 84' lang='grc' dir='ltr'>ταπεινότερον</span> <span class='ocrx_word' id='word_1_651' title='bbox 2545 4412 2865 4478; x_wconf 76' lang='grc' dir='ltr'>ἐφρόνησεν.</span> <span class='ocrx_word' id='word_1_652' title='bbox 2924 4407 3112 4466; x_wconf 79' lang='grc' dir='ltr'>Οὕτως</span> <span class='ocrx_word' id='word_1_653' title='bbox 3163 4404 3222 4467; x_wconf 74' lang='grc' dir='ltr'><strong>ιξ</strong></span> <span class='ocrx_word' id='word_1_654' title='bbox 3280 4401 3496 4470; x_wconf 69' lang='grc' dir='ltr'>αἰθέρος</span> <span class='ocrx_word' id='word_1_655' title='bbox 3547 4398 3687 4466; x_wconf 75' lang='grc' dir='ltr'>πρὸς</span> 
     </span>
    </p>
   </div>
   <div class='ocr_carea' id='block_1_92' title="bbox 2118 4490 3684 4566">
    <p class='ocr_par' dir='ltr' id='par_1_92' title="bbox 2118 4490 3684 4566">
     <span class='ocr_line' id='line_1_92' title="bbox 2118 4490 3684 4566; baseline -0.015 -4"><span class='ocrx_word' id='word_1_656' title='bbox 2118 4509 2351 4562; x_wconf 80' lang='grc' dir='ltr'>ἄϐυσσον</span> <span class='ocrx_word' id='word_1_657' title='bbox 2385 4504 2778 4566; x_wconf 76' lang='grc' dir='ltr'>ἀποπέπτωκε,</span> <span class='ocrx_word' id='word_1_658' title='bbox 2814 4494 3165 4564; x_wconf 86' lang='grc' dir='ltr'>κατενεγκὼν</span> <span class='ocrx_word' id='word_1_659' title='bbox 3215 4494 3313 4564; x_wconf 79' lang='grc' dir='ltr'>μὲν</span> <span class='ocrx_word' id='word_1_660' title='bbox 3348 4492 3444 4561; x_wconf 84' lang='grc' dir='ltr'>τὴν</span> <span class='ocrx_word' id='word_1_661' title='bbox 3491 4490 3684 4556; x_wconf 65' lang='grc' dir='ltr'>ὀφρὺν,</span> 
     </span>
    </p>
   </div>
   <div class='ocr_carea' id='block_1_93' title="bbox 440 4581 2008 4665">
    <p class='ocr_par' dir='ltr' id='par_1_93' title="bbox 440 4588 2008 4665">
     <span class='ocr_line' id='line_1_93' title="bbox 440 4588 2008 4665; baseline -0.011 -9"><span class='ocrx_word' id='word_1_662' title='bbox 440 4601 865 4656; x_wconf 79' lang='lat' dir='ltr'><strong>admirationem</strong></span> <span class='ocrx_word' id='word_1_663' title='bbox 898 4616 911 4652; x_wconf 88' lang='lat'><strong>:</strong></span> <span class='ocrx_word' id='word_1_664' title='bbox 949 4612 1057 4649; x_wconf 90' lang='lat' dir='ltr'><strong>non</strong></span> <span class='ocrx_word' id='word_1_665' title='bbox 1090 4591 1549 4665; x_wconf 87' lang='lat' dir='ltr'><strong>philosopbaudo,</strong></span> <span class='ocrx_word' id='word_1_666' title='bbox 1579 4604 1685 4641; x_wconf 91' lang='lat' dir='ltr'><strong>non</strong></span> <span class='ocrx_word' id='word_1_667' title='bbox 1730 4588 2008 4640; x_wconf 89' lang='lat' dir='ltr'><strong>moderate</strong></span> 
     </span>
    </p>
   </div>
   <div class='ocr_carea' id='block_1_94' title="bbox 2111 4581 3687 4665">
    <p class='ocr_par' dir='ltr' id='par_1_94' title="bbox 2118 4581 3687 4661">
     <span class='ocr_line' id='line_1_94' title="bbox 2118 4581 3687 4661; baseline -0.013 -10"><span class='ocrx_word' id='word_1_668' title='bbox 2118 4596 2465 4661; x_wconf 78' lang='grc' dir='ltr'>κατενεγκὼν</span> <span class='ocrx_word' id='word_1_669' title='bbox 2493 4594 2550 4647; x_wconf 77' lang='grc' dir='ltr'>δὲ</span> <span class='ocrx_word' id='word_1_670' title='bbox 2578 4594 2740 4661; x_wconf 80' lang='grc' dir='ltr'>ὄγκον</span> <span class='ocrx_word' id='word_1_671' title='bbox 2779 4592 2874 4644; x_wconf 74' lang='grc' dir='ltr'><strong>καὶ</strong></span> <span class='ocrx_word' id='word_1_672' title='bbox 2908 4590 3168 4657; x_wconf 84' lang='grc' dir='ltr'>φρόνημα</span> <span class='ocrx_word' id='word_1_673' title='bbox 3195 4602 3208 4615; x_wconf 90' lang='grc'><strong>·</strong></span> <span class='ocrx_word' id='word_1_674' title='bbox 3240 4585 3402 4654; x_wconf 69' lang='grc' dir='ltr'>ῥίψας</span> <span class='ocrx_word' id='word_1_675' title='bbox 3456 4582 3554 4650; x_wconf 73' lang='grc' dir='ltr'><strong>μὲν</strong></span> <span class='ocrx_word' id='word_1_676' title='bbox 3588 4581 3687 4647; x_wconf 75' lang='grc' dir='ltr'><strong>τὴν</strong></span> 
     </span>
    </p>
   </div>
   <div class='ocr_carea' id='block_1_95' title="bbox 446 4677 2017 4762">
    <p class='ocr_par' dir='ltr' id='par_1_95' title="bbox 446 4677 2017 4762">
     <span class='ocr_line' id='line_1_95' title="bbox 446 4677 2017 4762; baseline -0.012 -14"><span class='ocrx_word' id='word_1_677' title='bbox 446 4709 509 4749; x_wconf 83' lang='lat' dir='ltr'><strong>se</strong></span> <span class='ocrx_word' id='word_1_678' title='bbox 542 4694 799 4762; x_wconf 83' lang='lat' dir='ltr'><strong>gerendo,</strong></span> <span class='ocrx_word' id='word_1_679' title='bbox 821 4697 1079 4761; x_wconf 83' lang='lat' dir='ltr'><strong>(quonam</strong></span> <span class='ocrx_word' id='word_1_680' title='bbox 1106 4688 1156 4740; x_wconf 89' lang='lat' dir='ltr'><strong>id</strong></span> <span class='ocrx_word' id='word_1_681' title='bbox 1185 4694 1340 4754; x_wconf 80' lang='lat' dir='ltr'><strong>pacto</strong></span> <span class='ocrx_word' id='word_1_682' title='bbox 1353 4684 1396 4751; x_wconf 72' lang='lat'><strong>‘2)</strong></span> <span class='ocrx_word' id='word_1_683' title='bbox 1420 4682 1513 4737; x_wconf 88' lang='lat' dir='ltr'><strong>sed</strong></span> <span class='ocrx_word' id='word_1_684' title='bbox 1533 4680 1647 4734; x_wconf 81' lang='lat' dir='ltr'><strong>\ice</strong></span> <span class='ocrx_word' id='word_1_685' title='bbox 1671 4694 1845 4743; x_wconf 79' lang='lat' dir='ltr'><strong>versa,</strong></span> <span class='ocrx_word' id='word_1_686' title='bbox 1870 4677 2017 4747; x_wconf 87' lang='lat' dir='ltr'><strong>quod</strong></span> 
     </span>
    </p>
   </div>
   <div class='ocr_carea' id='block_1_96' title="bbox 449 4770 2016 4855">
    <p class='ocr_par' dir='ltr' id='par_1_96' title="bbox 449 4770 2016 4855">
     <span class='ocr_line' id='line_1_96' title="bbox 449 4770 2016 4855; baseline -0.01 -18"><span class='ocrx_word' id='word_1_687' title='bbox 449 4786 871 4855; x_wconf 86' lang='lat' dir='ltr'><strong>philosophiam,</strong></span> <span class='ocrx_word' id='word_1_688' title='bbox 946 4780 1331 4835; x_wconf 87' lang='lat' dir='ltr'><strong>moderationis</strong></span> <span class='ocrx_word' id='word_1_689' title='bbox 1385 4775 1722 4843; x_wconf 82' lang='lat' dir='ltr'><strong>magistram,</strong></span> <span class='ocrx_word' id='word_1_690' title='bbox 1767 4772 1873 4823; x_wconf 86' lang='lat' dir='ltr'><strong>non</strong></span> <span class='ocrx_word' id='word_1_691' title='bbox 1919 4770 2016 4822; x_wconf 84' lang='lat' dir='ltr'><strong>de-</strong></span> 
     </span>
    </p>
   </div>
   <div class='ocr_carea' id='block_1_97' title="bbox 448 4863 2014 4945">
    <p class='ocr_par' dir='ltr' id='par_1_97' title="bbox 448 4863 2014 4945">
     <span class='ocr_line' id='line_1_97' title="bbox 448 4863 2014 4945; baseline -0.013 -14"><span class='ocrx_word' id='word_1_692' title='bbox 448 4887 737 4945; x_wconf 76' lang='lat' dir='ltr'><strong>gustasset.</strong></span> <span class='ocrx_word' id='word_1_693' title='bbox 769 4877 850 4931; x_wconf 72' lang='lat' dir='ltr'><strong>Ab</strong></span> <span class='ocrx_word' id='word_1_694' title='bbox 888 4893 950 4930; x_wconf 86' lang='lat' dir='ltr'><strong>ea</strong></span> <span class='ocrx_word' id='word_1_695' title='bbox 977 4873 1291 4931; x_wconf 82' lang='lat' dir='ltr'><strong>destitutus,</strong></span> <span class='ocrx_word' id='word_1_696' title='bbox 1330 4870 1381 4921; x_wconf 92' lang='lat' dir='ltr'><strong>in</strong></span> <span class='ocrx_word' id='word_1_697' title='bbox 1415 4863 1797 4920; x_wconf 85' lang='lat' dir='ltr'><strong>vicissitudine</strong></span> <span class='ocrx_word' id='word_1_698' title='bbox 1829 4876 2014 4913; x_wconf 86' lang='lat' dir='ltr'><strong>rerum</strong></span> 
     </span>
    </p>
   </div>
   <div class='ocr_carea' id='block_1_98' title="bbox 448 4956 2017 5033">
    <p class='ocr_par' dir='ltr' id='par_1_98' title="bbox 448 4956 2017 5033">
     <span class='ocr_line' id='line_1_98' title="bbox 448 4956 2017 5033; baseline -0.011 -11"><span class='ocrx_word' id='word_1_699' title='bbox 448 4970 585 5022; x_wconf 82' lang='lat' dir='ltr'><strong>adeo</strong></span> <span class='ocrx_word' id='word_1_700' title='bbox 614 4982 673 5019; x_wconf 88' lang='lat' dir='ltr'><strong>se</strong></span> <span class='ocrx_word' id='word_1_701' title='bbox 702 4968 985 5021; x_wconf 81' lang='lat' dir='ltr'><strong>inhoneste</strong></span> <span class='ocrx_word' id='word_1_702' title='bbox 1018 4965 1205 5033; x_wconf 79' lang='lat' dir='ltr'><strong>gessit,</strong></span> <span class='ocrx_word' id='word_1_703' title='bbox 1235 4974 1291 5016; x_wconf 92' lang='lat' dir='ltr'><strong>ut</strong></span> <span class='ocrx_word' id='word_1_704' title='bbox 1330 4970 1384 5014; x_wconf 90' lang='lat' dir='ltr'><strong>et</strong></span> <span class='ocrx_word' id='word_1_705' title='bbox 1434 4958 1663 5028; x_wconf 83' lang='lat' dir='ltr'><strong>polypos</strong></span> <span class='ocrx_word' id='word_1_706' title='bbox 1693 4956 2017 5008; x_wconf 69' lang='lat' dir='ltr'><strong>obscuraret</strong></span> 
     </span>
    </p>
   </div>
   <div class='ocr_carea' id='block_1_99' title="bbox 446 5042 2015 5124">
    <p class='ocr_par' dir='ltr' id='par_1_99' title="bbox 446 5042 2015 5124">
     <span class='ocr_line' id='line_1_99' title="bbox 446 5042 2015 5124; baseline -0.013 -10"><span class='ocrx_word' id='word_1_707' title='bbox 446 5072 502 5114; x_wconf 82' lang='lat' dir='ltr'><strong>et</strong></span> <span class='ocrx_word' id='word_1_708' title='bbox 525 5058 968 5124; x_wconf 67' lang='lat' dir='ltr'><strong>chainaﬂeontes,</strong></span> <span class='ocrx_word' id='word_1_709' title='bbox 996 5072 1173 5109; x_wconf 88' lang='lat' dir='ltr'><strong>meras</strong></span> <span class='ocrx_word' id='word_1_710' title='bbox 1199 5070 1307 5123; x_wconf 76' lang='lat' dir='ltr'><strong>pra:</strong></span> <span class='ocrx_word' id='word_1_711' title='bbox 1331 5068 1389 5107; x_wconf 86' lang='lat' dir='ltr'><strong>se</strong></span> <span class='ocrx_word' id='word_1_712' title='bbox 1413 5065 1587 5119; x_wconf 86' lang='lat' dir='ltr'><strong>nugas</strong></span> <span class='ocrx_word' id='word_1_713' title='bbox 1627 5048 1849 5102; x_wconf 79' lang='lat' dir='ltr'><strong>faceret.</strong></span> <span class='ocrx_word' id='word_1_714' title='bbox 1880 5042 2015 5095; x_wconf 87' lang='lat' dir='ltr'><strong>Nam</strong></span> 
     </span>
    </p>
   </div>
   <div class='ocr_carea' id='block_1_100' title="bbox 450 5136 2019 5216">
    <p class='ocr_par' dir='ltr' id='par_1_100' title="bbox 450 5136 2019 5216">
     <span class='ocr_line' id='line_1_100' title="bbox 450 5136 2019 5216; baseline -0.014 -9"><span class='ocrx_word' id='word_1_715' title='bbox 450 5154 610 5207; x_wconf 83' lang='lat' dir='ltr'><strong>heros</strong></span> <span class='ocrx_word' id='word_1_716' title='bbox 634 5151 755 5212; x_wconf 86' lang='lat' dir='ltr'><strong>iste,</strong></span> <span class='ocrx_word' id='word_1_717' title='bbox 783 5150 864 5201; x_wconf 80' lang='lat' dir='ltr'><strong>vel</strong></span> <span class='ocrx_word' id='word_1_718' title='bbox 890 5149 981 5216; x_wconf 90' lang='lat' dir='ltr'><strong>qui</strong></span> <span class='ocrx_word' id='word_1_719' title='bbox 1017 5150 1198 5215; x_wconf 81' lang='lat' dir='ltr'><strong>potius</strong></span> <span class='ocrx_word' id='word_1_720' title='bbox 1247 5146 1394 5213; x_wconf 86' lang='lat' dir='ltr'><strong>ipsos</strong></span> <span class='ocrx_word' id='word_1_721' title='bbox 1451 5140 1659 5195; x_wconf 87' lang='lat' dir='ltr'><strong>anteire</strong></span> <span class='ocrx_word' id='word_1_722' title='bbox 1686 5154 1745 5192; x_wconf 89' lang='lat' dir='ltr'><strong>se</strong></span> <span class='ocrx_word' id='word_1_723' title='bbox 1796 5136 2019 5205; x_wconf 86' lang='lat' dir='ltr'><strong>putabat</strong></span> 
     </span>
    </p>
   </div>
   <div class='ocr_carea' id='block_1_101' title="bbox 374 5229 2015 5319">
    <p class='ocr_par' dir='ltr' id='par_1_101' title="bbox 374 5229 2015 5319">
     <span class='ocr_line' id='line_1_101' title="bbox 374 5229 2015 5319; baseline -0.013 -19"><span class='ocrx_word' id='word_1_724' title='bbox 374 5316 377 5319; x_wconf 20' lang='grc' dir='ltr'><strong>ν</strong></span> <span class='ocrx_word' id='word_1_725' title='bbox 452 5243 868 5305; x_wconf 81' lang='lat' dir='ltr'><strong>beroas,animo</strong></span> <span class='ocrx_word' id='word_1_726' title='bbox 897 5240 1318 5309; x_wconf 81' lang='lat' dir='ltr'><strong>tuuidejectiore</strong></span> <span class='ocrx_word' id='word_1_727' title='bbox 1366 5251 1529 5304; x_wconf 89' lang='lat' dir='ltr'><strong>quam</strong></span> <span class='ocrx_word' id='word_1_728' title='bbox 1558 5229 2015 5287; x_wconf 89' lang='lat' dir='ltr'><strong>lrusillemeudi-</strong></span> 
     </span>
    </p>
   </div>
   <div class='ocr_carea' id='block_1_102' title="bbox 448 5324 2017 5400">
    <p class='ocr_par' dir='ltr' id='par_1_102' title="bbox 448 5324 2017 5400">
     <span class='ocr_line' id='line_1_102' title="bbox 448 5324 2017 5400; baseline -0.012 -9"><span class='ocrx_word' id='word_1_729' title='bbox 448 5353 545 5391; x_wconf 87' lang='lat' dir='ltr'><strong>cus</strong></span> <span class='ocrx_word' id='word_1_730' title='bbox 603 5344 739 5387; x_wconf 86' lang='lat' dir='ltr'><strong>erat.</strong></span> <span class='ocrx_word' id='word_1_731' title='bbox 772 5333 861 5387; x_wconf 86' lang='lat' dir='ltr'><strong>Sic</strong></span> <span class='ocrx_word' id='word_1_732' title='bbox 901 5332 966 5383; x_wconf 85' lang='lat' dir='ltr'><strong>ad</strong></span> <span class='ocrx_word' id='word_1_733' title='bbox 989 5332 1242 5400; x_wconf 76' lang='lat' dir='ltr'><strong>abyssum</strong></span> <span class='ocrx_word' id='word_1_734' title='bbox 1276 5345 1343 5384; x_wconf 78' lang='lat' dir='ltr'><strong>ex</strong></span> <span class='ocrx_word' id='word_1_735' title='bbox 1392 5332 1595 5381; x_wconf 65' lang='lat' dir='ltr'><strong>aethere</strong></span> <span class='ocrx_word' id='word_1_736' title='bbox 1633 5324 1857 5384; x_wconf 84' lang='lat' dir='ltr'><strong>decidit,</strong></span> <span class='ocrx_word' id='word_1_737' title='bbox 1908 5332 2017 5374; x_wconf 88' lang='lat' dir='ltr'><strong>tam</strong></span> 
     </span>
    </p>
   </div>
   <div class='ocr_carea' id='block_1_103' title="bbox 449 5416 2015 5497">
    <p class='ocr_par' dir='ltr' id='par_1_103' title="bbox 449 5416 2015 5497">
     <span class='ocr_line' id='line_1_103' title="bbox 449 5416 2015 5497; baseline -0.012 -13"><span class='ocrx_word' id='word_1_738' title='bbox 449 5427 775 5497; x_wconf 69' lang='lat' dir='ltr'><strong>superciliis,</strong></span> <span class='ocrx_word' id='word_1_739' title='bbox 803 5440 965 5494; x_wconf 83' lang='lat' dir='ltr'><strong>quatit</strong></span> <span class='ocrx_word' id='word_1_740' title='bbox 1017 5435 1231 5476; x_wconf 85' lang='lat' dir='ltr'><strong>tumore</strong></span> <span class='ocrx_word' id='word_1_741' title='bbox 1257 5422 1560 5495; x_wconf 74' lang='lat' dir='ltr'><strong>spirituque</strong></span> <span class='ocrx_word' id='word_1_742' title='bbox 1592 5416 1814 5487; x_wconf 73' lang='lat' dir='ltr'><strong>dejectis</strong></span> <span class='ocrx_word' id='word_1_743' title='bbox 1845 5432 1858 5479; x_wconf 96' lang='lat'><strong>;</strong></span> <span class='ocrx_word' id='word_1_744' title='bbox 1894 5428 2015 5467; x_wconf 90' lang='lat' dir='ltr'><strong>cum</strong></span> 
     </span>
    </p>
   </div>
   <div class='ocr_carea' id='block_1_104' title="bbox 446 5508 2017 5591">
    <p class='ocr_par' dir='ltr' id='par_1_104' title="bbox 446 5508 2017 5591">
     <span class='ocr_line' id='line_1_104' title="bbox 446 5508 2017 5591; baseline -0.013 -14"><span class='ocrx_word' id='word_1_745' title='bbox 446 5524 665 5583; x_wconf 75' lang='lat' dir='ltr'><strong>leonina</strong></span> <span class='ocrx_word' id='word_1_746' title='bbox 687 5521 845 5591; x_wconf 77' lang='lat' dir='ltr'><strong>pelle,</strong></span> <span class='ocrx_word' id='word_1_747' title='bbox 874 5518 1072 5573; x_wconf 81' lang='lat' dir='ltr'><strong>ferocia</strong></span> <span class='ocrx_word' id='word_1_748' title='bbox 1089 5530 1307 5583; x_wconf 82' lang='lat' dir='ltr'><strong>quoque</strong></span> <span class='ocrx_word' id='word_1_749' title='bbox 1322 5513 1565 5581; x_wconf 85' lang='lat' dir='ltr'><strong>deposita</strong></span> <span class='ocrx_word' id='word_1_750' title='bbox 1593 5528 1606 5564; x_wconf 91' lang='lat'><strong>:</strong></span> <span class='ocrx_word' id='word_1_751' title='bbox 1636 5524 1741 5564; x_wconf 89' lang='lat' dir='ltr'><strong>tam</strong></span> <span class='ocrx_word' id='word_1_752' title='bbox 1767 5508 2017 5562; x_wconf 89' lang='lat' dir='ltr'><strong>absolute</strong></span> 
     </span>
    </p>
   </div>
   <div class='ocr_carea' id='block_1_105' title="bbox 447 5599 2018 5682">
    <p class='ocr_par' dir='ltr' id='par_1_105' title="bbox 447 5599 2018 5682">
     <span class='ocr_line' id='line_1_105' title="bbox 447 5599 2018 5682; baseline -0.011 -14"><span class='ocrx_word' id='word_1_753' title='bbox 447 5612 571 5668; x_wconf 80' lang='lat' dir='ltr'><strong>deni</strong></span> <span class='ocrx_word' id='word_1_754' title='bbox 596 5629 682 5682; x_wconf 74' lang='lat' dir='ltr'><strong>lue</strong></span> <span class='ocrx_word' id='word_1_755' title='bbox 719 5622 958 5666; x_wconf 85' lang='lat' dir='ltr'><strong>mutatus</strong></span> <span class='ocrx_word' id='word_1_756' title='bbox 988 5626 1049 5664; x_wconf 74' lang='lat' dir='ltr'><strong>ex</strong></span> <span class='ocrx_word' id='word_1_757' title='bbox 1084 5608 1190 5661; x_wconf 82' lang='lat' dir='ltr'><strong>alio</strong></span> <span class='ocrx_word' id='word_1_758' title='bbox 1249 5608 1299 5659; x_wconf 91' lang='lat' dir='ltr'><strong>iu</strong></span> <span class='ocrx_word' id='word_1_759' title='bbox 1367 5606 1557 5665; x_wconf 84' lang='lat' dir='ltr'><strong>alium,</strong></span> <span class='ocrx_word' id='word_1_760' title='bbox 1594 5605 1758 5657; x_wconf 74' lang='lat' dir='ltr'><strong>vitam</strong></span> <span class='ocrx_word' id='word_1_761' title='bbox 1802 5611 1856 5653; x_wconf 90' lang='lat' dir='ltr'><strong>ut</strong></span> <span class='ocrx_word' id='word_1_762' title='bbox 1906 5599 2018 5666; x_wconf 82' lang='lat' dir='ltr'><strong>ipse</strong></span> 
     </span>
    </p>
   </div>
   <div class='ocr_carea' id='block_1_106' title="bbox 449 5692 2010 5768">
    <p class='ocr_par' dir='ltr' id='par_1_106' title="bbox 449 5692 2010 5768">
     <span class='ocr_line' id='line_1_106' title="bbox 449 5692 2010 5768; baseline -0.011 -9"><span class='ocrx_word' id='word_1_763' title='bbox 449 5723 602 5760; x_wconf 85' lang='lat' dir='ltr'><strong>suam</strong></span> <span class='ocrx_word' id='word_1_764' title='bbox 662 5707 887 5768; x_wconf 87' lang='lat' dir='ltr'><strong>odisset,</strong></span> <span class='ocrx_word' id='word_1_765' title='bbox 938 5700 1295 5768; x_wconf 70' lang='lat' dir='ltr'><strong>amentiwquc</strong></span> <span class='ocrx_word' id='word_1_766' title='bbox 1334 5712 1397 5750; x_wconf 88' lang='lat' dir='ltr'><strong>ac</strong></span> <span class='ocrx_word' id='word_1_767' title='bbox 1450 5694 1705 5749; x_wconf 81' lang='lat' dir='ltr'><strong>vanitatis</strong></span> <span class='ocrx_word' id='word_1_768' title='bbox 1767 5692 2010 5759; x_wconf 74' lang='lat' dir='ltr'><strong>pristina)</strong></span> 
     </span>
    </p>
   </div>
   <div class='ocr_carea' id='block_1_107' title="bbox 450 5791 2015 5864">
    <p class='ocr_par' dir='ltr' id='par_1_107' title="bbox 450 5791 2015 5864">
     <span class='ocr_line' id='line_1_107' title="bbox 450 5791 2015 5864; baseline -0.012 -15"><span class='ocrx_word' id='word_1_769' title='bbox 450 5812 641 5863; x_wconf 72' lang='lat' dir='ltr'><strong>punias</strong></span> <span class='ocrx_word' id='word_1_770' title='bbox 661 5797 773 5863; x_wconf 72' lang='lat' dir='ltr'><strong>ipse</strong></span> <span class='ocrx_word' id='word_1_771' title='bbox 800 5792 1199 5864; x_wconf 65' lang='lat' dir='ltr'><strong>quodammodo</strong></span> <span class='ocrx_word' id='word_1_772' title='bbox 1235 5791 1300 5845; x_wconf 82' lang='lat' dir='ltr'><strong>de</strong></span> <span class='ocrx_word' id='word_1_773' title='bbox 1329 5792 1510 5855; x_wconf 85' lang='lat' dir='ltr'><strong>Seipso</strong></span> <span class='ocrx_word' id='word_1_774' title='bbox 1535 5796 1799 5841; x_wconf 85' lang='lat' dir='ltr'><strong>sumeret.</strong></span> <span class='ocrx_word' id='word_1_775' title='bbox 1822 5798 2015 5849; x_wconf 84' lang='lat' dir='ltr'><strong>quam-</strong></span> 
     </span>
    </p>
   </div>
   <div class='ocr_carea' id='block_1_108' title="bbox 449 5874 2012 5954">
    <p class='ocr_par' dir='ltr' id='par_1_108' title="bbox 449 5874 2012 5954">
     <span class='ocr_line' id='line_1_108' title="bbox 449 5874 2012 5954; baseline -0.008 -17"><span class='ocrx_word' id='word_1_776' title='bbox 449 5901 613 5953; x_wconf 84' lang='lat' dir='ltr'><strong>quam</strong></span> <span class='ocrx_word' id='word_1_777' title='bbox 648 5886 829 5939; x_wconf 86' lang='lat' dir='ltr'><strong>animo</strong></span> <span class='ocrx_word' id='word_1_778' title='bbox 863 5887 952 5938; x_wconf 84' lang='lat' dir='ltr'><strong>illa</strong></span> <span class='ocrx_word' id='word_1_779' title='bbox 983 5899 1120 5954; x_wconf 81' lang='lat' dir='ltr'><strong>puro</strong></span> <span class='ocrx_word' id='word_1_780' title='bbox 1165 5891 1578 5951; x_wconf 83' lang='lat' dir='ltr'><strong>spontaneoquc</strong></span> <span class='ocrx_word' id='word_1_781' title='bbox 1629 5892 1735 5929; x_wconf 89' lang='lat' dir='ltr'><strong>non</strong></span> <span class='ocrx_word' id='word_1_782' title='bbox 1788 5874 2012 5929; x_wconf 77' lang='lat' dir='ltr'><strong>faceret.</strong></span> 
     </span>
    </p>
   </div>
   <div class='ocr_carea' id='block_1_109' title="bbox 2118 4675 3683 4759">
    <p class='ocr_par' dir='ltr' id='par_1_109' title="bbox 2118 4675 3683 4759">
     <span class='ocr_line' id='line_1_109' title="bbox 2118 4675 3683 4759; baseline -0.012 -17"><span class='ocrx_word' id='word_1_783' title='bbox 2118 4691 2362 4759; x_wconf 77' lang='grc' dir='ltr'>λεοντῆν,</span> <span class='ocrx_word' id='word_1_784' title='bbox 2396 4688 2558 4757; x_wconf 73' lang='grc' dir='ltr'>ῥίψαις</span> <span class='ocrx_word' id='word_1_785' title='bbox 2588 4686 2644 4737; x_wconf 83' lang='grc' dir='ltr'><strong>δὲ</strong></span> <span class='ocrx_word' id='word_1_786' title='bbox 2675 4683 3015 4753; x_wconf 73' lang='grc' dir='ltr'>ἐμϐρίθειαψ</span> <span class='ocrx_word' id='word_1_787' title='bbox 3051 4681 3144 4733; x_wconf 76' lang='grc' dir='ltr'>καὶ</span> <span class='ocrx_word' id='word_1_788' title='bbox 3173 4680 3310 4738; x_wconf 83' lang='grc' dir='ltr'>ὅλως</span> <span class='ocrx_word' id='word_1_789' title='bbox 3339 4675 3483 4729; x_wconf 76' lang='grc' dir='ltr'>οὕτω</span> <span class='ocrx_word' id='word_1_790' title='bbox 3514 4689 3683 4741; x_wconf 87' lang='grc' dir='ltr'>μετα·</span> 
     </span>
    </p>
   </div>
   <div class='ocr_carea' id='block_1_110' title="bbox 2117 4763 3686 4849">
    <p class='ocr_par' dir='ltr' id='par_1_110' title="bbox 2117 4763 3686 4849">
     <span class='ocr_line' id='line_1_110' title="bbox 2117 4763 3686 4849; baseline -0.015 -14"><span class='ocrx_word' id='word_1_791' title='bbox 2117 4782 2297 4835; x_wconf 82' lang='grc' dir='ltr'>ϐαλὼν</span> <span class='ocrx_word' id='word_1_792' title='bbox 2332 4778 2574 4849; x_wconf 79' lang='grc' dir='ltr'>ἀκριϐῶς</span> <span class='ocrx_word' id='word_1_793' title='bbox 2604 4776 2741 4845; x_wconf 68' lang='grc' dir='ltr'>πρδς</span> <span class='ocrx_word' id='word_1_794' title='bbox 2777 4775 2964 4843; x_wconf 76' lang='grc' dir='ltr'>ἕτερον</span> <span class='ocrx_word' id='word_1_795' title='bbox 2996 4772 3056 4834; x_wconf 72' lang='grc' dir='ltr'><strong>ἐξ</strong></span> <span class='ocrx_word' id='word_1_796' title='bbox 3090 4772 3304 4838; x_wconf 77' lang='grc' dir='ltr'>ἑτέρου,</span> <span class='ocrx_word' id='word_1_797' title='bbox 3340 4767 3414 4826; x_wconf 83' lang='grc' dir='ltr'>ὡς</span> <span class='ocrx_word' id='word_1_798' title='bbox 3457 4763 3686 4831; x_wconf 74' lang='grc' dir='ltr'>μισῆσαι</span> 
     </span>
    </p>
   </div>
   <div class='ocr_carea' id='block_1_111' title="bbox 2115 4855 3687 4938">
    <p class='ocr_par' dir='ltr' id='par_1_111' title="bbox 2115 4855 3687 4938">
     <span class='ocr_line' id='line_1_111' title="bbox 2115 4855 3687 4938; baseline -0.014 -11"><span class='ocrx_word' id='word_1_799' title='bbox 2115 4875 2208 4927; x_wconf 80' lang='grc' dir='ltr'><strong>τὸν</strong></span> <span class='ocrx_word' id='word_1_800' title='bbox 2239 4870 2402 4925; x_wconf 84' lang='grc' dir='ltr'>αὐτοῦ</span> <span class='ocrx_word' id='word_1_801' title='bbox 2438 4872 2572 4938; x_wconf 79' lang='grc' dir='ltr'>βίον,</span> <span class='ocrx_word' id='word_1_802' title='bbox 2600 4868 2705 4921; x_wconf 58' lang='grc' dir='ltr'>καὶ</span> <span class='ocrx_word' id='word_1_803' title='bbox 2729 4867 2887 4927; x_wconf 84' lang='grc' dir='ltr'>δίκας</span> <span class='ocrx_word' id='word_1_804' title='bbox 2928 4863 3090 4923; x_wconf 81' lang='grc' dir='ltr'>αὐτὸς</span> <span class='ocrx_word' id='word_1_805' title='bbox 3126 4862 3254 4930; x_wconf 75' lang='grc' dir='ltr'>παρ’</span> <span class='ocrx_word' id='word_1_806' title='bbox 3289 4858 3454 4911; x_wconf 84' lang='grc' dir='ltr'>αὐτοῦ</span> <span class='ocrx_word' id='word_1_807' title='bbox 3485 4855 3687 4923; x_wconf 74' lang='grc' dir='ltr'>τρόπον</span> 
     </span>
    </p>
   </div>
   <div class='ocr_carea' id='block_1_112' title="bbox 2117 4950 3687 5034">
    <p class='ocr_par' dir='ltr' id='par_1_112' title="bbox 2117 4950 3687 5034">
     <span class='ocr_line' id='line_1_112' title="bbox 2117 4950 3687 5034; baseline -0.015 -15"><span class='ocrx_word' id='word_1_808' title='bbox 2117 4967 2179 5034; x_wconf 85' lang='grc' dir='ltr'><strong>δή</strong></span> <span class='ocrx_word' id='word_1_809' title='bbox 2209 4984 2332 5019; x_wconf 88' lang='grc' dir='ltr'>τινα</span> <span class='ocrx_word' id='word_1_810' title='bbox 2360 4954 2659 5033; x_wconf 78' lang='grc' dir='ltr'>λαμϐάνειν</span> <span class='ocrx_word' id='word_1_811' title='bbox 2685 4960 2780 5028; x_wconf 80' lang='grc' dir='ltr'><strong>τῆς</strong></span> <span class='ocrx_word' id='word_1_812' title='bbox 2834 4958 3110 5028; x_wconf 86' lang='grc' dir='ltr'>προτέρας</span> <span class='ocrx_word' id='word_1_813' title='bbox 3151 4951 3411 5013; x_wconf 83' lang='grc' dir='ltr'>ἀπονοίας</span> <span class='ocrx_word' id='word_1_814' title='bbox 3460 4950 3553 4999; x_wconf 74' lang='grc' dir='ltr'><strong>καὶ</strong></span> <span class='ocrx_word' id='word_1_815' title='bbox 3586 4964 3687 5016; x_wconf 81' lang='grc' dir='ltr'>μα·</span> 
     </span>
    </p>
   </div>
   <div class='ocr_carea' id='block_1_113' title="bbox 2116 5038 3687 5128">
    <p class='ocr_par' dir='ltr' id='par_1_113' title="bbox 2116 5038 3687 5128">
     <span class='ocr_line' id='line_1_113' title="bbox 2116 5038 3687 5128; baseline -0.015 -16"><span class='ocrx_word' id='word_1_816' title='bbox 2116 5060 2419 5128; x_wconf 79' lang='grc' dir='ltr'>ταιότητος,</span> <span class='ocrx_word' id='word_1_817' title='bbox 2456 5057 2504 5109; x_wconf 85' lang='grc' dir='ltr'><strong>εί</strong></span> <span class='ocrx_word' id='word_1_818' title='bbox 2541 5057 2637 5107; x_wconf 77' lang='grc' dir='ltr'>καὶ</span> <span class='ocrx_word' id='word_1_819' title='bbox 2684 5055 2759 5122; x_wconf 82' lang='grc' dir='ltr'>μὴ</span> <span class='ocrx_word' id='word_1_820' title='bbox 2795 5050 2993 5121; x_wconf 81' lang='grc' dir='ltr'>γνώμῃ</span> <span class='ocrx_word' id='word_1_821' title='bbox 3020 5048 3241 5117; x_wconf 80' lang='grc' dir='ltr'>καθαρᾷ</span> <span class='ocrx_word' id='word_1_822' title='bbox 3270 5046 3364 5098; x_wconf 79' lang='grc' dir='ltr'>καὶ</span> <span class='ocrx_word' id='word_1_823' title='bbox 3396 5038 3687 5106; x_wconf 70' lang='grc' dir='ltr'>ἐθελουσίῳ</span> 
     </span>
    </p>
   </div>
   <div class='ocr_carea' id='block_1_114' title="bbox 2116 5128 3686 5217">
    <p class='ocr_par' dir='ltr' id='par_1_114' title="bbox 2116 5128 3686 5217">
     <span class='ocr_line' id='line_1_114' title="bbox 2116 5128 3686 5217; baseline -0.012 -18"><span class='ocrx_word' id='word_1_824' title='bbox 2116 5149 2269 5202; x_wconf 75' lang='grc' dir='ltr'>ταῦτ’</span> <span class='ocrx_word' id='word_1_825' title='bbox 2304 5148 2594 5217; x_wconf 77' lang='grc' dir='ltr'>ἔπραττεν.</span> <span class='ocrx_word' id='word_1_826' title='bbox 2632 5146 2727 5196; x_wconf 84' lang='grc' dir='ltr'>Ὢν</span> <span class='ocrx_word' id='word_1_827' title='bbox 2759 5144 2815 5196; x_wconf 82' lang='grc' dir='ltr'><strong>δὲ</strong></span> <span class='ocrx_word' id='word_1_828' title='bbox 2862 5143 2921 5194; x_wconf 76' lang='grc' dir='ltr'>ἑν</span> <span class='ocrx_word' id='word_1_829' title='bbox 2977 5139 3054 5208; x_wconf 79' lang='grc' dir='ltr'>τῷ</span> <span class='ocrx_word' id='word_1_830' title='bbox 3089 5140 3352 5208; x_wconf 81' lang='grc' dir='ltr'>σχήματι,</span> <span class='ocrx_word' id='word_1_831' title='bbox 3387 5134 3481 5185; x_wconf 72' lang='grc' dir='ltr'><strong>καὶ</strong></span> <span class='ocrx_word' id='word_1_832' title='bbox 3519 5128 3686 5183; x_wconf 82' lang='grc' dir='ltr'>ποιῶν</span> 
     </span>
    </p>
   </div>
   <div class='ocr_carea' id='block_1_115' title="bbox 2117 5220 3686 5308">
    <p class='ocr_par' dir='ltr' id='par_1_115' title="bbox 2117 5220 3686 5308">
     <span class='ocr_line' id='line_1_115' title="bbox 2117 5220 3686 5308; baseline -0.015 -15"><span class='ocrx_word' id='word_1_833' title='bbox 2117 5239 2152 5293; x_wconf 79' lang='grc' dir='ltr'><strong>ἃ</strong></span> <span class='ocrx_word' id='word_1_834' title='bbox 2184 5238 2282 5290; x_wconf 81' lang='grc' dir='ltr'><strong>κᾶν</strong></span> <span class='ocrx_word' id='word_1_835' title='bbox 2328 5237 2590 5308; x_wconf 74' lang='grc' dir='ltr'>ᾐσχύνετο</span> <span class='ocrx_word' id='word_1_836' title='bbox 2639 5235 2842 5294; x_wconf 81' lang='grc' dir='ltr'>δοῦλος,</span> <span class='ocrx_word' id='word_1_837' title='bbox 2874 5233 3160 5285; x_wconf 72' lang='grc' dir='ltr'>ἀλλόκοτόν</span> <span class='ocrx_word' id='word_1_838' title='bbox 3216 5244 3267 5281; x_wconf 87' lang='grc' dir='ltr'><strong>τι</strong></span> <span class='ocrx_word' id='word_1_839' title='bbox 3313 5227 3475 5293; x_wconf 83' lang='grc' dir='ltr'>τέρας</span> <span class='ocrx_word' id='word_1_840' title='bbox 3531 5220 3686 5285; x_wconf 73' lang='grc' dir='ltr'>ἐφαί-</span> 
     </span>
    </p>
   </div>
   <div class='ocr_carea' id='block_1_116' title="bbox 2117 5314 3680 5397">
    <p class='ocr_par' dir='ltr' id='par_1_116' title="bbox 2117 5314 3680 5397">
     <span class='ocr_line' id='line_1_116' title="bbox 2117 5314 3680 5397; baseline -0.015 -14"><span class='ocrx_word' id='word_1_841' title='bbox 2117 5347 2255 5383; x_wconf 88' lang='grc' dir='ltr'>νετο.</span> <span class='ocrx_word' id='word_1_842' title='bbox 2288 5329 2467 5397; x_wconf 78' lang='grc' dir='ltr'>Τιμᾷν</span> <span class='ocrx_word' id='word_1_843' title='bbox 2515 5327 2621 5394; x_wconf 85' lang='grc' dir='ltr'><strong>γὰρ</strong></span> <span class='ocrx_word' id='word_1_844' title='bbox 2658 5325 2722 5395; x_wconf 83' lang='grc' dir='ltr'><strong>δὴ</strong></span> <span class='ocrx_word' id='word_1_845' title='bbox 2770 5326 2828 5377; x_wconf 85' lang='grc' dir='ltr'>τὸ</span> <span class='ocrx_word' id='word_1_846' title='bbox 2866 5326 3088 5392; x_wconf 82' lang='grc' dir='ltr'>μέτρον,</span> <span class='ocrx_word' id='word_1_847' title='bbox 3125 5321 3200 5381; x_wconf 84' lang='grc' dir='ltr'>ὡς</span> <span class='ocrx_word' id='word_1_848' title='bbox 3239 5320 3337 5379; x_wconf 81' lang='grc' dir='ltr'>δεῖ,</span> <span class='ocrx_word' id='word_1_849' title='bbox 3395 5314 3490 5368; x_wconf 79' lang='grc' dir='ltr'><strong>καὶ</strong></span> <span class='ocrx_word' id='word_1_850' title='bbox 3520 5326 3680 5380; x_wconf 79' lang='grc' dir='ltr'>προσο</span> 
     </span>
    </p>
   </div>
   <div class='ocr_carea' id='block_1_117' title="bbox 2119 5403 3686 5489">
    <p class='ocr_par' dir='ltr' id='par_1_117' title="bbox 2119 5403 3686 5489">
     <span class='ocr_line' id='line_1_117' title="bbox 2119 5403 3686 5489; baseline -0.011 -16"><span class='ocrx_word' id='word_1_851' title='bbox 2119 5424 2264 5489; x_wconf 52' lang='grc' dir='ltr'>ἐχειν</span> <span class='ocrx_word' id='word_1_852' title='bbox 2327 5418 2506 5487; x_wconf 79' lang='grc' dir='ltr'>ἑαυτῴ</span> <span class='ocrx_word' id='word_1_853' title='bbox 2568 5416 2927 5487; x_wconf 82' lang='grc' dir='ltr'>μηδεπώποτε</span> <span class='ocrx_word' id='word_1_854' title='bbox 2982 5410 3330 5483; x_wconf 60' lang='grc' dir='ltr'>μεμαίὶηκλῖις</span> <span class='ocrx_word' id='word_1_855' title='bbox 3396 5408 3471 5460; x_wconf 75' lang='grc' dir='ltr'><strong>ὃδ¹</strong></span> <span class='ocrx_word' id='word_1_856' title='bbox 3508 5403 3686 5472; x_wconf 82' lang='grc' dir='ltr'>ἀνὴρ,</span> 
     </span>
    </p>
   </div>
   <div class='ocr_carea' id='block_1_118' title="bbox 2118 5495 3686 5579">
    <p class='ocr_par' dir='ltr' id='par_1_118' title="bbox 2118 5495 3686 5579">
     <span class='ocr_line' id='line_1_118' title="bbox 2118 5495 3686 5579; baseline -0.013 -15"><span class='ocrx_word' id='word_1_857' title='bbox 2118 5511 2371 5575; x_wconf 76' lang='grc' dir='ltr'>ἐξώκειλε</span> <span class='ocrx_word' id='word_1_858' title='bbox 2434 5509 2807 5579; x_wconf 74' lang='grc' dir='ltr'>μετατραπεὶς</span> <span class='ocrx_word' id='word_1_859' title='bbox 2842 5507 2899 5569; x_wconf 72' lang='grc' dir='ltr'>ἐξ</span> <span class='ocrx_word' id='word_1_860' title='bbox 2926 5504 3308 5574; x_wconf 53' lang='grc' dir='ltr'>ύπερηςλανίας</span> <span class='ocrx_word' id='word_1_861' title='bbox 3342 5499 3437 5551; x_wconf 75' lang='grc' dir='ltr'>καὶ</span> <span class='ocrx_word' id='word_1_862' title='bbox 3474 5495 3686 5565; x_wconf 75' lang='grc' dir='ltr'>ὕϐρεως</span> 
     </span>
    </p>
   </div>
   <div class='ocr_carea' id='block_1_119' title="bbox 2119 5583 3687 5669">
    <p class='ocr_par' dir='ltr' id='par_1_119' title="bbox 2119 5583 3687 5669">
     <span class='ocr_line' id='line_1_119' title="bbox 2119 5583 3687 5669; baseline -0.013 -15"><span class='ocrx_word' id='word_1_863' title='bbox 2119 5606 2197 5663; x_wconf 81' lang='grc' dir='ltr'>εἰς</span> <span class='ocrx_word' id='word_1_864' title='bbox 2262 5601 2627 5669; x_wconf 84' lang='grc' dir='ltr'>ταπεινότητα</span> <span class='ocrx_word' id='word_1_865' title='bbox 2686 5597 2895 5659; x_wconf 81' lang='grc' dir='ltr'>δούλοις</span> <span class='ocrx_word' id='word_1_866' title='bbox 2978 5597 3339 5664; x_wconf 76' lang='grc' dir='ltr'>πρέπουσαν,</span> <span class='ocrx_word' id='word_1_867' title='bbox 3391 5584 3570 5653; x_wconf 77' lang='grc' dir='ltr'>ἄκραν</span> <span class='ocrx_word' id='word_1_868' title='bbox 3627 5583 3687 5649; x_wconf 78' lang='grc' dir='ltr'>ἐξ</span> 
     </span>
    </p>
   </div>
   <div class='ocr_carea' id='block_1_120' title="bbox 2119 5673 3690 5760">
    <p class='ocr_par' dir='ltr' id='par_1_120' title="bbox 2119 5673 3690 5760">
     <span class='ocr_line' id='line_1_120' title="bbox 2119 5673 3690 5760; baseline -0.014 -15"><span class='ocrx_word' id='word_1_869' title='bbox 2119 5697 2312 5760; x_wconf 72' lang='grc' dir='ltr'>ἄκρας,</span> <span class='ocrx_word' id='word_1_870' title='bbox 2366 5693 2463 5743; x_wconf 76' lang='grc' dir='ltr'><strong>σὺν</strong></span> <span class='ocrx_word' id='word_1_871' title='bbox 2517 5690 2781 5757; x_wconf 76' lang='grc' dir='ltr'>ἀκοσμίᾳ.</span> <span class='ocrx_word' id='word_1_872' title='bbox 2819 5688 3006 5748; x_wconf 77' lang='grc' dir='ltr'>Οὕτως</span> <span class='ocrx_word' id='word_1_873' title='bbox 3064 5686 3210 5738; x_wconf 75' lang='grc' dir='ltr'>ἀπα-ι</span> <span class='ocrx_word' id='word_1_874' title='bbox 3262 5682 3539 5750; x_wconf 77' lang='grc' dir='ltr'>βάρϐαρον</span> <span class='ocrx_word' id='word_1_875' title='bbox 3592 5673 3690 5726; x_wconf 70' lang='grc' dir='ltr'>καὶ</span> 
     </span>
    </p>
   </div>
   <div class='ocr_carea' id='block_1_121' title="bbox 2118 5765 3689 5844">
    <p class='ocr_par' dir='ltr' id='par_1_121' title="bbox 2118 5765 3689 5844">
     <span class='ocr_line' id='line_1_121' title="bbox 2118 5765 3689 5844; baseline -0.014 -12"><span class='ocrx_word' id='word_1_876' title='bbox 2118 5779 2460 5841; x_wconf 78' lang='grc' dir='ltr'>ἀπαίδευτον,</span> <span class='ocrx_word' id='word_1_877' title='bbox 2512 5778 2560 5828; x_wconf 89' lang='grc' dir='ltr'><strong>εί</strong></span> <span class='ocrx_word' id='word_1_878' title='bbox 2614 5777 2713 5844; x_wconf 81' lang='grc' dir='ltr'><strong>μὲν</strong></span> <span class='ocrx_word' id='word_1_879' title='bbox 2768 5775 3072 5841; x_wconf 80' lang='grc' dir='ltr'>εὐπραγεῖ,</span> <span class='ocrx_word' id='word_1_880' title='bbox 3108 5775 3233 5843; x_wconf 79' lang='grc' dir='ltr'>τοῖς</span> <span class='ocrx_word' id='word_1_881' title='bbox 3283 5765 3689 5830; x_wconf 76' lang='grc' dir='ltr'>ταπεινοτέροις</span> 
     </span>
    </p>
   </div>
   <div class='ocr_carea' id='block_1_122' title="bbox 2120 5856 3689 5945">
    <p class='ocr_par' dir='ltr' id='par_1_122' title="bbox 2120 5856 3689 5945">
     <span class='ocr_line' id='line_1_122' title="bbox 2120 5856 3689 5945; baseline -0.011 -22"><span class='ocrx_word' id='word_1_882' title='bbox 2120 5871 2428 5940; x_wconf 52' lang='grc' dir='ltr'>ἀφόρητον·</span> <span class='ocrx_word' id='word_1_883' title='bbox 2467 5868 2605 5945; x_wconf 26' lang='grc' dir='ltr'><strong>εἰνδ’</strong></span> <span class='ocrx_word' id='word_1_884' title='bbox 2661 5868 3013 5935; x_wconf 73' lang='grc' dir='ltr'>ἀσθενήσειεν</span> <span class='ocrx_word' id='word_1_885' title='bbox 3060 5864 3211 5931; x_wconf 69' lang='grc' dir='ltr'>αὐτῷ</span> <span class='ocrx_word' id='word_1_886' title='bbox 3254 5862 3311 5913; x_wconf 70' lang='grc' dir='ltr'><strong>τό</strong></span> <span class='ocrx_word' id='word_1_887' title='bbox 3341 5875 3400 5926; x_wconf 83' lang='grc' dir='ltr'><strong>γε</strong></span> <span class='ocrx_word' id='word_1_888' title='bbox 3453 5856 3689 5923; x_wconf 72' lang='grc' dir='ltr'>παρέχον</span> 
     </span>
    </p>
   </div>
  </div>
