4098 6272
461 321 556 389 Ml

1891 307 2175 393 ORATIO
2214 335 2261 396 Ι.

3602 328 3724 389 4ίῖ

463 437 731 510 ὐόρίζειν,
771 437 968 510 ῥᾳδίως
1010 442 1146 495 οἴσει
1175 441 1267 495 καὶ
1299 442 1501 497 δούλων
1548 443 1882 513 σκώμματα.
1913 443 2024 496 Καὶ

2141 440 2373 509 Cumque
2446 439 2592 510 regia
2682 438 2942 509 dignitate
2993 441 3253 510 praeditus
3307 449 3481 506 esset,
3540 454 3732 508 caque-

461 533 527 604 δὴ
571 530 668 586 καὶ
698 531 857 594 οὗτος
909 531 1188 602 βασιλεὺς,
1214 535 1459 597 τοιοῦτος
1515 535 1616 604 μὲν
1662 536 1722 588 τὸ
1752 536 1908 604 γένος
1934 533 2030 594 ὢν.

463 625 684 692 καὶτῆς
726 624 803 688 ὡς
841 625 1059 690 ἀληθῶς
1104 628 1355 692 παιδείας
1394 629 1680 698 ἀμέτοχος,
1721 627 1887 699 μόνης
1933 627 2032 696 τῆς

464 715 766 786 ἐπιθυμίας
783 715 880 770 τοῦ
906 715 1452 786 σώζεσθαινγεγονὼς,
1473 718 1542 771 τὰ
1569 718 1796 774 τοιαῦτα
1823 718 2036 788 χαλεπά

465 805 764 874 νενοσήκει,
813 807 906 859 καὶ
947 806 1329 862 ἐναντιώσεων
1383 811 1580 875 ἄκραις
1635 807 2032 862 ἐνεπεπτώκει.

465 889 550 967 ’ᾮ
593 895 704 965 γὰρ
751 897 851 951 οὐκ
902 893 973 969 ἦν
1029 900 1240 969 βιωτὸν,
1291 903 1337 955 εἰ
1394 900 1468 974 μὴ
1525 903 1884 973 δωροφοροῖτο
1939 902 2036 954 καὶ

467 986 847 1052 προσκυνοϊτο,
875 989 1029 1056 παρὰ
1069 1006 1128 1042 τε
1164 991 1275 1044 τῶν
1327 991 1751 1059 ἀστυγειτόνων,
1789 992 1880 1044 καὶ
1925 991 2034 1044 τῶν

465 1074 632 1127 αὐτοῦ
661 1074 899 1140 πάντων,
929 1078 1039 1130 τῶν
1069 1097 1125 1132 τε
1155 1082 1318 1150 πέριξ
1348 1083 1446 1152 τῆς
1483 1083 1762 1152 Περσίδος,
1798 1084 1893 1136 καὶ
1925 1082 2035 1136 τῶν

465 1165 803 1235 πορρωτάτω
879 1168 1204 1236 καθημένων
1263 1173 1472 1235 ἐθνῶν,
1524 1171 1680 1238 οὗτος
1739 1177 1903 1237 αὐτὸς
1970 1176 2034 1244 δὴ

465 1255 775 1322 γυμνωθεὶς
815 1256 893 1326 τῷ
933 1261 1157 1331 πολέμῳ
1206 1264 1408 1329 πάσης,
1453 1265 1530 1327 ὡς
1569 1268 1764 1326 εἰπεῖν,
1798 1270 1897 1333 τῆς
1944 1267 2038 1318 οὐ-

467 1348 605 1411 σίας,
656 1349 838 1404 ἔπειθ’
883 1351 1024 1404 ἑκὼν
1077 1354 1388 1408 ἀπεϐάλετο
1434 1357 1575 1409 ὅπλα
1632 1373 1690 1408 τε
1740 1360 1922 1411 ἐκεῖνα
1969 1359 2038 1412 τά

464 1438 716 1512 λαμπρὰ,
760 1445 856 1496 καὶ
897 1444 1184 1515 βασιλικὴν
1236 1448 1442 1516 σκευὴν
1485 1447 1722 1509 ἅπασαν,
1773 1445 1846 1506 ὡς
1899 1443 2038 1500 εἶναι

464 1533 632 1604 ταύτῃ
662 1534 1010 1604 κουφότερος,
1044 1538 1140 1588 καὶ
1182 1539 1311 1608 ῥᾷον
1356 1538 1619 1592 δύνασθαι
1637 1539 1915 1608 φέρεσθαι
1952 1540 2039 1606 ἐφ’

465 1623 680 1689 ἵππων,
734 1627 877 1692 μάλα
933 1629 1133 1698 κομιδῇ
1201 1630 1744 1700 ταλαιπωρησάντων
1805 1633 2039 1702 συντόνῳ

2141 532 2363 597 faceret,
2395 547 2514 601 quae
2542 533 2623 588 vel
2660 533 2985 604 mancipium
3023 535 3240 608 aliquod
3268 536 3470 605 pudore
3504 548 3711 602 lit-mpe-

2140 625 2315 680 ditum
2370 640 2478 680 non
2519 627 2883 681 commisisset
2941 644 2958 692 ',
3006 629 3378 696 prodigiosum
3435 627 3704 697 quoddam

2139 726 2443 773 monstrum
2467 731 2588 773 esse
2617 718 2923 774 videbatur.
2963 718 3094 774 Nam
3129 720 3270 790 quod
3328 725 3411 773 vir
3449 720 3533 774 hic
3594 733 3710 770 mo-

2138 811 2292 875 dum,
2317 825 2416 865 ceu
2442 825 2538 879 par
2567 819 2670 877 est,
2705 811 2985 879 amplecti,
3048 812 3244 882 suique
3291 813 3556 865 rationem
3609 811 3709 866 ba-

2137 900 2288 962 bere,
2327 917 2624 972 numquam
2661 893 2944 958 didicisset
2982 921 2994 956 :
3035 905 3101 958 de
3153 904 3410 973 superbia
3471 905 3710 973 petulan-

2139 992 2324 1060 tiaque
2354 1007 2566 1047 summa
2593 1007 2863 1048 summam
2919 995 2984 1049 ad
3022 995 3404 1064 abjectiouem,
3431 997 3710 1062 mancipiis

2137 1084 2569 1148 convenientem,
2603 1099 2726 1138 cum
2763 1083 3029 1142 dedecore
3062 1085 3410 1140 exorbitavit.
3448 1085 3520 1140 Ita
3550 1087 3710 1156 quid-

2138 1173 2267 1242 quid
2294 1174 2582 1229 barbarum
2610 1183 2664 1228 et
2703 1188 2896 1242 expers
2923 1181 3007 1227 est
3051 1174 3340 1239 doctrinm,
3396 1174 3439 1227 si
3482 1173 3744 1242 prospc-'

2141 1261 2299 1314 ritate
2326 1261 2562 1324 fruatur,
2630 1262 3030 1317 intolerabilem
3066 1262 3117 1316 in
3173 1265 3389 1317 modum
3433 1281 3560 1334 erga
3609 1266 3713 1317 hu-

2142 1351 2383 1406 miliores
2416 1367 2474 1406 se
2502 1353 2659 1422 gerit,
2691 1353 2775 1407 sin
2805 1354 2896 1407 ille
2925 1355 3081 1423 quasi
3120 1355 3242 1408 fons
3275 1356 3578 1410 insolentiae
3611 1339 3711 1408 dc.-

2139 1441 2402 1508 bilitetur,
2425 1444 2508 1497 vel
2542 1445 2938 1514 mancipiorum
2974 1446 3204 1500 ludibria
3235 1447 3398 1500 facile
3437 1445 3592 1501 feret.
3625 1431 3712 1500 Sic

2141 1541 2198 1587 et
2228 1534 2329 1590 iste
2345 1548 2462 1602 rex,
2489 1535 2580 1589 tali
2606 1545 2905 1606 prognatus
2921 1551 3140 1606 genere,
3175 1553 3427 1607 veraeque
3447 1539 3710 1592 doctrina:

2143 1626 2383 1698 ignarus,
2410 1625 2677 1681 duntaxat
2711 1627 3104 1683 incolumitatis
3135 1629 3320 1684 studio
3354 1629 3573 1693 ductus,
3603 1638 3709 1682 tam

465 1714 665 1782 δρόμῳ.
697 1711 774 1770 Ἷι
813 1717 914 1769 πού
950 1734 1012 1784 γε
1060 1721 1156 1802 καὶ
1189 1719 1390 1782 ὄνειδος
1437 1722 1744 1789 ὑπήνεγκεν
1791 1721 2037 1792 εὐχερῶς

2143 1718 2396 1786 gravibus
2426 1719 2691 1773 laboravit
2715 1719 2880 1782 vitiis,
2912 1730 2966 1774 et
2993 1722 3044 1774 in
3093 1731 3336 1776 extreme
3387 1721 3708 1777 dissidentia
3741 1781 3747 1788 _

468 1809 617 1875 παρὰ
643 1807 750 1860 τῶν
776 1809 1080 1880 citro-Spei;
1114 1789 1206 1871 οὓς
1228 1812 1337 1864 οὐδ’
1365 1811 1432 1864 ἂν
1457 1812 1610 1880 ἠξίου
1642 1789 2034 1884 συχνῶςόρᾷν,

469 1901 800 1969 βεῦλημένος
859 1901 963 1953 ὑπὸ
1021 1901 1117 1955 τοῦ
1171 1902 1364 1970 τύφου.
1403 1902 1561 1956 οὓτω
1605 1921 1722 1966 πως
1777 1903 1925 1974 αὐτῷ
1969 1907 2042 1960 τὰ

469 1990 600 2060 πρὶν
625 1992 707 2053 είς
733 1993 1043 2046 τούναντίον
1083 1995 1510 2062 ἀντέστραπται.
1544 1996 1617 2048 Τὸ
1651 1996 1756 2064 γὰρ
1805 1998 1933 2067 περὶ
1971 2000 2037 2068 τῇ

464 2084 612 2154 ψυχῇ
638 2085 867 2137 δεδιέναι
895 2085 1136 2139 τοιοῦτον
1161 2085 1451 2156 ἄνθρωπον
1481 2086 1608 2140 ὄντα
1634 2086 1818 2139 ἔπειθε
1849 2087 2039 2156 φέρειν

461 2176 654 2243 ἡδέως,
687 2176 714 2228 ὅ
741 2193 792 2228 τι
820 2175 886 2229 ἂν
915 2177 1194 2246 ὲνϐυμηθῇ
1225 2193 1310 2238 τις
1341 2177 1525 2243 ἀηδὲς,
1563 2177 1659 2230 καὶ
1693 2175 1910 2236 λυπεῖν,
1945 2176 2040 2230 καλ⁵

461 2270 677 2322 δὶκνειν
712 2269 1034 2338 δυνάμενον.
1073 2271 1333 2323 Ἔπειθεν
1393 2269 1646 2338 ἐφίεσθαι
1683 2269 1838 2339 ψιλὸν
1870 2269 2040 2340 ὀφθῆ-

462 2382 550 2416 ναι
583 2365 695 2426 τοῖς
726 2363 863 2416 οἴκοι
901 2364 1142 2431 μένουσι,
1181 2358 1457 2415 καιτοῦίγ
1489 2363 1748 2430 ἡγεῖσθαι
1784 2363 2038 2432 λαμπρό-

462 2471 620 2521 τερον
669 2453 782 2505 τῶν
837 2453 1058 2505 πώποτε
1113 2453 1500 2521 γεγενημένων
1543 2453 1697 2520 αὐτῷ
1745 2453 2035 2522 λαφύρωνο

467 2544 584 2613 μεθ’
638 2537 714 2598 ὧν
760 2559 823 2610 γε
876 2543 1100 2605 Σούσοις
1150 2543 1586 2613 ἐπανερχόμενος
1655 2541 1796 2612 (πῶς
1845 2543 1911 2596 ἄν
1955 2560 2039 2607 τις

465 2632 609 2685 εῐποι
651 2631 748 2702 τὴν
798 2632 890 2684 ἐπὶ
920 2630 1137 2694 τούτοις
1187 2631 1524 2700 τελουμένην
1579 2631 1729 2700 αὐτῷ
1778 2633 1976 2698 μανίαν
2001 2634 2038 2701 ς)

463 2723 568 2775 οὐκ
609 2723 860 2789 ὀλιγάκις
895 2722 1281 2793 ὲθριάμσευεν,
1325 2722 1721 2791 εὐφημούντων
1766 2724 1862 2777 καὶ
1907 2734 2037 2794 κροι

463 2814 702 2867 τούντων
729 2813 836 2866 τῶν
874 2814 1262 2878 ὑπαντώντων,
1299 2814 1394 2866 καὶ
1422 2814 1602 2867 πάντα
1640 2813 2038 2880 δὴ’ποιούντων

463 2905 632 2975 αὐτῷ,
667 2905 864 2974 μικροῦ
915 2906 1029 2958 δεῖν
1067 2905 1156 2958 ἴσα
1185 2905 1326 2974 Θεῷ.
1360 2906 1434 2957 Τὸ
1479 2909 1586 2973 γὰρ
1638 2906 1843 2977 σφόδρα
1885 2907 2041 2958 εὐτυ-

463 2999 578 3068 χεῖν
629 2997 1016 3066 ὲρετὴν.ίδίαν
1071 2999 1462 3067 λογισάμενος,
1515 2999 1612 3052 καὶ
1659 2998 1737 3068 τῷ
1780 2999 1928 3069 παρὰ
1977 2998 2037 3051 τὸ

2143 1807 2354 1864 incidit.
2387 1808 2520 1863 Nam
2555 1810 2847 1865 vivendum
2886 1811 2986 1866 sibi
3015 1827 3120 1866 non
3151 1806 3544 1876 arbitrabatur,
3605 1812 3708 1864 nisi

2143 1898 2490 1955 deferrentur
2514 1901 2579 1955 ad
2613 1916 2738 1957 eum
2773 1918 3019 1967 munera,
3079 1904 3184 1958 nisi
3239 1905 3560 1959 adoraretur
3589 1912 3642 1958 et
3681 1919 3724 1955 a.

2145 1991 2408 2057 finitimis,
2435 1995 2631 2048 etsuis
2667 1995 2944 2058 omnibus,
2979 2006 3086 2050 tam
3123 1996 3268 2051 circa
3301 1994 3576 2051 Persidem
3614 2011 3713 2048 un-

2142 2083 2306 2154 dique
2368 2085 2512 2147 sitis,
2554 2102 2715 2155 quam
2760 2089 2987 2142 remotis
3041 2088 3360 2157 longissime
3407 2088 3707 2158 gentibus:

2145 2173 2232 2229 hic
2286 2175 2401 2245 ipse
2465 2177 2702 2231 nudatus
2754 2177 2807 2230 in
2833 2175 2973 2232 bello
3006 2178 3240 2243 cunctis,
3267 2191 3434 2247 prope
3458 2177 3706 2235 diverim.

2143 2264 2513 2330 facultatibus,
2550 2282 2670 2320 mox
2702 2275 2756 2322 et
2786 2282 2936 2322 arma
2975 2268 3064 2323 illa
3093 2269 3376 2337 splendida
3406 2283 3528 2321 cum
3563 2269 3704 2320 οτιιηί

2140 2368 2335 2412 ornatu
2386 2358 2534 2428 regio
2561 2359 2733 2414 libens
2778 2358 2996 2428 abiicit;
3024 2368 3079 2413 ut
3108 2360 3279 2413 levior
3308 2369 3455 2414 esset
3487 2374 3552 2413 ac
3580 2357 3711 2411 facio

2140 2445 2246 2501 lius
2288 2451 2356 2500 ab
2406 2449 2560 2518 equis
2595 2450 2798 2518 gestari
2851 2459 3055 2519 posset,
3113 2451 3203 2519 q‘ui
3231 2460 3489 2505 contento
3545 2466 3707 2530 cursu

2142 2541 2379 2607 graviter
2456 2539 2846 2608 aflligerentur.
2933 2538 3336 2609 Nonnunquam
3401 2550 3454 2594 et
3510 2541 3708 2609 probra

2143 2645 2370 2685 suorum
2403 2629 2559 2685 facile
2595 2633 2879 2694 tolerabat,
2907 2648 3045 2702 quos
3086 2641 3244 2686 antea
3266 2647 3374 2700 prae
3405 2631 3545 2684 fastu
3571 2646 3710 2698 εαψο

2143 2737 2210 2775 ne
2241 2723 2455 2790 quidem
2487 2722 2681 2776 intueri
2712 2713 3058 2791 dignabatur.
3081 2721 3265 2791 Usque
3296 2723 3431 2776 adeo
3452 2723 3709 2790 pristinus

2141 2801 2192 2867 ei
2213 2825 2387 2868 status
2429 2815 2491 2867 ad
2527 2815 2682 2884 longe
2710 2815 2985 2868 diversum
3009 2813 3327 2869 rediit.Nam
3346 2815 3486 2884 quod
3518 2816 3709 2867 animae

2139 2906 2384 2973 vitazquze
2424 2921 2534 2956 suae
2567 2909 2646 2958 vir
2673 2906 3099 2970 talismctueret,
3149 2906 3382 2976 idipsum
3417 2907 3707 2974 ciperSua-

2139 2998 2336 3056 debat,
2406 3006 2464 3050 ιιι
2512 2997 2736 3050 libenter
2791 2995 2992 3058 ferret,
3055 2996 3314 3066 quidquid
3398 2997 3711 3050 acerbitatis

463 3091 610 3154 εἰκὸς
654 3087 712 3141 εὖ
767 3088 1051 3160 πράττειν,
1101 3090 1228 3160 μηδ’
1282 3091 1586 3143 ὁπωστιοῦν
1644 3090 2036 3160 αἰσθανόμενος

2143 3087 2324 3139 animo
2355 3088 2477 3152 quis
2505 3085 2836 3154 conceperit,
2873 3086 3139 3155 quidquid
3163 3086 3353 3141 afferre
3407 3087 3706 3141 molestiam

463 3183 561 3248 τῆς
613 3180 808 3235 ἑαυτοῦ
864 3181 1259 3250 μαλακότητος,
1304 3181 1438 3236 ἀλλά
1492 3183 1952 3252 κατορχούμενος,
1988 3184 2041 3236 εί

461 3290 608 3335 τινες
638 3273 736 3340 μὲν
765 3270 875 3324 εἷεν
906 3274 1194 3340 κρείττους
1236 3272 1424 3338 αὐτοῦ,
1456 3274 1651 3338 πλήθει
1683 3275 1740 3327 δὲ
1772 3275 2038 3342 τοσαύτης

461 3364 740 3433 δυνάμεως
769 3365 964 3434 ἥττους
997 3365 1265 3429 γένοιντο,
1295 3365 1501 3434 τελχϊνι
1535 3365 1753 3434 δαίμονι
1788 3365 2038 3434 φθονερῷ

462 3457 962 3526 κατακεχρημένοι,
994 3454 1182 3525 ὥσπερ
1232 3473 1316 3519 τις
1367 3457 1552 3524 γίγας,
1588 3455 1619 3527 ἢ
1664 3458 1963 3528 Ἡρακλῆς,
2003 3457 2034 3526 ἢ

464 3551 522 3614 ἐξ
560 3550 836 3618 Ὀλύμπου
898 3547 1124 3612 κατιὼν,
1161 3549 1424 3611 ἐπιεικῶς
1477 3549 1585 3601 τῶν
1636 3549 1810 3603 ἄλλων
1867 3567 2039 3602 κατα-

467 3643 704 3706 φρονῶν,
729 3640 882 3692 οὖδὲν
925 3635 993 3710 ἦν
1037 3642 1182 3708 μέγα
1229 3641 1322 3692 καὶ
1373 3642 1590 3705 σεμνὸν,
1624 3640 1652 3693 ὃ
1703 3641 1778 3712 μὴ
1824 3643 2038 3710 πρέπον

467 3731 716 3798 ἐνόμιζεν
748 3731 948 3801 ἑαυτῷ.
994 3733 1248 3803 ’Δπονοίᾳ
1278 3733 1388 3802 γὰρ
1423 3735 1628 3804 ἐσχάτῃ
1655 3733 2037 3802 κατασχεθεὶς,

467 3822 604 3892 ὑψοῦ
644 3823 742 3892 τὴν
777 3823 1020 3892 κεφαλὴν
1059 3825 1262 3895 αἴρων,
1298 3823 1474 3893 ὁπόση
1512 3824 1746 3892 δύναμις
1780 3819 1846 3893 ἦν
1893 3822 2040 3888 αὐτῷ

463 3914 557 3968 καὶ
597 3914 824 3985 μονονοὺ
856 3915 1152 3982 πετόμενος
1179 3916 1351 3969 θέλων
1380 3915 1696 3984 φαίνεσθαι,
1727 3915 2039 3983 καθήμενος

464 4007 558 4060 ἐπὶ
607 4006 700 4060 τοῦ
764 4005 1040 4077 βασιλείου
1091 4007 1306 4076 Θρόνου,
1365 4009 1465 4070 τὰς
1515 4006 1837 4077 καθημέραν
1890 4007 2043 4077 τηλι-

463 4100 628 4152 κάσδε
666 4100 857 4167 τιμὰς,
894 4100 1036 4170 ὑπὲρ
1078 4100 1175 4171 τὴν
1208 4100 1368 4166 ἀξίαν
1397 4099 1587 4162 οὔσας,
1624 4100 1762 4169 μήτε
1797 4101 1903 4151 τῶν
1946 4098 2040 4151 τοῦ

463 4192 718 4260 σώματος
741 4190 909 4244 αὐτοῦ
941 4191 1460 4260 πλεονεκτημάτων,
1493 4193 1630 4260 μήτε
1665 4192 1772 4260 μὴν
1807 4191 1916 4242 τῶν
1943 4191 2043 4258 τῆς

458 4285 636 4353 ψυχῆς
691 4283 1020 4353 τοπαράπαν
1075 4282 1330 4352 ἐνόμιζεν
1392 4283 1642 4353 ἀπᾴδειν.
1694 4283 1768 4335 Τὸ
1822 4282 1930 4350 γὰρ
1978 4283 2041 4351 δὴ

458 4375 654 4430 Γνῶθι
713 4373 946 4429 σαυτὸν
986 4373 1152 4444 λῆρον
1213 4374 1473 4440 ἄντικρυς
1537 4374 1766 4442 ἠγεῖτο,
1811 4372 1842 4440 ἢ
1922 4373 2041 4424 οὐδὲ

459 4469 717 4535 ἀκήκοεν,
751 4466 859 4520 οὐδ’
890 4466 1167 4519 ἐϐούλετο.
1207 4465 1317 4534 Τὴν
1354 4466 1469 4531 γῆν
1496 4467 1596 4534 μὲν
1628 4465 1735 4532 γὰρ
1766 4463 1884 4533 ᾔδει
1938 4482 2040 4516 πα-

456 4556 588 4622 τῶν,
619 4557 756 4623 (πῶς
784 4557 894 4626 γὰρ
915 4556 982 4610 ἂν
1006 4555 1191 4624 ἠγνόει
1219 4554 1314 4607 καὶ
1339 4553 1496 4607 τοῦτο
1513 4554 1672 4622 ;)Ιτὴν
1698 4553 1752 4605 δὲ
1791 4553 2035 4622 κορυφὴν

457 4649 625 4702 αὐτοῦ
677 4649 736 4701 οὐ
782 4649 918 4703 πολὺ
974 4650 1073 4718 τῆς
1109 4648 1374 4717 οὐρανίας
1425 4645 1577 4716 οἶμαι
1622 4638 1800 4700 δοκεῖν
1850 4647 2036 4715 ἁψίδος

355 4744 363 4751 ’
455 4740 872 4808 ἀπολελεῖφθαιι
911 4741 1084 4794 Ταυτὶ
1119 4743 1227 4812 γὰρ
1279 4740 1466 4794 δίδωσι
1502 4741 1647 4793 νοεῖν
1675 4741 1701 4792 ό
1737 4737 1851 4809 βίος
1883 4738 2034 4791 τοῦδε

408 4897 417 4913 ι
455 4832 704 4902 τάνδρός.
736 4829 861 4884 Εἶεν
893 4832 990 4899 δήο
1022 4832 1228 4884 τούτων
1257 4832 1363 4900 γὰρ
1399 4831 1530 4894 ἴσως
1569 4829 1750 4893 ἄλιςη

2141 3188 2194 3233 et
2231 3178 2477 3233 mordere
2512 3188 2687 3246 potest
2722 3197 2732 3231 :
2770 3177 3148 3248 persuadebat,
3187 3189 3243 3232 ιιι
3304 3180 3478 3234 nudus
3519 3179 3586 3231 ab
3645 3180 3710 3230 iis

2147 3272 2388 3339 conspici
2425 3279 2672 3338 cuperet,
2731 3271 2878 3351 domi
2913 3275 3002 3340 qui
3040 3283 3375 3335 manserant,
3411 3274 3570 3340 idque
3609 3273 3710 3321 du-

2141 3379 2290 3419 ceret
2342 3365 2614 3418 illustrius
2663 3366 2943 3430 omnibus,
3005 3380 3125 3434 qum
3187 3381 3424 3433 unquam
3484 3365 3708 3432 adeptus

2143 3459 2336 3520 fuerat,
2375 3460 2607 3526 spoliis:
2639 3459 2964 3527 quibuscum
2988 3459 3124 3514 Susa
3173 3472 3448 3513 revertens
3490 3459 3711 3529 (quibus

2141 3550 2372 3604 obsecro
2425 3551 2603 3605 verbis
2652 3551 2919 3606 insaniam
2973 3553 3095 3618 quis
3119 3552 3500 3620 cxplicet,qua
3535 3551 3584 3603 in
3629 3550 3712 3604 bis

2144 3641 2470 3708 utebatur?)
2507 3656 2612 3695 non
2649 3641 2860 3698 modice
2899 3643 3237 3712 triumphare
3273 3641 3500 3706 solebat,
3536 3642 3711 3695 accla-

2141 3733 2418 3786 mantibus
2441 3743 2493 3786 et
2529 3732 2905 3800 plaudentibus
2942 3735 3028 3797 iis,
3063 3732 3155 3802 qui
3185 3733 3559 3797 occurrebant,
3589 3743 3709 3785 tau-

2143 3833 2368 3890 tumque
2397 3837 2504 3875 non
2533 3822 2580 3874 ei
2602 3833 2794 3877 cuncta
2827 3825 2929 3877 deo
2957 3824 3103 3891 paria
3127 3822 3515 3877 deferentibus.
3555 3821 3708 3887 Quod

2145 3912 2287 3965 enim
2321 3928 2570 3980 magnam
2599 3915 3013 3983 prosperitatem
3042 3929 3139 3983 pro
3170 3915 3362 3968 virtute
3397 3930 3492 3967 sna
3541 3915 3708 3966 dure-

2145 4011 2254 4067 ret,
2303 4013 2353 4058 et
2384 4005 2454 4057 ob
2498 4017 2787 4059 successus
2819 4006 3142 4060 immodicos
3185 4022 3336 4060 suam
3369 4007 3481 4075 ipse
3541 4005 3713 4058 molli-

2146 4095 2269 4148 tiem
2321 4109 2428 4147 nun
2477 4095 2743 4159 sentiret,
2809 4098 2901 4150 sed
2957 4098 3299 4166 proculcarct
3356 4097 3607 4152 meliores
3654 4111 3712 4150 se

2148 4187 2368 4254 quidem
2393 4186 2562 4249 viros,
2605 4195 2880 4241 tantarum
2911 4199 3087 4242 tamen
3121 4190 3401 4258 copiarum
3458 4189 3710 4243 multitu-

2147 4278 2255 4333 dini
2277 4280 2607 4342 cedentes,et
2627 4279 2693 4332 ab
2713 4279 2909 4334 infesto
2928 4281 3219 4348 invidoque
3236 4280 3479 4334 daemone
3499 4280 3708 4332 illusos:

2145 4370 2300 4440 quasi
2331 4371 2482 4438 gigas
2508 4371 2802 4440 quispiam,
2837 4373 2918 4426 vel
2956 4371 3236 4437 Hercules,
3267 4373 3349 4426 vel
3379 4387 3441 4426 ex
3479 4371 3709 4440 Olympo

2143 4463 2232 4530 qui
2259 4463 2647 4526 descendisset,
2675 4463 2960 4532 insigniter
2984 4465 3117 4518 alios
3150 4473 3532 4522 contemnens,
3571 4460 3705 4512 nihil

2137 4567 2413 4620 magnum,
2448 4553 2582 4606 nihil
2606 4563 2895 4624 augustum
2937 4563 3071 4618 erat,
3105 4555 3248 4619 quod
3286 4570 3342 4610 se
3378 4555 3569 4608 decere
3599 4567 3704 4604 non

2139 4643 2525 4699 arbitraretur.
2549 4645 2804 4700 Extrema
2837 4662 3077 4716 namque
3105 4658 3395 4718 correptus
3447 4635 3707 4706 amentia,

2137 4737 2360 4805 quantis
2392 4738 2605 4806 poterat
2638 4737 2844 4794 viribus
2881 4739 2934 4792 in
2987 4739 3220 4794 sublime
3258 4747 3419 4808 caput
3459 4737 3708 4793 attollens

2135 4835 2457 4897 tantumque
2489 4843 2593 4882 non
2627 4816 2811 4884 volare
2861 4829 3031 4884 videri
3082 4831 3290 4893 volens,
3329 4829 3583 4898 quotiens
3651 4828 3704 4879 in

456 4928 611 4995 regio
628 4927 764 4982 solio
792 4926 1123 4990 consideret,
1184 4927 1533 4996 quotidianos
1574 4926 1695 4982 illos
1739 4941 1802 4981 ac
1861 4935 2045 4981 tantos
2083 4924 2342 4989 honores,
2375 4925 2470 4994 qui
2495 4941 2655 4995 supra
2681 4926 2996 4997 dignitatem
3028 4927 3198 4993 ipsius
3257 4935 3459 4990 essent,
3531 4925 3708 4978 omni-

454 5041 532 5083 no
567 5023 810 5094 corporis
841 5022 1118 5092 animique
1154 5024 1238 5078 sui
1285 5007 1507 5077 dotibus
1553 5022 1772 5079 eximiis
1817 5031 2126 5092 competere
2185 5022 2429 5092 putabat.
2467 5021 2675 5093 Quippe
2739 5023 2961 5078 verbmn
3001 5023 3151 5086 illud,
3221 5020 3392 5076 Nosce
3465 5020 3704 5088 teipsum,

453 5134 560 5191 pro
584 5117 764 5171 fabula
797 5131 1020 5186 prorsus
1058 5115 1292 5171 habebat
1321 5135 1334 5172 :
1364 5117 1448 5171 vel
1480 5131 1579 5171 nec
1613 5117 1880 5180 audierat,
1931 5133 2031 5174 nec
2071 5118 2261 5174 audire
2283 5118 2699 5174 volebat.Norat
2725 5119 2816 5174 ille
2843 5120 3080 5188 quidem,
3114 5133 3172 5173 se
3226 5118 3439 5173 calcare
3481 5127 3703 5186 terram.

396 5227 401 5233 ι
454 5215 594 5280 (quo
620 5207 836 5261 enimid
867 5216 1028 5276 pacto
1069 5209 1300 5262 nesciret
1322 5206 1362 5275 ;)
1395 5208 1490 5262 sed
1527 5209 1812 5273 verticem,
1837 5210 2028 5274 credo,
2070 5226 2230 5266 suum
2262 5212 2591 5282 opinabatur
2626 5213 2692 5267 ab
2734 5213 2827 5268 illo
2861 5211 3066 5267 cmlesti
3095 5210 3306 5266 fornice
3339 5225 3444 5263 non
3474 5208 3704 5260 multum

447 5307 667 5360 abesse.
695 5299 825 5354 Nam
856 5310 915 5355 ut
937 5302 1054 5356 haec
1089 5302 1154 5356 de
1184 5316 1250 5357 eo
1269 5303 1594 5372 cogitemus,
1619 5303 1747 5372 ipsa
1784 5303 2020 5360 hominis
2053 5305 2161 5361 vita
2180 5307 2351 5374 facit;
2393 5322 2458 5363 ac
2481 5307 2553 5362 sit
2585 5308 2654 5362 ita
2674 5321 2826 5371 sane,
2862 5322 2986 5361 nam
3024 5309 3092 5362 de
3142 5305 3225 5360 bis
3245 5304 3479 5358 fortasse
3499 5291 3672 5356 ‘satisL

527 5393 670 5464 Ὥρα
724 5394 768 5447 δ’
821 5394 884 5449 ἂν
931 5397 1016 5464 εἴη
1070 5396 1164 5449 καὶ
1213 5395 1275 5449 rb
1320 5394 1414 5450 τού
1459 5396 1638 5465 Γύγου
1699 5397 2036 5468 κατόρθωμα

2211 5401 2449 5472 Tempus
2479 5410 2658 5458 autem
2693 5400 2878 5467 fuerit,
2912 5411 2970 5455 ut
3009 5401 3286 5470 egregium
3352 5394 3484 5449 illud
3543 5391 3706 5462 Gygis

445 5484 886 5558 παραγαγόντας
929 5488 1013 5548 εἰς
1063 5487 1252 5557 μέσον,
1283 5487 1505 5558 βασάνῳ
1551 5489 1711 5542 τοῦτο
1752 5507 2037 5560 προσαγα-

2141 5491 2353 5547 facinus
2403 5492 2454 5546 in
2511 5492 2694 5547 medio
2745 5491 3094 5560 productum,
3133 5487 3370 5545 examini
3422 5484 3704 5541 sistamus.

443 5589 593 5657 γεῖν.
633 5581 804 5643 Οὗτος
852 5571 1032 5636 τοίνυν
1067 5570 1283 5651 ’ποιμὴν
1324 5580 1426 5651 μὲν
1453 5577 1521 5652 ἦν
1563 5583 1662 5650 τὴν
1701 5580 1892 5659 τύχην,
1929 5583 2036 5634 Λυ-

2141 5585 2267 5640 Erat
2298 5585 2464 5654 igitur
2503 5584 2589 5640 hic
2617 5583 2902 5665 fortunaet
2923 5582 3236 5639 conditione
3267 5575 3485 5647 quidem
3517 5575 3703 5665 opilio,

442 5679 555 5734 δῶν
608 5674 663 5727 δὲ
708 5672 967 5743 τύραννος
1002 5671 1194 5740 γέγονε
1247 5676 1453 5743 στροφῇ
1511 5674 1825 5742 σφενδόνης,
1866 5673 1940 5736 ὥς
1969 5673 2031 5739 γέ

2141 5673 2232 5731 sed
2267 5672 2536 5746 Lydorum
2569 5661 2832 5743 tyrannus
2865 5671 3038 5727 factus
3065 5677 3167 5728 est,
3211 5666 3371 5732 idque
3399 5676 3492 5732 per
3522 5661 3703 5714 inver-

445 5784 643 5838 φασιν,
699 5763 748 5817 τί
806 5763 942 5828 τέως
1000 5780 1062 5830 γε
1120 5764 1212 5819 τὸν
1276 5765 1444 5831 μῦθον
1499 5766 1574 5833 μὴ
1627 5767 2024 5834 ἀτιμάσαιμεν.

2141 5765 2532 5836 δὶοιιοιιιριιιιυ,
2593 5779 2689 5818 ccu
2743 5763 3070 5832 perhibent;
3135 5755 3401 5825 siquidem
3461 5752 3700 5807 fabulam
