4098 6272
416 274 523 341 403

1574 295 1673 351 Md.
1689 295 1730 350 Χ
1747 295 1789 353 U
1806 294 1972 352 Εὖ.ιῦ
2020 296 2099 351 ΡΑ
2116 294 2464 354 leiOZDGI

3555 289 3661 355 ίθὶ

419 389 591 454 ipsam
628 406 732 443 non
773 396 1204 463 repudiabimus.
1237 398 1419 466 ltaque
1454 403 1648 454 merito
1700 404 1831 468 palm
1859 403 1981 471 qui-

2092 404 2299 456 Γὺκοῦν
2327 407 2424 474 τὴν
2456 405 2546 456 ἐπὶ
2569 406 2633 472 τῇ
2664 404 2925 475 σφενδόνῃ
2966 404 3218 473 μηχανὴν
3270 403 3660 473 θαυμάσαιμεν

416 478 539 534 dem
572 482 715 537 illius
751 497 917 541 artem
940 480 1348 555 admirabixnur,
1380 493 1573 560 si'quis
1599 496 1735 547 hanc
1760 496 1979 565 Lydiam

418 574 681 637 fabulam,
742 594 838 630 ceu
874 580 1129 647 quiddam
1184 583 1552 642 verissimum.
1587 587 1978 642 admittendam

416 670 793 723 concesserit:
827 680 1045 732 atemn,
1086 677 1176 739 qui
1216 676 1313 727 bar
1341 687 1453 731 arte
1506 695 1617 733 rem
1677 682 1880 750 peregit
1929 690 1983 734 et

415 759 671 822 confecit,
733 776 1011 829 nunquam
1069 767 1308 832 beatum,
1360 772 1405 822 si
1458 783 1603 825 recte
1628 775 1983 839 pronuntiare

414 850 682 907 volumus,
714 866 991 919 nunquam
1020 858 1199 923 magni
1229 860 1531 915 faciendum
1568 862 1977 920 arbitrabimur.

414 938 780 1005 Quamobrem
818 943 1005 999 istuc?
1037 946 1189 1013 Quod
1220 951 1390 1018 ipsius
1426 955 1687 1008 machina:
1722 954 1981 1022 perfectio

415 1050 523 1089 non
564 1037 779 1105 proprie
813 1037 1039 1097 bonum.
1065 1056 1164 1094 nec
1195 1043 1437 1104 beatum,
1469 1061 1569 1099 nec
1601 1046 1979 1102 admirandum

414 1128 545 1195 quid
598 1140 745 1183 esset
796 1143 976 1186 mente
1041 1136 1304 1201 praeditis.
1364 1136 1496 1189 Nam
1547 1137 1691 1205 quod
1722 1154 1746 1188 a
1782 1140 1983 1192 virtute

416 1231 655 1281 nonest,
693 1237 791 1275 nec
823 1222 1024 1275 bonum
1071 1234 1153 1278 est
1203 1226 1420 1293 proprie
1455 1244 1467 1280 :
1534 1229 1675 1294 quod
1732 1228 1983 1282 inanimze

415 1329 632 1383 quoque
659 1330 744 1369 res
772 1318 1043 1379 univessae
1066 1317 1400 1372 clamabunt.
1424 1318 1526 1384 Qui
1557 1321 1769 1375 virtutis
1791 1337 1982 1376 exsors

415 1404 747 1467 est,etiatnsi
779 1405 982 1473 potitus
1026 1422 1216 1475 regno,
1239 1409 1388 1475 quod
1415 1410 1557 1478 ipsas
1611 1411 1749 1464 ultra
1804 1411 1982 1465 Gades

417 1512 476 1548 se
504 1496 764 1565 porrigat,
792 1512 984 1553 omnes
1009 1512 1165 1567 opes,
1193 1504 1373 1553 omnia
1398 1503 1668 1570 mancipia
1683 1502 1983 1573 collegerit,

418 1593 473 1641 et
496 1588 702 1651 omnia,
736 1603 857 1658 quae
889 1590 941 1642 in
986 1589 1089 1643 hac
1145 1592 1251 1644 vita
1299 1590 1538 1659 jucunda
1587 1603 1713 1647 sunt
1751 1612 1765 1657 ;
1801 1610 1863 1649 ac
1902 1595 1986 1649 his

416 1678 614 1732 deinde
647 1679 862 1733 fruendi
916 1688 1125 1734 tantum
1159 1682 1262 1737 sibi
1318 1686 1656 1738 concesserit
1704 1687 1982 1755 temporis,

353 1788 360 1795 ε
417 1781 682 1839 quantum
712 1772 921 1827 libitum
975 1773 1139 1828 fuerit
1169 1792 1183 1827 :
1219 1791 1375 1843 nugae
1428 1778 1577 1831 istaec
1618 1777 1817 1830 virtute
1852 1794 1987 1847 prae-

418 1864 569 1919 ditis.
596 1865 869 1935 Quidquid
902 1868 1045 1921 enim
1074 1868 1155 1922 vel
1183 1875 1393 1938 gestum
1428 1877 1532 1933 est,
1566 1869 1647 1921 vel
1668 1870 1984 1936 percipitur,

416 1957 460 2007 si
490 1971 613 2010 cum
645 1956 860 2022 virtute,
895 1957 1094 2011 bonum
1145 1975 1159 2012 :
1188 1960 1273 2012 sin
1309 1969 1512 2025 autem,
1535 1960 1888 2013 contrarium.
1919 1960 1987 2013 At

418 2045 593 2117 Gyges
646 2048 843 2103 virtute
905 2066 1011 2103 non
1057 2051 1283 2119 adeptus
1316 2062 1399 2106 est
1438 2053 1807 2123 tyrannidem,
1842 2053 1983 2123 quod

416 2156 548 2195 sane
607 2141 688 2196 vel
748 2142 878 2197 hinc
948 2154 1151 2212 paret:
1196 2145 1328 2198 nihil
1380 2148 1524 2199 enim
1590 2147 1779 2202 virtuti
1838 2162 1988 2202 com-

420 2247 585 2285 mune
637 2246 762 2286 cum
824 2234 1127 2303 tyrannide,
1192 2251 1289 2290 nec
1351 2237 1632 2307 tyrannide
1693 2252 1983 2307 oppresso-

417 2338 538 2375 rum
605 2323 746 2377 bona
825 2341 948 2380 cum
1032 2328 1329 2391 voluntate,
1397 2343 1631 2389 praeesse
1716 2339 1985 2399 tyrannus

417 2424 618 2479 potest.
675 2416 909 2483 Quinam
938 2418 1279 2485 istuc?Quia
1349 2420 1398 2472 vi
1460 2421 1667 2475 coactis
1732 2422 1985 2489 imperat.

415 2505 519 2562 Ubi
549 2510 864 2572 autemvis,
899 2509 972 2564 ibi
1006 2510 1254 2587 voluntas
1311 2510 1486 2566 abest.
1519 2512 1639 2578 Quo
1703 2513 1780 2576 lit,
1816 2522 1874 2566 ttt
1906 2515 1985 2566 in~

416 2607 581 2654 vento
620 2599 855 2668 quodam
895 2610 950 2656 et
1002 2610 1121 2656 arte
1154 2601 1329 2673 Gyges
1366 2606 1417 2657 in
1447 2613 1771 2673 potestatem
1805 2607 1983 2674 gentis

422 2690 586 2746 unius
619 2707 849 2761 corpora
886 2695 1177 2762 redegerit,
1210 2696 1374 2751 etiam
1429 2697 1613 2752 invitae
1640 2715 1655 2763 ;
1681 2713 1781 2753 nec
1811 2701 1984 2755 homi-

408 2795 546 2863 Innm
572 2796 735 2851 supra
757 2784 968 2839 vicinos
995 2782 1246 2849 fortium,
1269 2786 1374 2840 nisi
1399 2788 1736 2867 contrarium
1762 2805 1983 2857 quoque

416 2870 711 2925 dicendum
742 2881 826 2927 est
854 2892 867 2927 :
904 2875 1005 2928 hoc
1034 2890 1165 2929 vero
1205 2891 1303 2930 nec
1334 2876 1647 2941 honestum,
1689 2893 1789 2935 nec
1822 2878 1982 2932 dura.

415 2962 545 3022 bile,
598 2965 743 3031 quod
777 2965 1022 3031 oppressi
1063 2967 1371 3035 tyrannide,
1429 2968 1575 3022 illam
1609 2968 1675 3022 ad
1706 2969 1982 3025 conditio-

2089 495 2154 546 ἂν
2186 496 2429 560 δικαίως,
2466 500 2512 548 εἰ
2546 498 2662 563 δοίη
2694 515 2777 559 τις
2813 499 2905 550 τὸν
2935 498 3125 549 Αύδιον
3151 496 3342 548 τοῦτον
3380 496 3549 565 μῦθον
3582 498 3659 557 ὡς

2089 587 2455 654 ἀληθέστατον
2496 588 2796 652 δέξασθαιο
2832 590 2922 639 τὸν
2974 589 3029 641 δέ
3089 589 3152 656 δὴ
3203 589 3514 657 περάναντα
3566 587 3661 639 καὶ

2090 677 2497 745 κατωρθωκότα
2548 681 2612 747 τῇ
2652 681 2889 748 μηχανῇ,
2930 678 3028 731 οὐκ
3075 679 3140 732 ἄν
3170 696 3298 731 ποτε
3328 679 3510 731 δίκαια
3541 696 3663 731 ποι-

2086 767 2273 826 οῦντες
2324 767 2633 833 εὐδαίμονα
2690 771 3021 838 νομίσαιμεν
3088 771 3182 820 καὶ
3238 769 3482 836 ζηλωτόν
3536 786 3658 820 τινα

2085 855 2250 910 εἶναι.
2281 860 2377 910 Διὰ
2408 858 2491 921 τί;
2531 860 2653 911 ’Ότι
2686 859 2745 911 τὸ
2791 862 2889 926 τῆς
2920 861 3172 928 μηχανῆς
3208 848 3552 927 ἀποτέλεσμα
3594 860 3656 911 ού

2088 949 2293 1016 κυρίως
2340 950 2565 1017 ἀγαθ>.ν,
2607 951 2727 1003 οὐδὲ
2784 949 3066 1019 εῠδαιμον,
3125 952 3245 1003 οὐδὲ
3302 951 3539 1019 ζηλωτόν
3590 967 3655 1015 γε

2085 1040 2210 1093 νοῦν
2258 1041 2496 1110 ἔχουσιν.
2534 1044 2600 1096 Ὃ
2649 1044 2753 1113 γὰρ
2803 1044 2904 1095 οὐκ
2950 1044 3009 1107 ἐξ
3057 1045 3259 1114 ἀρετῆς
3301 1044 3423 1096 οὐδὲ
3455 1044 3656 1109 ἀγαθὸν

2088 1133 2314 1199 κυρίως,
2347 1134 2393 1184 εἰ
2419 1133 2482 1203 δὴ
2512 1138 2604 1187 καὶ
2634 1134 2701 1186 τὰ
2734 1134 2919 1205 ἄψυχα
2962 1135 3141 1187 πάντα
3174 1135 3332 1185 τοῦτο
3362 1136 3659 1201 κεκρὰξον-

2085 1241 2191 1274 ταιΔ
2232 1225 2353 1276 Κᾶν
2385 1226 2410 1276 ό
2438 1223 2649 1291 ταύτης
2684 1225 2930 1294 ἄμοιρος,
2976 1225 3146 1293 ἄρξας
3185 1225 3235 1276 εἴ
3259 1243 3311 1276 τι
3347 1226 3438 1277 καὶ
3474 1225 3658 1276 Γαδεί-

2090 1332 2200 1381 ρων
2244 1315 2393 1367 ἐστὶν
2447 1316 2726 1379 ἐπέκεινα,
2751 1316 2980 1387 ἀθροίσῃ
3032 1317 3133 1386 μὲν
3177 1316 3357 1369 πάντα
3407 1317 3657 1381 πλοῦτον,

2087 1408 2317 1479 ἀθροίσῃ
2376 1408 2433 1460 δὲ
2488 1409 2821 1478 ἀνδράποδα,
2874 1409 2969 1461 καὶ
3028 1410 3207 1463 πάντα
3260 1410 3329 1462 τά
3384 1410 3479 1462 τοῦ
3542 1410 3659 1478 βίου

2086 1499 2325 1565 τερπνά·
2361 1493 2481 1551 εἶτα
2525 1498 2705 1566 ἑαυτῷ
2756 1497 2937 1551 πάντα
2982 1498 3057 1568 δῷ
3098 1499 3444 1565 καρποῦσθαι
3476 1501 3661 1569 χρόνον

2087 1588 2283 1641 ὁπόσον
2335 1588 2539 1656 βούλει,
2575 1589 2742 1658 λῆρος
2788 1591 2902 1650 τοῖς
2952 1590 3277 1657 μετέχουσιν
3324 1591 3546 1658 ἀρετῆς.
3591 1592 3663 1642 Τὸ

2020 1731 2059 1782 Β
2090 1681 2195 1748 γὰρ
2241 1680 2721 1751 πεπραγμένον,ἥ
2777 1681 3171 1749 μετεχόμενον,
3208 1683 3256 1733 εί
3316 1682 3413 1734 σὺν
3466 1684 3659 1751 ἀρετῇ,

2090 1771 2291 1823 καλὸνο
2347 1773 2396 1823 εί
2449 1772 2506 1824 δὲ
2560 1774 2655 1843 μὴ,
2712 1773 3045 1827 τούναντίον.
3115 1775 3173 1826 ὐ
3223 1774 3401 1843 Γύγης
3451 1775 3506 1827 δὲ
3562 1776 3663 1827 οὐκ

2087 1861 2255 1932 ἀρετῇ
2289 1863 2681 1933 τετυράννηκε.
2719 1864 2830 1918 Καὶ
2875 1864 3038 1917 τοῦτο
3083 1865 3243 1934 δῆλον
3292 1866 3544 1919 αὐτόθεν.
3582 1867 3659 1918 Οὐ

2089 1956 2198 2023 γάρ
2232 1957 2384 2007 ἐστιν
2413 1955 2566 2010 οὐδὲν
2605 1957 2785 2009 κοινὸν
2814 1958 2982 2026 ἀρετῇ
3029 1959 3162 2028 προς
3200 1958 3517 2027 τυραννίδα,
3550 1958 3664 2012 οὐδ’

2052 2110 2055 2113 δ
2088 2048 2165 2101 ενι
2197 2050 2600 2119 τυραννεύοντα
2632 2052 2829 2122 γνώμῃ
2862 2051 2971 2104 τῶν
3005 2052 3459 2121 τυραννουμένων
3492 2051 3663 2104 τοῦτο

2089 2144 2283 2194 ποιεῖν.
2320 2142 2480 2205 Πῶς;
2514 2142 2638 2195 Ὅτι
2685 2142 3007 2213 βιαζόμενος
3056 2143 3235 2214 ἄρχει.
3268 2144 3377 2196 Καὶ
3433 2144 3519 2197 ἵνα
3549 2143 3659 2213 βία.

2087 2232 2284 2286 ἄπεστι
2322 2233 2539 2303 γνώμη.
2581 2235 2746 2288 Ὥστε
2789 2237 3065 2299 σωμάτων
3101 2237 3410 2305 κεκράτηκε
3445 2240 3662 2306 μηχανῇ

2087 2338 2192 2374 τινι
2239 2323 2333 2374 καὶ
2376 2324 2541 2395 τέχνῃ
2597 2323 2787 2387 ἔθνους
2854 2325 3117 2387 negarat
3175 2326 3248 2393 μὴ
3298 2326 3660 2396 βουλομένουο

2088 2417 2181 2469 καὶ
2209 2415 2415 2468 τούτων
2461 2417 2520 2468 ού
2572 2418 2836 2484 γενναίων
2872 2418 3011 2485 ὑπὲρ
3044 2420 3169 2480 τοὺς
3196 2420 3470 2486 γείτονας,
3503 2423 3551 2473 εἰ
3584 2422 3659 2490 μή

2085 2523 2170 2569 τις
2222 2509 2391 2581 είποιη
2430 2508 2523 2561 καὶ
2575 2509 2908 2563 τούναντίον.
2955 2510 3128 2564 Τοῦτο
3159 2512 3217 2565 δὲ
3264 2511 3386 2565 οὔτε
3438 2513 3655 2582 σεμνὸν.

2084 2600 2207 2652 οὗτε
2236 2600 2485 2671 μόνιμον,
2513 2600 2622 2653 τῶν
2653 2602 3100 2671 τυραννηθέντων
3132 2604 3374 2657 ἀκόντων
3406 2606 3485 2667 είς
3510 2604 3659 2658 τοῦτ’

2085 2692 2373 2747 ἐλθόντων.
2431 2694 2597 2747 ’Δνευ
2655 2694 2711 2745 δὲ
2775 2694 2884 2746 τῶν
2942 2694 3278 2765 εἰρημένων,
3317 2695 3366 2747 εί
3418 2695 3661 2765 ἀκριϐῶς

2087 2783 2356 2853 θεωρήσει
2411 2802 2513 2849 τις,
2543 2784 2852 2853 ἀνθρώπων
2898 2785 3079 2855 Γύγης
3114 2786 3176 2839 οὐ
3227 2785 3615 2855 βεϐασίλευκεν
3639 2800 3657 2818 δ

2086 2874 2245 2943 εἴπερ
2276 2875 2308 2942 ἠ
2345 2872 2540 2942 γνώμη
2596 2874 2695 2941 μὲν
2730 2873 2930 2943 ψυχῆς,
2967 2874 3173 2943 κυρίως
3208 2874 3263 2929 δὲ
3301 2876 3585 2945 ἄνθρωπος
3621 2878 3653 2948 ἡ

2085 2964 2255 3034 ψυχή.
2296 2966 2536 3027 Ἐκεῖνος
2570 2965 2625 3018 δὲ
2657 2966 2916 3036 τύραννος
2940 2965 3014 3018 ὢν
3055 2967 3307 3022 τοσοῦτον
3331 2968 3538 3037 ἀπέσχε
3563 2971 3655 3021 τοῦ

417 3068 542 3106 nem
584 3054 735 3106 inviti
766 3057 1136 3123 pervenerint.
1170 3056 1493 3127 Quanquam
1536 3067 1589 3113 et
1641 3061 1847 3131 absque
1878 3063 1981 3128 his,

2088 3056 2185 3117 τὰς
2216 3055 2324 3108 τῶν
2354 3056 2805 3125 τυραννηθὲντων
2833 3057 3056 3127 γνώμας
3084 3060 3366 3129 κερδᾶναι,
3398 3060 3522 3113 ὅσον
3560 3060 3656 3113 καὶ

417 3160 539 3211 qua:
566 3143 711 3197 dicta
746 3154 896 3211 sunt,
926 3146 969 3200 si
1000 3148 1124 3216 quis
1164 3159 1418 3203 accurate
1446 3165 1558 3206 rem
1585 3153 1981 3217 considerabit,

418 3239 645 3292 minime
671 3239 850 3309 Gyges
881 3254 971 3294 rex
1006 3241 1288 3295 hominum
1323 3241 1463 3309 fuit;
1499 3245 1768 3313 siquidem
1800 3248 1986 3303 volun-

421 3342 524 3386 tas.
568 3331 733 3383 animi
766 3338 892 3396 est;
943 3330 1163 3386 animus
1211 3343 1390 3386 autem
1432 3336 1652 3405 proprie
1686 3346 1769 3391 est
1799 3338 1980 3394 homo.

419 3426 489 3475 At
515 3423 622 3481 ille.
652 3424 745 3492 qui
799 3432 1062 3493 tyrannus
1110 3435 1276 3489 esset,
1310 3435 1516 3480 tantum
1568 3429 1774 3495 aberat,
1808 3440 1866 3483 ut
1892 3449 1986 3501 op-

421 3531 734 3583 pressorum
787 3516 1099 3571 voluntates
1158 3515 1532 3585 fueril‘aceret,
1565 3528 1772 3590 quanto
1812 3527 1985 3592 magis

416 3618 846 3664 consentaneum
876 3620 1016 3673 erat,
1052 3625 1177 3665 eum
1209 3612 1263 3664 in
1297 3612 1423 3665 odio
1462 3628 1583 3667 esse
1614 3614 1892 3677 omnibus,
1932 3626 1985 3671 ct

417 3698 631 3753 insidiis
663 3714 849 3753 eorum
883 3699 1104 3753 omnino
1137 3700 1265 3768 peti.
1298 3699 1420 3754 llaec
1454 3702 1662 3755 scilicet
1688 3702 1775 3756 illa
1804 3712 1986 3772 tyran-

420 3791 565 3845 nidis
600 3790 739 3844 bona
772 3802 920 3855 sunt,
956 3806 1076 3861 quae
1112 3806 1236 3846 cum
1284 3807 1347 3845 ea
1383 3793 1543 3847 simul
1574 3802 1628 3847 et
1655 3805 1982 3861 nascuntur,

418 3889 472 3933 ct
505 3891 799 3949 augescunt
833 3880 1031 3949 quovis
1065 3880 1265 3945 modo;
1297 3890 1350 3933 et
1379 3884 1596 3950 quando
1624 3898 1746 3936 cum
1779 3900 1837 3937 ea
1872 3886 1985 3939 dis~

417 3972 726 4034 solvuntur,
748 3972 800 4023 in
822 3971 1187 4025 foedissimum
1208 3971 1463 4041 quiddam
1492 3973 1768 4028 desinunt.
1798 3976 1985 4030 Enim-

418 4078 548 4116 vero
580 4062 626 4117 si
657 4062 925 4116 orationis
951 4061 1115 4128 hujus
1148 4062 1323 4118 forma
1355 4074 1517 4133 atque
1552 4066 1690 4119 ratio
1722 4067 1985 4135 simplici-

422 4167 504 4211 ter
539 4154 780 4209 historia:
812 4156 1055 4233 tegendae
1082 4165 1402 4224 potestatem
1450 4159 1607 4214 nobis
1639 4152 1997 4226 concederet,

420 4248 590 4304 multo
617 4248 822 4302 rectius
874 4262 1037 4316 quam
1095 4251 1254 4304 modo
1281 4251 1686 4307 narrationibus
1718 4252 1985 4308 institutis

2085 3146 2380 3200 ἀκόλουθον
2427 3143 2496 3218 ἦν
2542 3148 2697 3218 παρά
2748 3150 2968 3203 πάντων
3014 3151 3178 3204 αὑτὸν
3233 3151 3527 3220 μισεῖσθαι,
3563 3156 3656 3206 καὶ

2086 3240 2541 3294 ἐπιϐουλεύεσθαι
2572 3243 2750 3295 πάντα
2785 3243 2882 3312 τρό
2896 3261 3007 3296 τον.
3048 3244 3232 3297 Ταῦτα
3261 3245 3326 3314 δὴ
3356 3245 3424 3299 τὰ
3453 3263 3653 3316 τυραν-

2086 3333 2227 3393 νίδος
2257 3333 2460 3400 ἀγαθὰ,
2489 3336 2582 3387 καὶ
2634 3335 2764 3405 τῇδε
2808 3336 3170 3405 συμφυόμενά
3212 3355 3270 3389 τε
3305 3340 3402 3390 καὶ
3439 3355 3650 3391 συνεπι-

2086 3420 2300 3474 διδόντα
2345 3423 2437 3475 τὸν
2482 3425 2662 3493 πάντα
2704 3425 2927 3494 τρόπον,
2981 3428 3072 3479 καὶ
3123 3428 3462 3482 τελευτῶντα
3516 3430 3645 3496 πρὸς

2087 3513 2369 3583 αἴσχιστόν
2418 3532 2493 3579 τι,
2553 3517 2767 3587 σύναμα
2810 3518 2983 3589 ταύτῃ
3046 3519 3399 3590 διαλυόμενα.
3436 3522 3506 3576 Ού
3544 3522 3645 3591 μὴν

2087 3605 2203 3658 ἀλλ’
2254 3607 2303 3659 εί
2363 3608 2426 3659 τὸ
2468 3608 2654 3677 σχῆμα
2698 3607 2793 3661 τοῦ
2854 3609 3017 3677 λόγου
3062 3612 3324 3681 καθαρῶς
3360 3613 3671 3680 ἐπέτρεπεν

2090 3698 2347 3767 ἱστορεῖν,
2402 3694 2547 3769 εἶχον
2598 3700 2814 3768 ἐλέγξαι
2870 3706 2983 3767 τοῖς
3030 3704 3337 3774 διηγήμασι
3372 3706 3551 3775 πολλῷ
3595 3724 3659 3775 γε

2090 3788 2300 3857 βέλτιον
2350 3791 2383 3860 ἢ
2434 3793 2549 3857 νῦν,
2586 3793 2661 3857 ὡς
2691 3796 2717 3848 ὃ
2756 3812 2813 3848 τε
2857 3796 3064 3866 χρυσίῳ
3097 3798 3240 3851 πάνυ
3274 3798 3513 3868 θαρρῶν,
3545 3801 3571 3853 ὅ
3601 3817 3661 3851 τε

2090 3883 2297 3953 σιδήρῳ
2356 3884 2498 3953 μέγα
2548 3885 2762 3953 φρονῶν
2814 3889 2906 3940 καὶ
2952 3887 3091 3941 λεῶν
3142 3888 3494 3958 ἀθροίσματι,
3524 3890 3551 3940 ὃ
3596 3907 3653 3942 τε

2090 3980 2363 4045 μηχαναῖς
2402 3978 2656 4043 ἐλπίζων,
2696 3980 2791 4031 καὶ
2845 3982 3085 4033 τουτοισὶ
3133 3981 3309 4049 ψιλοῖς
3362 3982 3645 4050 ἐγχειρῶν,

2087 4069 2180 4120 καὶ
2208 4068 2368 4132 εἴτις
2389 4071 2602 4133 τούτοις
2631 4071 2947 4139 ἐφάμιλλος,
2975 4072 3049 4142 μὴ
3084 4075 3387 4143 προσούσης
3417 4075 3644 4139 ἀρετῆς,

2090 4158 2450 4229 ἐξηπάτηται.
2495 4162 2648 4213 Ἐπεὶ
2701 4161 2756 4214 δὲ
2809 4161 2903 4214 νῦν
2953 4163 3014 4215 ού
3068 4163 3467 4232 προηγούμενον
3505 4155 3654 4215 τοῦθ’

2090 4250 2240 4315 ἡμῖν,
2275 4250 2389 4303 ἀλλ’
2443 4250 2830 4305 ἀποδεικνύναι
2886 4256 3182 4324 πειρᾶσθαι
3236 4258 3352 4317 ταῖς
3412 4254 3658 4322 παραθέ-

418 4344 649 4411 probare
679 4356 935 4412 possem;
974 4350 1029 4395 et
1069 4356 1196 4395 eum
1234 4343 1325 4409 qui
1361 4357 1615 4410 magnam
1666 4343 1719 4397 in
1752 4360 1885 4398 auro
1919 4345 1979 4397 li-

2093 4356 2263 4405 σεσιν,
2301 4340 2377 4405 ὡς
2407 4341 2668 4413 ἄρχουσιν
2694 4324 2969 4398 ἐθέλουσιν
2999 4348 3224 4409 ἀγαθοῖς
3254 4342 3394 4400 εἶναι
3436 4349 3660 4400 πάντων

419 4435 635 4491 duciam
669 4435 843 4504 ponit,
873 4443 927 4488 et
964 4434 1057 4503 qui
1089 4450 1145 4488 se
1168 4434 1314 4487 ferro
1336 4426 1410 4488 ac
1438 4436 1760 4503 populorum
1793 4438 1988 4490 collec-

421 4529 569 4582 tione
600 4532 929 4596 magnopere
953 4525 1143 4593 iactat,
1176 4534 1232 4577 et
1254 4525 1347 4592 qui
1384 4524 1555 4579 fretus
1584 4536 1667 4581 est
1694 4528 1984 4591 machinis,

421 4619 625 4687 quique
665 4619 797 4673 solis
826 4617 910 4673 his
933 4617 1175 4671 animum
1211 4616 1422 4685 adjicit,
1467 4626 1520 4671 et
1553 4619 1596 4672 si
1632 4619 1757 4685 quis
1793 4619 1985 4673 horum

421 4710 620 4765 similis
651 4720 734 4764 cst
764 4727 779 4770 ;
818 4724 968 4775 eum,
1000 4709 1105 4762 nisi
1152 4708 1327 4761 virtus
1361 4709 1526 4773 adsit,
1558 4708 1669 4762 falli
1701 4718 1862 4777 atque
1888 4712 1985 4765 dc-.

420 4804 551 4869 cipi.
580 4804 779 4856 Verum
808 4804 1064 4871 quoniam
1092 4802 1194 4855 hoc
1218 4802 1285 4854 ah
1312 4801 1465 4855 initio
1488 4818 1594 4856 non
1626 4802 1981 4864 instituimus,

420 4895 513 4949 sed
554 4904 762 4947 tantum
791 4898 871 4947 uti
896 4910 1001 4962 per
1036 4894 1477 4965 comparationes
1507 4896 1886 4965 probaremus,
1921 4898 1985 4951 iis

425 4984 785 5053 principibus,
819 4986 910 5052 qui
944 4985 1069 5039 boni
1103 5000 1225 5040 esse
1254 4985 1440 5048 velint,
1473 4987 1538 5039 ad
1574 4985 1983 5051 perliciendum,

423 5091 547 5147 qua:
587 5075 832 5142 cupiant,
861 5074 995 5128 nihil
1024 5075 1288 5144 sapientia
1320 5077 1517 5131 melius
1542 5091 1663 5132 esse
1690 5096 1701 5129 :
1738 5077 1985 5129 instituto

424 5177 615 5222 nostro
658 5165 951 5219 convenire
995 5165 1277 5230 duximus,
1323 5167 1365 5221 si
1401 5182 1502 5220 nec
1531 5181 1719 5220 omnes
1759 5167 1891 5219 tales
1933 5170 1984 5220 in

422 5260 659 5313 medium
679 5258 1125 5328 produceremus,
1154 5274 1221 5311 ne
1245 5258 1454 5312 theatro
1477 5258 1686 5313 molesti
1716 5274 1987 5321 essemus,

423 5349 753 5406 inellabilem
790 5346 1081 5417 quemdam
1132 5364 1422 5401 numerum
1473 5348 1836 5417 proferendo;
1886 5362 1986 5401 nec

423 5444 560 5500 citra
588 5443 808 5497 modum
833 5440 1123 5493 hiscorum
1156 5439 1398 5494 historiis
1431 5450 1725 5505 uteremur,
1755 5457 1819 5493 ne
1840 5442 1984 5509 quod

426 5534 764 5603 propositum
801 5549 826 5581 ιι
855 5529 1009 5585 nobis
1036 5538 1136 5591 est.
1176 5530 1226 5582 in
1250 5531 1624 5583 narrationum
1654 5532 1985 5584 inliniturqu

424 5624 578 5691 quasi
606 5638 755 5676 mare
792 5622 1053 5681 delatum,
1090 5619 1435 5686 naufragium
1472 5621 1695 5674 laceret.
1738 5622 1813 5674 Ac
1843 5631 1988 5675 recte

424 5715 642 5784 qtndcm
674 5714 740 5766 ad
778 5714 979 5766 exitum
1035 5712 1108 5778 id",
1143 5710 1284 5780 quod
1339 5709 1402 5761 ab
1457 5710 1606 5765 initio
1649 5711 1983 5775 volebamus,

2092 4431 2314 4500 ἄμεινον
2364 4432 2432 4485 ἂν
2486 4435 2574 4502 εἴη
2642 4435 2804 4502 σοφία
2858 4436 2998 4506 πρὸς
3035 4437 3095 4489 τὸ
3129 4438 3431 4506 περαίνειν,
3468 4438 3502 4492 ἆ
3536 4439 3660 4507 βού-

2039 4512 2049 4526 ⁸
2090 4520 2264 4574 λοιντο
2292 4538 2304 4550 ·
2346 4523 2601 4591 ήγήμεθα
2642 4524 2784 4591 μάλα
2835 4525 3158 4594 συμϐαίνειν
3199 4528 3276 4596 τῷ
3310 4530 3659 4598 προκειμένῳ

2092 4610 2279 4679 σκοπῷ
2334 4611 2473 4680 μήτε
2523 4612 2731 4675 πάντας
2778 4613 3008 4680 ἀγαγεῖν
3063 4616 3144 4677 είς
3208 4616 3377 4683 μέσον
3420 4618 3544 4679 τούς
3595 4635 3657 4683 γι

2088 4702 2381 4764 τοιούτους,
2414 4702 2499 4755 ἵνα
2530 4702 2604 4774 μὴ
2623 4703 2684 4756 τὸ
2714 4704 2940 4773 θέατρον
2966 4706 3413 4776 ἀποκναίσωμεν,
3445 4708 3658 4777 ἀμύθη-

2086 4792 2179 4843 τόν
2205 4809 2325 4845 τινα
2355 4793 2587 4866 ἀριθμὸν
2612 4796 3060 4863 παρεισάγοντες,
3085 4798 3210 4866 μήτ’
3236 4799 3492 4868 ἀμέτρως
3521 4800 3656 4868 χρή-

2089 4880 2287 4936 σασθαι
2338 4883 2591 4937 ταυταισὶ
2648 4885 2768 4946 ταῖς
2815 4886 2936 4937 κατ’
2980 4886 3179 4949 αὐτοὺς
3231 4888 3518 4953 ἱστορίαις,
3574 4891 3650 4958 μή

2089 4989 2219 5025 ποτε
2255 4974 2391 5043 πρὸς
2447 4976 2686 5042 πέλαγος
2738 4976 3100 5044 διηγημάτων
3142 4980 3391 5049 ἀπείρων
3428 4980 3490 5032 τὸ
3519 4997 3655 5048 προ-

2088 5066 2344 5130 κείμενον
2383 5069 2514 5136 ἡμῖν
2564 5067 2822 5137 ἐμπεσὸν,
2857 5072 3163 5141 ναυαγήσῃ.
3201 5071 3310 5123 Καὶ
3353 5070 3416 5141 δὴ
3475 5070 3654 5134 καλῶς

2092 5173 2183 5225 μοι
2228 5158 2377 5209 δοκεῖ
2427 5156 2881 5225 συμπεπεράνθαι
2933 5160 2993 5207 τὸ
3043 5158 3324 5225 καταρχὰς
3366 5158 3498 5227 ἡμῖν
3530 5157 3657 5225 βού-

2088 5248 2258 5316 λημα.
2307 5226 2395 5310 Ὧς
2440 5250 2548 5318 γάρ
2596 5267 2648 5302 τι
2704 5240 3053 5318 παράδειγμα
3092 5250 3349 5311 λαϐόντες
3390 5226 3497 5319 ἤδη
3529 5250 3654 5311 τοὺς

2089 5322 2286 5410 άνδρας
2328 5341 2570 5408 τούτους,
2618 5340 2728 5413 [ἐκ]
2774 5342 2887 5396 τῶν
2914 5342 3116 5409 ὁμοίων
3135 5342 3330 5405 ἀὐτοῖς
3373 5340 3654 5404 ἁπάντων,

2090 5433 2185 5484 καὶ
2232 5433 2326 5495 τὰς
2379 5434 2615 5501 ἱστορίας
2669 5433 2770 5495 τὰς
2821 5434 2949 5502 περὶ
3006 5432 3211 5483 τούτων
3270 5431 3471 5492 ἱκανῶς
3518 5433 3654 5496 atpo-

2092 5525 2461 5589 σιωσάμενοι,
2553 5524 2735 5577 πᾶσάν
2816 5542 2875 5576 τε
2952 5522 3275 5593 περιεργίαν
3353 5521 3653 5591 παρέντες,

2090 5616 2226 5668 κατά
2276 5617 2466 5685 καιρὸν
2536 5616 3019 5685 ἀπαλλαττόμεθα,
3082 5614 3153 5677 ὡς
3225 5614 3329 5683 ἐμέ
3376 5630 3440 5681 γε
3524 5617 3653 5683 περὶ

2090 5709 2276 5761 τούτου
2301 5709 2538 5778 νομίσαι.
2574 5708 2682 5761 Καὶ
2707 5707 2813 5777 γάρ
2840 5724 2921 5761 τοι
2953 5705 3313 5778 μεμιμήμεθα
3335 5704 3505 5773 ὀρθῶς
3530 5705 3650 5759 δια-
