4098 6272
338 320 341 321 ν
441 287 544 354 £05

1887 294 2172 368 OR.\’1TO
2212 308 2255 367 ῐ.

3583 312 3688 371 4θὸ

440 406 783 478 πραξάμενοι
835 409 958 475 τοὺς
997 411 1519 482 ἀργυρογνώμονας,
1568 412 1660 484 ὀἷς
1700 437 1762 488 γε
1804 420 1923 484 ἔθος
1962 424 2014 475 ὲν

2127 424 2419 478 deductum
2461 422 2590 477 mihi
2620 423 2852 479 videtur.
2896 424 3184 495 POStquam
3217 426 3361 480 enim
3393 426 3536 481 viros
3564 428 3691 481 bos-

439 499 534 551 τοὺ
564 498 765 570 μέρους
796 504 859 553 τὸ
910 504 1018 556 πᾶν
1050 505 1271 561 ειδέναι.
1304 509 1413 561 Καὶ
1443 505 1594 578 οἶμαι
1640 511 1839 581 χρῆναι
1873 514 2012 580 ἀγα-

441 590 548 659 πᾷν
594 594 660 661 τῇ
702 591 908 659 μεθόδιρ
941 594 1137 666 ταύτῃ.
1171 596 1231 648 Ei
1273 599 1381 669 γὰρ
1413 600 1463 651 οἳ
1501 590 1614 663 τοῖς
1646 602 1784 666 ὅλοις
1828 603 2014 668 ἔδοξαν

441 682 575 735 πολὺ
611 684 738 746 τοὺς
767 683 960 748 ἄλλους
990 690 1357 755 παρενεγκεῖν
1380 732 1393 754 ,
1426 691 1636 752 τούτοις
1684 695 1923 765 ἀτεχνῶς
1956 697 2015 747 τδ

440 772 690 843 λαμπρὸν
719 775 1092 845 τετελευτήκει
1116 779 1251 848 πρὸς
1278 781 1431 833 οὐδὲν
1455 783 1620 852 ἱερὸν,
1647 787 1797 853 φασὶ,
1823 789 1933 840 τισὶ
1957 788 2015 842 δὲ

441 865 532 914 xa‘.
564 863 700 931 πρὸς
752 865 1079 930 τούναντίον,
1112 869 1191 939 τῷ
1239 870 1314 941 μὴ
1362 875 1601 941 γνησίως
1668 878 1800 948 μηδὲ
1836 879 2016 944 καλῶς

440 952 499 1004 τ’)
532 955 629 1020 τῆς
677 954 877 1024 ἀρετῆς
918 959 1162 1026 μετιέναι
1198 962 1410 1031 χρῆμα,
1452 966 1617 1037 σχολῇ
1667 969 1719 1036 γ’
1768 969 1833 1022 ἂν
1867 970 2015 1024 ἄλλοι

442 1042 549 1098 τῶν
582 1045 886 1099 ἐλασσόνων
915 1049 1129 1119 ἀληθῶς
1163 1052 1228 1106 ἂν
1269 1054 1480 1121 δόξαιεν
1529 1058 1847 1129 εὐδαίμονες
1878 1058 2014 1114 εἶναι

441 1135 520 1204 τῷ
550 1136 820 1201 πλουτεῖν,
843 1142 939 1192 καὶ
962 1142 1202 1211 πλήθους
1228 1146 1438 1216 ἄρχειν,
1467 1149 1560 1203 καὶ
1588 1148 1653 1212 ἐξ
1674 1152 2015 1219 οἱασδήτινος

446 1229 693 1297 μηχανῆς
719 1229 870 1296 σφίσι
898 1248 959 1295 γε
990 1234 1172 1296 αὑτοῖς
1200 1236 1518 1292 δουλοῦσθαι
1550 1244 1622 1309 μὴ
1657 1242 2017 1310 βουλομένους

443 1316 784 1387 ἀνθρώπους.
827 1321 989 1375 Ὥστε
1037 1324 1119 1376 δεῖ
1144 1325 1252 1378 τῶν
1289 1330 1544 1400 ἱστοριῶν
1580 1332 1873 1400 ἀφέμενον,
1922 1336 2015 1388 az;

443 1410 534 1460 καὶ
576 1412 749 1481 παρόν
781 1430 862 1464 σοι
918 1414 1120 1479 ταύτας
1149 1418 1348 1473 εἰδέναι
1395 1422 1550 1492 παρὰ
1596 1423 1706 1473 τῶν
1738 1423 2017 1494 προῦργου

442 1500 600 1555 τοῦτο
662 1506 1063 1573 πεποιηκότων,
1118 1511 1451 1579 πειραθῆναι
1506 1516 1746 1567 τουτοισὶ
1776 1517 1887 1577 τοῖς
1927 1518 2018 1567 ἀν-

442 1594 600 1662 δράσι
639 1586 976 1665 παραϐχλεῖν
1018 1599 1221 1655 ἐκεῖνον
1252 1601 1317 1672 δὴ
1348 1603 1437 1655 τὸν
1469 1604 1692 1674 ἄριστον
1744 1607 1927 1675 ἄνδρα,
1958 1609 2018 1662 ὃν

443 1686 503 1748 ἑξ
544 1686 855 1751 ὑποθέσεως
911 1690 1224 1759 ὑπεθέμεθα
1275 1694 1553 1764 καταρχὰς
1612 1695 1807 1759 εὐθύς·
1870 1697 2013 1765 λέγω

442 1773 506 1842 δὴ
548 1776 636 1827 τὸν
666 1779 950 1848 φρόνιμον,
988 1781 1346 1849 καὶαγαθδν,
1395 1786 1487 1838 καὶ
1542 1788 1721 1854 σοφόν.
1768 1788 1830 1840 Ὀ
1877 1789 2010 1855 γοῦν

444 1865 683 1930 τοιοῦτος
716 1869 991 1937 βασιλεὺς,
1019 1871 1052 1942 ἢ
1085 1871 1220 1935 ὅλως
1256 1873 1438 1943 ἄρχων
1467 1876 1649 1942 τινῶν,
1682 1880 2013 1949 ἐρρωμένως

444 1957 585 2027 ἔχων
605 1960 700 2028 τὴν
725 1960 921 2030 ψυχὴν,
955 1963 1045 2015 καὶ
1077 1963 1153 2026 ὡς
1188 1964 1294 2034 χρὴ
1328 1967 1499 2034 φιλῶν
1523 1965 1595 2019 ὧν
1629 1970 1809 2039 ἄρχει,
1840 1971 2011 2025 θέλων

441 2066 501 2100 τε
532 2049 730 2112 αὐτοὺς
762 2053 892 2121 ὁρᾷν
920 2054 977 2103 έν
1009 2048 1089 2114 οἷς
1118 2054 1185 2107 ἂν
1208 2057 1449 2123 γένοιντο
1486 2058 1583 2127 τὴν
1611 2062 1833 2132 γνώμην
1860 2064 2017 2133 ἀμεί-

442 2156 585 2207 νους,
623 2144 715 2194 καὶ
742 2142 922 2212 ζητῶν
952 2145 1165 2199 ἅπαντα
1198 2152 1291 2216 τρί’
1300 2166 1415 2211 πον,
1447 2151 1513 2203 δι⁹
1543 2145 1619 2206 ὧν
1647 2152 1706 2206 εὖ
1734 2156 2011 2210 πείσονται

442 2233 575 2303 παρ’
605 2235 769 2288 αὑτοῦ
790 2250 803 2265 ο
838 2235 1029 2290 ἔπειτα
1058 2239 1148 2290 καὶ
1179 2241 1245 2307 τῇ
1281 2239 1513 2309 δυνάμει
1546 2243 1653 2296 τῶν
1693 2245 1866 2312 λόγων
1896 2248 2016 2301 πεί-

442 2327 553 2379 θων
582 2326 801 2392 αὐτοὺς,
838 2328 967 2397 μήτ’
996 2329 1311 2394 ἀλαζονείας
1379 2335 1663 2388 τοσύνολον
1698 2339 1827 2409 μήτ’
1859 2341 2019 2409 εἰρω-

441 2415 589 2478 νείας
620 2417 926 2486 ἁπτόμενος
952 2419 1142 2489 (ἄμφω
1191 2423 1298 2492 γὰρ
1331 2424 1512 2491 κακὼ)
1542 2426 1617 2490 ὡς
1646 2429 1731 2497 εἴη
1769 2429 1870 2498 μὲν
1909 2426 2018 2495 οἷός

442 2508 612 2570 ἐστιν,
654 2509 826 2561 ἐθέλοι
879 2509 926 2561 δ’
951 2511 1087 2580 ὅπερ
1123 2511 1297 2564 ἐθέλει
1324 2531 1337 2544 ·
1370 2515 1397 2566 ὀ
1447 2516 1511 2586 δὴ
1547 2516 1786 2581 τοιοῦτος
1831 2521 2019 2575 οὐδένα

442 2596 597 2665 λήσει
625 2596 733 2649 τῶν
773 2595 1014 2663 ἀγαθῶν,
1047 2599 1124 2661 ὡς
1155 2600 1230 2651 ὧν
1263 2618 1324 2669 γε
1360 2604 1617 2673 τυγχάνει
1650 2608 1719 2659 τὰ
1754 2608 1887 2678 πρὸς
1925 2611 2019 2661 αὑ-

444 2687 569 2748 τοὺς
591 2687 684 2739 καὶ
708 2688 909 2758 πατὴρ,
931 2690 1022 2741 καὶ
1053 2690 1357 2760 οἰκονόμος,
1384 2696 1478 2746 καὶ
1502 2694 1672 2764 φίλος,
1704 2698 1797 2752 καὶ
1827 2698 1955 2752 κυόε
1966 2717 2022 2768 ρ-

446 2782 635 2847 νήτης,
658 2779 750 2831 καὶ
775 2780 999 2849 ποιμὴν,
1019 2784 1111 2834 καὶ
1138 2782 1341 2854 ἰατρὸς,
1362 2789 1458 2841 καὶ
1478 2787 1656 2842 πάντα
1682 2792 1748 2843 τὰ
1771 2792 2020 2846 τοιαῦτα.

450 2869 641 2922 Ἔσται
688 2871 789 2940 μὲν
830 2873 937 2942 γὰρ
966 2874 1149 2938 αὐτοῖς
1205 2877 1412 2947 σωτὴρ,
1449 2878 1600 2932 ἔσται
1639 2882 1697 2935 δὲ
1751 2885 2023 2945 παντοίως

444 2962 737 3032 ὠφέλιμος,
780 2964 838 3016 ἐν
888 2964 1059 3019 ἅπασι
1111 2971 1327 3037 καιροῖς
1379 2987 1438 3022 τε
1490 2972 1585 3024 καὶ
1641 2975 2020 3045 περιστάσεσι,

2120 530 2181 570 ee
2220 516 2364 569 velut
2384 516 2628 584 exempla
2652 516 2989 585 sumpsimus
3008 520 3270 584 omnium,
3296 519 3372 573 eis
3393 519 3689 583 similium,

2120 608 2508 673 memoriaeque
2529 608 2601 663 de
2622 608 2754 676 ipsis
2776 610 3007 677 prodita,
3036 611 3171 664 satis
3192 611 3469 678 attigimus
3487 652 3501 675 ,
3527 611 3695 665 omis-

2118 696 2215 758 sis,
2249 712 2589 766 qua-cunque
2628 713 3035 767 supervacanea
3095 699 3272 753 forent
3307 716 3321 752 :
3362 709 3689 768 opportune,

2082 802 2086 808 ‘
2120 787 2268 840 velut
2308 787 2561 857 equidem
2599 791 2857 849 arbitror,
2911 791 3254 845 desistimus.
3288 790 3501 845 Etenim
3546 804 3694 847 recte

2120 876 2374 942 fecimus,
2404 881 2497 950 qui
2534 883 2745 950 argenti
2794 883 3202 938 examinatores
3250 883 3445 937 itnitati
3475 884 3688 944 simus;

2116 970 2315 1040 quibus
2345 981 2429 1024 est
2463 973 2517 1025 in
2547 988 2695 1026 more
2733 983 2907 1027 tetum
2944 989 3006 1028 ex
3036 985 3186 1045 parte
3211 989 3511 1043 agnoscere
3542 991 3556 1027 :
3583 989 3687 1040 qua

2117 1077 2247 1117 sane
2288 1063 2437 1118 brevi
2476 1063 2703 1119 docendi
2739 1064 2822 1119 via
2864 1066 3059 1120 debere
3109 1081 3210 1120 nos
3256 1080 3377 1121 esse
3402 1075 3686 1121 contentos

2118 1153 2379 1209 arbitror.
2415 1155 2472 1209 Si
2521 1158 2666 1209 enim
2702 1156 2835 1219 illis,
2892 1159 2981 1223 qui
3025 1157 3187 1212 rebus
3239 1158 3495 1211 omnibus
3530 1157 3689 1223 longe

2119 1243 2227 1297 ert:
2252 1260 2339 1297 ros
2369 1247 2575 1299 anteire
2610 1248 2709 1300 visi
2739 1260 2889 1311 sunt,
2932 1247 3219 1301 manifesto
3251 1250 3510 1316 splendor
3537 1249 3583 1302 is
3619 1250 3683 1301 al

2121 1336 2264 1388 sacri
2296 1335 2453 1397 nihil,
2484 1337 2625 1403 quod
2654 1338 2831 1399 aiunt,
2863 1340 3079 1392 tandem
3111 1340 3294 1400 rediit,
3318 1357 3378 1391 ae
3418 1340 3695 1393 nonnullis

2121 1420 2553 1478 itt'contrariam
2593 1441 2810 1495 quoque
2864 1437 3071 1496 partem
3119 1428 3337 1491 cecidit,
3376 1430 3535 1497 idque
3568 1446 3695 1499 pro-

2122 1529 2328 1585 pterea,
2361 1517 2504 1585 quod
2542 1533 2651 1571 non
2689 1519 2923 1581 sincere,
2960 1536 3060 1574 nec
3097 1530 3240 1574 recte
3281 1520 3478 1573 virtute
3508 1531 3688 1575 secta-

2126 1615 2316 1659 rentur
2350 1622 2363 1658 :
2395 1607 2571 1659 multo
2609 1608 2791 1662 minus
2822 1607 3113 1662 inferiores
3140 1610 3252 1672 alii,
3287 1620 3503 1678 propter
3533 1627 3691 1680 opes,

2119 1706 2173 1750 et
2206 1692 2395 1766 populi
2421 1698 2790 1762 dominatum,
2827 1708 2881 1752 ct
2914 1700 2966 1753 in
2994 1701 3314 1755 servitutem
3346 1704 3413 1756 ab
3442 1719 3522 1765 sv,
3561 1719 3695 1779 qua»

2116 1804 2332 1856 cunque
2387 1790 2605 1843 tandem
2671 1802 2809 1853 arte,
2858 1792 3107 1847 redactos
3157 1794 3407 1847 homines
3464 1796 3686 1855 invitos.

2116 1894 2243 1932 vere
2272 1877 2413 1933 beati
2447 1894 2568 1933 esse
2601 1879 2947 1933 videbuntur.
2978 1882 3318 1951 Quapropter
3351 1885 3575 1939 omissis
3608 1886 3689 1961 lti-

2122 1969 2331 2036 storiis,
2354 1986 2492 2039 quas
2517 1972 2799 2040 percipere
2831 1971 2897 2026 de
2931 1973 2997 2028 iis
3026 1983 3200 2042 potes,
3222 1977 3312 2044 qui
3346 1990 3439 2028 eas
3467 1990 3528 2028 ex
3565 1990 3692 2045 pro-

2113 2060 2261 2117 fesso
2309 2069 2585 2124 tractant,
2640 2046 3163 2119 conandum'nobis
3193 2076 3296 2129 est,
3360 2076 3415 2119 ut
3448 2080 3571 2119 cum
3609 2065 3697 2131 his,

2114 2151 2250 2205 viris
2311 2151 2580 2219 optimum
2637 2150 2789 2204 illum
2844 2154 3016 2206 virum
3066 2168 3473 2224 comparemus,
3519 2172 3691 2218 quem

2115 2240 2301 2295 statim
2358 2241 2426 2296 ab
2482 2240 2640 2295 initio
2696 2242 3031 2310 peculariter
3084 2245 3241 2299 nobis
3276 2247 3691 2314 preposuimus,

2118 2332 2442 2401 prudentem
2480 2334 2723 2403 inquam,
2748 2344 2802 2389 et
2833 2335 3061 2400 bonum,
3094 2345 3150 2392 et
3188 2339 3513 2407 sapientem.
3543 2336 3691 2393 Talis

2119 2439 2248 2493 ergo
2283 2440 2395 2487 rex,
2427 2436 2519 2477 attt
2571 2427 2828 2496 princeps
2863 2428 3089 2483 omnino
3122 2430 3514 2499 quorumdam,
3563 2431 3691 2485 forti

2118 2524 2169 2566 et
2198 2516 2467 2569 constanti
2517 2518 2773 2583 praeditus
2799 2521 3007 2585 animo,
3039 2519 3242 2591 quique
3274 2524 3554 2591 subjectos
3589 2524 3692 2576 im-

2125 2604 2273 2673 perio
2301 2618 2402 2657 suo
2444 2607 2521 2660 sic
2557 2606 2752 2675 diligit,
2793 2610 2870 2662 uti
2901 2610 3082 2673 debet,
3110 2620 3164 2665 et
3192 2613 3371 2666 videre
3407 2616 3551 2683 cupit
3585 2630 3683 2669 eos

2122 2696 2177 2747 itt
2230 2696 2336 2751 illis
2382 2707 2686 2761 versantes,
2740 2701 2942 2768 quibus
2978 2702 3231 2759 meliores
3274 2720 3465 2759 eorum
3518 2707 3687 2761 animi

2122 2785 2461 2850 reddantur;
2498 2786 2758 2857 omnique
2792 2788 3004 2845 ratione
3032 2792 3259 2859 quzerit,
3298 2794 3498 2863 quibus
3529 2796 3693 2851 rebus

2123 2876 2258 2931 bene
2285 2878 2349 2930 de
2372 2877 2508 2946 ipsis
2538 2881 2731 2932 mereri
2760 2881 2932 2947 possit
2959 2900 2972 2945 ;
3006 2895 3068 2936 ac
3089 2863 3287 2939 deinde
3314 2887 3496 2939 verbis
3525 2888 3689 2941 etiam

2122 2981 2240 3029 eos.
2288 2958 2339 3021 et
2388 2968 2712 3037 eloquentia:
2753 2972 2802 3024 vi
2836 2971 3042 3037 ﬂectit;
3076 2984 3131 3028 ut
3177 2980 3245 3030 ah
3284 2979 3430 3031 omni
3468 2995 3692 3047 prorsus

444 3055 727 3120 γινώσκων
753 3055 853 3123 μὲν
879 3055 938 3110 τὸ
965 3058 1102 3110 πᾶσι
1128 3063 1373 3112 συνοῖσον
1402 3061 1607 3129 βέλτιον
1631 3066 1849 3117 πάντων
1876 3064 2014 3141 ὲκεετ

2121 3061 2457 3129 arrogantia,
2487 3063 2566 3115 sic
2616 3062 2779 3116 etiam
2822 3063 3265 3122 dissimulatione
3306 3070 3518 3126 alienus
3555 3073 3692 3142 (cte-

444 3166 571 3212 νων,
603 3149 771 3203 θέλων
794 3151 848 3204 δὲ
872 3149 936 3204 αὖ
968 3150 1126 3206 τοῦτο
1152 3154 1355 3223 σφίσιν,
1386 3155 1417 3225 ἢ
1445 3155 1628 3223 σφίσιν
1658 3156 1840 3218 αὐτοῖς
1865 3157 2013 3208 ἐκεῖ·

445 3256 523 3293 νοι
548 3257 564 3273 ·
588 3241 721 3308 πρὸς
746 3241 802 3294 δὲ
821 3244 881 3294 τὸ
904 3245 1138 3314 περᾶναι
1169 3246 1228 3297 τὸ
1257 3245 1416 3311 δόξαν
1446 3246 1660 3315 βέλτιον
1690 3242 1832 3300 εἶναι
1891 3250 2015 3301 ἑπι-

447 3331 659 3401 στήμην
689 3335 1045 3403 κεκτημένος,
1075 3337 1277 3408 σπουδῇ
1315 3338 1409 3390 καλ⁵
1440 3336 1641 3410 εὐφυΐᾳ
1666 3339 2016 3407 συνειλεγμέ-

446 3436 562 3488 νην,
607 3419 674 3491 ἢν
705 3422 768 3474 οὑ
822 3424 1018 3491 ῥᾳδίως
1059 3426 1356 3495 ὑπερϐαλεῖ
1392 3427 1560 3499 οὑδ’ή
1605 3429 1712 3484 τῶν
1758 3429 2016 3483 ἁπάντων

445 3512 604 3578 ὁμοῦ,
635 3512 780 3581 λέγω
806 3515 870 3586 δὴ
896 3518 1004 3569 τῶν
1037 3518 1141 3571 ὑπὸ
1171 3521 1349 3589 χεῖρα,
1384 3520 1751 3590 ἀκριϐέστατα
1781 3539 2016 3594 συγκρο-

446 3605 673 3670 τηθεῖσα
707 3605 840 3673 πρὸς
874 3607 932 3659 ἓν
970 3624 1022 3659 τι
1052 3609 1266 3678 χρῆμα.
1316 3610 1472 3664 Ὤσθ’
1507 3611 1849 3683 ὑποληπτέον
1880 3614 2015 3683 ἡμῖν

449 3692 516 3746 ἂν
573 3696 682 3763 εἵη,
722 3696 857 3766 ὅπερ
908 3699 1205 3767 ἀναγκαῖον
1256 3702 1383 3755 νοῦν
1435 3702 1640 3772 έχουσι.
1693 3704 1759 3756 Τί
1810 3704 2014 3771 τοῦτο;

460 3781 547 3845 Ὠς
574 3783 680 3853 ἄρα
704 3784 907 3855 τάληθῆ
926 3791 1335 3859 πεπεισμένους
1358 3794 1485 3855 τοὺς
1515 3794 1857 3863 ἀρχομένους
1886 3796 2015 3863 περὶ

445 3873 545 3926 τοὺ
577 3872 856 3944 ἄρχοντος,
878 3877 959 3930 δτι
986 3879 1147 3942 καλός
1175 3897 1234 3933 τε
1257 3882 1499 3979 κάγαθός
1529 3884 1663 3946 ἐστι,
1691 3885 1783 3936 καὶ
1801 3885 1870 3937 τὰ
1894 3882 2015 3936 κατ’

445 3963 629 4028 αὑτὸν,
662 3963 755 4018 καὶ
791 3963 859 4017 τὰ
891 3967 1031 4018 κατὰ
1065 3966 1253 4020 τούσδε
1278 4008 1291 4031 ,
1331 3963 1485 4021 ὄὺδὲν
1520 3971 1585 4023 ἂν
1616 3971 1702 4039 εἴη
1736 3970 1797 4023 τὸ
1827 3987 2017 4040 προσι-

446 4055 716 4124 στάμενον
746 4056 998 4125 μεθέξειν
1029 4058 1230 4122 αὑτοὺς
1261 4060 1470 4113 πολλῶν
1505 4079 1563 4114 τε
1598 4064 1693 4115 καὶ
1741 4066 2014 4132 μεγίστων

444 4147 688 4215 ἀγαθῶν.
721 4144 891 4199 Ταυτὶ
915 4148 973 4200 δὲ
1002 4148 1147 4216 λέγω
1179 4152 1307 4221 περὶ
1342 4153 1595 4222 χρηστῶν
1629 4169 1687 4205 τε
1714 4154 1809 4207 καὶ
1844 4158 2016 4208 έπιει-

443 4238 722 4308 κεστέρων
771 4237 1101 4309 ἀνθρώπων.
1137 4240 1244 4293 Τδν
1295 4241 1406 4312 γὰρ
1458 4242 1685 4306 Ἰούδαν,
1741 4246 1833 4299 καὶ
1888 4245 2013 4309 τοὺς

442 4328 735 4396 τοιούτους,
791 4329 901 4383 οὐδ’
952 4331 985 4401 ή
1023 4330 1117 4383 τοῦ
1154 4331 1410 4401 Σωτῆρος
1439 4334 1631 4404 ἀρετὴ,
1681 4336 1715 4405 ἢ
1747 4337 2013 4405 οὐρανοὺς

2122 3152 2231 3206 nim
2253 3161 2543 3221 utrumque
2567 3154 2764 3217 malum
2787 3156 2913 3226 est),
2938 3168 2997 3211 ut
3019 3159 3109 3225 sit,
3139 3162 3314 3229 qualis
3336 3170 3415 3215 est
3436 3179 3449 3225 ;
3473 3174 3523 3216 et
3546 3167 3689 3233 quod

2117 3241 2255 3304 vult,
2288 3243 2410 3296 velit
2444 3257 2460 3297 :
2490 3244 2636 3307 talis,
2658 3245 2903 3314 inquam,
2925 3248 3192 3304 honorum
3218 3250 3386 3307 latere
3412 3255 3687 3309 neminem

2119 3341 2317 3404 potest,
2348 3336 2482 3404 quin
2519 3338 2662 3405 quod
2694 3340 2889 3393 attinet
2920 3341 3090 3410 ipsos,
3121 3351 3173 3397 et
3204 3353 3360 3414 pater
3393 3347 3484 3408 sit,
3512 3358 3565 3401 et
3589 3348 3690 3402 ad-

2119 3423 2481 3500 ministrator,
2513 3437 2566 3482 et
2601 3430 2832 3496 amicus,
2860 3439 2915 3485 et
2936 3434 3291 3502 gubernator,
3318 3448 3369 3492 ct
3400 3449 3599 3507 pastor,
3638 3451 3694 3495 et

2120 3516 2385 3579 medicus,
2421 3526 2474 3570 ct
2525 3517 2796 3583 ejusmodi
2835 3524 3040 3578 omnia.
3075 3524 3210 3579 Nam
3244 3536 3297 3581 et
3340 3542 3585 3586 servator
3611 3533 3691 3587 eis

2116 3612 2240 3672 erit,
2272 3618 2325 3662 et
2352 3609 2504 3663 utilis
2548 3613 2889 3678 omnimodo,
2924 3616 3118 3684 quovis
3152 3627 3417 3687 tempore,
3453 3622 3687 3689 quibus-

2118 3699 2199 3752 vis
2240 3701 2461 3773 casibus
2499 3719 2510 3753 :
2557 3707 2697 3771 quod
2729 3716 2782 3758 et
2828 3706 3112 3774 profutura
3151 3710 3427 3765 universis
3466 3713 3687 3778 melius,

2118 3804 2279 3857 quam
2313 3791 2413 3860 ipsi
2441 3807 2654 3858 omnes,
2688 3795 2956 3866 intelligat
2984 3818 2997 3863 ;
3029 3808 3083 3852 ct
3116 3801 3286 3871 magis
3320 3803 3433 3858 haec
3463 3806 3542 3858 eis
3567 3821 3689 3860 etc-

2122 3880 2241 3932 ttire
2277 3881 2486 3949 cupiat,
2520 3898 2681 3949 quam
2734 3886 2833 3951 ipsi
2884 3888 3103 3943 sibimet
3159 3891 3290 3960 ipsis
3343 3902 3573 3962 optent:
3620 3899 3709 3949 ad.

2124 3969 2513 4036 perliciendum
2560 3982 2741 4028 autem
2800 3977 2872 4043 id,
2927 3982 3073 4047 quod
3108 3983 3300 4039 melius
3346 4002 3471 4043 esse
3510 3989 3684 4042 visum

2120 4059 2301 4126 fuerit,
2340 4077 2406 4116 ea
2457 4064 2717 4131 praeditus
2750 4067 2819 4121 sit
2850 4073 3161 4139 prudentia,
3201 4084 3315 4130 tum
3348 4082 3535 4144 studii,
3572 4090 3681 4132 tttm
3766 4130 3767 4133 η

2119 4151 2318 4221 ingenii
2375 4154 2425 4207 vi
2458 4155 2718 4222 collecta;
2748 4173 2912 4229 quam
2951 4178 3057 4217 non
3094 4165 3250 4222 facile
3279 4169 3358 4223 vel
3389 4175 3687 4227 accuratis-

2115 4243 2252 4295 sime
2286 4244 2339 4296 in
2364 4260 2530 4299 unum
2563 4250 2794 4303 conﬂata
2821 4253 2984 4307 simul
3037 4258 3281 4312 omnium
3314 4263 3529 4329 peritia,
3556 4267 3685 4320 sub.

2118 4331 2357 4387 (litorum
2393 4336 2638 4406 inquam,
2668 4344 3034 4409 superaverit.
3070 4347 3492 4420 Quapropterid
3527 4357 3686 4412 nobis

446 4422 703 4493 ἐκάλυψε,
748 4424 888 4478 κατὰ
935 4423 1029 4477 τὸν
1079 4426 1386 4495 προφήτην,
1418 4425 1721 4497 ὠφέλησεν.
1756 4429 1912 4483 Οὕτω
1945 4433 2008 4501 δὴ

2117 4431 2201 4477 est
2233 4425 2684 4493 existimandum,
2731 4434 2878 4502 quod
2930 4441 3245 4494 extstimare
3309 4455 3487 4500 mente
3542 4464 3683 4515 pra;-

447 4516 655 4587 χωροῦν
676 4517 737 4569 τὸ
768 4518 1021 4586 πρᾶγμα,
1057 4516 1181 4588 μηδ’
1208 4519 1376 4589 ἑτέρῳ
1402 4521 1515 4572 τοῖν
1540 4520 1721 4574 πεδοῖν
1748 4539 2010 4591 παραχω-

446 4607 619 4674 λεὺον,
648 4609 710 4661 οὑ
745 4609 985 4679 βραδέως
1020 4611 1346 4682 καταντήσει
1392 4611 1529 4681 πρός
1564 4629 1616 4665 τι
1651 4614 2013 4684 χρηστότερον

448 4698 639 4769 πέρας.
660 4700 769 4753 Καλ⁵
783 4700 941 4754 τοῦτο
960 4701 1123 4769 λέγω,
1138 4702 1198 4755 οὐ
1219 4704 1636 4774 μαντευόμενος,
1653 4705 1777 4759 οὐδὲ
1799 4716 2041 4774 προφηοί

444 4790 636 4843 τεὺων.
672 4791 743 4843 Τὸ
769 4791 868 4859 μὲν
898 4791 1008 4860 γὰρ
1031 4794 1314 4862 Τειρεσίου
1343 4794 1438 4846 τοῦ
1469 4795 1659 4858 πάλαι,
1683 4796 1742 4848 τδ
1761 4796 1818 4848 δὲ
1848 4795 2012 4849 Δαὸὶδ

447 4881 732 4951 βασιλέως.
752 4880 908 4948 Ἐμοὶ
935 4880 990 4932 δὲ
1022 4880 1247 4951 θάτερον
1279 4885 1388 4951 μὲν
1407 4884 1481 4954 μὴ
1535 4885 1744 4952 γένοιτο
1785 4885 1866 4946 (οὐ
1901 4886 2011 4953 γὰρ

444 4972 564 5041 Θεῷ
592 4969 789 5040 φίλον),
807 4970 1033 5042 θάτερον
1061 4971 1123 5024 δὲ
1169 4957 1427 5042 μέγιστον
1460 4976 1580 5045 μὲν,
1616 4976 1733 5029 ἀλλ’
1753 4978 1873 5031 οὐδὲ
1899 4978 2035 5046 δειη

446 5062 632 5116 κνὺναι
661 5062 791 5131 χρὴ,
813 5062 888 5124 ὡς
922 5062 1063 5131 ὑπὲρ
1092 5064 1262 5133 ἡμᾶς.
1296 5065 1466 5132 Δῆλον
1489 5066 1613 5137 γάρ.
1649 5068 1724 5121 Οὑ
1756 5069 1865 5137 μὴν
1895 5069 2008 5124 ἀλλ’

446 5154 564 5208 οὐδὲ
591 5154 1007 5224 τεκμαιρόμεθα
1029 5156 1208 5221 τοῦτο,
1238 5157 1313 5219 ὼς
1338 5152 1447 5209 οἶόν
1476 5176 1535 5211 τε
1565 5156 1704 5213 εἶναι
1739 5161 2010 5233 ἐξηπατῆ-

445 5242 589 5297 σθαι.
627 5242 804 5296 Πολλὰ
835 5242 943 5314 γὰρ
977 5244 1045 5298 ἂν
1080 5245 1307 5299 τοιαῦτα
1343 5248 1585 5320 συμϐαίη
1605 5254 1718 5314 τοῖς
1744 5251 2006 5324 διισχυρι-

442 5333 689 5402 ζομένοτς
715 5335 844 5402 περὶ
873 5331 968 5384 τοῦ
999 5333 1325 5402 πράγματος
1347 5336 1456 5388 ἀπὸ
1491 5338 1827 5408 τεκμηρίων.
1867 5340 2006 5391 Ἀλλ’

441 5423 658 5494 ἀνάγκῃ
694 5422 973 5491 λογισμῶν
1006 5423 1167 5477 τοῦτο
1196 5424 1450 5495 λέγομεν.
1494 5426 1602 5480 Καὶ
1625 5430 1896 5483 σκοπείτω
1920 5438 2006 5495 τις

439 5512 555 5567 αἱδί.
588 5516 745 5567 Δυοῖν
771 5514 877 5583 γὰρ
905 5515 1119 5578 πάντως
1158 5515 1371 5585 θατέρῳ
1400 5518 1584 5582 κακῶς
1616 5520 1885 5589 πράξουσι
1913 5525 2005 5575 πό-

2116 4511 2214 4567 diti
2236 4517 2547 4570 necessario
2574 4518 2793 4573 debent.
2824 4521 2963 4587 Quid
2992 4526 3131 4580 istnc
3152 4527 3174 4579 ?
3197 4527 3251 4581 Si
3281 4544 3403 4583 vere
3424 4511 3699 4601 sint-perm

2114 4607 2267 4660 suasi
2317 4606 2386 4662 de
2420 4609 2668 4679 principe
2723 4613 2948 4680 subditi,
3000 4616 3143 4685 quod
3206 4629 3474 4688 praestans
3508 4625 3581 4680 sit
3629 4638 3682 4681 ct

2114 4698 2389 4767 egregius,
2423 4713 2547 4753 cum
2584 4702 2721 4763 suis.
2755 4713 2866 4758 tum
2890 4705 3136 4775 ipsorum
3169 4711 3220 4763 in
3251 4715 3508 4781 negotiis,
3547 4717 3680 4771 nihil

2114 4798 2236 4840 esse
2262 4786 2810 4861 impedimento,-quo
2835 4796 3017 4851 minus
3044 4805 3096 4849 et
3122 4804 3360 4855 multoru
3383 4818 3442 4867 ιι,
3477 4814 3531 4858 et
3562 4821 3678 4861 nta-

2114 4877 2391 4931 ximorum
2442 4880 2707 4934 bonorum
2757 4898 3038 4954 compotes
3072 4889 3237 4957 flant;
3270 4903 3433 4963 atque
3466 4897 3581 4952 haec
3612 4900 3678 4951 de

2112 4969 2271 5024 bonis
2295 4978 2351 5024 et
2372 4973 2635 5029 modeStis
2659 4975 2974 5035 [nominibus
3000 4986 3315 5051 pronuntio.
3343 4985 3475 5041 Nam
3500 4988 3674 5054 Iudae.

2112 5074 2276 5131 atque
2306 5063 2429 5118 aliis
2462 5064 2686 5131 talibus,
2723 5083 2791 5123 ne
2821 5069 2940 5139 ipsa
2972 5073 3192 5142 quidem
3223 5075 3528 5137 Servatoris
3564 5084 3675 5135 vir-

2112 5164 2220 5219 tus,
2267 5169 2390 5225 quae
2419 5159 2590 5213 castos
2623 5163 2858 5228 operuit,
2898 5172 2957 5217 ut
2990 5168 3267 5235 pmpltetae
3299 5174 3670 5238 verbiS'utar,

2110 5249 2337 5317 profuit.
2387 5248 2502 5306 Hoc
2548 5253 2707 5307 modo
2750 5255 2797 5309 si
2842 5272 2929 5314 res
2972 5264 3248 5329 procedet,
3282 5281 3381 5321 nec
3410 5267 3675 5321 alterutro

2110 5340 2244 5408 pede
2282 5342 2646 5408 claudicabit;
2682 5361 3021 5418 nequaquam
3076 5353 3220 5410 lente
3268 5360 3466 5412 bonum
3505 5362 3568 5411 ad
3605 5360 3669 5413 tl-

2111 5447 2233 5485 nem
2261 5435 2545 5503 perveniet
2569 5453 2582 5488 :
2612 5438 2759 5504 quod
2791 5442 3042 5508 equidem
3070 5461 3169 5499 nec
3194 5457 3252 5501 ut
3281 5449 3548 5514 hariolus,
3573 5466 3685 5505 nec.

2107 5532 2165 5576 ut
2193 5524 2453 5594 propheta
2488 5528 2629 5581 dico.
2661 5527 2794 5591 Nam
2844 5531 2989 5589 istud
3053 5538 3199 5592 illius
3252 5540 3413 5606 prisci
3447 5530 3667 5594 Tiresiae

440 5602 576 5667 iter,
606 5604 703 5671 (τῷ
740 5606 847 5673 γὰρ
885 5603 949 5674 δὴ
1010 5602 1128 5656 κατ’
1165 5604 1334 5673 ἄμφω
1366 5605 1775 5677 νοσῆσαι,νοὺδξ
1820 5612 2003 5677 κακῶς

2116 5614 2315 5682 luerit;
2357 5616 2461 5672 hoc
2504 5619 2724 5675 Davidis
2780 5625 2943 5693 regis.
2980 5626 3111 5681 Mitti
3165 5644 3293 5682 vero
3332 5631 3496 5684 nolint
3529 5632 3664 5687 alte-
3760 5644 3767 5650 '

443 5695 646 5757 πρᾶξαι
676 5695 987 5760 περιέσται’
1022 5694 1156 5748 ἀλλὰ
1194 5696 1292 5765 τὴν
1318 5697 1580 5769 ταχίστην
1615 5701 1951 5757 ἀπολωλέναι
1983 5710 1999 5773 )

2106 5722 2227 5762 rum
2258 5708 2399 5764 illud
2429 5710 2764 5782 contingere,
2796 5717 2939 5785 quod
2975 5729 3250 5782 acceptum
3282 5719 3387 5776 Deo
3418 5736 3523 5776 non
3554 5724 3687 5778 sit:-
