4098 6272
398 268 425 277 ‘
484 250 591 312 407

1651 260 2052 323 MANUELIS
2095 265 2554 329 PALEOLOGI

3616 271 3724 335 408

482 370 715 424 alterum
769 387 899 426 vero
931 375 1227 429 maximum
1258 389 1387 431 sane
1416 377 1671 447 quid/dam
1704 388 1805 445 est,
1838 381 1931 434 sed
1962 396 2023 436 su

2152 384 2184 453 ἢ
2234 383 2311 454 τῷ
2344 385 2418 455 μὴ
2458 386 2714 453 προνοίας
2739 382 2985 456 χρηστῆς
3017 383 3443 438 ἀπολελαυκέναι
3472 389 3724 458 χρηστῶν

481 479 575 531 pra
622 480 723 519 nos
754 481 877 521 esse
919 469 1177 536 positum,
1221 484 1287 522 ne
1322 471 1550 524 indicari
1597 473 1816 542 quidem
1862 475 2044 539 debet,

477 570 603 607 eum
634 559 982 625 perspicuum
1019 558 1109 612 sit.
1144 557 1397 614 Necitem
1430 562 1497 615 de
1530 563 1865 632 conjecturis
1896 565 2048 619 colli-

476 649 675 717 gimus,
732 659 794 703 ut
846 649 957 705 falli
999 654 1294 719 possimus.
1345 655 1581 711 Evenirc
1632 673 1869 727 namque
1916 659 2044 714 talia

473 749 678 807 queunt
709 740 796 801 iis,
830 740 916 806 qui
942 741 1010 795 de
1031 757 1091 795 re
1114 745 1367 813 quapiam
1390 761 1455 800 ex
1479 748 1811 816 coniecturis
1837 748 2044 819 aliquid

476 826 770 882 amrmant.
804 828 1042 886 Adducti
1078 848 1210 887 vero
1237 835 1543 892 rationibus
1574 839 1907 895 necessariis
1940 840 2043 895 hoc

471 920 705 973 dicimus
737 937 750 972 :
785 936 848 974 ac
883 922 937 976 in
971 923 1116 979 hunc
1148 940 1280 980 sane
1312 928 1529 982 modum
1561 930 1931 985 consideratio
1952 932 2038 986 in-

472 1012 757 1064 stiluatur.
794 1011 922 1067 Duae
952 1031 1042 1070 res
1074 1025 1222 1081 sunt,
1277 1034 1509 1087 quarum
1544 1037 1723 1075 rerum
1775 1023 2039 1079 alterutra

471 1100 723 1155 infelices
750 1103 914 1158 urbes
960 1117 1121 1163 erunt
1149 1110 1374 1179 (quippe
1399 1112 1444 1165 si
1479 1112 1625 1166 vitiis
1664 1114 1935 1171 ambobus
1962 1116 2041 1169 la-

468 1190 689 1255 borent,
720 1208 785 1245 ne
817 1198 1087 1262 supererit
1120 1193 1467 1268 quidem'eis,
1515 1211 1573 1255 ut
1611 1201 1856 1258 infelices
1889 1207 2037 1271 sint;

467 1280 561 1331 sed
610 1292 771 1335 erunt
803 1286 1213 1353 quamprimum
1261 1291 1543 1360 perditm);
1580 1293 1663 1347 vel
1706 1294 1750 1348 si
1797 1295 2036 1350 fructum

467 1371 826 1436 providentiae
862 1375 1037 1440 bonze,
1074 1378 1343 1433 bonorum
1398 1382 1735 1452 principum,
1768 1392 1876 1439 n0n
1910 1403 2037 1456 per-

470 1465 757 1533 Ceperint;
793 1467 877 1519 vel
917 1469 961 1524 si
993 1469 1073 1526 eis
1123 1487 1313 1540 parcre
1342 1489 1453 1528 non
1488 1476 1785 1531 voluerint.
1818 1480 1897 1533 Ac
1924 1481 2037 1549 pri-

470 1570 614 1607 mmn
645 1557 866 1626 quidem
930 1560 1062 1615 illud
1100 1558 1185 1617 est
1235 1564 1589 1633 perdifﬁcile:
1621 1568 1799 1625 bonus
1827 1580 1886 1626 ut
1919 1586 2036 1625 om-

466 1648 600 1701 nino
632 1649 887 1719 princeps
923 1653 1250 1710 inveniatur.
1284 1656 1526 1711 Altcrum
1559 1672 1690 1714 vero
1741 1676 1911 1731 prope
1941 1677 2034 1718 ne-

2151 477 2446 544 ἀρχόντων,
2481 477 2512 546 ἥ
2548 475 2624 546 τῷ
2667 477 2843 529 τοῖσδε
2886 477 3133 530 ἀπειθεῖν
3199 476 3606 546 βεϐουλεῦσθαι.
3648 481 3724 535 Τὸ

2152 571 2253 636 μὲν
2283 564 2377 622 οῦν
2429 569 2647 638 πρῶτον
2682 570 3057 639 παγχάλεπον,
3097 572 3333 641 ἄρχοντα
3379 573 3721 624 παντάπασιν

2147 659 2349 725 ἀγαθὸν
2402 658 2725 729 εὑρεθῆναι⁶
2778 661 2838 714 τὸ
2869 662 3051 730 μέντοι
3086 661 3341 730 δεύτερον
3388 662 3585 730 μικροῦ
3628 664 3720 715 καὶ

2145 750 2444 817 ἀναγκαῖον
2470 751 2535 804 ἂν
2560 751 2832 820 εἴποιμεν,
2864 752 3053 820 ἀγαθῷ
3084 754 3479 821 γινωσκομὲνῳ
3507 754 3584 823 τῷ
3619 757 3719 825 ἄρ-

2145 857 2291 908 χοντι
2324 834 2744 908 ἁγαθοὺςδντας
2772 843 3056 896 πείθεσθαι
3086 844 3212 906 τοὺς
3244 844 3335 897 ὐπ’
3355 844 3502 912 αὐτῷ
3520 862 3720 912 τεταγ-

2148 931 2362 998 μένους.
2391 933 2453 985 Εἰ
2500 934 2605 1004 γὰρ
2655 935 2793 1004 πρὸς
2841 936 2971 997 τοὺς
3014 937 3117 989 ὑπὸ
3152 938 3311 1004 χεῖρα
3359 936 3585 1005 πατρὸς,
3620 939 3716 989 καὶ

2144 1023 2336 1091 φίλων,
2372 1029 2465 1079 καὶ
2496 1028 2854 1097 κυϐερνήτου,
2873 1029 2967 1082 καὶ
2992 1029 3100 1081 τῶν
3122 1030 3381 1082 τοιούτων
3406 1032 3591 1098 ἐπέχει
3618 1029 3715 1081 τά-

2145 1115 2245 1181 ξιν,
2289 1116 2405 1178 πῶς
2448 1115 2545 1186 οὐχ
2590 1117 2701 1182 ἕξει
2738 1118 3136 1187 πεπεισμένους
3192 1119 3410 1181 αὐτοὺς,
3446 1121 3493 1171 εί
3536 1118 3716 1180 καλῶς

2140 1209 2294 1260 ταῦτ’
2323 1208 2548 1273 είδεῖεν;
2578 1210 2687 1262 Καὶ
2720 1212 2831 1280 γὰρ
2868 1213 3089 1273 πάντως
3129 1210 3373 1279 ποιμένι,
3420 1210 3513 1263 καὶ
3556 1212 3717 1263 ἱππο-

2142 1299 2350 1369 φορὸῷ,
2405 1301 2497 1353 καὶ
2526 1300 2787 1372 βουκόλῳ,
2823 1303 3013 1371 ἕψεται
3054 1302 3427 1371 ὲξηγουμένῳ,
3473 1303 3594 1355 ὅποι
3648 1301 3715 1353 ἂν

2141 1393 2451 1459 πορεύοιτο,
2503 1392 2573 1444 τὰ
2606 1392 2737 1462 παρ’
2789 1393 3000 1446 ἐκείνου
3037 1394 3299 1463 προνοίας
3337 1392 3713 1445 ἀπολαύσοντα

2139 1482 2275 1545 ζῶα.
2313 1484 2422 1537 Καὶ
2443 1484 2803 1553 κυδερνὴτης,
2835 1484 2930 1537 καὶ⁷
2961 1484 3165 1551 ίατρὸς,
3194 1485 3289 1536 καὶ
3320 1484 3455 1551 ὅλως
3491 1484 3713 1552 εὐεργέ-

2136 1592 2258 1643 της,
2298 1570 2357 1628 εὖ
2409 1576 2555 1646 μάλα
2594 1576 2811 1639 πάντως
2861 1572 3162 1640 πείσουσιν,
3224 1573 3307 1638 οἷς
3344 1593 3404 1641 γε
3471 1577 3714 1645 σωτῆρες

2142 1669 2443 1736 ἐφάνησαν.
2494 1668 2782 1739 Δηλονοτιὴ
2811 1672 2906 1724 καὶ
2940 1668 3150 1739 τυφλῷ,
3187 1671 3351 1736 φησὶν
3383 1668 3409 1720 ὁ
3444 1671 3709 1737 κωμικὸς,

468 1742 771 1794 eessarium
804 1758 1022 1811 quoque
1046 1746 1346 1801 dixerimus
1374 1767 1387 1813 ;
1424 1759 1480 1803 ut
1516 1750 1772 1821 principi,
1796 1753 2026 1821 quiesse

2147 1728 2240 1826 ἁιρ’
2268 1728 2328 1812 οὐ
2353 1776 2411 1813 σε
2435 1760 2531 1813 νῦν
2556 1728 2866 1831 όσοφιστὴς
2894 1728 3181 1829 ἀρτίπρδς
3199 1728 3366 1841 ἕτερα
3386 1760 3563 1829 βιϐλία
3589 1778 3713 1841 μετ-

468 1829 646 1885 bonns
697 1837 1038 1901 agnoscitur,
1097 1839 1298 1891 subditi
1332 1848 1386 1894 et
1428 1841 1528 1908 ipsi
1579 1844 1703 1897 boni
1756 1844 2035 1917 obtempe-

471 1931 614 1975 rent.
652 1921 784 1977 Nam
812 1926 857 1979 si
892 1942 1018 1997 erga
1049 1930 1298 1986 subditos
1326 1941 1379 1985 et
1403 1934 1599 2002 patris,
1626 1943 1680 1989 et
1704 1935 2032 2000 amicorum,

467 2022 520 2067 et
543 2015 951 2084 gubernatoris,
984 2028 1039 2074 et
1070 2020 1303 2076 aliorum
1340 2024 1647 2094 bujusmodi
1676 2029 1855 2084 locum
1890 2031 2034 2086 obti-

467 2116 556 2159 net
589 2124 604 2160 :
641 2122 751 2177 quo
788 2119 946 2177 pacto
980 2127 1088 2165 non
1123 2128 1222 2169 eos
1269 2115 1417 2170 dicto
1457 2119 1744 2176 audientes
1788 2122 2029 2189 habebit,

465 2197 631 2251 modo
658 2197 773 2253 haec
814 2201 880 2254 de
916 2203 1035 2271 ipso
1069 2215 1215 2260 recte
1268 2208 1497 2263 norint?
1527 2207 1763 2267 Omnino
1795 2229 2033 2285 namque

464 2299 760 2356 pastorem,
796 2300 847 2347 et
877 2297 1188 2363 equarium,
1225 2310 1278 2353 et
1331 2305 1748 2371 armentarium,
1781 2324 2031 2379 quocun-

464 2393 573 2447 que
595 2385 919 2450 pcrrexerit,
950 2386 1159 2442 itineris
1178 2388 1370 2444 ducem
1400 2405 1722 2463 sequentur,
1771 2413 2030 2468 qumcun-

463 2486 570 2540 que
601 2474 856 2529 animalia
889 2476 1060 2546 ipsius
1106 2482 1450 2550 providentia
1505 2500 1747 2557 curaque
1794 2488 2027 2547 fruitura

464 2574 611 2619 sunt.
644 2566 835 2621 itidem
869 2580 924 2624 et
966 2572 1300 2640 gubernator
1335 2577 1511 2643 navis,
1563 2589 1619 2634 et
1671 2582 1939 2650 medicus,
1976 2596 2030 2641 et

462 2658 776 2739 quicunque
800 2664 937 2720 bene
985 2667 1052 2721 de
1091 2668 1216 2724 aliis
1246 2682 1514 2734 meretur,
1545 2676 1772 2731 omnino
1802 2693 2029 2748 persua-

462 2734 622 2818 dendi
650 2752 755 2805 vim
785 2754 849 2807 ad
875 2769 966 2810 eos
1007 2755 1283 2813 habebunt
1318 2776 1454 2829 quos
1487 2774 1723 2820 servant.
1757 2734 2024 2825 Nimirum

460 2841 545 2893 vel
570 2858 713 2895 caeco
745 2855 918 2913 paret,
950 2847 1129 2918 inquit
1155 2853 1401 2907 comicus
1436 2856 1543 2920 ille,
1570 2872 1601 2910 a
1626 2873 1734 2926 quo
1759 2868 1809 2913 te
1836 2877 2027 2917 recens

460 2942 760 3001 prxceptor
795 2945 922 2993 tuus
961 2940 1101 2994 alios
1138 2942 1204 2995 ad
1246 2933 1412 2999 libros
1440 2948 1719 3015 traduxit;
1759 2949 2022 3019 futurum,

466 3031 521 3075 nt
558 3023 693 3078 tales
725 3026 948 3093 Subditi,
990 3031 1036 3085 si
1074 3030 1215 3087 Deus
1239 3036 1468 3105 alicujus
1496 3041 1698 3105 peccati
1730 3056 1895 3098 causa
1918 3060 2024 3101 non
2053 3075 2098 3137 ο

461 3116 756 3181 obstiterit,
791 3121 863 3187 ab,
888 3121 1163 3191 ejusmodi
1197 3127 1327 3182 hero
1355 3132 1691 3203 perbenigne
1723 3144 2029 3194 tractentur

459 3218 515 3261 et
538 3212 1096 3285 verissimajbcatitate
1115 3221 1419 3289 potiantur;
1448 3224 1610 3294 idque
1633 3229 1898 3286 diuturnis
1917 3241 2029 3287 tum

459 3305 777 3374 sudoribus,
809 3316 923 3363 tum
948 3311 1225 3370 laboribus
1256 3330 1355 3371 nec
1379 3318 1557 3370 minus
1580 3320 1836 3386 periculis
1861 3321 2025 3390 illius,

458 3398 552 3465 qui
591 3414 713 3454 cum
761 3402 840 3455 eis
870 3406 1173 3461 certamina
1206 3423 1307 3477 pro
1354 3411 1436 3464 eis
1465 3412 1720 3480 suscipit,
1752 3430 1815 3469 ac
1847 3419 2025 3480 navim

463 3489 635 3555 perite
682 3494 1020 3550 moderatur.
1062 3497 1276 3568 Quippe
1307 3501 1351 3555 si
1384 3502 1556 3556 bonus
1599 3504 1873 3575 princeps,
1900 3522 2026 3577 erga

456 3584 629 3638 bonos
664 3586 934 3651 subditos,
969 3589 1072 3644 hoc
1107 3596 1266 3647 modo
1296 3594 1368 3648 sit
1399 3593 1675 3652 aﬂectus:
1711 3612 1915 3667 eosque
1946 3601 2025 3655 vi-

456 3673 582 3727 deat
611 3689 641 3729 a
668 3691 768 3729 suo
792 3686 925 3731 nutu
952 3679 1249 3748 pendentes
1274 3698 1288 3747 ;
1315 3698 1379 3738 ac
1400 3684 1633 3755 principi
1661 3694 1774 3740 tum
1802 3689 2026 3758 cupien-

454 3774 559 3828 tes,
594 3775 707 3820 tum
746 3777 998 3849 optantes
1041 3770 1375 3830 faustissima
1428 3793 1692 3848 quaeque;
1734 3782 1862 3849 quid
1914 3798 2021 3841 non

454 3859 540 3911 ille
574 3861 647 3914 rei
682 3843 958 3927 praeclarae
991 3865 1281 3933 perfecerit
1307 3867 1329 3920 ?
1351 3843 1464 3937 quo
1494 3843 1655 3939 pacto
1680 3843 1798 3927 non
1830 3882 1883 3928 et
1918 3874 2020 3945 ipsi

426 3936 427 3943 “
454 3947 581 4012 sibi,
614 3958 668 4001 et
701 3951 929 4020 imperio
974 3956 1315 4023 parentibus,
1347 3958 1708 4014 maximorum
1755 3962 2017 4017 bonorum

454 4050 640 4093 unctor
682 4045 956 4099 essuitcrit
986 4064 998 4109 ;
1045 4048 1316 4117 siquidem
1346 4050 1496 4105 illum
1533 4053 1600 4107 ad
1631 4053 1681 4107 id
1713 4056 1857 4124 quod
1891 4071 2017 4124 pro-

454 4132 697 4186 futurum
748 4135 842 4201 sit,
874 4147 1020 4193 recta
1056 4141 1389 4209 gradientem
1418 4144 1525 4207 via,
1558 4148 1740 4199 cuncti
1770 4160 2018 4216 sequan-

454 4225 585 4277 tur?
614 4224 746 4290 Quis
797 4242 903 4283 non
952 4231 1021 4285 ob
1055 4246 1379 4301 generosum
1413 4236 1678 4301 animum,
1715 4246 1771 4292 et
1815 4254 2015 4305 mores,

450 4332 573 4369 enm
610 4319 943 4388 suspiciens,
972 4322 1026 4376 in
1068 4325 1242 4392 pretio
1270 4341 1435 4394 supra
1466 4341 1553 4389 res
1586 4342 1775 4384 omnes
1815 4331 2016 4386 habue-

2148 1855 2421 1924 ενήνοχεν,
2473 1853 2547 1916 ὡς
2586 1853 2652 1921 ἢν
2690 1853 2765 1923 μὴ
2818 1853 2884 1906 δι’
2933 1852 3212 1923 ἁμαρτίαν
3269 1837 3601 1923 ἀντικρούσῃ
3651 1837 3713 1903 es
3794 1842 3805 1851 K

2150 1948 2326 2008 θεῖον,
2370 1940 2430 1999 εὖ
2464 1945 2522 1998 τὸ
2546 1944 2791 1999 τοιοῦτον
2828 1946 3071 2015 ὑπήκοον
3112 1945 3395 1998 πείσονται
3427 1945 3576 2014 παρά
3615 1944 3710 1996 τοῦ

2146 2038 2388 2091 τοιούτου
2429 2038 2717 2094 δεσπότου.
2769 2039 2879 2093 Καὶ
2925 2036 3202 2102 τεύξονται
3257 2055 3319 2105 γε
3367 2037 3712 2106 εὐδαιμονίας

2145 2130 2540 2199 ἀληθεστάτης,
2577 2133 2812 2201 μακροῖς
2833 2131 3021 2201 ἱδρῶσι
3054 2132 3147 2184 καὶ
3168 2131 3372 2193 πόνοις,
3392 2130 3488 2200 οὐχ
3512 2132 3711 2199 ἥκιστα

2144 2222 2200 2275 δὲ
2243 2221 2334 2274 καὶ
2367 2221 2633 2283 κινδύνοις
2663 2221 2759 2273 τοῦ
2798 2220 2896 2273 σὺν
2922 2221 3106 2282 αὐτοῖς
3130 2220 3269 2290 ὑπὲρ
3300 2220 3480 2274 αὐτῶν
3512 2220 3729 2286 ἀγῶνι--

2146 2313 2402 2381 ζομένου,
2436 2312 2530 2366 καὶ
2552 2314 2650 2366 σὺν
2674 2313 2955 2382 ἐπιστήμῃ
2972 2313 3033 2366 τὸ
3056 2314 3261 2380 σκάφος
3285 2313 3531 2380 ἄγοντος.
3552 2309 3709 2363 Οῦτω

2142 2406 2252 2474 γὰρ
2288 2401 2422 2475 πρὸς
2456 2403 2699 2472 ἀγαθοὺς
2738 2405 3016 2473 ὑπηκόους
3060 2404 3266 2472 ἀγαθὸς
3316 2404 3503 2475 ἄρχων
3543 2403 3707 2473 ἔχων,

2145 2499 2238 2550 καὶ
2256 2496 2482 2559 τούτους
2504 2495 2718 2565 βλέπων
2733 2496 3141 2566 ἀνηρτημένους
3164 2495 3325 2548 αὐτοῦ
3340 2494 3415 2564 τῷ
3455 2494 3707 2564 νεύματι,

2144 2587 2507 2657 βουλομένους
2550 2606 2609 2641 τε
2642 2588 2790 2656 αὐτῷ
2826 2590 2920 2641 καὶ
2957 2590 3283 2658 εὐχομένους
3314 2591 3380 2643 τὰ
3418 2590 3703 2653 κάλλιστα,

2144 2683 2200 2734 τί
2278 2681 2377 2734 οὐκ
2440 2680 2505 2735 ἂν
2574 2680 2872 2750 ἐργάσαιτο
2930 2681 3038 2735 τῶν
3108 2681 3331 2747 καλῷνς
3408 2681 3524 2743 πῶς
3587 2681 3707 2749 οὐχὶ

2138 2775 2227 2824 καὶ
2255 2768 2454 2839 έαυτῷ,
2478 2772 2574 2824 καὶ
2597 2772 2708 2834 τοῖς
2734 2770 3081 2841 πειθομένοις
3110 2770 3281 2840 αὐτῷ,
3316 2772 3592 2840 μεγίστων
3624 2772 3707 2823 αῖ-

2137 2881 2248 2926 τιος
2277 2862 2499 2932 ἀγαθῶν
2526 2862 2839 2929 ἀναγκαίως
2874 2862 2940 2916 ἂν
2975 2864 3208 2931 γένοιτο,
3235 2864 3334 2933 τὴν
3373 2864 3539 2933 ὀρθὴν
3566 2865 3705 2933 πρὸς

2136 2955 2197 3007 τὸ
2234 2955 2478 3007 συνοῖσον
2506 2953 2657 3024 αὐτῷ
2684 2954 2950 3026 χωροῦντι
3015 2956 3371 3025 ὲφεπομένων
3406 2958 3697 3027 ἀπάντωνς

2136 3045 2230 3107 Τίς
2254 3047 2352 3099 οὐκ
2376 3045 2444 3099 ἂν
2470 3046 2748 3116 ἀγάμενος
2778 3047 2939 3101 αὐτὸν
2958 3048 3056 3115 τῆς
3075 3048 3457 3115 γενναιότητος
3491 3049 3701 3102 καὶτῶν

2130 3138 2345 3208 τρόπων
2374 3138 2468 3191 τοῦ
2498 3155 2563 3207 γε
2625 3138 2825 3202 παντὸς
2854 3140 3107 3210 τιμήσαι,
3136 3142 3184 3193 εί
3223 3140 3297 3211 μὴ
3337 3140 3542 3211 σφόδρα
3576 3141 3699 3210 μαί-

2130 3244 2272 3280 νοιτο
2296 3246 2309 3293 ;
2337 3228 2498 3281 Ὥστε
2518 3229 2795 3300 ’πρόδηλον
2826 3229 3009 3289 αὐτοῖς
3042 3232 3102 3284 τὸ
3124 3232 3486 3300 εὐδαιμονεῖν.
3513 3233 3603 3285 Δεῖ
3622 3232 3696 3292 δὲ,

2128 3312 2304 3389 οἶμαι,
2341 3321 2478 3392 πρὸς
2524 3320 2776 3388 τοιαῦτα,
2812 3321 2905 3375 καὶ
2946 3324 3055 3385 πᾶς
3101 3325 3236 3392 ἐρεῖ,
3273 3324 3555 3378 αἰτιᾶσθαι
3596 3324 3692 3391 μὲν

2127 3410 2349 3482 ἀρετὴν,
2372 3406 2438 3480 ἦς
2461 3411 2730 3481 ἀπούσης,
2752 3408 3030 3483 προῦπτον
3058 3413 3227 3466 κακὸν
3253 3416 3282 3483 ἡ
3313 3414 3535 3467 δοκοῦσα
3561 3414 3685 3479 εὐη-

2130 3504 2326 3570 μερὲαο
2352 3505 2465 3565 τοῖς
2491 3502 2600 3574 γὰρ
2627 3504 2726 3555 οὐκ
2758 3504 2930 3569 ἀξίοις
2960 3504 3022 3556 τὸ
3046 3505 3347 3575 εὐπραγεῖν
3378 3507 3471 3558 οὐκ
3496 3504 3684 3571 ὠφέλι-

2129 3613 2228 3664 μον
2255 3613 2267 3626 ·
2302 3596 2573 3649 αἰτιᾶσθαι
2596 3597 2652 3649 δὲ
2677 3597 2804 3660 τούς
2834 3597 3026 3666 λόγους
3056 3598 3153 3668 οὐχ
3183 3592 3345 3670 ἦττον
3378 3600 3409 3669 ἦ
3446 3599 3537 3668 τὴν
3566 3599 3688 3670 ἀρε-

2124 3687 2241 3756 τήν.
2273 3688 2396 3740 Οἵδε
2430 3690 2537 3758 γάρ
2579 3692 2628 3743 οί
2656 3689 2939 3752 πείθοντες
2986 3690 3278 3744 ἀπολαύειν
3321 3696 3431 3745 τῶν
3482 3694 3696 3762 ἐκείνης

2124 3777 2363 3845 ἀγαθῶν.
2382 3780 2466 3842 Ὠς
2489 3782 2602 3847 εἴγε
2630 3781 2788 3833 τοῦτο
2814 3782 2889 3852 μὴ
2922 3781 3218 3852 βούλοιντο,
3243 3784 3353 3835 οὐδ’
3382 3784 3699 3854 ὠφελήσον-

2123 3885 2213 3921 ται
2245 3869 2573 3940 παράὐτῆς,
2604 3873 2680 3942 μὴ
2713 3876 3075 3941 μετασχόντες
3096 3875 3203 3926 τῶν
3232 3874 3400 3943 αὐτῆς
3432 3875 3656 3941 ἀγαθῶν
3680 3890 3697 3907 ⁸

2123 3962 2240 4025 πῶς
2270 3963 2376 4031 γὰρ
2412 3962 2672 4027 dicos/rec;
2715 3964 2879 4017 ’Ἡστε
2924 3965 3004 4016 δεῖ
3036 3964 3125 4017 τὸν
3178 3965 3387 4030 ἀγαθὸν
3434 3966 3689 4033 ἄρχοντα,

2121 4056 2213 4106 καὶ
2243 4054 2461 4122 ἀγαθῶν
2480 4072 2640 4109 τινων
2670 4057 3093 4124 προϊστάμενον,
3125 4058 3219 4111 καὶ
3248 4058 3315 4109 τὰ
3340 4060 3467 4125 περὶ
3493 4059 3687 4123 λόγους

2120 4143 2325 4208 ἀγαθὸν
2355 4139 2513 4209 εἶναι,
2542 4144 2607 4197 ἵν’
2630 4144 2742 4214 ἔχοι
2772 4145 2980 4200 πείθειν
3011 4148 3229 4212 αὐτοὺς,
3263 4147 3343 4213 ἐφ’
3371 4145 3449 4209 οἷς
3478 4148 3543 4200 ἂν
3566 4148 3686 4213 βέλ-

2119 4228 2233 4286 τιον
2254 4237 2339 4305 εἴη
2378 4237 2669 4305 πράττειν·
2695 4237 2784 4289 ἵνα
2814 4239 2888 4305 μὴ
2915 4239 3153 4308 χρηστὸς
3181 4241 3279 4308 μὲν
3300 4238 3404 4308 εἴη,
3437 4240 3689 4307 χρηστῶν

2117 4326 2174 4377 δὲ
2202 4328 2369 4397 ἄρχῃ,
2396 4328 2797 4396 ἁφηνιὰζοντας
2820 4328 2863 4379 δ’
2890 4329 3039 4396 ὅμως
3065 4329 3204 4397 ἔχων
3224 4331 3444 4394 αὐτοὺς,
3487 4334 3582 4386 καὶ
3615 4334 3690 4400 μὴ

450 4410 537 4473 rit,
564 4409 667 4464 nisi
708 4411 863 4466 valde
895 4414 1177 4468 insaniat?
1212 4417 1624 4475 evidentissime
1653 4421 1889 4491 denique
1919 4441 2016 4491 pa-

2131 4418 2370 4479 εῖκοντας
2402 4415 2484 4481 οἷς
2514 4419 2667 4485 γνοίη
2698 4421 2836 4488 πρὸς
2871 4420 2973 4489 τὴν
3014 4422 3284 4491 σφετέραν
3328 4423 3507 4476 αὐτῶν
3554 4424 3694 4490 ὠφέ-

447 4511 551 4561 rei,
584 4501 680 4556 bos
707 4503 892 4558 beatos
921 4520 1061 4560 esse.
1086 4506 1339 4562 Arbitror
1368 4517 1548 4564 autem
1582 4512 1717 4581 ipse,
1751 4529 1851 4570 nec
1868 4517 2020 4586 quis-

455 4609 617 4657 quam
674 4594 1028 4664 inficiabitur,
1074 4613 1294 4654 causam
1326 4605 1518 4655 borum
1544 4606 1608 4656 ad
1640 4606 1895 4661 virtutem
1930 4625 2017 4662 rr-

448 4684 765 4752 fcrendam;
816 4690 1023 4759 absque
1070 4706 1174 4755 qua
1224 4693 1316 4757 sit,
1370 4705 1618 4764 apertum
1653 4699 1855 4752 malum
1892 4702 2013 4765 erit,

446 4793 568 4843 qua:
596 4778 826 4836 felicitas
875 4799 998 4839 esse
1029 4785 1264 4839 videtur.
1306 4786 1545 4857 Indignis
1588 4790 1732 4844 enim
1774 4788 1863 4845 res
1893 4807 2016 4860 pro-

448 4860 621 4935 spera:
651 4885 981 4930 nocumcnto
1029 4889 1180 4932 sunt.
1217 4876 1405 4947 Neque
1458 4881 1642 4937 minus
1685 4882 2014 4952 eloquentia:

446 4959 641 5015 srudiis
696 4963 812 5019 haec
851 4977 981 5023 sunt
1037 4981 1256 5039 accepta
1314 4970 1537 5027 ferenda
1588 4989 1751 5042 quam
1784 4976 2009 5030 -virtuti.

448 5042 577 5098 Nam
612 5062 675 5102 ea
701 5059 852 5113 sunt,
879 5069 1002 5122 quae
1053 5058 1381 5113 mortalibus
1413 5061 1764 5127 persuadent,
1799 5070 1857 5116 ut
1901 5062 2009 5117 vir-

447 5140 578 5193 tutis
612 5140 715 5194 frui
741 5142 899 5199 bonis
923 5147 1093 5201 velint
1129 5168 1142 5203 :
1179 5150 1379 5219 quippe
1404 5151 1449 5205 si
1479 5151 1580 5207 hoc
1608 5152 1786 5209 facere
1816 5153 2008 5221 nolint,

444 5230 580 5283 nihil
618 5246 681 5284 ex
713 5232 909 5287 virtute
939 5239 1213 5293 commodi
1242 5243 1562 5310 percipient,
1598 5244 1862 5301 bonorum
1892 5245 2011 5314 ejus

447 5319 669 5374 minime
699 5323 989 5393 participes
1023 5327 1199 5404 facti;
1229 5348 1336 5401 quo
1365 5333 1509 5387 enim
1538 5335 1642 5389 hoc
1669 5324 1827 5405 pacto
1851 5336 2010 5391 cadat

442 5410 492 5461 in
526 5414 770 5468 invitos?
801 5414 1166 5481 Quamobrem
1204 5420 1374 5475 bonus
1402 5425 1675 5495 princeps,
1700 5436 1755 5482 et
1784 5428 1876 5497 qui
1910 5428 2009 5482 bo-

444 5504 526 5552 nis
556 5504 833 5575 aliquibus
868 5519 1087 5575 praeest,
1140 5511 1302 5565 etiam
1354 5518 1638 5585 praeceptis
1682 5517 2006 5587 eloquentia:

442 5606 583 5657 tce-te
619 5597 919 5655 instructus
951 5617 1074 5657 esse
1116 5602 1297 5667 debet,
1332 5615 1389 5658 ut
1418 5622 1548 5662 suos
1575 5609 1854 5678 impellere
1885 5626 2007 5680 per-

442 5699 535 5737 suu
562 5690 718 5745 ἔρηάο
762 5695 929 5760 possit
960 5696 1024 5751 ad
1062 5710 1123 5750 ea
1158 5709 1280 5764 qua:
1321 5696 1497 5753 facere
1548 5701 1830 5770 praestabit
1867 5721 1878 5755 :
1938 5718 2005 5758 ne

2123 4507 2293 4571 λειαν,
2316 4507 2467 4561 οὐδὲν
2491 4509 2732 4570 ἐκείνους
2750 4510 2919 4581 ὀνήσῃ
2945 4527 2959 4543 ο
2984 4511 3103 4563 ἐπεὶ
3127 4513 3218 4565 καὶ
3249 4513 3436 4575 παῖδες
3472 4516 3687 4584 ἰατρῶν,

2122 4596 2295 4651 ἔστων
2326 4599 2382 4652 δὲ
2409 4598 2508 4669 τὴν
2536 4602 2733 4670 τέχνην
2764 4601 2989 4675 ἀγαθοὶ,
3020 4605 3069 4655 εἰ
3103 4606 3177 4675 μὴ
3212 4604 3307 4658 καὶ
3339 4606 3500 4670 δεξιοί
3551 4624 3689 4668 τινες

2121 4683 2249 4749 εἶεν,
2290 4686 2381 4742 καὶ
2411 4689 2597 4744 εἰδεῖεν
2627 4691 2773 4751 ὅπως
2803 4692 3048 4747 πείσουσι
3083 4694 3149 4746 τὰ
3189 4695 3315 4761 παρ’
3351 4698 3571 4749 ἐκείνων
3607 4699 3687 4748 δέ-

2120 4780 2311 4847 χεσθαι
2345 4779 2641 4851 φάρμακα,
2691 4783 2883 4836 οὐδένα
2919 4801 3020 4837 που
3080 4786 3185 4837 τῶν
3222 4788 3442 4840 πάντων
3472 4789 3686 4854 ὠφελή-

2120 4888 2286 4925 σουσι.
2310 4874 2401 4924 Δεῖ
2420 4874 2549 4943 γὰρ,
2570 4871 2750 4943 οἶμαι,
2770 4876 3131 4945 προηγεῖσθαι
3155 4877 3309 4949 δόξης
3336 4881 3435 4949 μὲν
3448 4883 3688 4951 χρηστῆς

2118 4965 2312 5029 πειθὼ,
2348 4964 2552 5034 ταύτης
2585 4966 2641 5019 δὲ
2668 4968 2899 5035 δύναμιν
2927 4968 3123 5036 λόγων,
3152 4972 3201 5021 εἰ
3237 4971 3418 5040 μέλλοι
3450 4990 3533 5035 τις
3574 4976 3682 5024 ἀπό

2116 5074 2258 5119 τινος
2285 5058 2594 5123 ἀναγκαίως
2615 5050 3012 5129 ὠφελήσεσθαι,
3036 5060 3339 5131 δυναμένου
3369 5063 3527 5116 τοῦτο
3551 5065 3682 5132 δρᾶ-

2117 5168 2228 5213 σαι,
2254 5150 2599 5218 καὶ,προσέτι
2628 5151 3052 5215 θέλοντος.Ὧσθ’
3074 5155 3123 5206 οἱ
3146 5154 3296 5223 λόγοι
3320 5158 3416 5209 καὶ
3445 5156 3681 5219 πειθοῦς,

2117 5242 2211 5295 καὶ
2265 5241 2359 5294 τοῦ
2431 5242 2674 5307 δοξάζειν
2743 5244 2926 5311 ἀγαθά
2982 5246 3187 5314 ἀγαθὸν
3257 5248 3496 5317 ὑπήκοον
3553 5250 3684 5318 περὶ

2113 5333 2333 5400 ἀγαθῶν
2380 5334 2679 5404 ἀρχόντων,
2730 5337 2894 5390 αἴτιοι
2927 5338 3117 5405 σαφῶς
3144 5340 3550 5409 ἀναπέφανται·
3589 5342 3681 5392 καὶ

2068 5469 2078 5477 .
2112 5420 2223 5476 εἷεν
2244 5424 2310 5477 ἂν
2336 5424 2584 5494 χρυσίου,
2614 5428 2705 5479 καὶ
2730 5426 3099 5498 πολυχειρίας,
3120 5432 3212 5483 καὶ
3242 5432 3514 5501 μηχανῆς,
3546 5433 3683 5484 ἅττα

2111 5516 2175 5582 δὴ
2210 5517 2340 5585 πρὸς
2367 5516 2656 5584 σύγκρισιν
2680 5520 2811 5589 ἡμῖν
2834 5524 3175 5592 τοκαταρχάς
3198 5526 3496 5594 παρετέθη,
3522 5524 3683 5592 ἀμεί·

2111 5626 2231 5669 νους
2264 5609 2397 5677 πρὸς
2420 5609 2686 5678 ὠφέλειαν
2709 5612 2959 5682 ἄρχουσι.
2995 5616 3104 5669 Καὶ
3134 5618 3162 5668 ὁ
3195 5615 3291 5668 νῦν
3324 5618 3457 5687 ἡμῖν
3484 5617 3679 5678 διαζω‹

2109 5700 2485 5771 γραφούμενος
2515 5702 2717 5775 ἄρχων,
2749 5708 2828 5770 εἰς
2857 5707 2925 5761 τά
2959 5709 3056 5779 τῆς
3088 5710 3266 5780 ψυχῆς
3312 5710 3476 5764 afro-3
3517 5710 3677 5764 πλεο-
