4098 6272
330 264 454 339 ’409

1771 271 2058 335 ORATIO
2089 273 2176 335 ΙΙ.

3493 279 3627 342 410'

349 385 669 456 νεκτήματα
696 382 802 464 τὶς¹
826 382 1039 448 ἀγαθὰς
1087 382 1307 448 ἑλπὶδας
1332 384 1472 457 ἔχων
1505 385 1919 457 ἀνηρτημένας,

2028 383 2203 440 bonus
2235 385 2456 456 quidem
2492 387 2606 456 ipse
2631 386 2722 454 sit,
2751 397 2804 443 cl
2828 386 2990 443 bonis
3034 387 3263 458 imperet
3289 429 3304 452 ,
3335 397 3392 443 at
3422 391 3596 444 nihilo

349 475 615 546 κρείττων
648 491 747 526 που
779 472 993 536 πάντως
1024 473 1092 525 ἂν
1122 474 1206 542 εἴη
1229 474 1338 527 τῶν
1365 477 1457 528 ἐπὶ
1489 479 1606 540 ταῖς
1633 478 1735 542 ἔξω
1761 478 1922 528 δυνά-

349 581 506 637 μεσιν
537 564 988 634 ἐπερειδομένων,
1031 564 1167 634 ὅπερ
1210 567 1268 630 ὲξ
1306 568 1484 637 ἀρχῆς
1514 570 1646 638 ἡμῖν
1677 571 1915 639 εἴρηται,

351 657 528 710 Καλόν
558 672 640 708 σοι
670 658 877 718 τοίνυν,
901 649 945 709 ὦ
971 655 1214 724 φῖλτατε,
1240 660 1438 728 ἀρετῆς
1463 661 1918 731 ἐπιμελούμενον,

353 747 477 818 μηδ’
494 747 802 800 ὁπωστιοῦν
833 750 1063 816 ἀμελεῖν
1090 749 1196 803 τῶν
1226 751 1420 818 λόγων,
1454 752 1622 806 ὄντων
1650 773 1709 808 τε
1733 757 1921 818 ἁπλῶς

350 835 624 903 χρηστῶν,
661 836 751 886 καὶ
809 837 948 904 πρδς
996 837 1065 889 τὰ
1119 840 1331 908 χρηστὰ
1383 843 1792 910 συνεργούντων
1845 846 1922 909 ὡς

351 926 462 978 οὐδ’
503 927 569 978 ἂν
598 925 657 979 ἓν
677 922 828 996 οἶμαι
853 929 961 980 τῶν
981 930 1215 984 πάντων.
1247 933 1323 982 Οὐ
1359 932 1465 1001 μὴν
1503 933 1619 985 ἀλλ’
1648 936 1805 1006 εἴπερ
1839 953 1926 990 σοι

348 1017 416 1069 τὰ
454 1018 721 1086 εἰρημένα
756 1019 936 1081 καλῶς
979 1035 1042 1086 γε
1081 1020 1226 1090 ἔχειν
1267 1021 1394 1082 ἴσως
1429 1024 1596 1087 δοκεῖ,
1644 1025 1770 1095 ἔχου
1809 1028 1921 1081 τῶν

2032 481 2215 534 minus
2239 488 2588 536 contumaces
2618 482 2952 550 experiatur,
2978 496 3078 534 nec
3101 481 3389 552 imperium
3415 483 3597 537 detre-

2031 572 2312 626 ctantibus
2348 573 2399 626 in
2440 573 2507 628 iis
2555 589 2673 640 quae
2706 559 2947 638 ipsorum
2979 573 3284 641 commodis
3325 575 3593 628 scrritura

2031 663 2312 730 prospicit,
2355 664 2650 732 quidquam
2691 664 2939 718 utilitatis
2975 663 3187 717 aﬂet'at.
3229 646 3361 714 Nam
3393 673 3446 716 et
3484 680 3598 716 tne-

2027 755 2158 814 dici.
2190 754 2315 808 licet
2344 763 2460 808 arte
2490 765 2808 824 praestantes
2844 754 2972 820 sint,
3010 754 3113 807 nisi
3148 754 3218 806 sit
3249 753 3410 806 etiam
3444 768 3593 820 qure-

2029 849 2150 898 dam
2183 848 2235 899 in
2275 839 2364 902 eis
2394 847 2715 910 dexteritas,
2749 855 3033 915 artemque
3067 846 3276 910 norint,
3311 861 3417 913 qua
3469 859 3593 911 pcr-

2032 939 2320 1002 Suadeant,
2353 949 2411 992 ut
2451 941 2519 993 ab
2549 940 2628 994 eis
2659 939 2900 994 exhibita
2945 939 3338 992 medicamenta
3371 949 3596 989 suman-

2035 1043 2146 1092 tur,
2191 1050 2253 1086 ex
2281 1033 2538 1086 omnibus
2572 1031 2802 1086 fortasse.
2838 1031 3040 1085 nemini
3079 1029 3397 1098 proderunt.
3434 1027 3596 1080 Arbi-

349 1108 531 1160 καλῶν
552 1110 908 1178 δεδογμένων,
935 1113 1057 1180 μηδ’
1073 1111 1388 1182 ᾁτιμάζειν,
1421 1114 1564 1185 ἅπερ
1591 1117 1915 1188 Θαυμὰζεις.

361 1199 419 1252 ’0
448 1201 556 1270 γὰρ
589 1202 827 1254 ἐπαινῶν
858 1213 909 1255 ’τι
942 1203 1155 1272 χρῆμα,
1191 1203 1289 1257 εἶτ’
1325 1208 1546 1276 ἀμελῶς
1583 1212 1720 1280 πρὸς
1786 1215 1920 1266 αὐτὸ

347 1293 691 1362 διακείμενος
711 1335 726 1359 ,
753 1297 847 1349 καὶ
886 1298 960 1372 μὴ
997 1299 1254 1368 θηρεύειν
1285 1303 1486 1355 ἐθέλων
1518 1305 1680 1358 τοῦτο
1714 1310 1917 1380 σπουδῇ

349 1400 408 1436 τε
433 1387 510 1438 πά
525 1402 603 1457 τῃ,
638 1390 730 1441 καὶ
753 1390 915 1441 παντὶ⁵
935 1390 1123 1460 τρόπῳ
1155 1397 1376 1462 γραφὴν
1394 1395 1577 1455 ἀνοίας
1610 1397 1917 1462 ἀποίσεται,

2029 1401 2307 1470 quidpiam
2335 1398 2645 1452 necessario
2671 1398 2952 1467 percipere
2979 1397 3194 1459 debeat,
3225 1396 3316 1462 qui
3348 1394 3464 1459 ejus
3497 1392 3604 1445 int—

350 1481 445 1533 καὶ
482 1481 712 1552 ὀφλήσει
746 1483 958 1551 γέλωτα
990 1487 1154 1539 παντὶ
1185 1486 1384 1551 δικαίῳ
1419 1486 1545 1564 νοῦν
1578 1487 1816 1556 ἔχουσιν,

2031 1493 2300 1563 ρειτιίρηύὶ
2334 1501 2438 1545 tam
2473 1489 2785 1544 facultatem
2823 1505 2984 1558 quam
3018 1489 3350 1542 voluntatem
3383 1486 3597 1538 habeat.

351 1576 714 1642 Quamobrem
745 1580 890 1634 clare
935 1590 1098 1648 patet,
1133 1583 1200 1634 ab
1229 1582 1554 1651 eloquentiae
1587 1585 1638 1637 vi
1681 1595 1793 1642 tum
1834 1591 2274 1658 persuasionem,
2343 1597 2455 1642 tum
2508 1587 2822 1656 opinionem
2866 1589 3068 1640 bonam
3129 1586 3399 1639 bonorum
3465 1580 3601 1636 sub-

355 1672 591 1726 ditorum
617 1674 681 1726 de
711 1672 868 1726 bonis
893 1673 1237 1742 principibus
1267 1675 1558 1742 proficisci,
1590 1686 1750 1746 atque
1779 1680 1918 1736 hanc
1954 1691 2010 1737 et
2043 1697 2201 1746 auro,
2231 1693 2283 1735 et
2311 1695 2510 1747 magno
2533 1678 2802 1738 exercitu.
2836 1687 2887 1730 et
2917 1676 3194 1734 machina.
3230 1691 3352 1742 qute
3414 1690 3443 1726 a
3505 1687 3576 1724 no

357 1765 440 1819 bis
473 1766 820 1820 instituenda:
853 1781 1020 1819 causa
1052 1767 1473 1835 comparationis
1516 1770 1568 1822 in
1602 1773 1838 1828 medium
1871 1777 1940 1830 ab
1979 1777 2132 1831 initio
2169 1782 2297 1829 sunt
2329 1773 2515 1836 allata,
2585 1771 2925 1840 principibus
2962 1785 3060 1822 usu
3127 1784 3231 1823 suo
3276 1769 3431 1836 longe
3459 1762 3601 1841 prae:
3651 1807 3656 1810 .

356 1865 522 1909 stare.
557 1855 742 1914 Itidem
775 1855 866 1924 qui
903 1871 1047 1909 nunc
1073 1871 1102 1908 a
1147 1857 1302 1911 nobis
1330 1858 1536 1925 pictura
1577 1865 1733 1928 quasi
1769 1865 2002 1933 qnadam
2034 1881 2328 1934 expressus
2353 1873 2436 1918 est
2476 1864 2752 1934 princeps,
2821 1877 2944 1917 cum
3012 1861 3186 1930 ipsius
3257 1861 3412 1914 bonze
3471 1876 3598 1927 spes

352 1949 424 2003 ab
451 1950 682 2020 egregiis
715 1951 767 2002 in
800 1965 866 2003 eo
889 1950 1106 2004 dotibus
1133 1950 1299 2004 animi
1336 1953 1642 2020 pendeant;
1675 1958 1898 2012 omnino
1939 1956 2339 2030 praestantioris
2409 1958 2514 2012 erit
2590 1958 2683 2025 qui
2754 1955 3104 2009 facultatibus
3145 1953 3404 2008 extrariis
3459 1953 3602 2008 iuni-

350 2051 558 2104 tuntur,
586 2044 726 2112 quod
753 2045 820 2097 ab
843 2045 998 2098 initio
1029 2045 1290 2100 diximus.
1328 2047 1514 2115 Itaque
1553 2061 1700 2104 recte
1763 2051 1952 2116 facies,
1995 2054 2319 2108 charissime
2382 2053 2476 2116 illi,
2506 2052 2548 2106 si
2581 2053 2652 2104 ita
2684 2050 2869 2104 \‘lt'lltll
2904 2051 3150 2108 studeas.
3185 2059 3241 2100 ut
3267 2048 3596 2116 eloquentia:

351 2135 527 2191 studia
556 2137 703 2190 nullo
727 2138 888 2190 modo
911 2138 1152 2207 negligas
1178 2156 1191 2201 ;
1216 2155 1336 2207 qua:
1355 2149 1404 2192 et
1425 2141 1744 2208 simpliciter
1763 2146 1917 2200 utilia
1957 2157 2080 2200 sunt
2129 2157 2182 2202 ct
2215 2148 2279 2200 ad
2336 2161 2422 2200 res
2455 2145 2616 2199 utiles
2647 2153 2808 2213 atque
2876 2143 3048 2196 bonas
3118 2143 3240 2209 plus
3291 2140 3595 2210 adjumenti

350 2242 511 2298 (ιιιθιη
543 2229 650 2282 “"3
681 2243 764 2283 res
793 2230 918 2293 alia.
952 2245 1069 2282 mea
1098 2232 1318 2299 quidem
1384 2233 1664 2300 opinione,
1727 2236 1983 2292 afferunt.
2026 2239 2136 2294 Nec
2171 2254 2276 2294 non
2309 2239 2378 2305 si,
2416 2253 2535 2306 quae
2574 2239 2713 2290 dirta
2740 2245 2890 2301 sunt,
2919 2247 3066 2290 ret-te
3113 2235 3208 2288 tibi
3237 2234 3374 2287 dicta
3405 2232 3598 2287 viden-

354 2334 463 2385 tur,
494 2327 819 2394 attiplectcre
847 2326 1064 2400 decreta
1088 2328 1375 2396 pr.cclar.a,
1407 2344 1504 2383 nec
1573 2346 1694 2400 quae.
1765 2334 2074 2400 admiraris,
2156 2335 2430 2405 negligito.
2515 2332 2648 2386 Nam
2694 2331 2790 2402 qni
2831 2347 2941 2384 rem
2993 2331 3230 2396 aliquam
3281 2329 3483 2391 laudat,
3537 2341 3602 2380 ac

351 2418 547 2472 deinde
574 2419 926 2488 AnegligcnYer
958 2434 1075 2473 eam
1115 2429 1292 2482 curat,
1327 2435 1426 2476 nec
1458 2425 1682 2476 omnino
1714 2426 1896 2479 studio
1933 2437 2096 2496 atque
2131 2429 2340 2482 ratione
2371 2426 2737 2496 persequitur,
2804 2425 3052 2479 amentiae
3125 2433 3308 2476 notam
3365 2422 3598 2486 auferet,
3658 2454 3663 2462 -

353 2525 406 2572 et
431 2530 462 2568 a
498 2527 675 2569 mente
700 2515 943 2586 prteditis
967 2515 1172 2584 optimo
1196 2511 1320 2585 jure
1353 2519 1642 2574 ridebitur.

2030 1133 2145 1176 tror
2173 1127 2342 1188 enim,
2369 1135 2496 1177 ante
2525 1125 2720 1177 bonam
2749 1123 3063 1192 opinionem
3098 1120 3404 1189 praecedere
3429 1117 3597 1170 debe-

2029 1206 2084 1270 re
2110 1219 2554 1292 persuasionem;
2591 1215 2730 1268 hanc
2784 1229 2915 1267 vero
2946 1213 3251 1267 facultatem
3277 1211 3599 1276 eloquentia:

2028 1309 2336 1376 praecedere
2373 1322 2388 1358 :
2427 1307 2469 1358 si
2501 1307 2723 1374 quidem
2759 1305 2956 1373 aliquis
2987 1306 3055 1358 ab
3087 1304 3270 1371 aliquo
3319 1300 3592 1355 commodi

975 2677 1193 2732 ΛΟΓΟΣ
1217 2675 1287 2732 [ς’.
1915 2639 2000 2772 ’Β

351 2789 579 2868 Ὅτε·τό
608 2789 723 2868 ιιὲχ
747 2788 976 2868 ἁγαᾷὸν
1004 2787 1154 2868 «fieri
1183 2791 1552 2868 φηλούμενόξλ
1571 2792 1726 2868 (ἔθ’-τι⁸
1737 2807 1918 2868 $01-01-

424 2859 541 2923 κῶς
565 2873 579 2887 ·
614 2863 645 2912 ό
663 2859 730 2911 δὲ
759 2861 943 2920 κακὸς
969 2859 1065 2912 καὶ
1093 2859 1283 2920 ἑαυτῴ
1309 2861 1581 2927 μισητός.
1621 2859 1921 2926 Φιλοῦμεν

420 2927 491 2981 δὲ
528 2930 625 2982 καὶ
683 2931 748 2982 τὸ
786 2929 979 2981 κακὸν
1014 2929 1186 2982 ἐστιν
1238 2930 1357 2995 ὅτε,
1405 2930 1630 2997 ἀγαθὸν
1677 2931 1920 2984 κάκεῖνο

421 2997 781 3067 νομίζοντες.
808 2997 917 3051 Καὶ
941 2999 1073 3066 περὶ
1103 2998 1488 3068 εὐδαιμονίας
1517 3001 1616 3053 καὶ
1673 3001 1917 3069 ἀρετῆς.

433 3137 573 3204 Ἐγὼ
617 3137 845 3205 νομίζω,
888 3137 984 3188 και
1025 3134 1232 3198 πάντας
1258 3129 1418 3204 οἶμαι
1471 3138 1535 3206 τῇ
1572 3135 1700 3208 δόξῃ
1745 3136 1922 3208 ταύτῃ

355 3224 665 3286 συνθέσθαι,
697 3223 771 3292 μὴ
799 3225 958 3290 μόνον
980 3225 1074 3276 τὸν
1104 3224 1389 3277 σπουδαῖον
1412 3225 1506 3277 καὶ
1527 3225 1754 3292 ἀγαθὸν,
1784 3226 1920 3278 ἀλλὰ

354 3319 448 3370 καὶ
478 3320 569 3371 τὸν
599 3317 804 3386 φαῦλον
823 3319 920 3370 καὶ
949 3317 1183 3386 πονηρὸν
1212 3317 1519 3386 ἄνθρωπον,
1551 3306 1919 3387 μισοπόνηρον

355 3410 448 3463 καὶ
486 3410 772 3479 φιλόκαλον
805 3404 948 3461 εἶναι
979 3409 1119 3480 αὐτῇ
1148 3411 1215 3478 τῇ
1247 3408 1442 3476 φύσει·
1479 3409 1578 3463 κᾶν
1607 3426 1690 3473 τις
1721 3411 1800 3473 εἰς
1836 3428 1922 3463 το·

357 3501 546 3554 σοῦτον
569 3501 763 3562 κακίας
781 3501 1061 3572 ἐξενεχθῇ,
1091 3502 1167 3563 ὡς
1201 3504 1275 3571 μὴ
1305 3503 1619 3573 περαιτέρω
1647 3506 1917 3574 προϐῆναι

357 3593 632 3657 δύναεθαι,
671 3593 766 3646 an
798 3594 862 3662 δὴ
895 3595 1029 3662 πρδς
1059 3591 1355 3662 τοῦσχατον
1395 3595 1563 3663 αὐτῆς
1594 3597 1917 3666 ἀφιγμένος,

480 3686 670 3742 ἑαυτὸν
692 3685 788 3749 τῆς
819 3686 1083 3753 πονηρίας
1116 3687 1496 3756 βδελύττεσθαι
1520 3689 1612 3739 τὸν
1641 3689 1918 3741 τοιοῦτονο

363 3777 561 3845 μᾶλλον
588 3776 644 3828 δὲ
687 3777 782 3828 καὶ
820 3780 930 3838 τοῖς
959 3778 1173 3844 ἀλόγοις
1203 3780 1296 3830 καὶ
1323 3780 1676 3848 ἀναισθήτοις
1712 3780 1923 3849 ἀγαθὴν

357 3865 501 3922 εἶναι
531 3869 629 3937 τὴν
675 3868 856 3935 φύσιν,
891 3869 949 3932 ἐξ
983 3870 1190 3935 ἀγαθοῦ
1222 3872 1282 3922 τὸ
1315 3866 1455 3922 εἶναι
1485 3870 1780 3923 λαϐοῦσαν.
1816 3873 1923 3926 Kal.

2595 2643 2856 2734 culmo
2885 2675 2947 2731 tt.

2023 2794 2179 2860 Quod
2197 2793 2388 2847 bonum
2409 2810 2483 2847 εει
2501 2793 2564 2845 ab
2589 2792 2832 2846 omnibus
2853 2789 3174 2844 naturaliter
3199 2788 3372 2860 diligi.
3406 2786 3601 2840 Homi-

2097 2882 2210 2917 nem
2234 2865 2434 2917 malum
2453 2863 2614 2916 etiam
2636 2863 2736 2928 ipsi
2787 2861 2888 2924 sibi
2909 2859 3028 2912 odio
3051 2875 3180 2914 esse.
3209 2857 3602 2916 Nonnunquam

2090 2952 2210 2989 vero
2239 2945 2284 2987 et
2315 2935 2390 2993 id.
2413 2941 2550 3001 quod
2591 2927 2786 2984 malum
2808 2941 2906 2988 est.
2931 2931 3236 3001 diligimus;
3259 2929 3382 2996 quia
3409 2927 3602 3001 bonum

2089 3021 2203 3060 esse
2247 3000 2770 3073 putamuthemque
2819 3001 2884 3053 de
2919 3001 3170 3070 [eiicitate
3202 3000 3368 3066 deque
3389 3000 3599 3050 virtute.

2093 3146 2169 3202 ita
2207 3143 2457 3212 equidem
2488 3141 2690 3206 sentio,
2732 3149 2786 3194 et
2837 3139 3086 3210 opinioni
3147 3077 3602 3192 mete'neminctu
3661 3199 3663 3202 ι

1959 3259 1979 3267 “·
2022 3255 2129 3296 non
2166 3249 2521 3292 assensurum
2551 3233 2858 3297 arbritror;
2895 3246 3001 3283 non
3035 3231 3235 3283 virtute
3270 3228 3434 3280 modo
3461 3239 3604 3295 ρυε-
3661 3283 3665 3288 ,

2020 3334 2193 3403 ἀμιιηι
2230 3339 2286 3383 et
2315 3330 2540 3389 bonum,
2580 3323 2674 3381 sed
2705 3325 2870 3378 etiam
2919 3323 3173 3378 vitiosum
3198 3335 3262 3375 ac
3291 3321 3599 3390 improbum

2024 3425 2322 3484 hominem,
2352 3422 2467 3492 ipsa
2513 3427 2712 3472 natura
2771 3427 2884 3470 tum
2935 3415 3342 3484 improbitatem
3397 3413 3599 3472 odisse,

2025 3527 2134 3569 tum
2169 3513 2385 3567 honesti
2422 3511 2604 3566 studio
2654 3509 2826 3563 teneri
2864 3523 2879 3561 :
2915 3522 2978 3561 ac
3010 3508 3136 3560 licet
3161 3505 3360 3570 aliquis
3390 3505 3600 3556 adeam

1985 3671 1988 3677 λ
2025 3606 2368 3659 vitiositatetn
2405 3604 2664 3671 abreptus
2697 3600 2892 3660 fuerit,
2944 3607 3002 3652 ut
3048 3598 3308 3651 ulterins'
3344 3596 3600 3662 progredi

2025 3704 2282 3764 nequeat,
2317 3694 2474 3763 quasi
2507 3695 2596 3762 qui
2639 3694 2704 3746 ad
2736 3703 2940 3746 metam
2991 3691 3112 3760 ejus
3148 3697 3447 3742 extremam
3483 3702 3603 3754 per-

2023 3787 2250 3848 venerit,
2291 3795 2471 3855 tamen
2509 3783 2786 3838 hominem
2809 3783 3080 3850 ejusmodi
3114 3781 3350 3846 seipsum
3385 3779 3455 3830 ob
3497 3779 3604 3828 im-

2026 3878 2356 3946 probitatem
2385 3873 2696 3927 abominari
2732 3889 2746 3926 :
2782 3873 2892 3924 imo
2921 3872 3004 3923 vel
3062 3870 3234 3923 brutis
3295 3883 3356 3921 ac
3405 3882 3604 3923 sensns
3660 3919 3661 3922 η

354 3961 514 4014 τοῦτό
556 3963 672 4012 ἐστι
702 3961 762 4012 τὸ
796 3959 1210 4030 θρυλλούμενον,
1256 3963 1331 4025 ὡς
1364 3963 1473 4031 ἄρα
1505 3964 1680 4015 πάντα
1714 3962 1921 4030 ἐφίεται

2028 3967 2341 4042 expertibus
2377 3975 2627 4018 naturam
2667 3962 2864 4014 bonam
2897 3976 3039 4023 esse,
3084 3975 3204 4022 qnzc
3235 3958 3603 4030 substantiam

354 4053 448 4106 τοῦ
477 4052 682 4120 ἀγαθοῦ
720 4069 778 4105 τε
820 4055 912 4105 καὶ
949 4053 1264 4119 συγγενοῦς.
1299 4055 1396 4124 Εῐη
1427 4054 1470 4105 δ’
1507 4055 1572 4106 ἂν
1605 4054 1764 4106 τοῦτό
1802 4071 1860 4122 γε
1889 4057 1920 4122 ἡ

355 4144 570 4196 πάντων
605 4143 704 4210 μὲν
733 4141 874 4212 ἀρχὴ
922 4143 1015 4194 καὶ
1051 4143 1383 4213 ὑπεράρχιος
1417 4144 1599 4212 φύσις,
1631 4145 1849 4196 πάντων
1871 4143 1926 4195 δὲ

355 4238 706 4306 δημιουργὸς,
735 4239 828 4289 καὶ
860 4238 1178 4306 συνέχουσα,
1214 4240 1306 4288 καὶ
1333 4237 1392 4290 εὖ
1426 4239 1653 4291 ποιοῦσα
1671 4239 1920 4308 δύναμις.

355 4330 484 4398 ὁλκῇ
520 4347 623 4381 τινι
652 4329 1028 4396 γνησιότητος,
1061 4329 1156 4380 καὶ
1212 4330 1511 4398 ὑπεροχῆς,
1560 4331 1656 4383 καὶ
1709 4331 1925 4397 ἀγαθω-

360 4421 523 4489 σύνης
559 4421 690 4489 πρὸς
716 4420 915 4488 ἑαυτὴν
943 4419 1297 4488 ἐπισπωμένη
1327 4423 1386 4472 τὸ
1417 4423 1526 4473 πᾶν
1555 4439 1568 4452 ο
1606 4421 1778 4473 ὲθὲλει
1813 4421 1922 4488 γὰρ

356 4512 434 4577 τῷ
485 4512 746 4578 πεφυκότι
793 4512 1109 4580 κινούμενον
1152 4512 1213 4563 τὸ
1278 4513 1680 4582 δημιουργηθέν
1727 4531 1785 4565 τε
1831 4517 1920 4565 καὶ

359 4601 582 4666 ποιηθὲν
625 4601 699 4670 μὴ
731 4603 951 4672 μακρὰν
983 4603 1337 4671 εὑρίσκεσθαι
1369 4603 1463 4656 τοῦ
1493 4603 1828 4675 δημιουργοῦ
1862 4623 1922 4656 τε

359 4696 452 4749 καὶ
479 4693 722 4762 ποιητοῦ.
752 4694 824 4745 Τὸ
847 4694 955 4764 γὰρ
979 4695 1195 4748 ὁθενοῦν
1221 4697 1310 4748 ἐπὶ
1360 4698 1459 4765 τὴν
1487 4697 1712 4767 πρώτην
1745 4698 1924 4750 αἰτίαν

361 4789 678 4855 ἀνατρέχειν
730 4789 892 4854 φιλεῖ,
943 4790 1038 4840 καὶ
1061 4787 1155 4839 τοῦ
1204 4789 1604 4855 προνοουμένου
1634 4789 1727 4839 καὶ
1771 4788 1925 4838 σννέ-

359 4897 545 4951 χοντος
585 4878 844 4947 μηδαμῶς
879 4879 1211 4946 ἀφίστασθαι
1239 4881 1298 4930 τὸ
1329 4881 1496 4947 χωρὶς
1530 4879 1693 4930 αὐτοῦ
1734 4880 1806 4948 μὴ
1837 4879 1926 4942 δυ-

360 4968 596 5039 νάμενον
635 4971 947 5040 περιεῖναι·
1002 4972 1095 5021 καὶ
1144 4969 1214 5021 τὸ·
1253 4965 1415 5041 ἦττον
1463 4967 1602 5022 εἶναι
1653 4969 1796 5036 παρὰ
1849 4969 1926 5038 τῷ

358 5065 651 5132 κρείττονι,
703 5061 911 5131 βαθμοῦ
963 5063 1056 5114 καὶ
1091 5061 1300 5126 τάξεως
1353 5063 1597 5130 μείζονος
1641 5061 1925 5125 τεύξεσθαι

361 5154 680 5224 προσδοκῶν
701 5171 716 5186 '
748 5157 840 5208 καὶ
868 5157 1144 5207 κοινωνεῖν
1170 5154 1262 5206 τοῦ
1291 5155 1563 5224 θειοτέρου
1583 5154 1640 5206 τὸ
1665 5154 1926 5206 ὑλικὼτε-

365 5267 458 5318 ρον
484 5266 500 5281 ο
529 5251 677 5310 ὅπως
721 5247 787 5302 ἂν
813 5252 877 5318 τῇ
919 5249 1175 5319 μετουσίᾳ
1208 5246 1602 5318 λαμπρύνοιτο.
1655 5246 1761 5299 Καὶ
1793 5245 1926 5308 ὅλως

333 5340 425 5396 ,τὸ
469 5342 580 5401 τοῖς
619 5340 759 5402 ὅλοις
803 5341 1187 5409 ὑποδεέστερον
1227 5339 1443 5392 οἴκοθεν
1478 5341 1759 5406 ἐπείγεται
1797 5338 1926 5407 τρέ-

361 5450 480 5502 χειν
512 5432 662 5503 παρὰ
685 5432 746 5484 τὸ
774 5432 1088 5502 προσθεῖναι
1117 5431 1209 5484 καὶ
1235 5431 1450 5484 τελέσαι
1474 5430 1796 5499 δυνάμενον.
1837 5430 1925 5492 Ὠς

362 5522 473 5591 γὰρ
506 5523 570 5593 δὴ
610 5525 730 5586 ταῖς
759 5524 893 5594 πρὸς
929 5524 1060 5575 Θεὸν
1088 5522 1353 5591 ὲγγύτησί
1382 5539 1440 5576 τε
1481 5523 1576 5574 καὶ
1607 5520 1920 5574 οἱκειὼσεσι

367 5614 431 5668 τὸ
461 5617 732 5686 περιεῖναι
781 5616 876 5670 καὶ
906 5615 1179 5678 σώζεσθαι
1210 5614 1448 5683 γίνεται,
1506 5615 1599 5666 καὶ
1666 5613 1919 5683 μετέχειν

366 5705 606 5774 ἁ,ἀθοῦ⁶
636 5710 728 5761 τὸν
763 5707 877 5762 ἴσον
909 5709 1108 5779 τρόπον
1155 5710 1274 5772 tui;
1321 5707 1635 5762 διαστάσεσι
1686 5705 1779 5760 καὶ
1813 5711 1922 5770 τοῖς

1991 4116 1994 4117 ν
2029 4043 2181 4111 suam
2217 4071 2246 4109 a
2279 4056 2425 4108 bono
2453 4055 2524 4109 sit
2579 4059 2900 4104 consecuta.
2942 4050 3118 4117 Atque
3181 4049 3287 4102 hoc
3333 4048 3461 4101 illttd
3515 4054 3602 4100 est
3665 4113 3671 4120 _

2030 4146 2187 4216 vulgo
2227 4145 2579 4202 celebratum,
2617 4144 2798 4196 omnia
2835 4142 2959 4194 boni
3010 4140 3338 4206 Cognatique
3385 4136 3602 4190 desidc-
3665 4183 3668 4186 ,

2031 4241 2110 4292 rio
2166 4238 2313 4291 duci.
2363 4236 2517 4303 Quod
2568 4250 2695 4289 sane
2748 4235 2971 4297 bonum,
3038 4233 3420 4284 universorum
3469 4229 3601 4281 illud

2028 4330 2350 4399 principium
2388 4327 2572 4385 fuerit.
2593 4336 2647 4378 ct
2680 4326 2853 4391 posita
2878 4341 3042 4392 supra
3069 4322 3391 4392 principitun
3438 4333 3605 4373 omne

2027 4430 2242 4483 natura,
2282 4429 2520 4488 potestas
2556 4418 2643 4470 illa
2681 4417 2914 4470 creatrix
2946 4416 3214 4477 omnium,
3255 4413 3439 4465 omnia
3467 4425 3603 4476 con-

2029 4517 2226 4575 tinens,
2259 4510 2534 4576 beneﬁca;
2587 4520 2641 4564 et
2675 4526 2795 4577 quze
2819 4508 3000 4561 omnia
3044 4508 3279 4576 quadam
3339 4505 3600 4558 illecebra

2027 4605 2388 4675 cognationis,
2421 4603 2754 4667 eutinentizc,
2804 4602 3068 4655 bonitatis
3102 4602 3167 4652 ad
3196 4614 3254 4652 se
3279 4597 3434 4664 rapit.
3464 4594 3602 4650 Nam

2025 4696 2106 4750 sic
2133 4707 2321 4748 natura
2363 4702 2735 4760 comparatum
2793 4701 2901 4752 est,
2931 4701 2990 4744 ut
3033 4690 3175 4758 quod
3222 4699 3462 4742 creatum
3516 4693 3601 4740 est

2025 4798 2079 4843 et
2114 4787 2339 4847 iacttun,
2379 4795 2528 4838 mutu
2568 4800 2670 4838 suo
2703 4800 2808 4837 non
2852 4785 3012 4853 longe
3061 4785 3256 4837 abesse
3305 4780 3374 4835 ab
3405 4777 3598 4847 opiﬁcs

2027 4875 2420 4948 conditoreque
2484 4878 2632 4932 velit.
2662 4877 2872 4931 Etenim
2905 4877 3112 4946 quaeris
3145 4890 3254 4939 res,
3287 4872 3428 4925 unde
3459 4869 3604 4925 unde
3674 4941 3676 4943 _

2027 4975 2118 5040 sit,
2143 4973 2208 5027 ad
2237 4986 2456 5026 causam
2491 4971 2720 5040 primam
2751 4983 3036 5024 recurrere
3083 4968 3285 5039 gaudet
3314 4985 3332 5022 :
3367 4981 3467 5021 nec
3493 4965 3608 5019 ullo

2030 5067 2188 5120 modo
2211 5081 2236 5119 a
2266 5063 2626 5134 prospiciente
2651 5063 2752 5116 sibi
2775 5077 2940 5130 seque
2964 5049 3274 5114 continente
3295 5060 3409 5113 vult
3443 5059 3604 5113 abes-

2030 5171 2109 5222 se,
2135 5157 2274 5225 quod
2305 5160 2511 5222 absque
2533 5153 2623 5205 illo
2651 5158 2860 5207 salvum
2888 5166 3010 5205 esse
3026 5151 3212 5219 nequit
3239 5149 3484 5216 :etquod
3518 5149 3607 5200 in-
3677 5203 3680 5206 ,

2034 5248 2198 5304 fetius
2250 5257 2354 5310 est,
2385 5262 2505 5300 esse
2536 5261 2657 5298 cunt
2719 5243 3086 5315 praestantiori
3155 5246 3328 5312 cupit,
3410 5256 3442 5295 a
3493 5253 3604 5309 quo

2036 5341 2262 5424 gradum
2347 5346 2400 5391 et
2459 5340 2636 5392 locum
2737 5335 3005 5404 ampliore
3030 5353 3059 5386 n
3143 5351 3202 5389 se
3267 5342 3605 5388 consecutu-

2033 5419 2155 5484 rum
2211 5439 2390 5499 sperat
2421 5447 2435 5486 :
2471 5439 2525 5484 et
2563 5428 2842 5497 particeps
2874 5442 2998 5482 esse
3057 5424 3370 5487 divinioris,
3402 5419 3545 5488 quod
3570 5433 3604 5472 ο

2029 5522 2304 5576 crassiore
2328 5520 2554 5573 materia
2584 5528 2824 5584 constat,
2856 5525 2916 5571 ut
2945 5515 3067 5586 ejus
3128 5514 3384 5568 fruitione
3413 5507 3601 5576 splen-

2025 5612 2205 5668 didius
2243 5612 2455 5666 evadat.
2488 5610 2568 5666 Ad
2594 5623 2890 5674 summam,
2946 5606 3209 5677 quidquid
3268 5600 3491 5658 omnino
3518 5607 3603 5654 te-

2032 5708 2198 5764 nuius
2224 5712 2325 5771 est,
2360 5719 2422 5760 cx
2449 5718 2568 5760 sese
2609 5717 2829 5757 currere
2879 5700 3060 5755 studet
3091 5698 3156 5750 ad
3190 5694 3241 5749 id
3296 5693 3440 5764 quod
3462 5693 3598 5765 adji.
