4098 6272
460 315 593 388 ιιι·

1559 351 1564 358 ι
1628 325 2030 386 maxumas
2073 324 2523 390 PALEOLOGI
2623 317 2630 320 "

3609 336 3725 402 4ίὲ

461 437 1059 510 ciendietperlieiendi
1087 438 1396 494 faettltatem
1444 437 1630 492 habet.
1670 437 1740 492 Ut
1799 440 1941 494 enim
1973 455 2034 492 ex

2155 444 2444 511 [ωρισμοῖς
2468 442 2528 494 τὸ
2551 441 2898 512 διεφθάρθαι,
2928 442 3024 498 καὶ
3045 444 3238 515 μηκέτ’
3262 439 3427 502 εἴναι.
3456 446 3528 502 Τδ
3553 447 3610 502 δὲ
3641 452 3722 503 αί-

463 533 724 601 propiorc
758 531 823 585 ad
868 531 1032 584 Deum
1063 545 1285 583 accessu
1319 541 1370 583 et
1403 530 1776 584 familiaritate
1803 528 2086 585 salutent"

463 639 515 680 et
543 625 998 689 incolumitatem,
1026 639 1151 677 cum
1186 625 1309 676 boni
1364 625 1806 694 participatione,
1840 640 2038 678 eonse-

460 719 705 786 quimur,
743 716 934 770 eodem
959 715 1120 768 modo
1147 731 1239 784 per
1284 717 1682 784 Si‘lelCliOllel“
1715 733 1777 770 ac
1803 717 2043 785 diremp-

461 819 575 860 tnm
606 807 913 870 interimus,
946 817 1000 859 et
1034 809 1086 859 in
1139 807 1374 860 nihilum
1413 808 1735 878 redigimur.
1797 809 1926 878 Ejus
1960 811 2036 862 rei

459 908 626 946 causa
687 902 772 948 est
802 894 1144 948 admirabilis
1175 895 1422 962 qumdam
1471 898 1757 949 harmonia
1795 913 1972 950 rerum
2010 912 2038 951 a

457 998 623 1039 causa
675 983 1047 1055 proiectarum
1111 997 1165 1042 et
1205 989 1576 1054 conditarum,
1618 1005 1739 1042 cum
1784 991 1902 1059 ipso
1937 1007 2039 1045 au-

459 1090 615 1143 ctore
644 1089 698 1132 et
736 1080 1022 1134 conditore
1056 1095 1070 1134 :
1103 1081 1420 1146 incliabilis,
1491 1084 1704 1136 ratione
1732 1083 2041 1137 communi-

461 1169 696 1224 cationis
723 1177 776 1224 et
817 1169 1086 1226 effusione
1116 1173 1379 1228 bonitatis
1407 1192 1421 1241 ;
1456 1191 1740 1243 nunquam
1775 1196 2040 1248 rumpen-

432 1257 553 1338 πᾶν,
597 1270 819 1328 prepter
853 1272 1138 1317 auctorem
1172 1265 1379 1319 vinculi
1411 1277 1464 1320 et
1494 1269 1712 1323 unionis
1762 1276 2038 1340 magnitu-

459 1349 667 1405 dinem.
702 1353 902 1406 Eadem
929 1353 1043 1423 jam
1076 1356 1297 1424 paulum
1333 1359 1680 1428 intelligitur,
1723 1362 1850 1416 dum
1877 1367 2038 1434 spiri-

463 1441 544 1494 tui
570 1444 966 1512 contemplanti
1000 1446 1171 1499 lutum
1197 1449 1416 1512 obstat;
1447 1449 1540 1502 sed
1595 1450 1785 1518 purius
1812 1453 2038 1506 im-uor-

465 1533 676 1588 talitate
709 1549 804 1601 per
836 1539 1300 1592 resurrectionem
1359 1541 1576 1595 donatis
1609 1545 1847 1611 pateliet.
1885 1545 2036 1611 Qua-

465 1635 686 1695 propter
715 1642 960 1682 amorem
994 1632 1190 1684 mereri
1247 1631 1394 1697 dico,
1450 1650 1559 1687 non
1617 1636 1781 1689 modo
1829 1639 2034 1692 bonum

2148 549 2262 584 τιον
2293 533 2579 604 θαυμαστή
2613 552 2695 596 τις
2721 535 2961 605 ἁρμονία
2990 535 3097 590 τῶν
3125 537 3384 591 αἰτιατῶν
3421 555 3482 592 τε
3515 541 3609 593 καὶ
3629 557 3722 609 γε·

2145 621 2384 690 γονότων
2433 625 2570 688 πρὸς
2608 624 2698 677 τὸν
2748 624 2924 678 αἴτιον
2951 627 3042 679 καὶ
3084 629 3452 697 πεποιηκότα,
3480 630 3721 701 ἄρῤητος

2149 713 2251 783 μὲν
2275 713 2352 784 τῷ
2373 716 2560 786 τρόπῳ
2585 716 2684 782 τῆς
2713 718 3000 781 κοινωνίας
3025 718 3118 770 καὶ
3145 721 3210 788 τῇ
3233 721 3330 789 τῆς
3357 720 3720 792 ἀγαθωσύνης

2147 805 2389 875 ὲκχύσει,
2410 807 2759 879 ἄῤῥηκτοςδὲ
2785 809 2874 863 διὰ
2893 810 2986 863 τὸν
3012 810 3374 881 συνδήσαντα,
3397 813 3488 866 καὶ
3507 813 3567 866 τὸ
3585 816 3720 867 πολὺ

2144 893 2246 959 τῆς
2281 899 2530 963 ὲνώσεως
2557 916 2570 931 ⁸
2599 899 2778 968 ὀλίγον
2813 900 2940 970 ἄρτι
2971 900 3377 972 γινωσκομένη,
3416 901 3511 956 τοῦ
3547 902 3720 972 πηλοῦ

2143 990 2578 1058 προσισταμένου
2597 989 2670 1060 τῷ
2691 989 2981 1060 θεωροῦντι
3013 989 3318 1060 πνεύματι’
3357 992 3708 1062 φανησομένη

2143 1077 2202 1131 δὲ
2263 1078 2653 1149 καθαρώτερον
2691 1079 3178 1160 ἀπαθανατισθεῐσι
3227 1081 3315 1134 διὰ
3359 1080 3458 1150 τῆς
3488 1083 3721 1137 ἀναστὰρ

2151 1183 2313 1232 σεως.
2333 1168 2563 1238 Φιλητὺν
2579 1169 2707 1238 γοῦν
2729 1165 2868 1223 εἶναὶ
2893 1187 3034 1239 φημι
3059 1171 3120 1223 οὐ
3147 1170 3307 1242 μόνον
3327 1187 3392 1240 γε
3417 1169 3476 1224 τδ
3494 1172 3721 1240 ἄπειρον

2140 1260 2366 1326 ἀγαθὸν,
2383 1260 2476 1314 καὶ
2492 1261 2588 1332 τὴν
2611 1262 2896 1332 ἀστραπὴν
2915 1262 3006 1315 τοῦ
3028 1262 3281 1328 κάλλους,
3301 1261 3397 1316 καὶ
3422 1264 3521 1331 τῆς
3548 1261 3716 1332 ὥρας,

2143 1352 2355 1420 καὶτῆς
2383 1356 2626 1424 χάριτος,
2659 1353 2781 1425 ἥτις
2814 1354 3008 1424 ἐκείνῳ
3044 1354 3422 1424 ξυμπέφυκεν,
3462 1354 3596 1407 ἀλλὰ
3626 1356 3723 1408 καὶ
3759 1349 3782 1402 ‘-.

2142 1444 2272 1508 πᾶν,
2304 1436 2346 1511 ᾧ
2381 1445 2606 1512 μέτεστι
2635 1443 2897 1497 καλοῦ*τε
2953 1445 3047 1497 καί⁵
3090 1443 3328 1513 ἀγαθοῦ,
3362 1445 3431 1498 δι’
3475 1445 3606 1498 αὐτὸ
3663 1445 3722 1498 τὸ

2139 1533 2487 1606 ὑπεράγαθον
2516 1536 2610 1587 καὶ
2649 1535 2976 1606 ὑπέρκαλον,
3016 1537 3110 1588 καὶ
3161 1537 3222 1590 τδ
3269 1537 3408 1607 πρὸς
3457 1536 3588 1589 αύτδ
3622 1537 3722 1606 τῆς

2143 1623 2359 1694 φύσεως
2401 1627 2556 1696 ἡμῶν
2593 1627 2877 1694 συγγενές.
2913 1627 3010 1678 Διὰ
3041 1627 3148 1698 γὰρ
3181 1627 3276 1696 τὴν
3303 1627 3491 1698 κοινὴν
3522 1626 3724 1696 ἀναφο-

411 1701 597 1772 0illud
622 1717 901 1772 infinitum
955 1727 1011 1772 et
1047 1719 1232 1788 fulgur
1284 1724 1418 1776 illud
1452 1724 1895 1792 pulchritudinis,
1928 1731 2040 1783 cleo

2155 1717 2250 1785 ράν
2293 1733 2352 1769 τι
2394 1717 2487 1769 καὶ
2537 1718 2741 1786 σχέσιν,
2771 1719 2847 1780 ὼς
2895 1718 2959 1772 ἄν
2997 1735 3080 1780 τις
3131 1717 3298 1783 εῐποι,
3330 1717 3429 1788 τὴν
3483 1717 3620 1786 πρὸς
3660 1717 3722 1770 τὸ

465 1808 682 1876 καηιίςε,
713 1813 926 1874 gratiae,
946 1811 1108 1884 quod,
1127 1812 1230 1882 ipsi
1253 1799 1448 1869 natura
1472 1817 1639 1883 inest,
1665 1834 1854 1872 verum
1876 1823 2041 1876 etiam

2155 1808 2368 1876 πρῶτον
2403 1808 2497 1860 καὶ
2531 1808 2876 1877 ὑπερτέλειον
2909 1809 3113 1877 ἀγαθον
3146 1809 3326 1862 πάντα
3386 1809 3721 1876 ἀγαθύνεταε

466 1899 734 1969 quidquid
768 1901 1193 1969 pulchritudinis
1228 1914 1310 1960 est
1344 1921 1406 1960 ac
1433 1907 1560 1962 boni
1595 1909 1890 1978 particeps,
1919 1899 2075 1980 pro-7'

465 2001 585 2058 pter
611 2007 926 2062 supremum
980 1995 1114 2051 illud
1149 1997 1379 2063 bonum,
1441 2015 1870 2073 supremamqne
1926 2007 2048 2074 pul-

462 2081 853 2151 chritudinem,
873 2101 938 2141 ac
956 2096 1156 2143 nostrae
1173 2104 1298 2144 cum
1319 2105 1382 2145 ea
1418 2103 1629 2148 natura:
1647 2097 2047 2158 cognationem.

466 2173 601 2230 Nam
636 2188 858 2247 propter
879 2195 1230 2236 communem
1257 2183 1577 2240 relationem
1601 2195 1655 2242 et
1682 2187 2046 2251 affectionem,

470 2277 532 2319 ut
565 2268 640 2322 ita
666 2268 868 2335 dicam,
904 2271 970 2325 ad
1030 2273 1269 2341 primum
1297 2274 1450 2339 illud,
1508 2293 1838 2348 omnemque
1886 2296 2046 2349 supra

470 2360 862 2427 perfectionem
899 2365 1137 2428 positum
1162 2365 1390 2429 bonum,
1417 2370 1604 2424 omnia
1646 2381 1700 2425 et
1724 2371 1864 2424 bona
1895 2375 2048 2440 tiunt,

469 2463 528 2507 et
543 2454 866 2524 diliguntur,
891 2465 1074 2510 mutua
1095 2455 1328 2524 quadam
1351 2457 1635 2514 affectione
1650 2462 1750 2514 sibi
1775 2462 2049 2528 devincta,

470 2543 607 2611 Qua:
643 2547 788 2600 enim
812 2547 976 2603 alicui
1011 2548 1089 2602 rei
1119 2548 1356 2617 simplici
1401 2558 1633 2616 cognata
1665 2564 1816 2616 sunt,
1854 2570 2046 2610 eorum

468 2645 526 2692 et
556 2637 786 2695 invicem
813 2643 1060 2708 quaedam
1079 2650 1164 2695 est
1182 2642 1457 2710 cognatio.
1505 2643 1744 2713 Cognata
1795 2662 1922 2702 vero
1961 2651 2045 2701 di-

470 2731 589 2801 ligi,
613 2747 682 2786 ne
707 2731 888 2786 verbis
907 2731 1128 2800 quidem
1157 2747 1295 2801 opus
1326 2741 1430 2796 est,
1457 2743 1514 2786 ut
1542 2739 1820 2803 probetur.
1848 2741 2051 2796 Omnes

471 2827 606 2894 ergo
631 2826 828 2889 bonos,
852 2835 907 2878 et
935 2840 966 2878 a
991 2825 1158 2889 bono,
1179 2833 1236 2878 et
1261 2826 1327 2881 ad
1354 2827 1556 2881 bonum
1579 2831 1849 2894 conditos,
1883 2848 2048 2886 unum

475 2916 543 2968 ad
578 2929 801 2983 scopum
837 2918 1058 2970 tendere
1089 2917 1209 2972 dico
1233 2917 1255 2988 (
1280 2933 1424 2971 nunc
1467 2919 1612 2972 enim
1643 2921 1708 2975 ad
1739 2921 2067 2998 institutum

477 3005 786 3070 revertor),
825 3006 919 3074 qui
949 3015 1054 3068 est,
1087 3021 1276 3060 amare
1298 3007 1526 3070 bonum,
1585 3013 1921 3081 etquidqnid
1947 3016 2052 3069 tale

2147 1903 2242 1954 καὶ
2274 1901 2534 1969 φιλεῖται,
2570 1902 2762 1972 έχοντα
2794 1904 2928 1974 πρὸς
2954 1903 3159 1972 ἄλληλα
3197 1905 3482 1974 σχετικῶς.
3515 1904 3595 1956 Τὰ
3613 1903 3748 1971 γὰρκ

2150 1991 2304 2061 ἁπλῷ
2351 2009 2456 2047 τινι
2500 1995 2736 2064 συγγενῆ
2787 1997 2878 2050 καὶ
2928 1996 3176 2066 ἀλλήλοις
3208 1998 3273 2050 ἂν
3310 1997 3416 2066 εἴη.
3448 1997 3522 2049 Τὸ
3547 1995 3602 2049 δὲ
3632 2015 3724 2066 φιο

2151 2085 2360 2139 λεῖσθαι
2414 2086 2480 2139 τὰ
2520 2087 2756 2156 συγγενῆ
2818 2087 2940 2140 οὐδὲ
2991 2087 3148 2156 λόγου
3207 2088 3376 2141 δεῖται
3426 2088 3718 2144 δεικνύναι.

2152 2176 2365 2238 Πάντας
2399 2175 2498 2244 μὲν
2529 2172 2620 2229 οὖν
2643 2179 2768 2240 τοὺς
2801 2177 3057 2245 ἀγαθοὺς,
3088 2181 3182 2230 καὶ
3223 2178 3314 2230 ὑπ’
3354 2177 3584 2245 ἀγαθοῦ,
3627 2181 3724 2230 καὶ

2151 2269 2237 2321 ἐπ’
2290 2269 2478 2338 ἀγαθῷ
2510 2269 3036 2340 δημιουργηθέντας,
3087 2273 3166 2332 είς
3207 2270 3305 2324 Ξνα
3356 2269 3501 2337 λέγω
3529 2271 3725 2323 τείνειν

2154 2359 2357 2412 σκοπὸν
2387 2359 2509 2430 (ἤδη
2542 2361 2649 2429 γὰρ
2676 2359 2976 2430 ἐπάνειμι),
3005 2362 3063 2414 τὸ
3089 2361 3264 2430 φιλεῖν
3289 2361 3349 2414 τὸ
3383 2361 3607 2428 ἀγαθὸν.
3631 2364 3730 2415 καὶ

2156 2454 2338 2528 μισεῖν
2365 2455 2424 2506 τὸ
2451 2453 2525 2522 μὴ
2563 2451 2852 2505 ιτοιοῦτον·
2883 2453 2983 2519 καλἰ
3002 2451 3220 2506 διώκειν
3245 2453 3306 2505 τὸ
3339 2453 3518 2513 καλὸν,
3548 2454 3640 2505 καὶ
3666 2454 3728 2504 τὸ

2153 2545 2326 2607 ἄλλως
2379 2545 2500 2615 ἕχον
2534 2544 2781 2613 φεύγειν.
2832 2545 3134 2614 Συμὸαίνει
3181 2545 3234 2599 δὲ
3283 2545 3375 2599 καὶ
3417 2546 3728 2598 τούναντίον

2155 2639 2431 2699 πολλάκις.
2480 2639 2588 2691 Καὶ
2620 2637 2729 2709 γὰρ
2778 2637 3042 2707 φιλοῦμεν
3094 2636 3154 2690 τδ
3205 2637 3370 2691 κακον
3416 2639 3560 2691 ἐστιν
3615 2641 3724 2700 ὅτε,

2153 2731 2246 2783 καὶ
2279 2731 2338 2782 τὸ
2372 2730 2577 2796 ἀγαθὸν
2623 2730 2814 2800 ὥσπερ
2858 2731 3165 2800 φεύγομεν·
3234 2733 3329 2800 οὐχ
3381 2731 3461 2784 ὅτι
3532 2749 3613 2792 τις
3667 2733 3727 2783 τὸ

2153 2822 2359 2887 ἀγαθδν
2389 2821 2644 2890 ἐγνωκὼς
2699 2823 2759 2875 ὃν
2817 2823 3046 2891 ἀγαθὸν,
3111 2817 3144 2893 ᾖ
3201 2823 3404 2890 ἀγαθὸν
3460 2825 3725 2893 ἀποστρέ-

2155 2929 2348 2982 φεται*
2410 2914 2442 2983 ἢ
2500 2915 2644 2982 φιλεῖ
2697 2916 2756 2967 τδ
2817 2915 3088 2984 πονηρὸν,
3242 2916 3500 2986 πονηρὸν,
3554 2917 3723 2969 τοιοῦ-

2155 3024 2244 3060 τον
2287 3007 2418 3058 αὐτὸ
2459 3008 2852 3076 ἐπιστάμενος,
2887 3008 3089 3075 πόθενς
3125 3007 3318 3062 πολλοῦ
3368 3026 3432 3074 γε
3485 3009 3579 3062 καὶ
3607 3010 3720 3062 δεῖο

479 3113 587 3152 non
619 3106 726 3163 est,
759 3099 984 3154 odisse:
1017 3099 1304 3154 honestum
1348 3103 1570 3162 sectari,
1613 3104 1870 3174 quodque
1918 3106 2049 3160 alle-

2157 3099 2271 3150 ἀλλ’
2302 3099 2382 3150 ὅτι
2414 3098 2472 3150 τὸ
2502 3100 2670 3169 κακὸν
2696 3100 2902 3167 ἀγαθὸν
2927 3102 3159 3168 ἡγεῖται.
3179 3102 3244 3155 Ἡ
3273 3101 3436 3170 φύσις
3462 3103 3570 3171 γὰρ
3595 3105 3722 3171 ἡμῖν

477 3205 627 3247 ctum
652 3199 737 3245 est
753 3181 930 3255 aliter,
954 3190 1164 3260 fugere.
1190 3192 1344 3258 Saepe
1366 3209 1494 3248 vero
1517 3196 1853 3250 contrarium
1878 3200 2056 3267 quod-

477 3297 587 3350 que
614 3279 880 3351 contingit
914 3300 929 3336 :
974 3283 1176 3352 quippe
1230 3300 1622 3355 nonnunquam
1653 3297 1706 3340 et
1742 3291 1942 3343 malum
1972 3293 2058 3346 di-

481 3374 726 3444 ligimus,
767 3375 1018 3444 quodque
1041 3377 1242 3429 bonum
1301 3386 1384 3430 est
1441 3377 1595 3446 quasi
1623 3379 1885 3446 fugimus,
1935 3398 2043 3437 non

480 3465 627 3535 quod
663 3466 859 3535 aliquis
891 3465 1135 3536 agnitum
1173 3467 1403 3533 bonum,
1451 3471 1595 3536 quod
1660 3475 1860 3525 bonum
1955 3475 2054 3538 sit,

481 3568 754 3628 quatenus
786 3566 870 3612 est
894 3560 1096 3613 bonum
1122 3561 1459 3625 adversetur,
1481 3563 1808 3617 autvmalum
1835 3564 2051 3634 diligat,

481 3659 752 3717 quatenus
780 3652 978 3704 malum
1012 3659 1116 3712 est,
1147 3665 1272 3705 cum
1305 3651 1504 3706 malum
1557 3668 1676 3708 esse
1727 3655 1867 3732 sciat
1897 3658 2058 3729 (quo-

483 3754 608 3792 nam
641 3738 692 3792 id
729 3741 924 3807 pacto?
954 3741 1174 3795 minime
1209 3741 1410 3812 sane),
1444 3744 1536 3798 sed
1585 3745 1711 3813 quia
1737 3747 1881 3816 quod
1939 3765 2055 3804 ma-

480 3832 596 3885 lum
619 3840 702 3886 est
721 3833 922 3886 bonum
947 3847 1065 3888 esse
1096 3843 1267 3902 putat.
1297 3833 1552 3890 Naturam
1580 3851 1811 3906 namque
1841 3842 2050 3909 proba-

484 3923 664 3977 vimus
691 3938 754 3976 ex
785 3924 928 3978 bo'no
957 3933 1013 3977 et
1050 3923 1248 3978 bonam
1288 3940 1434 3988 esse,
1475 3926 1732 3995 quodque
1755 3940 2052 3999 cognatum

483 4023 590 4079 est,
651 4028 927 4084 quaerere.
976 4016 1238 4086 quidquid
1296 4018 1556 4086 alienum,
1617 4019 1825 4091 fugere.
1903 4020 2056 4074 Licet

485 4117 666 4161 autem
697 4123 822 4162 vere
845 4109 925 4162 sic
963 4120 1275 4178 comparata
1312 4126 1402 4166 res
1442 4113 1531 4174 sit.
1591 4123 1772 4168 tamen
1806 4113 2054 4168 homines

485 4198 776 4268 plerosque
799 4199 987 4256 videas
1012 4201 1281 4256 deteriora
1305 4218 1412 4272 pra:
1443 4204 1763 4258 melioribus
1789 4204 2055 4273 eligentes

483 4291 550 4344 ac
579 4289 795 4346 facilius
827 4307 854 4344 a
883 4291 1044 4346 bonis
1079 4290 1146 4347 ad
1180 4294 1322 4346 mala
1352 4309 1515 4362 quam
1543 4309 1572 4348 a
1611 4297 1768 4349 malis
1793 4297 1859 4351 ad
1911 4297 2053 4351 bona

485 4384 831 4432 transeuntes
871 4397 885 4434 :
916 4380 1117 4449 quique
1170 4380 1291 4435 illos
1326 4391 1378 4434 et
1402 4381 1750 4438 admirantur
1778 4392 1833 4438 et
1862 4384 2053 4441 beatos

2157 3189 2532 3244 ἀποδέδεικται
2561 3191 2619 3256 ἐξ
2647 3191 2850 3258 ἀγαθοῦ
2875 3211 2933 3245 τε
2966 3195 3061 3247 καὶ
3090 3194 3292 3262 ἀγαθὴ,
3325 3195 3421 3246 καὶ
3447 3195 3505 3246 τὶ
3534 3213 3723 3262 συγγεα

2158 3282 2247 3346 νὲς
2303 3283 2561 3348 ζητοῦσα,
2601 3286 2689 3336 καὶ
2723 3285 3036 3354 τᾶλλότριον
3076 3287 3222 3340 ἅπαν
3253 3287 3549 3356 φεύγουσα.
3580 3289 3717 3354 Πλὴν

2109 3401 2121 3411 α
2159 3375 2248 3424 καὶ
2283 3373 2454 3436 οὕτως
2486 3375 2714 3444 ἐχούσης
2750 3378 2846 3445 τῆς
2880 3377 3156 3447 ἀληθείας.
3187 3380 3318 3441 ἴδοις
3350 3379 3416 3433 διν
3454 3382 3567 3442 τοὺὶ
3595 3379 3711 3456 π9λ⁶

2155 3464 2280 3529 λοὺς
2315 3467 2422 3520 τῶν
2461 3469 2765 3540 ἀνθρώπων
2793 3471 2861 3524 τὰ
2889 3474 3057 3542 χείρω
3095 3473 3203 3527 τῶν
3234 3476 3550 3544 κρειττόνων
3577 3488 3704 3539 προ·

2156 3573 2210 3610 αι
2219 3559 2534 3627 ρουμένους,
2557 3561 2650 3614 καὶ
2675 3563 2804 3632 ῥᾷον
2826 3563 2932 3616 ἀπὸ
2961 3563 3166 3617 τούτων
3197 3567 3276 3630 είς
3293 3567 3363 3620 τὰ
3389 3568 3527 3620 κακᾶ
3555 3583 3713 3636 μετα-

2159 3648 2451 3714 ϐάλλοντας
2486 3652 2517 3721 ἢ
2557 3651 2615 3716 ἐξ
2673 3653 2901 3708 ἐκείνων
2949 3658 3028 3720 εἰς
3062 3656 3268 3712 ταῦτα·
3305 3659 3590 3722 κάκείνους
3627 3658 3720 3728 μὶν

2159 3741 2477 3812 ζηλοῦντας,
2505 3744 2596 3797 καὶ
2627 3747 3050 3817 μακαρίζοντας,
3079 3749 3301 3812 τούτους
3322 3750 3379 3803 δὲ
3409 3750 3726 3814 ταλαν’ζον⁴

2157 3850 2277 3898 τας,
2317 3835 2391 3904 τῷ
2429 3835 2503 3907 μὴ
2535 3835 2716 3902 καλῶς
2749 3838 3041 3906 γεγεῦσθαι
3088 3840 3195 3893 τῶν
3235 3841 3453 3911 ἀληθῶς
3484 3844 3725 3912 ἀγαθῶν,

2157 3926 2275 3980 ἀλλ’
2313 3928 2370 3980 ὲν
2393 3927 2504 3994 seu
2543 3923 2651 3981 τῶν
2681 3931 2867 3982 κακῶν
2898 3931 3252 4001 γεγενῆσθαι,
3287 3934 3379 3986 καὶ
3414 3937 3481 4002 τῇ
3515 3937 3730 3998 συνεχεῖ

2158 4017 2365 4070 τούτων
2405 4019 2547 4093 μέθῃ
2601 4021 2734 4091 μηδὲ
2781 4021 2947 4090 νῆψαι
2994 4023 3248 4092 καθαρῶς
3280 4023 3537 4076 δύνασθαι
3565 4039 3578 4054 ·
3607 4024 3723 4076 ἀλλ’

2159 4106 2385 4162 ἐπειδὰν
2413 4110 2507 4164 καὶ
2539 4111 2773 4181 ταυτησὶ
2805 4112 2904 4180 τῆς
2939 4113 3107 4182 μέθης
3141 4115 3517 4178 ἀπαλλαγεῖεν,
3552 4129 3726 4181 προσ-

2157 4201 2381 4253 κόπτειν
2411 4201 2567 4264 αὒθις
2603 4203 2856 4272 ἑτοίμους
2889 4200 3032 4256 εἶναι
3064 4207 3153 4258 διὰ
3181 4207 3274 4274 τὴν
3321 4204 3728 4272 ἐπικρατοῦσαν

2156 4290 2235 4344 ἔτι
2256 4293 2588 4362 κραιπάλην,
2614 4293 2708 4346 καὶ
2727 4295 2852 4357 τοὺς
2870 4297 2932 4348 έκ
2947 4296 3044 4364 τῆς
3063 4295 3427 4368 ἑωλοκρασίας
3459 4295 3728 4364 ἰλίγγους.

2157 4377 2316 4436 Οὗτοι
2334 4384 2568 4448 καὶτοὺς
2596 4385 2836 4453 φαύλους
2862 4386 3186 4457 ἀνθρώπους
3206 4387 3446 4457 ἀγαθοὺς
3477 4386 3733 4458 νομίζουο

485 4469 803 4536 praedicnnt,
834 4470 1030 4524 horum
1059 4481 1266 4525 sortem
1321 4473 1662 4527 miserantur
1718 4474 1809 4542 qui
1859 4491 2050 4546 reapse

2158 4488 2243 4524 σιν
2280 4467 2447 4538 εἶναι,
2489 4444 2733 4537 καὶτοὺς
2772 4444 2991 4539 ἀθλίους
3015 4444 3363 4547 εὐδαίμονας.
3407 4444 3735 4546 έφάλλονται

487 4559 626 4614 bona
656 4577 761 4616 non
792 4571 939 4618 recte
985 4564 1344 4632 dcgustarint,
1388 4567 1480 4619 sed
1510 4567 1751 4620 habitum
1781 4567 2047 4625 malorum

485 4653 860 4722 acquisierint.
899 4665 954 4710 et
987 4672 1052 4712 ex
1108 4673 1296 4712 eorum
1353 4657 1718 4713 inehriatione
1786 4661 2050 4717 continua

484 4759 552 4799 ne
579 4747 794 4814 quidem
830 4749 894 4804 ad
927 4751 1272 4804 sobrietatem
1309 4752 1482 4806 redire
1528 4752 1740 4806 sincere
1791 4753 2003 4820 possint
2037 4773 2052 4820 ;

485 4834 596 4890 imo
634 4839 736 4895 hac
795 4841 911 4912 ipsa
949 4859 1172 4912 quoque
1214 4844 1430 4898 liberati
1481 4844 1830 4908 temulentia,
1857 4861 2053 4901 rursus

487 4929 555 4981 ad
583 4928 961 4989 offendendum
989 4937 1155 5004 parati
1188 4938 1318 5002 sint,
1352 4936 1422 4990 ob
1466 4951 1719 5005 eam,qua
1743 4935 1919 4990 adhuc
1956 4938 2055 4990 de-

487 5021 785 5086 tineantur,
816 5028 1091 5094 crapulam
1119 5037 1172 5082 et
1212 5031 1481 5098 profectas
1513 5045 1575 5082 ex
1605 5029 1900 5098 gravedine
1932 5041 2053 5083 ver-

487 5111 703 5180 tigines.
737 5111 896 5168 Iidem
915 5125 966 5170 et
995 5134 1190 5186 pravos
1223 5121 1471 5174 homines
1521 5120 1694 5175 bonos
1719 5135 1839 5174 esse
1860 5129 2054 5188 putant

487 5211 544 5256 et
577 5205 809 5260 miseros
863 5205 1044 5263 felices
1076 5227 1092 5263 :
1121 5211 1321 5280 quippe
1374 5211 1580 5280 judicio
1615 5212 1900 5277 falluntur,
1955 5226 2058 5266 nec

489 5311 678 5352 eorum
713 5311 916 5366 scopus
965 5313 1089 5351 cum
1126 5315 1292 5368 scopo
1332 5311 1537 5355 rectam
1597 5300 1882 5356 ferentium
1938 5316 2063 5355 sen-

493 5386 737 5448 tentiam,
771 5385 826 5440 in
875 5386 1084 5455 judicio
1122 5388 1188 5441 de
1224 5390 1454 5443 honesto
1479 5401 1530 5444 et
1563 5389 1707 5444 bono
1763 5390 2066 5444 consentit.

494 5478 650 5541 Apud
679 5477 802 5533 illos
829 5479 973 5531 enim
1009 5477 1100 5546 qni
1132 5478 1240 5532 fuci
1265 5485 1524 5534 dicuntur
1583 5481 1700 5552 (eos
1757 5489 1940 5533 autem
1973 5481 2058 5532 in-

497 5569 682 5639 tclligo
713 5568 808 5639 qui
865 5583 955 5623 res
1017 5570 1288 5623 secundas
1347 5583 1446 5636 pro
1481 5569 1738 5625 felicitate
1789 5569 2050 5631 ducunt).

493 5662 738 5715 omnium
797 5663 851 5716 hi
907 5661 1205 5718 felicissimi
1260 5669 1690 5730 ca‘terorumque
1744 5661 2057 5716 mortalium

495 5754 931 5819 praestantissimi
965 5755 1283 5826 iudicantur
1319 5765 1460 5820 esse,
1521 5753 1720 5823 quibus
1775 5756 2060 5825 prosperi-

2164 4564 2266 4634 μὲν
2281 4563 2389 4633 γὰρ
2415 4566 2548 4632 napi.
2565 4565 2661 4632 τὴν
2673 4566 2874 4635 ψῆφον,
2896 4569 2956 4621 ού
2975 4569 3188 4640 συνᾴδει
3206 4569 3263 4622 δὲ
3283 4569 3554 4622 κάκείνων
3571 4569 3738 4625 ὀσχο-

2161 4657 2283 4720 πδς,
2314 4655 2391 4725 τῷ
2423 4648 2532 4708 τῶν
2565 4656 2744 4727 ὀρθῶς
2768 4660 3110 4729 ποιουμένων
3137 4660 3236 4722 τὰς
3274 4661 3577 4724 ἀποφάσεις
3609 4659 3736 4726 περὶ

2160 4752 2260 4823 τὴν
2287 4752 2381 4807 τοῦ
2415 4751 2580 4805 καλοῦ
2612 4770 2668 4805 τε
2701 4754 2792 4805 καὶ
2823 4754 3027 4822 ἀγαθοῦ
3054 4753 3256 4822 κρίσιν.
3285 4753 3445 4822 Παρὰ
3480 4754 3585 4824 γὰρ
3626 4754 3736 4811 τοῖς

2161 4843 2516 4914 καλουμένοις
2551 4844 2781 4914 κηφῆσι,
2808 4845 2951 4910 λέγω
2979 4845 3044 4912 δὴ
3078 4848 3191 4909 τοῖς
3209 4845 3306 4915 τὴν
3339 4843 3626 4914 ῥᾳστώνην
3655 4858 3738 4892 τι-

2162 4937 2410 5000 θεμένοις
2437 4935 2797 5006 εὐδαιμονίαν,
2825 4938 2931 4990 οῗδε
2960 4938 3068 4990 τῶν
3089 4937 3305 4990 πάντων
3334 4935 3742 5004 εὐδαιμονέστε-

2171 5045 2255 5097 ροι
2281 5029 2583 5097 κρίνονται,
2608 5031 2702 5081 καὶ
2725 5030 2940 5082 πάντων
2967 5030 3177 5101 ἀνδρῶν
3193 5023 3514 5099 ἄριστοι,οίς
3543 5027 3606 5082 ἂν
3629 5029 3742 5087 τοῖς

2175 5118 2317 5183 ὅλοις
2348 5115 2748 5189 εὖπράττουσιν
2777 5120 3034 5192 εὐμαρῶς
3067 5121 3130 5174 τὰ
3146 5121 3273 5191 τῇδε
3293 5115 3514 5190 φέροιτο
3536 5117 3706 5171 πάντα
3726 5132 3741 5149 ο

2173 5214 2265 5264 καὶ
2291 5209 2400 5264 εἷεν
2418 5211 2518 5280 μὲν
2546 5211 2956 5283 ἀπηλλαγμένοι
2981 5213 3302 5281 φροντίδων,
3319 5209 3614 5264 ὲσθιουσῶν
3645 5208 3746 5273 τὰς

2167 5303 2276 5373 ψυχ
2288 5303 2345 5364 ἃς
2376 5305 2552 5374 σητῶν
2573 5305 2726 5356 οὐδὲν
2748 5298 2930 5376 ἦττον,
2948 5307 2996 5356 εἰ
3016 5305 3252 5357 τουτοισί
3279 5322 3382 5356 που
3403 5303 3747 5370 συγγένοιντο

2179 5396 2452 5465 συνεχῶς⁸
2509 5393 2619 5448 εἶεν
2668 5398 2723 5450 δὲ
2776 5401 3120 5466 πραγμάτιον
3172 5399 3378 5456 ὲκτθς.

2177 5485 2497 5555 δυναμένων
2548 5490 2641 5540 καὶ
2689 5487 2833 5547 νοῦν,
2859 5489 2952 5542 καὶ
2998 5490 3305 5558 σῶμαυκαὶ
3328 5486 3420 5541 τοῦ
3447 5489 3545 5554 μὲν
3567 5485 3752 5538 πονεῖν

2172 5577 2432 5642 ἄγευστοι
2461 5595 2472 5607 ’
2515 5581 2542 5630 ὁ
2573 5578 2688 5646 βίος
2716 5580 2771 5633 δὲ
2805 5581 2984 5641 αὐτοῖς
3014 5580 3214 5664 τριυφὴ,
3247 5581 3340 5632 καὶ
3393 5577 3553 5631 πλέον
3577 5575 3753 5630 οὐδέν.

2177 5668 2335 5736 Μέγα
2369 5669 2424 5720 δὲ
2471 5669 2692 5723 κάκεῖνο
2729 5671 3054 5740 νομίζουσιν.
3080 5673 3160 5725 ὅτι
3183 5668 3640 5738 θαυματοποιοὺς.
3659 5667 3754 5722 καὶ

2179 5758 2405 5828 μίμους,
2426 5759 2517 5813 καὶ
2535 5751 3036 5828 ὀρχηστὰς,“σμὴντξ
3078 5779 3134 5814 τε
3177 5760 3444 5822 κολάκων,
3475 5757 3568 5812 καὶ
3597 5757 3754 5816 ὑϐρι-

3437 5393 3751 5449 ἀποκναίειν
