4098 6272
174 342 208 351 ἡ

354 272 459 337 4:3
1294 229 1300 235 ’
1758 277 1909 339 om

2013 278 2177 358 an,
3488 268 3595 335 ιιι

355 384 498 438 στῶν
531 383 684 454 ἔθνη,
717 384 813 438 καὶ
844 384 1175 455 παρασίτων
1211 385 1400 457 ἐσμὸν,
1430 386 1527 441 καὶ
1554 387 1680 451 τοὺς
1728 388 1912 452 ἄλλους

2031 399 2140 447 tate
2169 390 2500 458 fruentibus,
2530 390 2801 445 universas
2826 403 2913 445 res
2968 385 3132 456 hujus
3153 383 3278 440 vita:
3308 384 3596 437 commode

352 478 480 539 τοὺς
500 476 777 539 τοιούτους
805 476 865 529 εὖ
882 479 1056 529 ποιεῖν
1081 477 1333 532 δύνανται
1355 479 1405 530 οἱ
1432 477 1561 548 παρ’
1584 480 1767 533 αὐτῶν
1785 479 1912 532 θαυ-

2027 483 2331 537 succedunt
2362 484 2605 553 ;quique
2627 481 2784 536 liberi
2818 487 2947 535 sunt
2978 488 3031 534 et
3057 484 3331 531 immunes
3367 490 3395 529 a
3421 475 3593 533 curis.

350 568 671 638 μαζᾶμενοι,
698 568 807 621 ἀπὸ
824 568 917 619 τοῦ
938 568 1189 622 πλουτεῖν
1212 570 1271 622 τὸ
1288 568 1549 622 δύνασθαι
1565 572 1912 641 κεκτημένοι.

2031 557 2136 627 non
2173 574 2353 629 minus
2387 576 2596 629 animos
2624 572 3059 642 depascentibus,
3082 585 3244 638 quam
3268 569 3421 621 tinem
3454 566 3601 618 sole-

347 669 461 723 ant,
499 659 543 713 si
569 658 885 726 fre-menter
903 660 983 713 eis
1009 662 1354 728 adhaereant;
1390 662 1663 717 immunes
1687 678 1715 714 a
1746 663 2002 730 negotiis,
2027 679 2149 732 qua:
2179 676 2413 720 mentem
2445 676 2497 719 et
2528 680 2726 735 corpus
2750 663 2999 717 cruciare
3037 674 3302 731 possunt;
3344 664 3598 723 expertes

350 753 808 821 laborum,eaque
833 752 1074 809 fruentes
1092 757 1222 820 vita,
1243 773 1364 826 quae
1392 758 1525 811 nihil
1554 758 1625 812 sit
1651 757 1795 811 aliud
1823 774 1982 825 quam
2008 776 2170 814 merae
2193 760 2682 831 deliciarJiagnum
2709 770 2761 815 et
2794 759 2919 813 illud
2944 756 3217 827 quidpiam
3241 769 3359 807 esse.
3384 760 3593 821 putant,

349 850 492 918 quod
540 849 986 917 pnestigiatores.
1011 860 1065 904 et
1104 852 1299 907 mimos
1331 863 1385 907 et
1419 854 1726 915 saltatores.
1754 861 1806 907 et
1838 854 2183 909 adulatorum
2218 859 2492 920 examina,
2524 867 2577 909 et
2610 857 3000 926 ﬂagitiosorutn
3036 852 3308 910 nationes,
3334 858 3404 916 et
3425 863 3584 913 para-

349 943 578 995 sitorum
610 958 846 1011 gregem,
881 955 931 996 et
954 944 1089 998 alios
1125 945 1257 999 tales
1292 946 1505 1001 allicere
1528 946 1809 1001 beneficiis
1841 947 2282 1019 possint,quijeis
2311 950 2658 1003 admirationi
2686 957 2834 1013 sunt,
2869 959 2992 1001 cum
3020 944 3070 997 id
3095 951 3349 1011 pra'starc
3372 947 3594 1007 queant.

350 1035 473 1104 quia
500 1034 670 1086 divitii
683 1052 703 1085 ς
747 1035 963 1088 abundo
976 1046 1054 1089 nt.

416 1118 588 1179 Αὗται
623 1127 721 1195 μὲν
757 1128 849 1180 οῦν
902 1130 955 1180 αἱ
1005 1130 1215 1199 κρίσεις
1258 1132 1366 1184 τῶν
1398 1132 1745 1204 φαυλοτέρων
1782 1132 1914 1203 περὶ

346 1219 436 1271 τὸν
489 1220 832 1289 ἀνθρώπινον
883 1221 1016 1289 βίον,
1058 1226 1151 1274 καὶ
1205 1224 1348 1277 οὕτω
1406 1228 1506 1294 τὴν
1557 1225 1912 1293 εὐδαιμονίαν

338 1307 644 1376 ὁρίζονταιο
689 1310 922 1371 ἐλεεινδς
968 1311 1023 1363 δὲ
1055 1311 1366 1380 ἄνθρωπος,
1397 1315 1494 1367 καὶ
1524 1314 1914 1376 ταλανίζεσθαι

346 1398 553 1461 δίκαιος
592 1403 832 1452 τουτοισὶ
869 1404 981 1463 τοῖς
1034 1404 1310 1474 μοχθηρίᾳ
1365 1406 1603 1468 συζῶσιν
1636 1406 1795 1468 οὗτος
1832 1405 1915 1457 δο-

348 1493 456 1552 κεῖ,
500 1483 542 1559 ᾧ
589 1492 664 1561 μὴ
698 1493 962 1560 πράττειν
992 1495 1223 1560 ἔξεστιν,
1255 1493 1336 1559 οἷς
1373 1498 1438 1549 ἂν
1467 1498 1661 1567 ἡσθείη
1691 1498 1919 1550 διαπαν-

349 1582 461 1647 τὸς,
501 1582 533 1652 ἦ
573 1585 761 1643 πενίας
802 1586 859 1636 ού
893 1588 1307 1655 συγχωρούσης,
1338 1590 1369 1657 ἢ
1402 1589 1502 1658 τῆς
1552 1590 1691 1660 ἥϐης
1738 1609 1918 1661 παρα-

352 1676 658 1742 κμασὰσης,
678 1676 711 1744 ἦ
731 1693 870 1737 τινος
895 1679 1001 1728 τῶν
1026 1679 1260 1746 θύραθεν
1278 1681 1708 1749 συμπτωμάτων
1726 1682 1920 1750 ἀπείρ-

352 1781 559 1859 γοντος.
595 1767 748 1859 Ιῐαρά
791 1767 845 1818 δὲ
892 1769 1005 1831 τοῖς
1042 1770 1396 1837 ἡμιφαύλοις,
1425 1772 1499 1834 ὠς
1536 1771 1601 1824 ἄν
1635 1789 1720 1834 τις
1747 1772 1914 1836 εἴποι,
1950 1804 1988 1859 Β

354 1855 446 1904 καί
484 1871 629 1917 τινος
659 1855 970 1924 φιλοτιμίας
1006 1859 1318 1926 μετέχουσι,
1349 1860 1456 1913 τῶν
1489 1863 1552 1930 τῇ
1593 1863 1775 1930 τρυφῇ
1817 1862 1911 1913 καὶ

352 1943 600 2013 ῥαθυμίᾳ
654 1946 1098 2014 προσηλωμένων
1138 1949 1551 2020 μακαριώτερος
1583 1951 1754 2021 δήπου
1786 1953 1915 2019 φαί-

268 2042 271 2043 ⁷
351 2052 499 2086 νεται
525 2037 551 2087 ὁ
582 2036 669 2088 διὰ
697 2039 891 2107 χοροὺς
922 2039 1291 2109 ἀνδραπόδων,
1329 2044 1421 2094 καὶ
1453 2042 1678 2094 οἰκετῶν
1708 2042 1911 2112 πλήθη,

346 2128 437 2178 καὶ
475 2126 570 2194 τήν
609 2128 776 2207 ἄλλην
811 2129 917 2181 τῶν
956 2132 1299 2199 πραγμάτων
1330 2132 1612 2200 ἀφθονίαν,
1649 2137 1744 2189 καὶ
1774 2137 1912 2188 πολὺ

342 2218 607 2289 ἀργύριον
634 2220 871 2287 ἀφειδῶς
904 2222 1351 2292 ἀναλισκόμενον,
1380 2225 1489 2279 τῶν
1514 2227 1728 2296 ἐχθρῶν
1764 2229 1901 2281 ἀνώ-

342 2325 498 2378 τερος
528 2310 836 2379 γινόμενος,
868 2314 963 2365 καὶ
1001 2317 1067 2383 τῇ
1098 2314 1324 2383 δυνάμει
1355 2322 1586 2371 τουτωνὶ
1616 2320 1916 2390 κατορχούο

348 2418 528 2468 μενος,
564 2403 706 2454 κατά
752 2403 879 2472 ῥοῦν
921 2406 1072 2474 αὖτῷ
1102 2408 1431 2474 χωρούντων
1470 2410 1579 2461 τῶν
1613 2408 1919 2478 βουλευμά-

342 2510 473 2556 των,
524 2493 588 2546 δι’
638 2495 929 2563 ἡντιναοῦν
977 2497 1152 2566 φοράν
1206 2516 1266 2551 τε
1318 2500 1413 2552 καὶ
1454 2499 1649 2569 τύχην,
1684 2501 1716 2569 ἧ
1750 2503 1805 2553 τὸ
1842 2503 1917 2572 μὴ

344 2588 594 2654 γενναῖον
619 2586 752 2648 ἴσως
783 2587 928 2656 ἔχειν
960 2588 1279 2641 ἀντίπαλον.
1305 2588 1379 2641 Οὐ
1415 2590 1523 2658 γὰρ
1557 2591 1621 2642 ἐκ
1649 2592 1744 2660 τῆς
1779 2593 1919 2659 γνώ-

349 2696 458 2748 μης
492 2681 600 2734 τῶν
633 2682 997 2752 εὐροούντων,
1041 2684 1137 2736 καὶ
1184 2682 1278 2735 τοῦ
1307 2683 1559 2750 γενναίου
1597 2685 1750 2751 σφίσι
1780 2702 1915 2755 φρο-

346 2775 612 2843 νήματος,
642 2772 751 2824 οὐδ’
790 2775 855 2825 ὲκ
884 2774 982 2841 τῆς
1033 2772 1241 2842 πολλῆς
1287 2774 1534 2842 ἀνδρίας,
1579 2774 1673 2827 καὶ
1702 2774 1801 2843 τῆς
1831 2790 1919 2826 το-

318 2930 321 2939 ν
346 2864 553 2933 σαύτης
583 2866 925 2934 φρονήσεως,
954 2866 1048 2917 καὶ
1074 2866 1172 2934 τῆς
1204 2866 1332 2933 περὶ
1367 2866 1434 2917 τά
1462 2865 1713 2935 πρακτέα
1748 2883 1915 2917 σπου-

343 2957 440 3026 δῆς
468 2974 527 3009 τε
570 2960 666 3012 καὶ
698 2956 1105 3026 γενναιότητος,
1131 2956 1227 3008 καὶ
1263 2955 1564 3035 συλλήϐδην
1591 2958 1692 3026 τῆς
1721 2956 1915 3025 λοιπῆς

344 3048 580 3117 ἀρετῆς
624 3046 821 3101 οὔκουν
860 3047 969 3099 οὐδ’
1018 3048 1125 3102 ἀπὸ
1181 3049 1290 3100 τῶν
1338 3047 1631 3116 πράξεων,
1678 3049 1774 3100 καὶ
1814 3046 1909 3099 τοῦ

2084 1133 2209 1190 Hinc
2266 1152 2457 1191 eorum
2515 1136 2609 1205 qui
2636 1118 2847 1188 caeteris
2903 1138 3031 1185 sunt
3063 1126 3365 1196 praviores,
3397 1124 3590 1177 devita

2014 1226 2469 1295 butvanajudicia
2491 1236 2639 1291 sunt,
2676 1233 2838 1294 atque
2864 1224 2935 1277 ita
2960 1221 3268 1276 felicitatem
3299 1217 3588 1270 definiunt.

2013 1316 2209 1371 Iisdem
2240 1318 2298 1389 in
2328 1317 2475 1369 onmi
2535 1315 2774 1382 nequitia
2829 1315 2999 1366 vitam
3054 1309 3393 1377 exigentibus
3429 1310 3591 1360 homo

2016 1409 2177 1461 miser
2210 1415 2264 1461 et
2293 1406 2626 1462 miserabilis
2655 1420 2773 1460 esse
2804 1404 3037 1469 videtur,
3075 1404 3168 1472 qui
3196 1416 3257 1455 ea
3292 1396 3586 1469 peragendi

2019 1501 2333 1556 facultatem
2385 1515 2493 1554 non
2536 1500 2720 1563 habet,
2759 1515 2821 1552 ex
2860 1498 3059 1566 quibus
3093 1510 3307 1564 semper
3343 1494 3587 1559 volupta-

2018 1601 2124 1646 tem
2155 1598 2406 1660 caperet,
2442 1590 2523 1643 vel
2555 1590 2735 1657 inopia
2765 1605 2872 1642 non
2901 1591 3277 1658 permittente,
3300 1586 3380 1637 vel
3408 1584 3586 1637 :eta.is

2016 1686 2219 1738 amisso
2249 1682 2399 1748 ﬂore,
2436 1682 2517 1736 vel
2546 1683 2785 1735 extrario
2811 1694 2939 1733 casu
2964 1680 3197 1748 quodam
3231 1677 3583 1745 impediente.

2018 1777 2086 1829 At
2111 1790 2238 1829 vero
2262 1773 2608 1841 scmipravis,
2640 1773 2716 1825 uti
2780 1772 2904 1840 quis
2936 1785 3030 1824 eos
3062 1767 3435 1837 appellaverit,
3464 1767 3586 1835 qni-

2018 1882 2123 1936 qtte
2152 1866 2335 1934 gloria:
2362 1864 2595 1935 quadam
2622 1862 2919 1931 cupiditate
2941 1861 3238 1922 ducuntur,
3275 1859 3320 1911 is
3344 1873 3462 1912 esse
3490 1872 3585 1909 vo-

2017 1959 2265 2028 luptariis
2321 1968 2376 2012 et
2429 1956 2661 2026 ignavia:
2698 1954 2911 2017 deditis
2963 1938 3176 2007 beatior
3208 1951 3580 2014 existimatur,

2017 2053 2107 2121 qui
2170 2049 2562 2118 mancipiorum
2599 2046 2853 2116 gregibus
2878 2084 2892 2109 ,
2915 2055 2968 2100 et
2994 2045 3164 2113 copiis
3196 2056 3502 2106 servorum,
3535 2049 3588 2094 et

2024 2153 2223 2197 cmtera
2254 2156 2434 2194 rerum
2470 2137 2825 2201 abundantia,
2861 2136 3142 2204 multoque
3169 2142 3395 2202 argento
3421 2132 3591 2199 largi-

2020 2247 2100 2289 ter
2134 2249 2400 2302 expenso,
2438 2232 2555 2286 suis
2603 2230 2855 2298 superior
2887 2229 3137 2282 hostibus
3170 2226 3377 2286 evadit,
3406 2233 3461 2278 et
3490 2238 3585 2289 po-

2020 2333 2268 2380 testatem
2312 2339 2500 2376 eorum
2539 2322 2788 2390 proterit,
2820 2321 3069 2375 consiliis
3102 2330 3361 2387 prospere
3384 2316 3589 2369 ceden-

2018 2417 2162 2471 tibus
2193 2431 2323 2471 casu
2355 2415 2635 2483 quopiam,
2674 2414 2754 2467 vel
2780 2412 2920 2467 forte
2950 2412 3189 2474 fortuna,
3219 2409 3301 2464 vel
3329 2407 3471 2477 quod
3499 2409 3594 2459 ad-

2018 2509 2318 2560 versarium
2380 2505 2611 2559 fortasse
2635 2520 2824 2574 parum
2876 2514 3161 2558 strenuum
3222 2502 3437 2555 haheat.
3472 2494 3594 2553 Non

2018 2599 2162 2652 enim
2201 2614 2265 2651 ex
2318 2597 2497 2651 indole
2530 2596 2968 2659 Strenuitateque
3013 2592 3291 2662 prosperis
3321 2591 3592 2643 utentium

2020 2689 2387 2753 successibus,
2426 2703 2523 2741 nec
2557 2701 2752 2755 magna
2787 2684 3127 2749 fortitudine,
3160 2699 3259 2736 nec
3283 2682 3592 2750 prudentia,

2018 2796 2119 2835 nec
2150 2780 2201 2833 in
2230 2779 2455 2848 agendis
2507 2783 2670 2832 rebus
2700 2776 2779 2831 vel
2810 2777 3013 2841 studio,
3052 2776 3135 2829 vel
3163 2774 3454 2836 industria,
3492 2788 3595 2839 nec

2019 2870 2246 2937 reliquis
2289 2869 2388 2931 (ut
2446 2868 2757 2922 summatim
2830 2866 3049 2937 dicam)
3103 2866 3424 2919 virtutibus:
3485 2878 3593 2917 non

2017 2962 2180 3017 etiam
2226 2977 2287 3014 ex
2330 2958 2507 3021 factis,
2566 2967 2732 3028 atque
2793 2959 3074 3023 moribus;
3128 2973 3227 3012 nec
3269 2957 3336 3012 de
3369 2956 3595 3009 materie

2021 3054 2359 3123 negotiorum
2395 3068 2513 3122 qute
2539 3052 2593 3105 in
2619 3051 2871 3107 manibus
2899 3059 3045 3116 sunt,
3074 3066 3170 3104 nec
3199 3048 3264 3103 de
3294 3047 3593 3102 adversarii

344 3141 564 3209 τρόπον’
598 3139 707 3191 οὐδ’
737 3139 846 3193 ἀπὸ
902 3140 1002 3208 τῆς
1043 3137 1180 3204 ὕλης
1226 3141 1333 3194 τῶν
1364 3142 1466 3193 άνά
1515 3144 1703 3210 χεῖρας
1736 3159 1912 3212 πραγ-

2016 3146 2417 3214 exploratione,
2476 3158 2710 3213 quanam
2766 3145 2818 3197 in
2852 3143 3054 3197 virtute
3083 3158 3145 3196 ac
3212 3140 3465 3202 scientia,
3508 3140 3592 3193 vel

350 3236 536 3301 μάτων
563 3246 578 3260 ·
612 3231 722 3284 οὐδ’
756 3232 820 3284 ἐκ
852 3230 949 3284 τοῦ
993 3232 1084 3283 τὸν
1128 3233 1542 3304 ἀνταγωνιστὴν
1573 3235 1913 3303 βασανίζειν,

346 3326 494 3385 ὅπως
544 3323 747 3391 ἀρετῆς
780 3339 839 3374 τε
875 3322 969 3387 καὶ
1004 3321 1339 3392 ἐπιστήμης,
1375 3323 1407 3394 ἢ
1444 3325 1789 3394 φαυλότητος
1820 3328 1915 3380 καὶ

343 3415 703 3479 ἀπαιδευσίας
753 3415 973 3485 μετέχει
994 3430 1009 3445 ·
1048 3413 1167 3467 ἀλλ’
1199 3415 1264 3467 ὲκ
1296 3415 1398 3485 τῆς
1428 3416 1707 3479 ἐκϐάσεως
1743 3418 1913 3487 μόνης

342 3510 582 3562 τουτοισὶ
639 3508 705 3560 τά
759 3507 1064 3576 πράγματα
1119 3505 1387 3576 κρίνεται,
1440 3508 1540 3577 τὴν
1578 3509 1778 3580 ἀρετὴν
1818 3526 1913 3577 μεν

345 3600 533 3670 τροῦσι
565 3602 677 3659 τοῖς
699 3600 1094 3670 εὐτυχήμασιν,
1124 3599 1315 3670 ἄκροις
1356 3601 1406 3669 (ὅ
1434 3601 1588 3670 φασι)
1624 3601 1914 3662 δακτύλοις

346 3692 453 3743 τῶν
490 3692 833 3760 πραγμάτων
868 3694 1293 3760 ὲφαπτομένοις.
1330 3693 1448 3746 Κᾶν
1476 3692 1619 3746 οὕτω
1648 3694 1747 3763 τὴν
1780 3711 1914 3745 σαυ-

345 3785 440 3838 τοῦ
467 3784 647 3855 ψυχὴν
675 3785 1007 3853 ἀσύγκριτον
1048 3776 1351 3859 ἀποιρήνῃς,
1385 3786 1459 3849 ὡς
1506 3784 1649 3839 εἷναι
1688 3787 1788 3852 μὲν
1817 3788 1914 3854 τῆς

344 3878 623 3947 Νέστορος
662 3878 756 3928 καὶ
795 3877 1145 3945 Σολομῶντος
1183 3879 1639 3948 φρονιμωτέραν,
1679 3874 1821 3931 εἶναι
1856 3878 1913 3930 δὲ

340 3971 443 4039 τῆς
485 3969 773 4039 Ἀχιλλέως
809 3970 902 4021 καὶ
932 3968 1169 4035 Σαμψὼν
1199 3971 1598 4038 ἀνδρειοτέραν,
1637 3970 1915 4039 γέμουτάν

340 4082 398 4117 τε
429 4063 660 4133 ἀρετῶν,
689 4055 762 4112 ὧν
792 4061 1024 4129 ἤρκεσεν
1060 4059 1265 4127 ἑκάστη
1292 4063 1569 4130 κοσμῆσαι
1592 4062 1683 4113 τὸν
1714 4079 1913 4128 κεκτηρ

344 4156 526 4226 μένον⁹
556 4152 659 4205 κᾶν
703 4150 847 4203 οὕτω
885 4150 951 4203 τά
992 4153 1247 4220 πρακτέα
1280 4152 1592 4223 διενεργῇς,
1625 4154 1701 4217 ὡς
1742 4155 1913 4223 φοϐῆ-

343 4265 429 4301 σαι
468 4245 569 4316 μὲν
605 4245 872 4309 ἐναντίον,
910 4243 1182 4313 εὐφρᾶναι
1230 4245 1286 4296 δὲ
1322 4245 1500 4313 φίλον,
1541 4247 1821 4315 θαυμάσαι
1853 4246 1910 4298 δὲ

342 4340 580 4401 πάντας·
627 4337 819 4390 ἔπειτα
860 4336 961 4399 τῆς
1007 4334 1178 4403 τύχης
1209 4336 1679 4407 ἀντιπιπτούσης.
1724 4338 1756 4408 ἢ
1814 4356 1911 4390 πε-

340 4433 457 4492 νίας
496 4430 786 4499 πειραθῇς,
831 4427 863 4497 ἦ
897 4428 997 4497 τῆς
1041 4428 1398 4496 ὑπαρχούσης
1426 4430 1671 4501 ὲκπέσῃς
1711 4431 1897 4500 δόξης,

341 4525 375 4592 ἦ
406 4538 547 4583 τινος
579 4521 760 4588 ἥττων
794 4519 965 4588 ὀφθῇς
994 4518 1187 4588 (πολλὰ
1232 4519 1288 4571 δὲ
1336 4520 1404 4573 ἂν
1430 4519 1645 4586 γένοιτο
1680 4523 1905 4576 τοιαῦτα

341 4617 469 4682 περὶ
499 4613 590 4663 τὸν
622 4610 850 4680 εύριπον
888 4611 1035 4663 τόνδε
1076 4610 1209 4679 βίον,
1242 4614 1333 4663 καὶ
1364 4613 1553 4680 γέγονέ
1589 4631 1674 4676 τις
1704 4616 1904 4669 πολλά-

339 4723 425 4762 κις
461 4702 735 4771 κρείττων
771 4701 962 4768 ἀνδρὸς
1019 4702 1313 4755 σπουδαίου
1364 4704 1457 4775 καξ
1496 4704 1623 4757 νοῦν
1664 4705 1901 4775 ἔχοντος,

345 4794 468 4863 μηδ’
498 4794 782 4862 ἀνδριᾶσιν
814 4793 1008 4855 ἐοικὼς
1064 4795 1459 4863 ἀπεξεσμένοις
1517 4800 1598 4859 είς
1638 4797 1777 4861 εἶδος
1811 4800 1906 4851 ἀν-

339 4887 462 4953 δρὸς
489 4883 784 4952 γενναίου),
821 4886 847 4936 ὀ
881 4885 1107 4953 εύήθης,
1140 4886 1167 4935 ὁ
1207 4885 1405 4950 δειλὸς,
1435 4887 1465 4938 ὁ
1498 4888 1694 4956 μιαρθος
1719 4929 1733 4952 ,
1764 4891 1905 4958 ἀκτή.¹

341 4994 473 5037 κοας
506 4975 657 5045 παρὰ
683 4975 793 5027 τῶν
827 4976 902 5036 ὡς
943 4976 1158 5045 άληθῶς
1195 4978 1455 5031 τοιούτων
1491 4980 1818 5048 ἀνθρώπων,
1858 4982 1908 5034 οἳ

339 5069 402 5137 δή
434 5086 553 5120 τινα
588 5066 962 5136 θαυμάζοντες
999 5067 1390 5137 κατορθοῦντα,
1421 5071 1638 5139 καὶτῆς
1662 5076 1908 5139 γενναιό-

338 5178 501 5229 τητος
535 5162 802 5229 ἀγάμενοι
836 5160 1062 5228 σφόδρα,
1097 5163 1191 5212 καὶ
1229 5161 1481 5230 ἐγκώμια
1540 5167 1729 5233 μακρά
1783 5167 1906 5217 κατ’

337 5253 506 5305 αὐτοῦ
532 5251 1011 5320 δημιουργοῦντες,
1046 5253 1320 5321 ὀστράκου
1357 5254 1533 5323 (φασὶ)
1565 5264 1906 5323 μεταπεσόν-

338 5361 462 5408 τος,
503 5343 940 5411 ρεταϐαλόντεέ,
988 5344 1275 5406 κακίζουσι
1324 5346 1443 5413 μεθ’
1486 5347 1794 5415 ὑπερϐολῆς
1844 5349 1905 5400 ού

340 5434 815 5504 μεταϐεϐλημένον
863 5436 961 5503 τὴν
1019 5437 1260 5506 ἀρετὴν,
1295 5437 1353 5489 ὂν
1401 5438 1604 5507 μικρὸν
1669 5438 1903 5507 πρόσθεν

335 5526 594 5596 ἐπῄνουν,
647 5526 740 5578 καὶ
783 5527 865 5578 ὅτι
927 5527 998 5596 μὴ
1065 5530 1159 5579 καὶ
1191 5528 1481 5597 οὖρανίους
1535 5529 1687 5596 αὐτῷ
1736 5532 1902 5597 τιμὰς

334 5617 633 5683 ἀπονέμειν
684 5616 803 5682 tam
854 5612 922 5685 ἦν
966 5621 1174 5682 αὐτοῖς,
1223 5620 1625 5689 ἐδυσχέραινον.
1664 5619 1901 5681 Πένθους

337 5707 380 5760 δ’
412 5708 562 5772 ἀξιον
595 5708 780 5762 τοῦτον
831 5712 1142 5779 κρίνουσιν,
1190 5712 1248 5775 ὃς
1282 5715 1344 5765 ἂν
1373 5713 1531 5783 δόξης
1566 5712 1773 5781 ἔρημος
1810 5713 1899 5781 γέ-

2017 3237 2265 3293 socordia
2301 3247 2352 3290 et
2389 3236 2604 3291 inscitia
2637 3236 2704 3290 sit
2731 3235 3009 3304 przeditns,
3033 3235 3126 3289 sed
3161 3250 3221 3285 ex
3253 3243 3446 3288 eventu
3472 3233 3592 3286 solo

2015 3330 2082 3383 de
2125 3330 2287 3384 rebus
2326 3338 2595 3395 statuunt,
2649 3328 2777 3381 dum
2833 3328 3087 3381 virtutem
3139 3343 3202 3380 ex
3241 3326 3591 3381 successibus

2019 3423 2333 3486 metiuntur,
2360 3431 2413 3477 et
2446 3423 2706 3476 extremis
2754 3420 2921 3489 (quod
2961 3419 3135 3487 aiunt)
3174 3418 3355 3488 digitis
3391 3434 3474 3471 res
3505 3427 3591 3470 at-

2017 3512 2250 3581 tingunt.
2302 3510 2454 3566 Licet
2491 3512 2735 3566 animum
2769 3520 2919 3565 tuum
2954 3510 3087 3564 adeo
3113 3509 3349 3578 positum
3372 3523 3587 3560 omnem

2013 3614 2165 3658 extra
2218 3603 2685 3671 comparationem
2738 3603 2958 3671 probes,
3007 3612 3065 3655 ut
3096 3600 3281 3653 animo
3337 3597 3591 3652 NeStoris

2015 3703 2177 3763 atque
2202 3694 2509 3749 Salomonis
2542 3695 2860 3764 prudentior
2893 3694 2985 3757 sit,
3013 3703 3066 3745 et
3091 3691 3317 3744 Achillis
3353 3705 3413 3743 ac
3437 3690 3591 3741 Sam-

2016 3787 2166 3840 sonis
2198 3787 2380 3839 animo
2411 3785 2627 3848 fortior,
2650 3786 2824 3853 iisque
2847 3786 3084 3838 refertus
3113 3783 3428 3845 virtutibus,
3458 3796 3588 3850 qua-

2016 3894 2135 3931 rum
2195 3877 2449 3945 quaslibet
2498 3878 2744 3931 ornando
2778 3874 3080 3943 posst-ssori
3132 3890 3231 3928 suo
3265 3873 3588 3928 sufficeret:

2016 3970 2141 4023 licet
2197 3969 2403 4037 agenda
2435 3969 2514 4023 sic
2554 3968 2827 4037 periit-ias,
2873 3978 2928 4020 ιιι
2972 3968 3289 4020 οιινοιεςινὶο
3324 3976 3587 4020 terrorem

2016 4060 2268 4122 incutias,
2306 4059 2631 4126 voluptatem
2691 4060 2870 4126 parias
2915 4059 3131 4119 amico,
3157 4073 3350 4112 omnes
3384 4059 3435 4111 in
3494 4058 3590 4110 ad-

2016 4152 2356 4206 mirationem
2420 4151 2491 4202 tui
2552 4152 2729 4216 rapias
2778 4167 2789 4202 :
2849 4152 2939 4203 sed
2985 4160 3186 4202 mutata
3231 4149 3425 4203 deinde
3480 4149 3589 4200 for-

1964 4244 1967 4247 ’
2016 4254 2169 4303 tuna,
2221 4240 2302 4293 vel
2362 4240 2416 4293 in
2452 4248 2827 4310 paupertatem
2888 4239 3168 4301 incideris,
3234 4240 3314 4292 vel
3384 4252 3589 4306 partam

2010 4332 2237 4404 gloriam
2288 4332 2557 4397 amiseris,
2582 4333 2667 4387 vel
2719 4333 2893 4385 vietus
2928 4333 2994 4384 ab
3029 4334 3213 4401 aliquo
3237 4331 3400 4385 fueris
3435 4331 3589 4401 (qua-

2015 4428 2082 4480 lia
2153 4427 2317 4479 multa
2377 4426 2430 4477 in
2499 4424 2600 4478 hac
2638 4425 2855 4478 volubili
2878 4425 2984 4478 vita
3033 4426 3250 4477 evenire
3320 4433 3586 4492 possunt,

2015 4520 2069 4572 in
2130 4532 2236 4584 qua
2286 4517 2483 4586 saepius
2530 4517 2771 4579 accidit,
2808 4528 2864 4577 ut
2896 4518 3168 4570 hominem
3219 4524 3327 4567 tum
3366 4517 3584 4579 virtute,

2016 4621 2128 4664 tum
2162 4618 2338 4662 mente.
2366 4608 2648 4677 praeditum
2682 4608 2862 4661 vincat
2898 4610 3119 4676 aliquis,
3143 4624 3208 4661 ne
3237 4609 3430 4661 statuis
3461 4608 3584 4676 qui-

2015 4704 2135 4758 dem
2185 4674 2415 4770 sculpté
2445 4704 2509 4753 ad
2544 4701 2774 4754 formam
2834 4702 3040 4754 Strenui
3070 4702 3163 4754 viri
3202 4700 3584 4768 respondens),

2014 4808 2065 4851 et
2085 4796 2334 4859 stultum,
2366 4802 2418 4847 et
2451 4794 2725 4855 timidum,
2759 4803 2812 4847 et
2847 4796 3116 4862 impurum
3147 4794 3221 4847 illi
3255 4803 3305 4847 te
3348 4792 3585 4861 appellat-

2014 4890 2146 4944 bunt
2196 4888 2469 4950 homines,
2514 4888 2609 4957 qui
2662 4901 2851 4954 reapse
2902 4886 3037 4938 tales
3083 4898 3234 4952 sttnt,
3266 4885 3468 4954 quique
3493 4900 3581 4938 res

2012 4970 2305 5051 prterlaras
2334 4989 2608 5048 gerentem
2675 4979 2909 5047 aliquem
2961 4977 3320 5043 admirantes,
3364 4989 3415 5030 et
3447 4986 3583 5030 stre-

2012 5076 2279 5126 nultatem
2310 5070 2462 5123 valde
2493 5070 2874 5137 suspicientes,
2899 5070 3242 5137 prolixasque
3266 5070 3452 5123 laudes
3486 5072 3583 5122 ho-

2013 5162 2141 5214 mini
2168 5161 2487 5222 condentcs,
2512 5167 2648 5213 testa
2682 5159 2848 5227 (quod
2874 5158 3048 5227 aiunt)
3074 5173 3338 5211 conversa
3366 5157 3580 5218 lnttlnti,

2011 5267 2176 5319 supra
2210 5252 2429 5305 modum
2468 5251 2607 5303 male
2650 5258 2882 5302 tractant
2911 5251 3133 5302 minime
3172 5258 3440 5301 mutatum
3472 5248 3581 5299 vir—

2012 5354 2124 5397 tute
2165 5343 2361 5406 virnm,
2423 5357 2583 5411 quem
2634 5343 2794 5409 paulo
2833 5350 2957 5393 ante
2990 5340 3382 5402 laudabant,et
3431 5339 3575 5403 quod

2014 5438 2256 5490 honores
2276 5436 2321 5488 ci
2377 5434 2630 5489 cazlestes
2659 5433 2871 5487 deferre
2909 5446 3012 5484 non
3048 5443 3299 5500 possent,
3343 5430 3572 5480 moleste

2008 5528 2269 5589 ferebant.
2297 5526 2459 5580 Iidem
2489 5525 2780 5594 lngendtnn
2807 5534 3032 5577 censent
3061 5538 3183 5574 eum
3220 5520 3310 5588 qui
3346 5518 3570 5586 gloriam

2006 5621 2221 5680 amittit,
2250 5634 2355 5673 non
2384 5619 2524 5671 illam
2564 5617 2926 5680 verissimam,
2955 5625 3007 5666 et
3034 5611 3352 5667 durabilem.
3385 5619 3439 5661 et
3465 5624 3570 5660 una

1978 5728 2100 5767 cum
2142 5711 2332 5781 spiritu
2374 5710 2497 5765 hinc
2528 5712 2873 5779 migrantem,
2904 5706 2995 5759 Sed
3023 5705 3162 5757 hanc
3182 5715 3393 5765 vanam,
3420 5715 3568 5770 qua:-
