4098 6272
518 303 627 369 tta

1698 268 2095 359 MANUEIIIS
2134 295 2580 357 l'ALJiZlLOGi

3667 291 3772 358 416

522 433 630 488 que
687 416 872 487 pntius
923 429 1045 470 esse
1089 413 1259 485 gloria
1309 413 1527 468 videtur
1568 428 1731 482 quam
1778 410 1868 473 sit,
1898 418 1947 463 et
1972 424 2075 463 cun

2201 426 2364 469 νοιτο,
2396 407 2607 473 ού-τῆς
2642 404 3017 476 ἀληθεστάτης
3072 404 3159 475 δὴ,
3215 404 3309 458 καὶ
3369 403 3623 475 μονίμου,
3673 406 3767 461 καὶ

521 525 753 581 corpore
793 509 1128 571 dissolvitur,
1165 508 1208 562 si
1253 508 1391 563 bene
1434 508 1624 571 duret;
1660 506 1940 559 autetiam
1980 519 2084 555 non

522 618 650 657 raro
696 613 822 655 ante
871 603 1144 654 hominem
1188 603 1392 670 ipsum,
1429 602 1508 656 sic.
1542 601 1846 654 ferentibus
1876 599 2087 652 eventis

521 710 726 761 rerum,
750 696 952 755 avolat,
986 696 1067 748 vel
1110 696 1291 763 potius
1320 695 1554 749 infinitis
1589 695 1764 748 modis
1789 694 1841 745 in
1867 700 2086 747 contra-

524 787 662 839 rium
689 786 851 839 cadit.
882 789 1238 841 Arbitrantur
1281 803 1412 841 sane
1444 788 1697 841 virtutem
1736 801 1858 841 sese
1888 785 2087 846 colere,

520 867 645 934 dum
675 893 794 934 eam
825 876 1077 935 alTectant
1110 881 1473 943 ambitiosius,
1493 881 1723 950 ideoque
1750 879 1900 934 nullo
1927 877 2089 930 modo

521 972 778 1035 fortunae,
827 973 921 1026 sed
958 973 1141 1026 virtuti
1179 974 1567 1027 Strenuitatem
1622 972 1948 1026 attribuunt.
1988 970 2091 1024 Ve—

522 1076 641 1113 rum
673 1060 830 1115 factis
851 1061 986 1129 ipsis
1016 1060 1336 1125 ostendunt,
1365 1064 1585 1116 minime
1610 1078 1669 1117 se
1697 1062 1853 1116 bonis
1887 1077 1915 1113 a
1954 1059 2091 1115 viris

521 1168 671 1225 ges'a
712 1154 893 1205 \it'tuti
942 1163 1159 1222 accupta
1196 1154 1355 1218 (orre,
1384 1156 1475 1207 sed
1511 1154 1745 1208 fortuna:
1787 1161 1961 1207 totum
1989 1153 2090 1207 im—

521 1257 749 1311 putare;
787 1247 1029 1314 adeoque
1055 1247 1184 1300 dum
1245 1247 1570 1316 simpliciter
1617 1261 1882 1316 prospero
1917 1259 2083 1301 cursu

521 1338 884 1404 navigationis
941 1348 1179 1393 utentem
1241 1354 1493 1407 magnum
1533 1338 1762 1400 ducunt,
1817 1352 1924 1391 non
1957 1351 2083 1401 eum

520 1427 613 1493 qui
666 1430 840 1496 perite
874 1430 1053 1482 navim
1084 1432 1401 1484 modera'ur
1420 1470 1435 1493 ,
1462 1445 1740 1496 tn_errore
1762 1438 2079 1483 versantur.

2198 502 2684 569 συναπερχομὲνης
2722 500 2931 551 ἐνθένδε
2983 501 3060 569 τῷ
3099 500 3373 568 πνεύματι
3396 517 3411 531 ο
3442 500 3679 567 ταυτησὶ
3708 500 3766 551 δὲ

2198 595 2297 662 τῆς
2329 596 2511 661 κενῆς,
2555 597 2655 662 τῆς
2686 596 2891 664 μᾶλλόν
2934 612 2997 662 γε
3036 592 3357 660 δοκούσηςῆ
3391 592 3768 663 ὑπαρχούσης,

2196 688 2292 738 καὶ
2333 678 2707 757 συλλυομένης
2760 687 2837 756 τῷ
2885 687 3137 757 σώματι,
3191 686 3394 739 ὁπόταν
3449 702 3512 752 γε
3570 685 3663 738 καὶ
3704 683 3766 740 εὖ

2196 780 2554 852 διαρκέσῃ,ἢ
2616 780 2712 832 καὶ
2761 778 3262 848 προαφιπταμένης
3306 777 3469 828 αὖτοῦ
3501 778 3766 839 ’πολλάκις

2196 874 2308 935 τοῖς
2336 872 2444 926 ἀπὸ
2489 872 2599 924 τῶν
2629 872 2977 941 πραγμάτων
3026 868 3398 940 συμπτώμασι
3429 885 3444 900 ο
3482 868 3678 938 μᾶλλον
3707 869 3766 922 δέ

2200 985 2305 1020 που
2368 968 2465 1019 καὶ
2522 967 2873 1036 τρεπομένης
2931 967 3011 1026 ei;
3054 963 3367 1018 τούναντίον
3403 964 3615 1032 μυρὲοις
3645 962 3765 1032 τρύ-

2200 1077 2341 1122 ποις.
2386 1059 2603 1112 Οίυνται
2644 1057 2741 1127 μὲν
2782 1053 2877 1109 οὖν
2929 1056 3133 1125 ἀρετὴν
3172 1055 3535 1124 μετέρχεσθαι
3568 1054 3642 1125 τῷ
3678 1073 3763 1123 φι-

2196 1150 2537 1219 λοτιμεῖσθαι
2566 1149 2731 1201 Ὅθεν
2765 1149 2861 1218 τὴν
2896 1149 3063 1219 τύχην
3094 1147 3480 1216 οὖδαμῶς,τὴν
3498 1146 3543 1199 δ’
3565 1148 3760 1215 ἀρετὴν

2198 1242 2483 1295 αίτιῶιται
2506 1241 2639 1307 πρδς
2665 1240 3040 1308 γενναιύτητα.
3066 1240 3353 1292 Φαίνονται
3380 1240 3437 1291 δὲ
3473 1234 3553 1301 οἷς
3588 1239 3759 1308 πράτ-

2194 1351 2403 1393 τουσιν,
2426 1334 2625 1402 ἥκιστα
2651 1331 2748 1399 μέν
2771 1348 2823 1382 τι
2841 1331 3097 1399 νέμοντες
3122 1332 3288 1399 ἀρετῇ
3314 1330 3420 1381 τῶν
3448 1332 3765 1397 πεπραγμέ-

2193 1443 2315 1479 νωνκ
2340 1426 2598 1496 χρηστοῖς
2637 1423 2886 1491 ἀνδράσι,
2907 1424 2973 1492 τῇ
2999 1421 3139 1491 τύχη
3168 1421 3225 1475 δὲ
3259 1422 3317 1473 τὸ
3342 1422 3449 1474 πᾶν
3479 1422 3763 1489 λογιζόμε-

520 1536 624 1571 νοι.
649 1520 757 1571 Καὶ
778 1521 867 1571 τὸν
894 1520 1079 1584 ἀπὶῶς
1108 1521 1442 1574 εὐπλοοῦντα
1478 1522 1652 1590 μέγαν
1672 1519 2121 1590 ἡγούμενοι,ὀύχὶ
2148 1519 2238 1572 τὸν
2271 1518 2368 1571 σὺν
2401 1516 2677 1585 ἐπιστήμῃ
2708 1514 2765 1567 τδ
2789 1516 2991 1580 σκάφος
3013 1516 3236 1582 ἄγοντα,
3265 1512 3407 1565 οὕτω
3437 1512 3760 1566 πλανῶνται.

592 1612 875 1665 Sedcnim'
906 1614 1051 1666 hunc
1111 1615 1164 1666 in
1225 1615 1444 1667 modum
1498 1616 1552 1668 hi
1584 1615 1849 1677 sentiunt,
1886 1629 1952 1669 ac
1984 1628 2091 1668 non
2124 1617 2168 1676 Β

516 1703 615 1757 abs
670 1719 728 1756 re
791 1706 1034 1771 quidem,
1098 1715 1159 1759 ut
1204 1707 1295 1774 qui
1326 1723 1425 1761 nec
1463 1707 1666 1775 egregii
1698 1707 1799 1760 viri
1826 1708 1959 1771 sint,
1988 1721 2088 1760 nec

518 1796 735 1861 egregie
774 1796 898 1849 boni
931 1798 1194 1865 rationem
1231 1798 1533 1867 intelligere
1557 1806 1763 1866 queant
1799 1808 2086 1868 propterea

518 1887 660 1953 quod
695 1903 882 1941 eorum
938 1904 1090 1943 mens
1124 1890 1352 1945 tultorius
1406 1906 1569 1960 quam
1616 1890 1761 1945 oculi
1798 1892 2089 1959 penetrare

518 1996 627 2034 non
655 1983 849 2050 possit,
877 1983 1010 2049 imo,
1035 1986 1215 2039 verius
1251 1993 1308 2038 ut
1334 1986 1548 2055 loquar,
1586 2001 1650 2040 ne
1676 1986 1894 2055 quidem
1923 2001 2087 2055 appa-

518 2077 691 2127 rentia
745 2076 1012 2130 sincerius
1063 2086 1223 2145 atque
1255 2078 1443 2146 purius
1497 2078 1810 2147 inspiciaut-
1845 2078 1912 2131 At
1950 2092 2081 2133 vero

516 2166 644 2219 boni
679 2176 731 2220 et
760 2169 1097 2223 cordatiores
1126 2171 1178 2223 in
1238 2172 1552 2226 universum
1615 2172 1868 2226 electioni
1896 2172 2087 2226 volun-

518 2256 643 2310 tatis
695 2267 747 2310 et
798 2259 1125 2313 institutioni
1179 2273 1342 2315 rectae
1405 2263 1715 2317 felicitatem
1760 2263 2084 2319 attribuunt.

516 2345 652 2399 Nam
689 2350 965 2418 prosperis
993 2351 1076 2405 vel
1113 2352 1213 2415 uti,
1238 2353 1329 2427 velt
1346 2369 1451 2408 non
1482 2355 1560 2408 uti
1593 2356 1963 2421 successibus,
1992 2372 2086 2412 ne-

515 2455 791 2509 quaquam
825 2444 1078 2513 princeps
1106 2445 1266 2514 quasi
1303 2446 1589 2515 cogitatio,
1638 2464 1818 2503 veram
1859 2450 2084 2507 tendens

516 2531 583 2585 ad
616 2533 952 2599 beatitatem,
994 2536 1064 2589 ab
1095 2537 1179 2591 eis
1206 2552 1327 2593 esse
1365 2547 1618 2608 putatur:
1662 2543 1885 2611 quando
1910 2542 2082 2612 majo«

518 2640 575 2679 re
642 2629 1021 2696 prosperitatis
1071 2640 1224 2699 parte
1281 2631 1461 2685 vitiosi
1508 2636 1688 2702 potius
1743 2650 1905 2703 quam
1949 2650 2087 2705 prte-

515 2727 721 2774 stantes
766 2730 820 2774 et
860 2721 1062 2791 egregii
1111 2722 1210 2777 viri
1262 2724 1539 2779 fruuntur.
1584 2725 1850 2779 Nimirum
1894 2727 2084 2794 beatus

445 2827 449 2831 “
516 2811 683 2863 animi
715 2821 967 2879 respectu
1001 2812 1196 2867 beatus
1226 2823 1331 2868 est.
1361 2814 1594 2869 Animus
1626 2832 1753 2869 vero
1785 2831 1882 2886 per
1914 2817 2085 2871 virtu-

514 2910 621 2955 tem
649 2900 700 2954 in
724 2910 866 2955 statu
898 2919 999 2957 suo
1030 2915 1332 2972 permanet,
1374 2907 1457 2960 vel
1483 2907 1548 2958 ad
1580 2923 1703 2962 eum
1758 2907 1924 2963 redit.
1951 2907 2078 2961 Vir-

2282 1611 2425 1663 Ἀλλ’
2466 1609 2575 1662 οἵδε
2627 1608 2739 1677 μὲν-
2768 1602 2868 1660 ὧδε
2918 1608 3163 1671 εἰκότως,
3217 1607 3311 1659 ἆτε
3369 1605 3444 1676 μὴ
3506 1607 3760 1674 γενναῖοι,

2202 1703 2336 1775 μηδὲ
2386 1702 2655 1768 γενναίως
2692 1699 2954 1767 τάγαθὸν,
2986 1699 3108 1752 ὅποι
3155 1698 3291 1768 ἔχει,
3333 1699 3636 1768 διακρίνειν
3664 1694 3764 1751 οἷοί

2193 1810 2254 1846 τε
2303 1793 2480 1855 ὄντες,
2528 1790 2607 1861 τῷ
2641 1792 2715 1861 μὴ
2749 1792 3063 1860 περαιτέρω
3115 1790 3215 1859 τῆς
3264 1790 3440 1859 ὄψεως
3486 1791 3584 1858 τὴν
3620 1790 3760 1857 σφῶν

2194 1883 2436 1937 διάνοιαν
2474 1882 2799 1936 διικνεῖσθαι
2845 1884 3147 1948 δύνασθαι,
3200 1882 3296 1936 καὶ
3355 1886 3413 1935 τὸ
3465 1899 3529 1951 γε
3569 1882 3759 1949 ἀληθέ-

2197 1994 2390 2047 στερον
2435 1977 2631 2044 φάναι,
2672 1976 2807 2047 μηδὲ
2840 1976 2972 2045 γοῦν
3018 1976 3159 2031 αὐτὰ
3190 1976 3258 2028 τὰ
3294 1976 3596 2044 φαινόμενα
3635 1976 3761 2026 θεω-

2196 2069 2419 2138 ροῦντες
2452 2069 2765 2140 ὑγιέστερόν
2792 2086 2850 2122 τε
2874 2070 2970 2123 καὶ
2992 2068 3396 2139 καθαρώτερον
3420 2069 3469 2121 οἱ
3494 2069 3539 2121 δ’
3571 2066 3759 2134 ἀγαθοὶ

2195 2162 2291 2215 καὶ
2315 2162 2720 2232 νουνεχέστεροι
2767 2161 2876 2216 τῶν
2909 2152 3121 2230 ἀνδρῶν
3171 2161 3248 2229 τῷ
3298 2161 3404 2231 ὅλῳ
3438 2177 3497 2211 τε
3552 2160 3647 2211 καὶ
3686 2158 3758 2225 τῷ

2195 2255 2378 2316 παντὶ,
2431 2257 2497 2323 τῇ
2552 2254 2872 2325 προαιρέσει
2907 2255 3001 2306 καὶ
3029 2256 3096 2324 τῇ
3134 2253 3411 2306 παιδεύσει
3444 2253 3541 2321 τὴν
3586 2251 3756 2304 εὐδαι-

2198 2346 2387 2416 μονίαν
2428 2348 2763 2423 λογίζονται.
2810 2349 2883 2401 Τὸ
2938 2348 3045 2420 γὰρ
3099 2349 3310 2418 εύροεῖν
3359 2365 3419 2399 τε
3455 2348 3547 2399 καὶ
3585 2346 3661 2416 μὴ
3699 2347 3746 2398 οὗ

2194 2444 2585 2513 προηγουμένη
2618 2444 2843 2510 φροντὶς
2901 2444 3039 2512 πρὶς
3100 2440 3201 2511 τὴν
3253 2438 3471 2508 ἀληθῶς
3511 2437 3757 2505 εὐδαιμο-

2195 2536 2314 2587 νῖαν
2359 2535 2541 2599 αὐτοῖς
2576 2531 2898 2607 νομίζεταιο
2938 2534 3129 2605 ἐπειδὴ
3163 2532 3341 2587 καὶτὸ
3372 2532 3506 2586 πολὺ
3535 2531 3633 2599 τῆς
3676 2531 3759 2581 εὔ-

2196 2631 2346 2700 ροίας
2382 2631 2553 2685 κακία
2607 2629 2811 2700 μᾶλλον
2843 2628 2877 2699 ἢ
2913 2625 3292 2695 καλοκαγαθία
3324 2623 3655 2694 καρποῦται.
3699 2622 3755 2674 Ὀ

2190 2725 2247 2778 δὲ
2286 2723 2561 2793 εὐδαίμων
2622 2721 2710 2775 διὰ
2770 2720 2869 2791 τὴν
2924 2708 3102 2790 ψύχὴν
3161 2716 3304 2771 τοῦτ’
3347 2716 3413 2771 ἂν
3452 2716 3559 2785 εἴη.
3606 2716 3669 2768 Ἤ
3702 2714 3755 2766 δὲ

2190 2815 2340 2885 ψυχὴ
2386 2815 2476 2868 διὰ
2530 2814 2629 2884 τὴν
2681 2814 2886 2885 ἀρετὴν
2934 2815 2993 2866 ὲν
3049 2811 3127 2882 τῷ
3157 2809 3279 2864 κατ’
3317 2809 3488 2877 αὐτὴν
3521 2807 3754 2877 μένει,ἢ

2192 2911 2579 2980 ἐπανέρχεται.
2635 2908 2701 2962 Ἥ
2749 2908 2794 2961 δ’
2828 2906 2998 2977 ἀρετὴ
3046 2906 3153 2959 τῶν
3197 2904 3280 2973 ἐφ’
3314 2904 3478 2973 ἡμῖν,
3519 2903 3612 2955 καὶ
3657 2903 3756 2966 τῆς

515 3002 603 3046 tus
639 3002 818 3047 autem
855 3003 1038 3049 nostra
1072 2995 1125 3049 iu
1151 3005 1414 3065 potestate
1469 3006 1658 3052 nostra
1691 2998 1957 3053 electione
1977 3000 2081 3053 sita

2193 2973 2591 3073 προαιρέσεως.
2652 2973 2924 3066 Καθάπερ
2974 2973 3068 3051 οὖν
3127 3001 3154 3051 ὁ
3210 2996 3535 3068 βουλόμενος
3587 2995 3752 3055 κακὸς

513 3091 623 3137 est.
670 3081 1138 3147 Quemadmodum
1170 3101 1300 3155 ergo
1339 3088 1431 3158 qui
1462 3088 1639 3142 malus
1676 3104 1796 3142 esse
1824 3089 1961 3155 vult,
1995 3104 2087 3145 ne-

516 3175 758 3228 cessario
782 3174 843 3228 ﬁt
881 3177 1055 3231 malus
1079 3178 1224 3247 (nam
1255 3192 1352 3246 per
1380 3180 1553 3248 ipsum
1588 3181 1723 3236 velle
1755 3183 1940 3236 statim
1982 3183 2039 3236 lit
2067 3200 2082 3236 :

516 3262 663 3316 velut
695 3265 746 3317 in
801 3267 1052 3323 oratione
1106 3270 1353 3336 proxime
1386 3283 1648 3343 sequente
1677 3274 1878 3329 clarius
1914 3277 2085 3345 explio

517 3354 798 3424 rabitur),
864 3357 941 3411 sic
979 3359 1144 3414 etiam
1208 3363 1301 3431 qui
1362 3363 1537 3418 bonus
1592 3376 1712 3420 esse
1780 3368 1899 3420 vult
1968 3371 2081 3434 (ve-

516 3462 638 3500 rum
664 3449 808 3502 enim
839 3449 980 3505 velle
1004 3453 1299 3510 comitatur
1328 3462 1383 3510 et
1414 3456 1594 3526 ipsum
1627 3459 1810 3528 opus),
1846 3475 1955 3514 non
1986 3476 2083 3531 po-

516 3540 642 3593 terit
673 3556 779 3594 non
806 3541 920 3596 ﬁeri
946 3543 1142 3599 bonus.
1176 3545 1525 3617 Quapropter
1558 3548 1603 3602 si
1637 3549 1762 3603 boni
1802 3551 1925 3616 viri,
1961 3567 2082 3608 mea

519 3633 736 3699 quidem
789 3634 1066 3704 opinione,
1131 3637 1198 3692 de
1244 3640 1354 3693 vita
1401 3649 1457 3695 et
1499 3642 1701 3697 virtute
1756 3650 2080 3700 sententiam

516 3720 662 3776 ferre
693 3724 973 3789 deberent,
1008 3742 1233 3795 prorsus
1265 3730 1414 3783 illum
1443 3730 1716 3788 hominem
1757 3749 1825 3789 ne
1862 3736 2079 3806 quidem

481 3890 487 3896 ι
515 3815 779 3869 exsistere
816 3815 1014 3873 debere
1040 3819 1308 3886 dicerent,
1338 3824 1432 3892 qui
1477 3824 1697 3880 virtutis
1729 3836 1812 3881 est
1863 3843 2078 3897 expers.

513 3906 620 3971 Qui
655 3915 832 3962 autem
864 3910 1042 3965 bonus
1081 3927 1201 3967 esse
1233 3915 1369 3981 vult,
1406 3918 1718 3973 necessario
1746 3920 1923 3975 bonus
1954 3936 2083 3976 eva-

442 4034 467 4073 νδ
514 3996 643 4059 det;
683 4000 898 4053 tametsi
950 4000 1225 4057 fortunam
1255 4006 1482 4062 minime
1512 4010 1805 4078 propitiam
1831 4013 2081 4077 experia-

514 4094 627 4144 tur.
659 4089 858 4167 ubiqoe
888 4104 995 4146 tam
1047 4096 1149 4164 ipsi
1202 4112 1366 4166 quam
1400 4102 1687 4155 conatibus
1705 4102 1824 4171 ejus
1854 4104 2078 4158 obstan-

515 4189 643 4233 tem.
663 4179 795 4235 Nam
828 4185 971 4253 quod
999 4187 1199 4243 bonum
1228 4200 1331 4254 est,
1350 4208 1455 4247 non
1480 4192 1732 4261 fortunas,
1765 4212 1871 4250 non
1896 4213 2078 4260 casus.

510 4282 608 4326 aut
664 4277 927 4345 temporis
984 4280 1283 4335 aliorumve
1316 4284 1506 4337 talium
1559 4285 1769 4341 fruetus
1840 4296 1946 4352 cst,
1982 4289 2076 4344 sed

512 4364 734 4421 virtutis
777 4377 829 4422 et
868 4356 1079 4424 arbitrii
1108 4370 1296 4435 liberi,
1337 4377 1481 4443 quod
1540 4377 1789 4446 impediri
1820 4394 1877 4433 re
1932 4382 2079 4435 nulla

509 4469 713 4524 potest.
743 4458 859 4514 Non
891 4463 1033 4516 enim
1072 4464 1296 4518 haberet
1323 4466 1668 4533 electionem,
1725 4485 1825 4523 nec
1856 4470 2081 4526 liberta-

507 4556 619 4602 tem
671 4567 851 4615 suam,
889 4552 1029 4621 quod
1060 4554 1302 4609 animum
1360 4556 1576 4613 attinet.
1611 4560 1654 4612 si
1688 4561 1977 4628 prazpediri
2013 4565 2079 4616 ab

506 4642 690 4711 aliqua
726 4659 784 4698 re
829 4654 1033 4714 posset.
1101 4648 1205 4702 Sed
1267 4658 1447 4704 tamen
1500 4651 1656 4705 bonis
1680 4668 1897 4723 quoque
1925 4654 2079 4721 viris,

470 4736 479 4741 ’
508 4735 739 4800 gloriam
797 4738 1122 4806 acquisitam
1176 4740 1448 4804 amittere.
1501 4744 1717 4799 videtur
1748 4760 1866 4800 esse
1893 4746 1960 4799 de
1994 4763 2080 4800 re-

509 4839 633 4877 rum
680 4843 865 4882 earum
904 4847 1131 4887 numero
1176 4834 1373 4902 quibus
1434 4836 1820 4895 abhorremus.
1864 4840 2079 4910 Quippe

508 4916 753 4971 dolorem
801 4923 1013 4989 aﬂerre,
1063 4928 1328 4996 quasique
1361 4929 1611 4983 mordere
1660 4940 1838 4999 potest
1859 4946 1954 4988 eos
1980 4934 2073 5000 qui

514 5008 641 5060 huic
674 5014 849 5065 adhuc
877 5016 998 5069 vita:
1022 5020 1259 5086 copulati
1296 5030 1445 5081 sunt,
1480 5022 1637 5091 cujus
1691 5025 1960 5094 prtecipua
1992 5027 2074 5080 di-

504 5100 685 5165 gnitas
750 5104 801 5153 in
838 5110 1224 5165 occasionibus
1270 5114 1549 5176 quaerendi
1587 5115 1801 5170 honesti
1835 5118 2074 5172 nominis

503 5202 593 5243 est
622 5194 744 5247 sita.
766 5193 1004 5251 Gloriam
1049 5216 1177 5255 vero
1197 5212 1249 5256 et
1277 5204 1562 5258 honestum
1590 5222 1786 5262 nomen
1813 5208 2071 5279 intelligo,

507 5292 570 5335 ut
600 5286 915 5349 Alexandri,
977 5298 1034 5342 ut
1084 5291 1229 5363 Cyri,
1284 5304 1344 5348 ut
1376 5295 1459 5349 bis
1510 5297 1795 5363 similium,
1836 5315 2069 5368 quorum

508 5391 731 5440 nomen,
777 5378 889 5448 jam
924 5381 1049 5434 olim
1103 5386 1390 5441 exstinctis
1422 5390 1776 5458 corporibus,
1812 5393 2069 5448 oblivioni

508 5481 616 5520 non
642 5478 726 5523 est
774 5469 1049 5526 traditum.
1104 5472 1311 5528 Etenim
1339 5478 1425 5531 illa
1459 5481 1652 5549 gloria,
1711 5498 1830 5551 quze
1858 5483 2073 5539 duravit

509 5557 795 5623 hactenus,
828 5560 1042 5617 fructus
1065 5566 1287 5633 quidam
1320 5580 1434 5622 erat
1462 5574 1820 5629 certaminum
1850 5586 1902 5631 et
1923 5578 2072 5632 labo-

508 5663 652 5711 rum,
702 5663 757 5708 et
782 5657 1247 5725 magnanimita'is
1280 5660 1330 5712 in
1373 5661 1441 5717 iis
1470 5665 1753 5721 declarata:
1801 5669 1985 5733 rebus,
2019 5671 2070 5724 in

507 5741 707 5809 quibus
762 5762 993 5817 necesse.
1019 5759 1131 5804 crat
1172 5761 1225 5802 ut
1258 5768 1379 5806 sese
1417 5767 1736 5823 ιιι-ωςιητιειιι
1769 5761 1935 5825 viros,
1980 5764 2068 5830 qm

2193 3093 2336 3151 εἶναι
2368 3097 2680 3164 ἀναγκαίως
2709 3097 2922 3165 γίνεται
2971 3092 3142 3161 (αὐτῷ
3189 3090 3298 3159 γὰρ
3327 3087 3525 3155 τούτῳ,
3555 3085 3629 3153 τῷ
3662 3086 3749 3135 05'-

2191 3193 2330 3257 λειν,
2369 3190 2531 3254 εὐθὺς
2568 3191 2801 3258 γίνεται·
2833 3189 2910 3251 ὡς
2942 3190 2999 3241 ὲν
3030 3187 3124 3259 ,τῷ
3155 3183 3358 3252 ἑφεξῆς
3389 3181 3536 3249 λόγῳ
3588 3177 3757 3248 ρηΟῇ-

2194 3303 2347 3340 σεται
2377 3285 2805 3358 καθαρώτερον),
2828 3284 2970 3337 οὕτω
3000 3284 3093 3335 καὶ
3124 3285 3149 3335 ὁ
3172 3281 3377 3348 ἀγαθὸς
3420 3280 3749 3350 βουλόμενος

2193 3377 2336 3434 εῖναι
2389 3378 2489 3447 (τῷ
2548 3379 2658 3449 γὰρ
2710 3376 2926 3445 ἀληθῶς
2956 3377 3130 3430 θέλειν
3159 3376 3354 3428 ἕπεται
3389 3374 3483 3427 καὶ
3512 3372 3573 3425 τδ
3607 3374 3754 3437 ἐνερ-

2190 3472 2333 3541 γεῖν)
2369 3474 2469 3525 οὐκ
2518 3470 2630 3523 ἔσθ’
2661 3472 2811 3533 ὅπως
2859 3470 2919 3522 ού
2950 3470 3263 3538 γενήσεται.
3296 3467 3457 3521 Ὥστε
3487 3460 3640 3518 εἷπον
3668 3465 3757 3525 ἂν,

2189 3565 2389 3634 δεῆσαν
2421 3565 2568 3634 (ἐμοὶ
2599 3564 2802 3630 δοκεῖν)
2836 3563 2966 3632 περὶ
3006 3561 3152 3629 ζωῆς
3179 3577 3237 3613 τε
3264 3560 3359 3613 καὶ
3388 3557 3587 3629 ἀρετῆς
3616 3556 3754 3623 γνώ-

2194 3673 2304 3727 μην
2334 3656 2517 3710 δοῦναι
2549 3656 2676 3719 τοὺς
2707 3654 2944 3722 ἀγαθοὺς
2983 3654 3206 3723 ἄνδρας,
3237 3650 3312 3714 ὡς
3350 3650 3458 3703 ἔδει
3499 3646 3634 3719 μηδέ
3658 3649 3752 3717 τὴν

2191 3750 2364 3821 ἀρχὴν
2389 3747 2643 3816 γενέσθαι
2698 3748 2791 3801 τὸν
2850 3747 3177 3816 ἄνθρωπον,
3232 3744 3474 3815 ὅτῳςμὴ
3505 3746 3748 3815 μέτεστιν

2190 3843 2410 3914 ἀρετῆς.
2446 3842 2505 3895 Ὀ
2527 3841 2583 3894 δὲ
2609 3840 2808 3909 ἀγαθὸς
2836 3841 3159 3910 βουλόμενος
3189 3836 3329 3892 εἶναι
3354 3839 3559 3901 πάσαις
3590 3836 3741 3901 ἀνάγ-

2189 3954 2313 4000 καις
2345 3936 2661 4004 γενήσεται,
2716 3933 2823 3987 κᾶν
2877 3934 2978 3987 οὐκ
3044 3930 3305 4001 εὐμενοῦς
3356 3932 3614 4001 πειρᾶται
3656 3931 3750 3990 τῆς

2189 4030 2382 4099 τύχης,
2416 4026 2865 4098 προσισταμένης
2897 4026 2945 4077 ei
2978 4026 3253 4094 πανταχῆ,
3291 4025 3385 4077 καὶ
3424 4024 3532 4083 τοῖς
3565 4025 3745 4088 ἐγχει-

2191 4123 2422 4191 ρήμασι.
2466 4119 2539 4173 To
2578 4120 2686 4189 γὰρ
2716 4119 2921 4186 ἀγαθὸν
2950 4117 3011 4171 ού
3055 4116 3247 4187 τύχης,
3267 4115 3389 4174 ,οὐδέ
3426 4130 3567 4175 τινος
3602 4129 3744 4181 συμ-

2190 4213 2502 4283 πτώματος,
2537 4213 2571 4285 ἢ
2609 4212 2805 4282 καιροῦ
2833 4252 2848 4275 ,
2908 4210 3002 4263 καὶ
3050 4212 3161 4263 τῶν
3208 4208 3455 4262 τοιούτων
3482 4247 3496 4270 ,
3533 4209 3748 4273 καρπύς

2108 4319 2160 4380 Ι)
2188 4306 2359 4369 ἐστιν,
2397 4305 2514 4359 ἀλλ’
2548 4305 2750 4373 ἀρετῆς
2787 4321 2848 4357 τε
2897 4304 2993 4356 καὶ
3028 4301 3506 4370 αὐτεξουσιότητος
3529 4340 3545 4364 ,
3659 4317 3751 4365 γε-

2186 4398 2376 4451 νέσθαι
2426 4394 2609 4466 εἷργύν
2661 4414 2713 4448 τι
2766 4396 2877 4449 τῶν
2918 4397 3136 4449 πάντων
3195 4396 3350 4448 οὐδέν
3394 4398 3559 4447 ἐστιν.
3616 4394 3748 4445 Οὐδὲ

2188 4489 2298 4558 γὰρ
2324 4489 2389 4543 ἂν
2424 4484 2493 4559 ἦν
2531 4488 2705 4560 ταύτῃ
2737 4489 3080 4559 προαίρεσις,
3103 4487 3221 4540 οὐδὲ
3251 4485 3616 4553 αὐτεξούσιον,
3650 4486 3747 4537 ὅσα

2186 4596 2251 4647 γε
2285 4581 2365 4642 είς
2395 4579 2492 4648 τὴν
2521 4578 2704 4649 ψυχὴν
2755 4579 2930 4649 φέρει,
2972 4580 3123 4640 ὄντος
3153 4594 3218 4644 γε
3252 4577 3347 4630 τοῦ
3389 4574 3749 4635 κωλύσοντος.

2193 4672 2270 4725 Οὐ
2314 4671 2419 4741 μὴν
2447 4672 2582 4724 ἀλλὰ
2613 4671 2709 4723 κα)⁵
2740 4673 2841 4733 τοῖς
2877 4670 3105 4738 ἀγαθοῖς
3146 4670 3371 4737 ἀνδράσι
3402 4671 3463 4722 τὸ
3492 4670 3590 4738 τὴν
3616 4688 3748 4736 παρ-

2185 4763 2353 4817 οῦσαν
2383 4762 2540 4828 δόξαν
2591 4762 2933 4832 ἐζημιῶσθαι
2969 4763 3028 4815 ἓν
3085 4780 3140 4814 τι
3171 4762 3279 4813 τῶν
3323 4763 3574 4828 φευκτῶν
3615 4760 3749 4814 εἶναι

2184 4857 2357 4910 δοκεῖ.
2412 4855 2667 4924 Λνπῆσαι
2723 4856 2831 4926 γὰρ
2890 4855 3187 4923 δυνάμενον
3245 4855 3338 4906 καὶ
3387 4854 3573 4907 δακεῖν
3627 4856 3747 4915 τοὺς

2185 4948 2718 5017 συμπεπλεγμένους
2751 4947 2889 5016 τῷδε
2939 4946 3016 5016 τῷ
3043 4946 3163 5017 βίῳο
3202 4938 3265 5023 ού
3302 4946 3363 4999 τό
3394 4964 3456 5012 γε
3493 4950 3745 5013 σεμνότε-

2187 5057 2281 5109 ρον
2311 5041 2558 5112 ἀφορμαὶ
2588 5040 2840 5093 εῠκλειαν
2883 5039 3168 5106 φέρουσαι.
3216 5039 3384 5102 Δόξαν
3432 5040 3488 5092 δὲ
3534 5038 3627 5090 καὶ
3661 5038 3749 5088 εύ-

2183 5133 2369 5186 κλειαν
2403 5134 2550 5201 λέγω
2579 5133 2677 5201 τὴν
2719 5131 3096 5202 Ἀλεξάνδρου,
3128 5132 3225 5199 τὴν
3254 5131 3463 5197 Κύρου,
3500 5132 3598 5200 τὴν
3638 5132 3746 5181 τῶν

2184 5223 2463 5289 τοιούτων,
2513 5218 2587 5277 ὧν
2630 5223 2730 5276 οὐκ
2780 5226 2838 5277 ὲν
2871 5223 3009 5295 λήθῃ
3050 5223 3241 5290 γέγονε
3278 5222 3544 5291 τοῦνομα,
3581 5222 3749 5274 πάλαι

2180 5312 2289 5366 τῶν
2333 5315 2601 5383 σωμάτων
2654 5313 2948 5370 λυθέντων.
2993 5314 3207 5384 Ἐκείνη
3262 5314 3374 5383 γὰρ
3422 5316 3455 5385 ἠ
3515 5316 3742 5384 δόξα,ὴ

2179 5404 2521 5472 διαρκέσασα
2548 5403 2709 5473 μέχρι
2731 5403 2909 5475 δεῦρο,
2940 5404 3154 5472 καρπός
3200 5422 3284 5466 τις
3319 5402 3387 5475 ἦν
3419 5406 3742 5473 ἀγωνισμά-

2180 5510 2310 5557 των,
2359 5494 2454 5546 καὶ
2495 5493 2694 5555 πόνων,
2740 5495 2833 5545 καὶ
2884 5493 3078 5547 πολλοῦ
3112 5497 3485 5565 φρονήματος,
3535 5494 3622 5563 ἐφ’
3658 5489 3742 5557 οἷς

2181 5586 2351 5655 ὲχρῆν
2371 5584 2645 5638 δεικνύναι
2674 5585 2762 5637 τὸν
2804 5585 2969 5655 ἄνδρα
3004 5588 3141 5654 μήτε
3172 5586 3553 5656 φιλοσώματον
3586 5586 3743 5652 ὄντα,

2184 5676 2321 5739 μήτε
2350 5676 2627 5744 χρήμασιν
2648 5676 2815 5740 ἐπτοη
2828 5674 3007 5743 μένον,
3034 5678 3169 5744 μήτε
3203 5675 3417 5745 ἡδοναῖς
3448 5678 3741 5745 κεχηνότα,

2181 5767 2313 5833 μήτε
2357 5768 2463 5837 μὴν
2512 5768 2639 5820 αὐτὸ
2672 5768 2728 5819 τὸ
2768 5767 2865 5836 ζῇν
2903 5768 3144 5834 εὐδοξίας
3180 5770 3525 5839 προτιθέντα.
3555 5769 3742 5823 Ταῦτα
