4098 6272
363 414 466 476 417

1733 404 2019 466 ORATIO
2061 408 2146 467 ΙΙ.

3499 406 3607 469 418

352 525 417 577 δὲ
447 522 631 578 κλάδοι
665 519 760 588 τῆς
816 516 1019 585 ἀρετῆς
1045 557 1060 581 ,
1097 518 1131 586 ἠ
1182 516 1293 579 τοῖς
1344 515 1713 584 μετασχοῦσιν
1759 516 1920 583 αὐτῆς

2038 532 2212 584 neque
2251 517 2573 586 corporibus
2606 526 2911 587 parcerent,
2967 532 3068 573 nec
3097 533 3223 587 opes
3256 518 3603 575 admirarer.-

360 613 599 683 γνησίως
657 610 883 671 είκότως
943 609 1009 660 ἂν
1067 608 1328 678 τηρήσειε
1376 607 1487 659 τῶν
1525 608 1927 688 ίδρώτωνιτοὺς

359 705 611 774 καρποὺς
642 702 967 764 ἀθανάτους,
999 702 1136 771 αὐτή
1167 718 1231 768 γε
1270 698 1486 769 πρῶτον
1515 696 1650 753 οὖσα
1678 701 1923 771 τοιαύτη.

356 799 406 850 Χ
415 796 568 866 ρῆμα
604 796 715 864 γὰρ
757 792 1047 861 ἀθάνατον.

443 1042 693 1115 Ἀνδράσι
731 1040 912 1092 τοίνυν
966 1038 1212 1106 ἀγαθοῖς,
1260 1035 1339 1101 οἷς
1372 1054 1432 1106 γε
1477 1039 1509 1109 ἡ
1555 1040 1822 1110 ἐπιθυμία
1867 1041 1928 1094 τὸ

362 1135 463 1203 ζῇν
516 1131 597 1198 εὖ,
652 1133 961 1201 προσούσης
988 1150 1060 1201 γε
1114 1134 1303 1200 σοφίας
1354 1135 1448 1187 καὶ
1498 1133 1772 1202 γνώσεως,
1829 1134 1926 1204 τὴν

360 1227 656 1297 ἐπιθυμίαν
687 1227 872 1286 αὐτοῖς
920 1224 1099 1288 καλῶς
1140 1227 1371 1295 περᾶναι
1400 1226 1740 1297 δυναμένων,
1774 1227 1927 1294 εὐχε-

363 1320 471 1385 ρῶς
519 1319 580 1371 τὸ
633 1318 897 1393 συγγενὲς
936 1318 1030 1369 καὶ
1070 1317 1131 1370 τὸ
1173 1316 1246 1387 μὴ
1293 1317 1530 1370 τοιοῦτον
1574 1300 1923 1388 γνωρίζεται.

360 1413 487 1473 Τοῖς
523 1412 580 1464 δὲ
622 1400 696 1481 μὴ
732 1411 1055 1480 μετέχουσιν
1082 1409 1294 1477 ἀγαθοῦ
1330 1414 1424 1463 καὶ
1464 1412 1497 1479 ἡ
1536 1410 1690 1462 τοῦδε
1721 1409 1928 1475 γνῶσις

360 1504 460 1555 οὐκ
492 1502 768 1569 εῦκριτος.
808 1500 971 1553 Ὅθεν
1002 1501 1062 1553 ὃν
1094 1500 1250 1553 αὐτοὶ
1284 1500 1705 1570 μακαρίζουσιν,
1740 1498 1927 1552 ἄθλιον

362 1597 563 1647 ἐκεῖνοι
598 1594 880 1662 ἡγοῦνται·
909 1592 1000 1645 καὶ
1033 1591 1061 1644 ὃ
1099 1592 1354 1659 ζηλοῦσιν
1382 1593 1602 1656 ἐκεῖνοι,
1634 1588 1929 1659 φεύγουσιν

361 1686 492 1737 οἶδε.
543 1682 687 1737 Εἶεν.
729 1684 948 1736 Πολλῶν
978 1684 1032 1735 δὲ
1069 1682 1287 1753 θρήνων
1317 1682 1461 1746 ἄξιος
1494 1684 1707 1743 τούτοις
1742 1683 1927 1747 φαίνε-

362 1792 450 1826 ται
499 1778 704 1838 ἐκεῖνος
746 1776 984 1843 μάλιστα
1039 1775 1278 1838 πάντων,
1333 1776 1360 1825 ὁ
1407 1774 1547 1842 μήτε
1598 1772 1671 1825 ὣν
1723 1772 1925 1839 ἀγαθὸς

363 1866 546 1925 αὐτος,
574 1867 666 1916 καὶ
705 1868 816 1927 τοῖς
857 1864 1072 1925 πολλοῖς
1108 1865 1526 1932 λυμαινόμενος,
1567 1864 1658 1915 καὶ
1682 1862 1749 1914 δι’
1777 1864 1924 1915 ὲντε-
1957 1851 1995 1901 Β

362 1956 575 2024 λέχειαν
631 1957 881 2023 πράξεων
937 1955 1230 2024 μοχθηρῶν
1273 1956 1398 2024 μήτ’
1448 1949 1649 2006 ἐθέλων
1684 1956 1919 2024 χρηστὸς

336 2050 631 2119 γενέσθαι,
673 2050 811 2118 μήτε
857 2049 1156 2117 δυιάμενος
1207 2048 1434 2117 ἀμεῖψαι
1483 2048 1637 2117 τήνδε
1668 2048 1763 2117 τὴν
1807 2047 1920 2111 ἕξιν

334 2142 493 2209 ¹πρός
526 2158 578 2192 τι
608 2142 716 2192 τῶν
748 2140 1153 2208 ἐπαινουμένων
1195 2157 1251 2190 τε
1290 2140 1384 2191 καὶ
1402 2139 1605 2192 καλῶν.
1641 2134 1807 2199 Οὗτος
1831 2156 1921 2189 κο-

361 2232 488 2301 μιδῇ
519 2231 687 2300 κακία
736 2230 1036 2298 σύντροφος
1062 2227 1157 2291 ὣν,
1200 2230 1350 2297 παρὰ
1383 2229 1482 2297 μὲν
1508 2228 1617 2279 τῶν
1653 2228 1882 2279 ἐλεείται
1903 2244 1915 2256 ·

353 2324 496 2390 λέγω
541 2325 626 2393 δὴ,
660 2324 769 2374 τῶν
815 2323 912 2375 οὐκ
948 2322 1129 2384 ἐλέους
1182 2321 1367 2383 ἀξίων,
1422 2321 1540 2373 ἀλλ’
1581 2321 1873 2388 ἐγκωμίων
1904 2336 1917 2349 '

354 2415 505 2484 παρὰ.
555 2415 612 2466 δὲ
659 2414 768 2466 τῶν
800 2415 1043 2481 μισεῖται
1066 2427 1080 2441 ⁸
1110 2412 1222 2463 τῶν
1257 2412 1487 2479 μισητέα
1518 2410 1923 2479 διαπραττομέ-

356 2528 483 2574 νων,
531 2509 629 2560 καὶ
684 2506 987 2575 μισούντων
1045 2504 1310 2568 ἑαυτοὺς,
1360 2505 1407 2554 εί
1459 2502 1551 2553 καὶ
1608 2501 1914 2570 παράδοξον

284 2619 291 2623 -
358 2599 555 2649 εἰπεῖν.
605 2595 665 2650 Ὀ
716 2594 824 2664 γὰρ
872 2593 1127 2657 καθάπαξ
1187 2591 1418 2661 πονηρὸς
1449 2591 1733 2659 ἄνθρωπος
1786 2592 1922 2656 πρὸς

356 2687 434 2756 τῷ
485 2690 597 2750 τοῖς
644 2688 845 2739 εἰδόσιν
896 2686 1061 2739 αὑτὸν
1107 2686 1385 2755 μισεῖσθαι
1418 2686 1513 2737 καὶ
1538 2683 1921 2736 διαϐάλλεσθαι

359 2781 451 2832 καὶ
482 2778 658 2849 ἑαυτῷ
694 2779 921 2849 μισητός
954 2779 1095 2844 ἐστι,
1129 2779 1327 2848 τρόπον
1363 2778 1425 2847 δή
1471 2794 1594 2830 τινα
1630 2777 1921 2846 μισήσαντι

356 2871 433 2939 τῷ
490 2871 757 2923 συνειδότι
809 2870 909 2939 τὴν
944 2868 1250 2940 βδελυρίαν.
1283 2869 1463 2931 Ἀπας
1498 2869 1609 2937 γὰρ
1636 2865 1922 2936 ἄνθρωπος

353 2964 414 3016 τὸ
455 2964 707 3032 πονηρὸν,
762 2965 839 3025 ὡς
864 2961 1174 3032 ,ἀλλότριον
1205 2963 1260 3031 (ἡ
1290 2961 1395 3031 γὰρ
1435 2958 1602 3012 κακία
1636 2957 1920 3030 θύραθεν),

358 3058 418 3109 οὐ
446 3057 671 3109 δύναται
705 3055 780 3126 μὴ
818 3056 1018 3125 μισεῖνο
1060 3055 1248 3125 ὥσπερ
1271 3053 1367 3106 καὶ
1395 3053 1492 3124 τὴν
1520 3052 1739 3124 ἀρετὴν,
1771 3055 1923 3105 ἐπει-

2036 621 2145 672 tur,
2198 623 2299 662 nec
2334 607 2704 674 voluptatibus
2759 607 3055 673 inhiarent,
3093 622 3193 661 nec
3227 607 3391 661 vitam
3428 609 3601 679 ipsam

2035 701 2278 753 honesta:
2331 698 2488 752 fama:
2521 706 2933 767 anteponerent.
2972 698 3047 753 Ea
3073 712 3201 751 vero
3220 699 3435 755 virtutis
3464 704 3597 754 rami

2033 793 2251 861 quidam
2302 803 2452 855 sunt,
2484 805 2603 859 quae
2647 805 2906 859 germane
2957 805 3016 844 se
3044 791 3228 859 potitis
3258 806 3363 844 non
3404 792 3499 845 abs
3543 810 3599 845 re

2030 883 2288 938 sudorem
2312 882 2518 938 fructus
2535 883 2868 937 immortales
2886 884 3311 950 conservaverit,
3333 897 3455 936 cum
3487 885 3602 952 ipsa

2035 977 2185 1044 prius
2210 976 2278 1047 sit
2304 977 2595 1045 ejusmodi.
2622 974 2807 1031 Virtus
2823 964 2969 1030 enim
2999 990 3087 1030 res
3117 974 3446 1057 immortalis
3488 988 3596 1029 est.

2105 1067 2144 1120 Α
2178 1067 2335 1121 bonis
2362 1082 2493 1136 ergo
2516 1067 2649 1120 viris
2673 1068 2767 1135 qui
2799 1066 2937 1120 bene
2966 1066 3146 1119 vivere
3177 1068 3420 1135 cupiunt,
3453 1083 3607 1119 acce-

2033 1157 2193 1210 dente
2226 1158 2489 1224 sapientia
2519 1167 2573 1209 et
2603 1157 2871 1220 doetrina,
2902 1173 3023 1228 quae
3052 1169 3195 1211 recte
3216 1159 3319 1212 hoc
3354 1160 3598 1224 ipsorum

2032 1246 2364 1299 desiderium
2402 1248 2467 1300 ad
2514 1248 2679 1300 finem
2715 1254 2961 1315 optatum
3024 1254 3317 1317 perducere
3341 1260 3601 1319 possunt,

2032 1335 2195 1388 facile
2248 1337 2393 1404 quod
2429 1346 2719 1404 cognatum
2753 1348 2865 1403 est,
2902 1349 2996 1392 aut
3050 1355 3228 1401 secus,
3264 1346 3595 1410 agnosiritur.

2031 1429 2098 1480 At
2139 1429 2228 1496 qui
2270 1429 2561 1495 participes
2603 1429 2729 1482 hoai
2772 1446 2875 1484 non
2928 1444 3078 1495 sunt,
3135 1432 3200 1487 iis
3255 1435 3366 1488 lucc
3397 1436 3601 1505 agnitio

2033 1533 2222 1585 parum
2261 1516 2433 1599 facilis
2465 1529 2543 1572 est
2573 1528 2624 1571 et
2652 1521 2903 1586 expedita
2937 1537 3089 1590 :qno
3128 1522 3183 1575 lit
3215 1533 3272 1576 ut
3302 1539 3465 1592 quem
3498 1525 3597 1591 ipsi

2033 1610 2252 1663 beatum
2314 1612 2629 1679 pitedicant,
2684 1612 2830 1666 hunc
2887 1613 2963 1665 illi
2998 1616 3255 1667 miserum
3289 1626 3475 1681 putent
3504 1633 3517 1679 ;
3546 1626 3598 1670 et

2030 1705 2174 1770 quod
2230 1703 2305 1756 illi
2356 1704 2715 1764 admirantur,
2768 1705 2820 1757 hi
2870 1705 3096 1771 fugiant.
3132 1709 3207 1759 Ac
3235 1708 3304 1761 sit
3338 1710 3410 1761 ita
3442 1725 3594 1762 Sane.

2028 1792 2211 1848 Multis
2241 1806 2419 1848 autem
2454 1795 2703 1864 lacrymis
2736 1796 2934 1864 dignus
2967 1798 3050 1850 his
3081 1799 3323 1851 omnium
3355 1796 3591 1855 maxime

2030 1885 2239 1939 videtur
2260 1900 2398 1947 esse,
2424 1888 2515 1954 qui
2552 1902 2649 1940 nec
2675 1888 2789 1954 ipse
2824 1889 2996 1941 bonus
3023 1902 3125 1953 est,
3163 1900 3213 1942 et
3241 1893 3441 1943 multos
3462 1907 3595 1944 cor-

2026 1978 2248 2045 rumpit,
2277 1992 2339 2030 ac
2372 1990 2595 2046 propter
2626 1977 2931 2031 facinorum
2961 1980 3274 2032 vitiosarum
3300 1982 3601 2035 assiduita-

2025 2077 2154 2132 tem,
2213 2085 2388 2139 neque
2444 2071 2556 2123 fieri
2608 2072 2721 2123 vnlt
2750 2071 2945 2137 bonus,
2986 2089 3159 2140 neque
3217 2084 3423 2127 mutare
3450 2075 3597 2129 hunc

2024 2162 2272 2214 habitum
2309 2163 2360 2215 in
2397 2163 2724 2215 laudabilem
2777 2180 2837 2216 ac
2867 2165 3186 2232 priet-larum
3246 2174 3438 2233 potest.
3498 2166 3597 2221 llic

2022 2246 2301 2305 vitiositati
2327 2268 2557 2321 prorsus
2586 2253 2909 2317 innutritus,
2940 2255 3006 2306 ab
3038 2255 3120 2307 his
3145 2257 3587 2310 commiseratio-

2025 2356 2142 2394 neni
2174 2344 2425 2412 impetrat
2453 2344 2540 2413 (de
2571 2344 2674 2397 illis
2701 2343 2914 2413 loquor,
2953 2344 3045 2414 qui
3078 2363 3186 2401 non
3220 2349 3593 2409 miseratione,

2038 2436 2131 2487 scd
2163 2436 2414 2489 laudibus
2456 2437 2602 2506 digni
2630 2437 2802 2505 sunt),
2841 2438 2946 2491 illis
2975 2439 3027 2491 in
3066 2439 3190 2492 odio
3215 2450 3315 2504 est,
3346 2443 3598 2507 quicdio

2029 2527 2287 2578 nimirum
2332 2529 2498 2595 digna
2548 2540 2831 2597 peragunt,
2863 2546 2925 2582 ac
2953 2530 3160 2596 seipsos
3191 2532 3440 2594 oderunt,
3470 2533 3596 2585 licet
3664 2553 3681 2569 ο

2025 2616 2127 2670 hoc
2172 2618 2317 2670 dictu
2346 2620 2601 2687 quiddam
2650 2636 2857 2682 ,noi'nm
2919 2621 2987 2674 sit
3012 2632 3064 2675 ct
3096 2623 3357 2676 insolens.
3416 2623 3588 2674 llomo

2025 2724 2258 2776 namque
2301 2725 2528 2777 prorsus
2586 2712 2887 2778 improbus,
2943 2720 3301 2780 praeterquam
3354 2712 3595 2780 quodiis

2024 2799 2224 2868 quibus
2245 2811 2327 2855 est
2350 2812 2532 2867 notus,
2556 2804 2607 2855 in
2630 2804 2755 2856 odio
2784 2814 2939 2857 estet
2966 2804 3397 2873 reprelienditur,
3423 2806 3587 2858 etiam

2025 2892 2140 2962 ipse
2191 2908 2248 2947 se
2300 2896 2459 2946 modo
2509 2897 2740 2962 quodam
2781 2896 2919 2959 odit,
2946 2896 3210 2964 cumcjus
3255 2898 3594 2950 conscientia

2006 2985 2384 3057 ,sceleritatem
2437 2988 2563 3039 odio
2605 2998 2987 3056 pcrsiequatur.
3032 2988 3223 3042 O.nnis
3256 2990 3397 3042 enim
3428 2993 3589 3043 homo

2024 3080 2168 3147 quod
2195 3079 2501 3148 improbum
2527 3090 2632 3143 est,
2684 3082 2830 3133 velut
2863 3083 3101 3135 alienum
3161 3082 3415 3145 quiddam
3446 3083 3593 3152 (nam

356 3150 452 3200 δᾶν
484 3148 654 3217 αὐτὴν
686 3147 869 3210 καλῶς
898 3148 1194 3220 καταμάθῃ
1240 3145 1445 3215 ἀγαθὸν
1472 3148 1565 3199 καί
1594 3148 1641 3199 οἱ
1673 3149 1916 3215 γνήσιον,

2024 3172 2258 3225 extraria
2289 3172 2553 3225 vitiositas
2576 3173 2701 3239 est),
2733 3188 2837 3225 non
2870 3183 3042 3239 potest
3067 3187 3170 3225 non
3194 3172 3376 3226 odisse
3404 3190 3418 3227 :
3447 3174 3589 3228 sicut

357 3240 417 3290 οῦ
479 3238 701 3291 δύναται
754 3238 827 3308 μὴ
864 3238 1063 3307 φιλεῖν.
1110 3239 1172 3291 '0
1203 3238 1381 3292 τοίνυν
1428 3238 1702 3311 μοχθηρίᾳ
1742 3239 1920 3302 συζῶν

356 3332 581 3394 ἀτόπως
622 3333 763 3400 ἄγαν
805 3331 1103 3392 διάκειται,
1137 3335 1255 3394 ταῖς
1298 3331 1543 3402 γνώμαις
1574 3332 1694 3402 δίχα
1724 3331 1917 3403 τεμνό-

359 3443 542 3494 μενος,
569 3425 666 3478 καὶ
705 3425 1006 3479 κινδυνεύει
1050 3425 1110 3477 τὸ
1139 3425 1255 3477 κατ’
1291 3424 1452 3477 αὑτὸν
1489 3425 1769 3495 αἰνίγματι
1812 3426 1921 3479 ἐοι-

356 3518 530 3582 κέναι,
564 3516 795 3585 φιλεῖτε
830 3519 937 3586 γὰρ
974 3516 1089 3585 ἅμα
1120 3515 1305 3582 αὑτὸν,
1354 3515 1430 3586 τῷ
1492 3516 1568 3585 μὴ
1609 3516 1707 3587 τὴν
1755 3517 1916 3584 φύσιν

359 3608 705 3680 ἀρνήσασθαι
738 3608 1022 3675 δύνασθαι,
1065 3610 1160 3663 καὶ
1189 3608 1390 3677 τρόπον
1418 3608 1605 3677 ἕτερον
1642 3611 1791 3677 μισεῖ
1829 3610 1919 3661 διὰ

290 3760 293 3763 _
358 3703 457 3773 τὴν
488 3700 701 3772 φαύλην
728 3701 1075 3771 προαίρεσιν,
1109 3703 1205 3755 καὶ
1239 3701 1383 3772 ζωὴν
1429 3701 1733 3771 μετάμελον
1778 3704 1922 3754 ὲκεί-

357 3812 434 3863 νῳ
470 3793 851 3863 παρεχομένην
898 3792 1043 3844 ἕλκει
1074 3793 1359 3862 διηνεκῶς.
1398 3793 1473 3845 Τὸ
1511 3794 1619 3862 γὰρ
1660 3793 1734 3862 μὴ
1775 3794 1920 3845 κατὰ

358 3886 548 3955 καιρὸν
586 3885 778 3954 χάριεν
826 3883 1018 3935 λυπεῖν
1067 3884 1285 3951 ἀνάγκη
1323 3882 1639 3951 μετέπειτα.
1677 3884 1918 3952 Λήξαντι

355 3979 462 4045 γὰρ
514 3974 801 4028 ἀκολουθεῖ
834 3972 1166 4037 τούναντίον,
1194 3973 1335 4026 κατὰ
1365 3973 1650 4027 Πλάτωνα.
1683 3974 1791 4027 Καὶ
1825 3972 1918 4025 τοῦ

355 4069 509 4138 ἡδέος
534 4067 595 4119 τὸ
625 4065 871 4136 λυπηρὸν
898 4064 1307 4136 διαρκέστερον.
1327 4065 1533 4117 Ἐκεῖνο
1565 4065 1665 4132 μὲν
1704 4066 1808 4135 γὰρ
1840 4065 1919 4134 τῷ

356 4158 457 4229 βίῳ
488 4157 665 4227 τούτῳ
692 4155 1040 4226 συντελευτᾷ,
1084 4156 1151 4224 ἢν
1182 4157 1275 4207 ἐπὶ
1316 4156 1582 4224 μήκιστον
1630 4152 1757 4226 ἐ).οῃ
1786 4156 1914 4224 χρό-

355 4266 463 4303 νον·
491 4250 550 4303 τὺ
588 4249 643 4302 δὲ
690 4249 897 4301 λυποῦν
947 4249 1371 4315 συμπαραμὲνει
1403 4250 1467 4316 τῇ
1520 4248 1689 4317 ψυχῇ.
1733 4249 1918 4313 υῦτως

356 4342 673 4413 ἀσύμφορον
720 4342 781 4393 τὸ
822 4341 1016 4404 κακὸν,
1050 4339 1193 4405 λέγω
1223 4339 1285 4408 δὴ
1316 4341 1377 4392 τὺ
1415 4342 1523 4399 τοῖς
1553 4345 1739 4403 κακοῖς
1773 4343 1919 4411 ἡμᾶς

357 4434 548 4494 αὐτοὺς
587 4431 871 4485 ἐκδιδόναι.
916 4431 976 4482 Εἰ
1020 4430 1095 4499 μὴ
1146 4430 1253 4499 γὰρ
1288 4431 1524 4498 ἐμαυτὸν
1557 4431 1772 4500 ὲκδοίην
1804 4434 1918 4493 τοῖς

2023 3272 2077 3316 et
2105 3264 2328 3326 virtute,
2387 3274 2739 3332 posteaquam
2775 3275 2920 3317 recte
2954 3264 3272 3332 cognoverit
3317 3282 3435 3318 eam
3467 3280 3588 3317 esse

2020 3355 2223 3411 bonum
2249 3357 2549 3425 quidpiam.
2577 3356 2789 3424 sibique
2810 3366 3121 3423 cognatum,
3151 3372 3256 3409 non
3278 3366 3448 3424 potest
3476 3373 3588 3409 non

2020 3463 2205 3503 arnore
2263 3449 2542 3516 prosequi.
2577 3448 2680 3512 Qui
2714 3464 2845 3516 ergo
2878 3448 3195 3501 vitiositatis
3246 3457 3329 3500 cst
3352 3450 3496 3500 velut
3532 3449 3585 3500 in

2020 3539 2402 3605 contubernio,
2461 3541 2599 3593 miro
2638 3540 2876 3607 quodam
2903 3551 2953 3593 et
2984 3540 3221 3592 absurdo
3257 3536 3483 3592 affectus
3512 3550 3595 3591 est

2022 3631 2203 3695 modo,
2256 3647 2377 3683 cum
2418 3630 2703 3685 sententiis
2767 3632 2934 3683 annui
2986 3630 3236 3683 bifariam
3268 3631 3587 3683 seindatur:

2022 3720 2265 3784 adeoque
2296 3736 2483 3786 parum
2512 3720 2683 3785 abest,
2705 3728 2844 3787 quod
2875 3721 3049 3789 ipsum
3078 3720 3289 3779 attinet,
3309 3720 3437 3787 quin
3464 3721 3593 3774 aeni-

2023 3811 2183 3878 gmati
2215 3809 2407 3862 similis
2436 3811 2523 3863 sit.
2553 3809 2682 3863 Nam
2710 3811 2871 3864 simul
2901 3812 3137 3878 seipsum
3175 3821 3223 3863 ct
3249 3810 3583 3878 diligit,cum

2023 3909 2269 3952 naturam
2299 3900 2523 3952 inliciari
2547 3910 2796 3965 nequeat,
2823 3910 2876 3953 et
2898 3901 3003 3953 alio
3028 3902 3187 3953 modo
3205 3901 3435 3968 quodam
3453 3903 3587 3965 odit,

2020 3991 2318 4073 voluntatis
2343 4007 2525 4057 pran
2559 4007 2762 4055 causa;
2798 3991 3071 4060 vitamque
3122 4002 3380 4061 perpetuo
3412 3995 3591 4061 pinni-

2023 4083 2243 4138 tentiam
2271 4084 2318 4137 ci
2352 4084 2652 4151 parientem
2682 4086 2873 4155 exigit.
2902 4083 3036 4137 Nam
3070 4087 3208 4151 quod
3244 4087 3440 4140 bonum
3479 4103 3587 4140 non

2021 4188 2124 4241 est,
2180 4192 2286 4243 quo
2325 4186 2565 4243 tempore
2618 4176 2915 4244 peragitur,
2950 4177 2999 4230 id
3052 4179 3306 4246 deinceps
3341 4180 3585 4233 dolorrm

2022 4268 2203 4335 gignat
2252 4282 2475 4320 necesse
2512 4276 2632 4330 est;
2673 4276 2958 4334 postquam
2991 4270 3133 4321 enim
3183 4267 3369 4334 desiit,
3406 4270 3584 4323 diver-

2022 4373 2139 4409 sum
2176 4358 2440 4424 sequitur,
2480 4368 2536 4409 ut
2572 4357 2648 4408 ait
2698 4356 2870 4411 Plato.
2909 4357 2974 4411 Et
3013 4358 3165 4411 dolor
3196 4360 3471 4426 voluptate
3490 4364 3590 4414 du-

2024 4446 2248 4499 rahilior
2270 4455 2371 4499 est.
2404 4440 2529 4499 llzcc'
2560 4448 2703 4500 enim
2735 4464 2856 4501 eum
2884 4449 2984 4502 hac
3010 4449 3117 4503 vita
3152 4449 3372 4515 desinit,
3398 4452 3444 4505 si
3467 4467 3586 4504 ma-

354 4524 449 4576 οῦκ
479 4526 783 4593 ὀνήσουσιν,
815 4522 916 4573 οὐκ
962 4520 1026 4573 ἂν
1055 4522 1236 4572 ἐκεῖνα
1267 4522 1486 4573 δύναιτο
1533 4522 1819 4591 βλάπτειν.
1854 4523 1916 4576 '0

2025 4530 2166 4583 xime
2216 4532 2536 4584 diuturnum
2593 4542 2809 4602 tempus
2836 4536 3103 4605 attingat;
3163 4546 3217 4591 at
3250 4512 3379 4593 vero
3434 4541 3589 4592 dolor

360 4616 538 4684 μέντοι
567 4615 800 4683 χρηστὸς
830 4612 1115 4680 ἄνθρωπος
1148 4614 1289 4676 φιλεῖ
1326 4613 1424 4680 μὲν
1466 4614 1719 4683 καθαρῶς
1754 4616 1918 4669 αὑτὸν

354 4707 451 4774 τῆς
480 4691 705 4775 περὶτὰ
750 4704 1055 4772 πράγματα
1104 4702 1348 4770 γνώμης,
1394 4703 1652 4773 ἡδόμενος
1699 4706 1760 4758 δὲ
1792 4707 1914 4759 δια-

355 4798 499 4848 τελεί
526 4795 721 4864 ἡδονὴν
756 4795 853 4845 σὺν
884 4793 961 4861 τῷ
993 4793 1144 4861 καλῷ
1177 4796 1291 4855 τοῖς
1328 4796 1422 4861 τῆς
1456 4796 1756 4865 εὐθύτητος
1786 4800 1915 4868 τρό-

356 4905 500 4949 ποις.
529 4888 600 4937 Οὐ
626 4886 918 4951 διαιρεῖται
944 4886 1069 4946 τοὺς
1102 4885 1416 4954 λογισμοὶκ,
1441 4887 1628 4957 ὥσπερ
1655 4892 1681 4942 ὁ
1713 4890 1916 4956 φαῦλος

354 4981 577 5037 ἐκεῖνος’
613 4974 728 5026 ἀλλ’
758 4974 903 5025 ἔστιν
938 4974 966 5024 ὁ
993 4973 1154 5033 αὐτὸς
1181 4974 1288 5038 ἀεὶ,
1336 4975 1427 5025 καλ⁵
1454 4977 1654 5046 ἑαυτῷ,
1684 4979 1777 5031 καὶ
1802 4982 1916 5042 τοῖς

353 5065 517 5118 εἰδόσι
550 5065 841 5134 σύμφωνος
894 5064 987 5117 ὢν.
1038 5059 1131 5125 Οἷς
1187 5065 1295 5132 γὰρ
1329 5065 1671 5135 θαυμάζουσι
1699 5069 1912 5134 τοῦτον,

351 5155 450 5223 τὴν
479 5152 634 5216 δόξαν
669 5152 817 5222 αὐτῷ
842 5152 1182 5205 πιστοῦνται.
1219 5155 1327 5205 Καὶ
1368 5156 1474 5225 μὴν
1504 5158 1530 5207 ὁ
1560 5158 1738 5211 πάντα
1777 5162 1915 5230 ἀγα-

350 5248 443 5310 θὸς
488 5244 682 5315 φθόνου
741 5245 838 5314 μὲν
882 5243 1152 5311 ἀνώτερος
1183 5245 1407 5314 ἕστηκε,
1450 5247 1638 5314 μίσους
1668 5250 1723 5301 δὲ
1758 5234 1912 5315 ἐκτός

306 5338 315 5341 ’
351 5343 488 5404 ἐστι,
533 5341 627 5392 καὶ
673 5337 888 5390 οἱανοῦν
929 5338 1227 5406 ἀπέχθειαν
1270 5341 1403 5408 παρ’
1432 5342 1609 5394 οὐδέσι
1655 5346 1913 5416 κέκτηται

347 5430 458 5481 τῶν
502 5432 922 5499 σωφρονούντων
975 5429 1315 5498 ἀνθρώπων’
1374 5433 1493 5484 ἀλλ’
1540 5434 1652 5502 ἔχει
1706 5438 1912 5499 πάντας

349 5519 476 5589 ἑξῆς
506 5512 749 5581 casis-0'3;
778 5520 869 5571 καὶ
904 5521 1263 5589 βουλομένους
1288 5524 1380 5575 καὶ
1410 5526 1740 5591 εὐχομένους
1765 5530 1912 5598 αύτῷ

323 5615 415 5661 ,τὰ
449 5610 712 5663 κάλλιστά
755 5627 814 5662 τε
845 5615 938 5665 καὶ
976 5613 1281 5680 τιμιώτατα
1315 5614 1401 5666 διὰ
1437 5616 1533 5684 τὴν
1566 5619 1664 5685 τῆς
1706 5621 1912 5691 ἀρετῆς

349 5702 686 5773 τελειότητα,
741 5705 776 5773 ἦ
835 5721 893 5756 τε
944 5705 1120 5775 τούτῳ
1152 5707 1398 5773 γίγνεται
1441 5712 1662 5779 κόσμος,
1698 5718 1791 5767 καὶ
1819 5718 1909 5782 ὑφ’

302 5794 305 5795 ⁷
351 5786 412 5849 οὗ
438 5792 494 5846 τὺ
528 5795 639 5847 ἴσον
671 5794 808 5865 αῦτη
838 5796 1127 5867 λαμϐάνει.
1176 5798 1283 5853 Καὶ
1309 5802 1367 5853 τὸ
1406 5801 1469 5871 δὴ
1504 5803 1763 5871 μέγιστον
1812 5809 1904 5859 καὶ

2021 4638 2142 4674 cum
2170 4623 2285 4690 ipso
2312 4623 2473 4676 durat
2491 4625 2693 4678 animo.
2716 4623 2899 4695 Usque
2924 4627 3060 4681 adeo
3085 4628 3307 4682 noxium
3337 4637 3419 4684 est
3439 4632 3584 4698 quod

2021 4715 2340 4767 malum'hoc
2358 4725 2462 4776 est,
2495 4715 2643 4768 vitiis
2675 4726 2886 4769 nosmet
2934 4718 3185 4773 addicere
3216 4736 3230 4773 :
3257 4720 3455 4789 quippe
3478 4723 3583 4775 nisi

2021 4808 2286 4874 meipsum
2316 4808 2628 4861 addicerem
2657 4824 2763 4862 non
2798 4810 3121 4878 profuturis,
3144 4812 3230 4865 illa
3274 4824 3359 4868 me
3390 4814 3582 4868 laedere

2023 4897 2171 4949 nullo
2199 4897 2367 4949 modo
2400 4904 2644 4965 possent.
2677 4896 2864 4953 Bonus
2882 4912 3061 4954 autem
3096 4902 3179 4955 vir
3197 4912 3250 4956 et
3271 4904 3448 4974 diligit
3471 4908 3583 4960 sino

2021 5000 2144 5038 θοι-ε
2181 4984 2441 5053 seipsum,
2482 4996 2707 5054 propter
2736 4986 2790 5039 id
2820 4988 2887 5041 de
2939 4989 3102 5044 rebus
3131 4990 3437 5059 judicium,
3470 5012 3583 5064 quo

2026 5076 2280 5144 praeditus
2324 5085 2425 5141 est,
2453 5086 2506 5130 et
2531 5079 2803 5145 voluptate
2836 5087 3093 5148 perpetua
3116 5079 3311 5136 fruitur
3332 5100 3453 5138 cum
3484 5089 3585 5140 lto-

2020 5175 2196 5228 nesto,
2225 5180 2324 5219 nec
2359 5166 2477 5220 sine
2521 5168 2654 5222 recti
2689 5168 2933 5234 ratione;
2976 5184 3081 5223 non
3136 5171 3286 5226 illius
3348 5178 3583 5244 tmprohi

2020 5272 2170 5311 more
2220 5258 2642 5327 cogitationibus
2693 5261 2976 5328 dividitur,
3041 5263 3135 5317 sed
3192 5280 3406 5334 semper
3433 5268 3575 5320 idem

2017 5360 2117 5410 est,
2150 5362 2312 5418 atque
2340 5360 2446 5404 tam
2494 5367 2676 5405 secum
2712 5352 2829 5422 ipse
2870 5369 3032 5423 quam
3080 5370 3204 5409 cum
3242 5357 3343 5420 iis,
3380 5360 3583 5426 quibus

2016 5452 2097 5494 est
2129 5451 2308 5507 notus,
2343 5443 2638 5508 consentit,
2669 5446 2871 5514 quippe
2897 5447 3023 5500 dum
3056 5448 3332 5501 hominem
3378 5450 3451 5501 illi
3481 5452 3579 5502 ad-

2020 5533 2305 5599 mirantur,
2332 5535 2651 5602 0pinioncm
2687 5537 2811 5604 ejus
2847 5538 3196 5591 confirmant.
3232 5538 3370 5601 Quin
3411 5542 3579 5591 etiam

2017 5626 2239 5681 omnino
2269 5628 2443 5681 bonus
2493 5629 2582 5682 ille
2644 5645 2809 5697 supra
2844 5645 3061 5684 onmem
3086 5631 3296 5697 positus
3327 5640 3411 5681 est
3440 5632 3580 5685 invi.-

2016 5716 2184 5779 dium,
2215 5728 2264 5769 et
2285 5718 2413 5772 odio
2439 5730 2612 5784 caret,
2652 5736 2754 5773 nec
2788 5721 3108 5775 inimicitias
3146 5720 3308 5772 ullius
3331 5721 3486 5787 probi
3519 5740 3583 5778 ac

2017 5807 2251 5862 modesti
2301 5809 2535 5869 hominis
2563 5811 2860 5880 experitur:
2901 5811 2994 5865 sed
3021 5825 3211 5866 omnes
3242 5810 3417 5866 bonos
3453 5831 3580 5884 ergo
