4098 6272
590 423 698 491 4ὶ9

1766 428 2162 489 MANUELIS
2200 427 2646 488 PAL£OLOGI

3741 423 3871 491 42)

594 559 654 597 se
696 540 774 597 sic
808 541 1029 595 allectos
1071 540 1253 605 liabet,
1305 540 1430 595 utei
1467 549 1577 593 tum
1602 550 1829 610 optima,
1867 550 1976 595 tum
2006 543 2154 595 Itoncl

2281 542 2582 612 ὑπερφυὲς,
2615 540 2939 611 φιλούμενός
2963 542 3109 594 ἐστιν
3136 539 3291 605 οὗτος
3317 540 3415 610 οὐχ
3446 541 3625 611 ἐαυτῷ
3658 542 3865 614 μόνον,

592 633 835 686 stissima
867 645 1095 700 qumque
1134 631 1303 684 velint
1326 640 1381 685 et
1413 638 1633 700 optent,
1665 631 1735 685 ob
1764 630 2157 700 perfectionem

590 725 831 786 virtutis,
877 739 997 792 qua:
1030 733 1088 776 ut
1116 723 1191 776 illi
1244 733 1569 778 ornamento
1593 734 1697 789 est,
1726 726 1805 777 sic
1841 734 1895 778 et
1930 724 2046 793 ipsa
2080 725 2162 777 vi-

587 813 774 867 cissim
804 814 873 865 ab
897 828 963 866 eo
1003 828 1100 882 par
1149 825 1526 868 ornamentum
1556 815 1771 884 accipit.
1826 813 1983 880 Quod
2011 814 2166 869 deni-

586 920 693 973 que
720 904 1023 957 maximum
1060 912 1112 956 et
1144 905 1357 973 insigne
1374 905 1631 973 quiddam
1671 914 1774 970 est,
1804 922 1908 959 non
1936 906 2023 960 hic
2052 922 2081 960 a
2106 922 2165 961 se

588 996 707 1064 ipso
733 1004 945 1049 tantum
1009 996 1278 1064 diligitur,
1302 1006 1355 1050 et
1398 996 1556 1051 bonis
1596 996 1755 1061 viris,
1784 1013 1972 1052 verum
1998 1001 2162 1052 etiam

588 1089 777 1153 malis;
838 1104 938 1141 nec
980 1087 1031 1140 id
1088 1105 1220 1142 sane
1270 1088 1970 1154 mirum.Quemadmodum
2000 1092 2145 1145 enim

588 1181 751 1235 homo
779 1196 979 1248 pravus
1015 1189 1177 1232 etiam
1210 1180 1309 1249 ipsi
1344 1181 1450 1234 sibi
1476 1190 1559 1235 est
1584 1183 1710 1236 odio
1740 1193 1964 1252 propter
1992 1183 2165 1237 vitio-

586 1274 825 1337 sitatem,
848 1273 1039 1327 eodem
1066 1272 1226 1326 modo
1258 1273 1436 1329 bonus
1461 1274 1528 1328 ab
1552 1274 1815 1343 improbis
1834 1291 2050 1345 quoque
2076 1275 2160 1330 di-

584 1367 788 1437 ligitur,
816 1384 938 1421 cum
972 1368 1039 1420 ab
1061 1368 1141 1421 eis
1172 1368 1296 1422 talis
1336 1383 1456 1423 esse
1490 1370 1823 1438 conspicitur
1857 1372 2033 1440 qualis
2054 1379 2161 1425 est.

504 1452 507 1455 ’
584 1460 786 1527 Nequit
817 1467 1001 1513 autem
1048 1460 1258 1517 [ierint
1315 1460 1480 1515 situm
1531 1476 1695 1530 supra
1729 1471 1967 1517 montem
2001 1463 2161 1530 oppi-

585 1550 713 1603 dum
762 1550 1149 1602 abscoudatnr.
1194 1548 1311 1601 Non
1343 1550 1486 1603 enim
1541 1550 1811 1619 permittit
1841 1551 1982 1604 Deus
2014 1558 2072 1603 ut
2105 1549 2158 1603 in

585 1641 803 1695 occulto
858 1643 1031 1695 virtus
1071 1640 1335 1709 patefacta
1392 1641 1600 1695 nemini
1652 1650 1887 1708 maneat,
1933 1658 2057 1696 cum
2103 1650 2163 1695 ut

588 1736 759 1801 ipsam
782 1733 991 1786 honore
1013 1731 1231 1794 alliciat,
1262 1740 1319 1784 ut
1339 1733 1595 1801 equidem
1622 1733 1882 1797 arbitror,
1903 1744 1957 1789 et
1984 1733 2160 1788 alum-

582 1841 711 1879 num
756 1825 899 1893 ejus,
939 1834 1050 1877 tum
1087 1833 1146 1877 ut
1171 1840 1365 1878 omnes
1420 1824 1485 1878 ad
1522 1826 1725 1879 bonum
1752 1826 1973 1879 excitet.
2002 1826 2161 1894 (legit

581 1918 727 1970 enim
761 1917 937 1971 modis
964 1916 1219 1969 omnibus
1266 1924 1324 1969 ut
1352 1915 1575 1969 domum
1613 1930 1768 1969 suam
1805 1918 2049 1970 convivis
2073 1933 2159 1971 re-

581 2013 745 2081 pleat.
788 2025 857 2063 ne
896 2009 963 2062 ab
1015 2008 1109 2060 illo
1140 2008 1338 2063 exuuio
1390 2008 1680 2076 quisquam
1712 2009 1869 2077 epulo
1904 2009 2159 2064 exclusus

582 2104 746 2157 absit.
783 2102 949 2170 Atqui
986 2101 1030 2152 si
1062 2101 1236 2152 virtus
1276 2099 1399 2154 aliis
1429 2101 1728 2168 pateﬁeret,
1763 2116 1862 2155 nec
1900 2101 2159 2170 diligere-

581 2203 669 2249 tur
697 2210 726 2248 a
757 2208 1056 2262 quoquam,
1090 2206 1187 2245 nec
1206 2191 1554 2244 admirationi
1579 2200 1746 2255 esset,
1778 2193 1952 2246 instar
1972 2193 2160 2262 splen-

580 2286 759 2339 dentis
807 2285 950 2344 auri,
990 2282 1132 2351 quod
1172 2283 1353 2335 adhuc
1400 2290 1561 2335 terra:
1603 2284 1927 2350 pennis-tum
1968 2292 2073 2347 est,
2106 2291 2158 2336 ct

578 2392 805 2447 gemma:
835 2374 1139 2444 pellucide,
1169 2375 1222 2426 in
1258 2373 1497 2427 tenebris
1521 2374 1639 2426 sitae
1668 2392 1681 2427 :
1728 2374 1839 2427 imo
1865 2375 2048 2443 potius
2081 2390 2148 2429 ex

577 2484 662 2533 ea,
716 2482 1063 2535 nequaquam
1102 2464 1422 2518 inmedium
1455 2465 1742 2533 producta,
1785 2480 1945 2518 nemo
1982 2481 2139 2535 pror-

582 2574 679 2612 sus
706 2558 839 2611 lucri
870 2556 1168 2625 quidquam
1201 2570 1397 2624 capere
1424 2566 1646 2625 posset;
1670 2555 1870 2626 quippe
1892 2556 2157 2611 virtusin-

576 2650 763 2704 cﬂicax
796 2650 1114 2703 omnicaret
1140 2658 1493 2713 ornamento,
1524 2650 1745 2719 quando
1783 2664 1848 2703 ne
1872 2650 2002 2721 lyra:
2029 2651 2154 2720 qui-

478 2814 480 2817 .
574 2742 696 2796 dem
728 2752 874 2797 recte
902 2744 1187 2795 instructa:
1221 2741 1368 2795 ullus
1396 2751 1481 2796 est
1523 2758 1677 2805 usus,
1708 2743 1755 2797 si
1788 2759 1944 2798 nemo
1969 2745 2039 2799 sit
2063 2744 2153 2813 qui

574 2832 814 2884 chordas
868 2832 1039 2900 perite
1073 2832 1271 2899 pulset.
1310 2830 1440 2883 Nam
1467 2833 1683 2902 egregia
1718 2849 1805 2888 res
1837 2834 2011 2889 virtus
2044 2844 2150 2900 est,
2204 2883 2220 2901 ,

574 2922 854 2991 egregium
886 2922 1147 2991 quiddam
1174 2924 1391 2977 virtutis
1418 2924 1633 2989 cultor;
1679 2925 1773 2979 sed
1809 2925 2046 2979 alterum
2075 2928 2153 2979 al-

578 3015 749 3069 terius
776 3015 1019 3083 indiget,
1047 3017 1111 3069 ad
1146 3034 1338 3069 manus
1372 3027 1534 3085 atque
1561 3019 1800 3072 dolabrae
1830 3020 2153 3074 similitudi-

578 3122 722 3160 nem.
758 3107 852 3162 Est
873 3118 1050 3161 autem
1080 3111 1293 3178 proprie
1312 3109 1484 3163 virtus
1508 3110 1709 3164 bonum
1733 3110 1876 3179 quod
1896 3127 1925 3165 a
1947 3113 2153 3168 sciente

2266 630 2360 682 καὶ
2402 633 2515 692 τοῖς
2555 630 2788 701 ἀνδράσι
2840 632 2953 693 τοῖς
2987 630 3238 697 ἀγαθοῖς,
3288 630 3423 684 ἀλλὰ
3472 631 3539 702 δὴ
3583 633 3681 685 καὶ
3732 635 3870 697 τοῖς

2265 724 2478 786 κακοῖς.
2535 724 2643 776 Καὶ
2691 722 2854 777 τοῦτο
2900 725 2962 777 ού
2997 724 3337 793 θαυμαστόν.
3379 726 3651 798 Καθάπερ
3679 726 3797 797 γὰρ
3829 731 3866 782 ὁ

2267 815 2509 884 πονηρὸς
2541 814 2832 885 ἄνθρωπος
2870 816 2965 869 καὶ
3009 816 3189 887 ἐαυτῷ
3218 817 3449 888 μισητός
3478 820 3595 872 ἐστι
3620 819 3709 873 διὰ
3739 819 3863 889 τὴν

2264 907 2488 971 κακίαν,
2520 909 2732 960 τουτονὶ
2781 908 2874 961 τὸν
2919 908 3124 977 τρόπον
3151 908 3178 960 6
3209 907 3415 976 ἀγαθὸς
3456 910 3549 962 καὶ
3586 909 3692 963 ὑπὸ
3725 911 3857 962 τῶν

2266 1000 2490 1067 φαύλων
2521 1001 2761 1070 φιλεῖται
2788 1040 2802 1067 ,
2838 1001 3030 1070 φανεὶς
3062 1001 3294 1064 ἐκείνοις
3320 995 3432 1065 οἷός
3459 1003 3629 1058 ἐστιν.
3674 1003 3856 1058 Ἀδύ-

2264 1107 2423 1144 νατον
2464 1090 2519 1142 δέ
2568 1092 2838 1163 κρυϐῆναι
2880 1090 3069 1155 πόλιν,
3107 1091 3294 1145 ἐπάνω
3339 1093 3498 1163 ὅρους
3549 1093 3848 1162 κειμένην.

2279 1182 2338 1235 Ὀ
2368 1181 2478 1253 γὰρ
2510 1182 2642 1247 Θεὸς
2671 1184 2770 1253 τὴν
2799 1185 3001 1255 ἀρετὴν
3029 1188 3130 1239 οὐκ
3161 1187 3536 1239 ἀνεπίδεικτον
3561 1187 3852 1255 συγχωρεῖ

2267 1274 2476 1345 μένεινο
2510 1276 2679 1346 αὑτήν
2702 1293 2783 1341 τε,
2814 1273 2989 1346 οἴμαι,
3015 1277 3215 1349 τιμῶν,
3253 1279 3348 1330 καὶ
3384 1278 3477 1330 τὸν
3501 1277 3673 1347 αὐτῆς
3708 1278 3843 1345 τρό-

2265 1385 2456 1438 φιμον,
2518 1368 2614 1420 καὶ
2661 1367 2799 1438 πρός
2838 1385 2901 1435 γε
2942 1368 3021 1421 ἐτι
3055 1370 3392 1439 παρακαλῶν
3422 1371 3503 1431 είς
3531 1370 3591 1421 τὸ
3621 1370 3841 1436 ἀγαθὶν

2264 1460 2533 1521 ἅπαντας.
2582 1454 2908 1527 Ἀναγκάζει
2966 1460 3076 1530 γάρ
3127 1462 3306 1514 πάντα
3341 1463 3567 1526 τρόπον,
3621 1462 3687 1513 ἶν’
3721 1463 3830 1530 ἐμ-

2263 1549 2446 1619 πλήσῃ
2472 1549 2813 1618 δαιτυμόνων
2840 1550 2988 1618 αὐτῷ
3036 1551 3129 1602 τὸν
3180 1546 3349 1616 οἷκον,
3377 1551 3453 1611 ὡς
3484 1550 3681 1621 μηδένα
3715 1568 3849 1603 στε-

2266 1639 2505 1711 ρηθῆναι
2573 1641 2672 1709 τῆς
2706 1641 2876 1711 καλῆς
2912 1641 3117 1712 θοίνης.
3152 1644 3261 1696 Καὶ
3300 1643 3405 1713 μὴν
3462 1644 3511 1695 εί
3563 1642 3845 1695 ἁνεπδει-

2270 1747 2398 1793 κτος
2450 1727 2518 1800 ἦν
2563 1731 2818 1801 ἡάρετὴ,
2848 1730 2960 1784 οὔτ’
3006 1731 3073 1785 ἂν
3118 1732 3257 1795 ὅλως
3312 1734 3568 1801 ἐφιλεῖτο,
3619 1732 3732 1785 οὒτ’
3769 1736 3844 1786 ἂν

2267 1819 2610 1899 ἐθαυμάζετο
2656 1826 2788 1889 παρ’
2813 1820 3124 1874 οὑτινοσοῦν
3176 1823 3287 1874 τῶν
3344 1822 3840 1899 ἁπάντων·ῶσπερ

2193 1886 2231 1943 Β
2264 1912 2359 1962 καὶ
2394 1888 2600 1982 χρυσὸς
2653 1886 2908 1981 λαμπρὸς
2936 1952 2950 1977 ,
3000 1916 3066 1982 τῇ
3118 1916 3187 1984 γῇ
3242 1891 3548 1984 φυρόμενος
3586 1914 3666 1966 ἔτι
3690 1956 3703 1978 ,
3737 1886 3839 1965 καὶ

2262 2002 2534 2072 διαφανής
2572 2020 2657 2065 τις
2704 2003 2875 2069 λίθος,
2911 2007 2967 2056 ἐν
3015 2006 3196 2057 σκότει
3224 2006 3499 2074 κείμενος.
3538 2006 3751 2059 Μᾶλλον
3777 2006 3838 2058 δὲ

2260 2093 2374 2144 οὐδ’
2412 2094 2477 2147 ἂν
2515 2089 2593 2158 εἷς
2633 2090 2780 2164 εἶχεν
2820 2095 2877 2159 ἐξ
2923 2097 3139 2166 ἐκείνης
3180 2097 3239 2150 τὸ
3286 2097 3545 2166 παράπαν
3575 2097 3835 2166 κερδᾶναί

2259 2201 2333 2247 τι,
2395 2186 2660 2255 μηδαμῶς
2709 2187 3179 2258 ἐπιδεδειγμένης.
3219 2189 3414 2259 Ἀρετὴ
3462 2190 3572 2259 γὰρ
3610 2190 3833 2260 ἁνενέρ-

2259 2294 2425 2347 γητος
2456 2280 2807 2348 ἁμωσγέπως
2848 2279 3127 2351 ίᾶκοσμος.
3172 2281 3293 2335 Ὀτι
3333 2281 3425 2334 καὶ
3456 2281 3637 2344 καλῶς
3662 2283 3828 2352 ἡρμο-

2260 2367 2471 2436 σμένης
2525 2368 2698 2438 λύρας
2756 2368 2909 2421 οὐδὲν
2945 2369 3158 2438 θφελος,
3207 2371 3304 2423 τοῦ
3345 2372 3443 2435 τὰς
3490 2372 3687 2443 χορδὰς
3716 2372 3817 2442 μετ’

2258 2459 2576 2529 ἐπιστήμης
2614 2459 2933 2529 κινήσοντος
2973 2461 3245 2532 μηδαμῶς
3282 2462 3454 2526 ὄντος.
3499 2463 3682 2517 Καλὸν
3735 2464 3826 2535 μὲν

2258 2552 2367 2620 γὰρ
2406 2553 2438 2620 ἡ
2474 2551 2665 2622 ἀρετὴ,
2700 2552 2867 2606 καλὸν
2889 2540 2945 2606 δέ
2969 2555 2997 2606 6
3017 2553 3226 2622 ταύτης
3254 2554 3492 2626 ἐργάτης
3516 2569 3532 2585 ⁸
3562 2556 3737 2610 δεῖται
3770 2556 3827 2609 δὲ

2256 2642 2509 2711 ἀλλήλων
2552 2643 2813 2714 ἑκάτερα,
2856 2646 2998 2698 κατὰ
3024 2645 3123 2716 τὴν
3149 2646 3250 2715 τῆς
3282 2647 3473 2717 ἀξίνης
3509 2664 3567 2700 τε
3599 2648 3694 2701 καὶ
3717 2666 3830 2718 χει-

2259 2734 2350 2805 ρὸς
2394 2734 2602 2788 εἰκόνα.
2644 2735 2819 2789 Τοῦτο
2848 2736 2906 2790 δέ
2938 2737 3056 2791 ἐστι
3098 2740 3304 2810 κυρίως
3336 2741 3369 2811 ἡ
3401 2740 3605 2812 ἀρετὴ,
3650 2742 3712 2795 τὸ
3748 2743 3829 2795 δι-

2258 2827 2662 2898 ενεργούμενον
2689 2828 2894 2895 ἀγαθὸν
2921 2832 3065 2884 κατά
3082 2847 3147 2899 γε
3180 2831 3405 2901 γνῶσιν,
3432 2834 3522 2886 καὶ
3544 2834 3825 2904 πρόθεσιν,

2250 2921 2354 2973 καὶ
2381 2919 2518 2985 ἐξιν⁸
2550 2923 2663 2977 καὶ.
2686 2920 2941 2989 ἐνάρετος
2978 2922 3120 2994 ἀνὴρ
3156 2925 3182 2975 6
3218 2922 3314 2994 τὴν
3354 2924 3557 2996 ἀρετὴν
3592 2926 3828 2995 νομίζων

2255 3012 2476 3066 πάντων
2529 3009 2756 3080 ἄριστον
2796 3006 2961 3076 εἶναι,
3007 3013 3106 3064 καὶ
3137 3012 3309 3082 φιλῶν
3345 3013 3407 3066 τὸ
3450 3016 3693 3083 ἄριστον,
3728 3016 3827 3067 καὶ

2256 3102 2428 3156 ποιῶν
2459 3103 2486 3154 ὅ
2516 3118 2579 3171 γε
2621 3104 2790 3181 φιλεῖ⁹
2829 3104 2923 3157 καὶ
2953 3105 3118 3175 ἡδέως
3147 3104 3306 3160 τοῦτο
3344 3109 3622 3177 πράττων.
3656 3105 3827 3174 Οὗτος

574 3215 639 3252 ac
696 3200 967 3269 prudente
1001 3217 1065 3254 ex
1111 3201 1275 3254 animi
1333 3201 1609 3270 proposito
1639 3213 1692 3255 et
1721 3204 1902 3257 habitu
1934 3206 2150 3274 perﬁcio

2261 3195 2538 3264 εὐδαίμων
2586 3195 2665 3258 ὡς
2704 3197 2939 3267 ἀληθῶς·
2978 3191 3134 3261 οὗτος
3169 3198 3407 3269 ζηλωτὸς
3458 3196 3514 3254 εὖ
3548 3202 3823 3270 φρονοῦσι·

575 3296 695 3352 tur;
733 3287 1034 3357 itidemque
1070 3290 1150 3341 vir
1182 3289 1445 3358 praeditus
1487 3290 1705 3354 virtute,
1764 3292 1857 3360 qui
1891 3293 2146 3349 virtutem

570 3380 846 3433 exiStimat
914 3396 1037 3435 esse
1106 3397 1220 3434 rem
1283 3383 1532 3435 omnium
1610 3384 2146 3451 prazstautissimam,

573 3474 828 3543 quodque
864 3474 1390 3543 prazstantissimum
1425 3483 1530 3539 est,
1575 3475 1771 3544 diligit,
1804 3477 2023 3545 etquod
2064 3476 2147 3530 di-

570 3569 711 3639 ligit,
764 3569 893 3622 facit
955 3583 1019 3621 ac
1066 3567 1301 3621 libenter
1351 3567 1568 3637 quidem
1632 3567 1783 3621 facit.
1838 3566 1937 3621 Hic
1960 3584 2149 3625 revera

571 3662 769 3717 beatus
802 3670 908 3728 est,
947 3662 1034 3716 bic
1066 3666 1213 3714 recte
1238 3660 1616 3730 judicantibus
1646 3661 2005 3716 admirabilis.
2035 3663 2149 3717 Hoc

567 3764 650 3807 ιει
677 3769 797 3808 esse
821 3754 1039 3818 virum;
1077 3754 1180 3806 boc
1210 3763 1396 3807 nostra
1426 3764 1507 3808 est
1532 3754 1815 3823 perfectio,
1835 3754 1935 3808 hoc
1955 3752 2142 3823 hujus-

571 3862 632 3898 ce
692 3845 816 3898 \itze
864 3843 1132 3909 beatitas,
1195 3845 1455 3913 quoniam
1504 3854 1796 3916 angustum
1846 3846 2145 3916 quiddam,

567 3938 828 4005 quoniam
892 3952 1169 4006 magnum.
1209 3936 1340 4002 Qua:
1377 3939 1420 3993 si
1456 3953 1581 3992 vera
1623 3948 1771 3999 sunt,
1842 3955 1953 4009 quo
1986 3949 2148 4008 pacto

568 4044 677 4081 non
703 4030 963 4083 eximium
991 4031 1247 4099 quiddam
1281 4041 1363 4085 est
1394 4034 1575 4094 homo,
1603 4048 1883 4087 sacrarum
1907 4033 2149 4087 utLitte-

566 4136 753 4173 rarum
778 4122 962 4173 verbis
990 4132 1131 4181 utar.
1153 4124 1245 4191 qui
1271 4124 1429 4176 bonis
1445 4140 1503 4177 se
1520 4124 1677 4178 lactis
1698 4125 1953 4191 oblectat,
1982 4140 2045 4179 ac
2068 4127 2147 4177 vi-

564 4214 773 4273 cissim,
817 4230 1040 4282 pravum
1077 4215 1359 4283 quiddam,
1410 4217 1501 4284 qui
1544 4217 2147 4286 vitiositatemproipsa

563 4306 714 4360 ducit
740 4311 865 4368 vita,
898 4322 1019 4358 cum
1049 4307 1259 4359 invisus
1307 4308 1377 4359 sit
1403 4318 1455 4359 ct
1480 4307 1863 4362 abominabilis
1886 4309 2146 4363 omnibus

564 4399 655 4469 qui
680 4415 801 4453 eum
839 4407 1149 4460 noverunt,
1204 4408 1257 4449 et
1281 4407 1524 4449 suasmet
1561 4398 1915 4467 cogitationes
1950 4400 2148 4455 habeat

563 4492 711 4547 velut
760 4490 991 4553 indices,
1033 4491 1316 4557 ipsamque
1359 4489 1779 4551 constientiam,
1823 4491 2146 4562 incorrulite

2255 3286 2400 3340 τοῦτ’
2431 3289 2593 3357 ἀνὴρ,
2628 3288 2787 3341 τοῦτο
2824 3288 3102 3360 τελειότης
3146 3293 3179 3360 ἡ
3218 3291 3348 3363 παρ’
3376 3294 3532 3363 ἡμῖν,
3564 3297 3597 3365 ἡ
3648 3313 3825 3365 μακα-

2256 3380 2444 3451 ριότης
2476 3379 2571 3432 τοῦ
2603 3380 2731 3451 τῇδε
2774 3381 2890 3451 βίου
2912 3396 2926 3411 ·
2960 3384 3042 3451 ὅτι
3078 3384 3298 3453 σεμνὸν,
3327 3385 3408 3438 ὅτι
3444 3386 3609 3455 μέγα.
3642 3388 3750 3441 Καὶ
3775 3390 3825 3441 εί

2253 3472 2425 3524 ταῦτα
2475 3472 2694 3541 ἀληθῆ,
2740 3472 2857 3535 πῶς
2913 3475 2974 3525 ού
3034 3474 3176 3543 μέγα
3212 3475 3526 3545 ἄνθρωπος,
3557 3480 3698 3532 κατὰ
3725 3480 3825 3547 τὴν

2252 3564 2503 3633 Γραφὴν,
2552 3564 2781 3632 ἀγαθοῖς
2825 3564 3009 3635 ἔργοις
3056 3567 3267 3637 χαίρων
3311 3569 3475 3634 ;-Καὶ
3513 3571 3821 3624 τούναντίον

2253 3652 2460 3724 φαῦλόν
2516 3671 2591 3720 τι,
2638 3657 2665 3708 6
2720 3655 2823 3727 τὴν
2875 3658 3079 3710 κακίαν
3109 3659 3441 3729 ποιούμενος
3473 3661 3654 3732 ἐαυτῷ
3685 3662 3819 3730 βίον⁶

2249 3747 2328 3800 ὢν
2382 3748 2485 3816 μὲν
2539 3748 2984 3820 ἀπεχθανόμενος
3014 3752 3106 3803 καὶ
3151 3751 3438 3821 βδελυκτὸς
3474 3758 3590 3817 τοῖς
3630 3756 3815 3808 εἰδόσιν

2249 3840 2414 3893 αὑτὸν
2439 3839 2670 3907 ἅπασιν,
2696 3839 2775 3893 ὥν
2803 3841 2860 3893 δὲ
2886 3843 2981 3894 καὶ
3005 3844 3130 3905 τοὺς
3154 3841 3453 3913 λογισμοὺς
3486 3847 3812 3916 κεκτημένος

2252 3932 2443 4003 ὥσπερ
2476 3933 2763 4002 ἐλέγχους,
2812 3936 2909 3986 καὶ
2936 3933 2995 3986 τὸ
3028 3935 3267 3997 συνειδὸς
3302 3937 3525 4002 δικάζον
3552 3938 3821 3991 ἁδέκαστά

2248 4042 2308 4077 τε
2338 4026 2436 4078 καὶ
2464 4026 2843 4096 ἀπαραίτητα.
2883 4024 3015 4077 Ὅτε
3079 4026 3259 4080 τοίνυν
3288 4029 3441 4080 ταῦθ’
3474 4027 3645 4089 οὕτως
3675 4028 3811 4094 ἔχει,

2248 4116 2498 4185 δηλονότι
2533 4118 2749 4184 πέφυκε
2794 4116 2941 4179 ἅπας
2972 4116 3261 4187 ἄνθρωπος
3289 4114 3423 4169 εἶναι
3458 4117 3554 4185 μὲν
3584 4117 3814 4185 μισοπό·

2250 4222 2439 4275 νηρος,
2483 4201 2624 4259 εἶναι
2662 4206 2717 4258 δὲ
2754 4206 3047 4273 φιλόκαλος
3080 4228 3088 4240 ι
3133 4210 3221 4261 καὶ
3248 4206 3548 4276 συμφώνως
3596 4205 3816 4276 ἔχουσιν

2249 4295 2509 4359 ἅπαντες,
2541 4296 2624 4348 ὅτι
2657 4295 2823 4349 καλὸν
2861 4298 2892 4365 ἡ
2932 4296 3127 4367 ἀρετὴ,
3161 4299 3252 4350 καὶ
3279 4298 3449 4350 κακὸν
3480 4299 3513 4369 ἠ
3554 4298 3815 4368 πονηρία.

2252 4388 2385 4456 Περὶ⁵
2417 4386 2475 4438 δὲ
2529 4388 2625 4447 τὰς
2661 4386 2869 4455 κρίσεις
2920 4386 3378 4456 διαμαρτάνουσι,
3414 4390 3511 4441 xui.
3541 4377 3819 4460 διαιροῦν-

2248 4496 2340 4530 ται
2370 4478 2499 4539 τοὺς
2545 4478 2716 4546 βίους,
2765 4480 2923 4531 ἐνίων
2970 4481 3291 4549 ἡγουμένων
3324 4482 3385 4533 τὸ
3419 4482 3590 4536 κακὸν
3621 4485 3820 4549 ἀγαθὸν

564 4598 861 4651 sevcreque
888 4582 1272 4649 judiCantem?
1315 4580 1573 4634 ll.eccum
1606 4583 1677 4634 ita
1713 4585 1846 4647 sint,
1879 4584 2136 4638 nimirum

2255 4565 2408 4634 εἶναι,
2438 4570 2516 4640 τῷ
2538 4573 2636 4632 τὰς
2683 4574 2882 4636 κακίας
2928 4576 3046 4635 ταῖς
3079 4576 3302 4641 ἀρεταῖς
3331 4577 3815 4645 παραπεπηγέναι,

561 4692 590 4727 a
620 4686 810 4729 natura
841 4677 918 4729 sic
942 4674 1118 4727 omnis
1152 4674 1311 4726 homo
1334 4683 1683 4742 comparatus
1709 4684 1792 4727 est
1822 4684 1880 4729 ut
1936 4676 2138 4745 impro-

561 4768 784 4819 bitatem
818 4768 1018 4829 oderit,
1047 4775 1099 4819 et
1141 4766 1352 4818 honesti
1387 4766 1567 4817 studit)
1603 4775 1884 4831 teneatur;
1915 4783 2137 4822 omnes-

562 4874 669 4927 que
694 4860 1069 4923 consentiunt,
1102 4858 1351 4909 virtutem
1373 4871 1493 4908 esse
1518 4871 1626 4907 rem
1648 4855 1844 4908 bonam
1874 4865 1926 4909 et
1946 4856 2146 4925 impro-

560 4947 805 5008 bitatem,
825 4951 1042 4998 malam.
1063 4944 1427 5013 lujudicando
1449 4957 1574 4995 vero
1595 4940 1879 5005 falluntur,
1904 4941 2142 4995 diversa-

560 5054 667 5106 que
688 5039 1115 5105 \i\'etttiiget10t'a
1136 5035 1495 5098 constituunt,
1528 5035 1654 5085 dum
1677 5033 1842 5103 aliqui
1869 5034 2013 5101 quod
2036 5048 2149 5084 ma-

2246 4665 2342 4716 καὶ
2373 4664 2449 4734 τῷ
2483 4666 2551 4718 τά
2586 4650 2912 4731 ¹φαυλότατοι
2952 4669 3202 4736 μετέχειν
3254 4668 3498 4734 ἀγαθοῦ,
3530 4668 3604 4731 ὡς
3637 4669 3818 4720 θεόθεν

2247 4758 2606 4828 ὑπηργμένα.
2646 4759 2825 4829 Ὅπερ
2876 4760 3061 4830 ἀπατᾷ
3107 4763 3235 4822 τοὺς
3282 4759 3539 4824 πολλοὺς,
3570 4762 3819 4823 καὶτοὺς

2252 4849 2327 4918 μὴ
2359 4850 2727 4918 προσέχοντας
2758 4848 2967 4916 θέλγει,
2998 4850 3092 4901 καὶ
3139 4849 3276 4918 πρὸς
3311 4849 3410 4918 τὴν
3452 4850 3629 4903 αὐτῶν
3663 4848 3819 4899 ἀπῶ-

2250 4941 2398 4992 λειαν
2428 4941 2607 5003 ἕλκον,
2646 4942 2959 5011 παρασύρει
3008 4958 3066 4991 τε
3128 4945 3222 4993 καὶ
3265 4940 3533 5006 λωϐᾶται,
3570 4939 3821 5010 καθάπερ

2254 5034 2383 5102 ἡμῖν
2422 5035 2638 5103 εἴρηται
2673 5036 2951 5104 καταρχὰς
3002 5033 3183 5091 εὐθύς.

560 5133 672 5185 lum
698 5140 804 5191 cst,
828 5131 1026 5181 bonum
1052 5144 1172 5182 esse
1194 5138 1481 5197 propterea
1516 5136 1727 5194 putant,
1746 5126 1888 5193 quod
1912 5126 2043 5177 vitia
2064 5124 2354 5179 virtutibus
2377 5127 2711 5189 adbzereant,
2737 5142 2797 5179 ac
2820 5127 3067 5195 pessimae
3089 5142 3308 5197 quoque
3337 5143 3420 5180 res
3443 5127 3565 5181 boni
3594 5125 3821 5197 partici-

558 5242 653 5296 pes
679 5228 809 5291 sint,
827 5226 1015 5278 veluta
1040 5223 1146 5275 Deo
1166 5223 1395 5276 conditae
1418 5241 1428 5275 :
1450 5220 1596 5290 quod
1629 5234 1759 5273 sane
1777 5220 2090 5287 complures
2116 5219 2336 5288 decipit,
2362 5220 2732 5288 animumqua:
2767 5235 2871 5272 non
2901 5219 3246 5274 advertentes
3267 5220 3556 5287 demulcet,
3575 5237 3636 5277 ac
3664 5221 3822 5290 pelli-

560 5326 711 5379 ciens
754 5324 822 5376 ad
869 5322 1110 5389 ipsorqu
1157 5320 1434 5373 interitum
1480 5327 1821 5371 transversos
1874 5316 2015 5385 rapit
2062 5325 2115 5370 et
2134 5317 2419 5386 depravat,
2466 5317 2929 5384 quemadmodum
2958 5317 3025 5369 ab
3057 5317 3213 5371 initio
3243 5317 3424 5372 statim
3473 5335 3499 5370 a
3536 5318 3691 5373 nobis
3730 5329 3819 5374 est

559 5416 880 5470 indicatum.

1180 5477 1439 5543 ΟΒᾹΤΙΟ
1478 5477 1569 5531 ΙΙΙ.

554 5580 632 5633 De
712 5579 1019 5639 electione,
1101 5576 1266 5642 deque
1341 5570 1684 5652 voluntario,

626 5653 797 5702 maius
864 5661 964 5697 non
1012 5657 1203 5695 natura
1252 5659 1343 5695 nec
1391 5650 1736 5705 extrinsecus,

620 5722 731 5787 ipse
760 5718 916 5785 culpa
940 5717 1006 5768 sit
1029 5724 1223 5765 matus.

625 5809 790 5871 Satis,
809 5808 1027 5875 Opinor,
1050 5814 1327 5858 ostensum
1359 5802 1604 5871 estquod
1662 5801 1997 5869 propositum
2032 5814 2130 5852 no-

1784 5578 1892 5621 tum
1988 5570 2129 5637 quod

1803 5648 1891 5691 sed
1930 5646 2133 5690 attamet

2880 5473 3094 5525 ΛΟΓΟΣ
3122 5474 3194 5529 Γ’.

2242 5568 2379 5637 Περὶ
2435 5566 2839 5637 προαιρέσεως
2884 5566 3014 5637 ,καὶ
3058 5566 3349 5620 ἑκουσίου
3373 5584 3386 5598 ·
3417 5570 3518 5622 καί
3581 5569 3668 5623 ὅτι
3703 5571 3818 5624 οὐκ

2308 5635 2376 5690 ἐκ
2408 5644 2673 5705 φύσεως,
2703 5635 2846 5688 οὐδὲ
2871 5635 3097 5699 ἔξωθεν
3126 5640 3157 5690 ό
3197 5640 3408 5703 κακὸς,
3447 5643 3632 5706 αὐτὸς
3668 5641 3818 5696 ἀλλ’

2310 5706 2503 5771 ἑαυτῷ
2529 5709 2722 5763 αἴτιος
2752 5709 3004 5773 γίνεται.

2312 5800 2590 5851 Δέδεικται
2640 5799 2760 5864 μὲν,
2790 5796 2862 5860 ὡς
2898 5797 3161 5867 ἡγοῦμαι,
3184 5798 3244 5850 τὸ
3284 5801 3655 5869 προκείμενον
3681 5802 3818 5872 ἡμῖν

552 5898 639 5954 bis
686 5906 846 5960 erat,
907 5898 1178 5963 liuctnquc
1251 5895 1355 5950 sibi
1421 5894 1832 5953 convcttieiitetit
1884 5903 2133 5951 assecuta

2255 5892 2470 5955 κανῶς,
2502 5892 2592 5945 καὶ
2636 5907 2672 5940 τι
2711 5906 2809 5959 ρας
2841 5889 2867 5939 ὁ
2901 5887 3056 5956 λόγος
3089 5887 3277 5957 εἴληφε
3309 5891 3588 5962 προσῆκον
3636 5890 3811 5962 αὐτῷ’
3908 5882 3917 5891 ’
