4098 6272
375 398 476 461 421

1626 406 1629 407 ί
1683 364 1967 442 οιιλνινιο
2012 378 2125 436 ιιι.

371 514 487 563 ἐστι
528 509 584 562 δὲ
620 510 807 562 λοιπῦν
865 508 1053 575 φάναι,
1113 506 1255 559 amt
1309 508 1356 556 οἱ
1417 503 1514 571 μὲν
1567 503 1762 561 τοῦτο,
1795 501 1843 552 οἱ
1884 498 1939 549 δὲ

2046 490 2240 543 oratio.
2286 489 2493 549 Restat,
2523 498 2577 542 ut
2608 504 2945 557 exponamus
2986 487 3337 558 quamobrem
3394 487 3455 540 de
3504 489 3631 555 qui-

373 605 554 655 ὲκεῖνο
585 601 878 671 γινόμεθα,
923 603 1052 669 μιᾶς
1092 601 1257 669 τιμῆς
1301 599 1396 650 καὶ
1425 582 1665 666 ’φύσεως
1701 593 1947 663 ἠξιωμέ-

375 712 479 747 νοι.
507 695 614 746 Καὶ
651 694 855 760 φαμὲν,
886 691 977 745 διὰ
998 694 1100 763 τὴν,
1132 692 1459 762 προαίρεσιν
1491 689 1683 756 μόνην.
1716 685 1805 753 Τῷ
1841 684 1947 752 γὰρ

377 785 570 853 ἀγαθῷ
598 784 836 837 ἐθέλοντι
877 779 1042 847 εἶναι,
1090 785 1186 836 καὶ
1216 780 1453 848 τάγαθὸν
1488 779 1762 840 διώκοντι,
1795 774 1949 828 οὐδέν

376 895 430 928 τι
465 877 574 929 τῶν
617 877 836 930 πάντων
866 875 1100 945 κώλυμα
1138 874 1316 935 ἔσται,
1339 873 1412 932 ὡς
1447 871 1519 941 μὴ
1552 865 1695 922 εἶναι
1728 866 1943 936 ἀγαθῷ.

389 965 532 1018 Ἀλλ’
559 966 620 1017 οὐ
654 965 839 1018 δικαία
857 966 1190 1034 παραίτησις
1214 962 1291 1029 τῷ
1320 960 1395 1031 μὴ
1425 960 1702 1029 σπουδαίῳ
1720 974 1950 1025 γεγενη-

384 1059 553 1125 μένῳ.
606 1056 778 1109 Ἔκὼν
813 1057 922 1125 γὰρ
963 1052 1102 1108 εἶναι
1160 1056 1219 1107 οὐ
1273 1055 1540 1121 γίγνεται.
1588 1053 1653 1107 El
1705 1052 1811 1119 γὰρ
1853 1050 1951 1103 καὶ

382 1150 555 1203 πολλὰ
579 1152 709 1219 ἡμῖν
736 1150 1028 1217 ἐπιφύεται
1047 1149 1154 1201 τῶν
1190 1148 1402 1208 δεινῶν,
1434 1145 1624 1214 ὥσπερ
1664 1143 1949 1211 αὐτόματα

381 1244 474 1296 καὶ
515 1241 812 1307 αὐτόμολω
845 1240 963 1293 ἀλλ’
990 1240 1141 1292 οὐδὲν
1175 1239 1355 1291 αὐτῶν
1381 1238 1446 1292 ἂν
1474 1239 1559 1309 εἴη
1592 1235 1739 1288 οὕτω
1776 1233 1947 1302 βιαιό-

376 1351 541 1386 τατον
596 1334 691 1386 καὶ
746 1332 1248 1401 τυραννικώτατον,
1300 1330 1374 1391 ὡς
1414 1329 1639 1396 καὶτῆς
1674 1326 1951 1394 θελήσεως

378 1426 534 1496 ἡμῶν
558 1425 743 1492 ἄρξαι.
777 1423 875 1492 Εἵη
898 1422 1008 1493 γὰρ
1038 1421 1102 1474 ἂν
1128 1421 1300 1491 ταύτῃ
1324 1438 1386 1486 γε
1422 1420 1484 1488 δή
1514 1435 1630 1480 πως
1664 1415 1952 1487 ἀνῃρημέ-

378 1518 643 1585 νοννήμίν
671 1515 765 1568 καὶ
792 1513 853 1567 τὸ
887 1512 1260 1577 αὐτεξούσιον,
1299 1511 1374 1574 ὡς
1403 1512 1505 1563 κὰν
1538 1508 1615 1578 τῷ
1654 1509 1756 1575 πρὸ
1796 1506 1950 1559 τοῦδε

384 1609 517 1677 ἡμῖν
556 1606 776 1677 εἴρηται
821 1606 986 1674 λόγῳ.
1019 1605 1129 1671 Τῆς
1164 1603 1219 1655 δὲ
1252 1602 1627 1671 προαιρέσεως
1663 1601 1737 1668 μὴ
1772 1596 1952 1649 νοσού-

382 1715 521 1766 σης,
576 1697 713 1766 μηδὲ
769 1695 1135 1763 δουλὶυῡείσης
1185 1692 1459 1755 καθάπαξ,
1497 1690 1601 1743 κᾶν
1633 1691 1661 1743 ὅ
1702 1706 1752 1741 τι
1786 1686 1949 1741 πάθοι

378 1789 550 1841 κακὸν
579 1791 637 1840 τὺ
670 1787 829 1856 σῶμα
849 1826 863 1847 ,
906 1787 1059 1838 οὐδὲν
1104 1786 1263 1854 ἡμῶν
1296 1781 1547 1850 ἐμποδὼν
1579 1780 1755 1843 ἔσται,
1802 1778 1946 1831 ὥστε

379 1878 606 1945 ἀγαθοῖς
651 1873 813 1930 εἶναι.
862 1876 965 1929 Καὶ
999 1874 1150 1944 δηλοί
1186 1873 1253 1926 τὰ
1298 1874 1406 1926 τῶν
1441 1872 1612 1939 ἁγίων
1645 1871 1945 1940 σκάμματα

382 1971 710 2038 νενικηκότα
745 1971 857 2023 πᾶν
899 1968 1094 2036 βίαιον.
1127 1966 1416 2033 Συνίστησι
1441 1963 1496 2016 δέ
1536 1980 1626 2033 μοι
1659 1963 1753 2016 τὸν
1790 1963 1947 2030 λόγον

376 2062 472 2113 καὶ
510 2061 845 2113 τούναντίον.
882 2060 954 2111 Τὸ
990 2059 1099 2127 γάρ
1133 2057 1405 2116 ἀκουσίως
1454 2055 1618 2107 καλὸν
1664 2057 1837 2106 ποιεῖν
1885 2055 1946 2107 οὗ

376 2154 634 2217 στεφανοί
674 2152 799 2211 τοὺς
874 2149 1299 2217 ἐργαζομένους.
1370 2147 1451 2213 Τό
1502 2146 1681 2198 τοίνυν
1745 2144 1948 2198 ἄκοντα

382 2244 576 2311 ποιεῖν,
619 2242 649 2311 ἢ
689 2242 920 2310 πάσχειν
948 2258 1001 2309 τι
1045 2239 1121 2309 μὴ
1150 2239 1501 2308 βουλόμενον,
1537 2237 1660 2290 οὗτε
1705 2237 1946 2303 ἀγαθοὺς

383 2307 549 2398 ἡμᾶς,
587 2307 697 2383 ἀλλ’
729 2307 849 2383 οὐδὲ
877 2307 1119 2398 φαῦλους
1141 2330 1440 2398 ἐργάζεται
1466 2343 1480 2358 ⁸
1517 2327 1592 2397 τῷ
1622 2328 1666 2380 δ’
1700 2328 1941 2396 ἑκουσίῳ

384 2422 675 2491 θελήματι,
722 2423 858 2491 ὅπερ
891 2423 1006 2473 ἐστὶ
1047 2420 1155 2474 τῶν
1184 2421 1268 2488 ἐφ’
1294 2422 1448 2489 ἡμῖν,
1483 2418 1577 2471 καὶ
1602 2420 1702 2471 οὐκ
1730 2421 1944 2488 ἠργμέ-

378 2532 466 2566 νον
499 2514 719 2578 ἔξωθεν,
756 2513 865 2565 οὐδ’
901 2513 1240 2580 ἐπαγόμενον
1305 2510 1551 2574 ὁθενοῦν,
1608 2510 1809 2577 ἀγαθὸς
1852 2514 1948 2565 καὶ

385 2603 462 2671 μὴ
493 2602 736 2663 τοιοῦτος
790 2602 1021 2664 ἕκαστος
1052 2602 1288 2669 γίνεται.
1323 2601 1487 2654 Ὥστε
1520 2602 1580 2653 τὸ
1622 2603 1731 2654 πᾶν
1765 2603 1826 2652 ἐκ
1849 2602 1947 2670 τῆς

381 2680 778 2763 προαιρέσεως..
814 2692 961 2763 Πλὴν
1020 2696 1048 2746 ὁ
1090 2692 1295 2760 φαῦλος
1339 2692 1506 2745 θέλων
1538 2686 1706 2755 εἶναι,
1725 2693 1947 2759 γέγονεν

381 2779 542 2843 εὐθὺς
588 2783 654 2850 τῇ
696 2780 936 2851 θελήσει,
981 2782 1084 2835 κᾶν
1114 2781 1286 2851 μηδὲν
1335 2782 1639 2851 ἐργάσηται
1690 2782 1797 2834 τῶν
1842 2783 1944 2835 δια·

377 2872 511 2927 κῶν.
565 2873 848 2942 Ἀρκὲσειε
901 2873 1009 2944 γὰρ
1073 2873 1138 2927 ἂν
1187 2868 1328 2926 εἶναι
1383 2874 1591 2939 κακὸν,
1645 2874 1720 2943 τῷ
1770 2874 1946 2928 θέλειν

376 2968 595 3020 ἀπεῖναι
629 2964 722 3018 τοῦ
754 2966 984 3049 ἀγαθοῦ.
1020 2967 1126 3019 Καὶ
1163 2964 1324 3019 τοῦτο
1361 2966 1582 3035 εὔλογον
1615 2961 1791 3037 οἶμαι.
1836 2970 1946 3021 Καὶ

375 3058 485 3126 γὰρ
511 3057 642 3110 αὐτὸ
678 3057 738 3110 τὸ
766 3058 938 3111 κακὸν
973 3059 1038 3129 τῇ
1067 3058 1313 3130 ἀπουσίᾳ
1343 3057 1436 3112 τοῦ
1469 3058 1637 3113 καλοῦ
1673 3060 1942 3131 ὑπάρχειν

2052 584 2281 636 busdam
2313 600 2343 636 e
2373 583 2527 638 nobis
2554 586 2655 638 hoc
2674 584 2782 646 liat,
2824 582 2954 636 illud
2988 599 3053 636 ex
3081 582 3224 646 aliis,
3260 596 3381 635 cum
3428 589 3608 635 tamen

2052 674 2218 729 unius
2256 675 2535 743 dignitatis
2562 684 2615 728 et
2645 685 2851 727 natura:
2884 674 3078 728 simus.
3113 672 3190 727 Ac
3251 673 3479 727 dicimus
3528 673 3638 725 hoc

2052 765 2171 819 ﬁeri
2236 767 2407 821 Solius
2474 767 2755 821 electionis
2819 766 3047 839 ratione.
3109 763 3243 817 Nam
3303 766 3395 834 qui
3461 765 3637 818 bonus

2049 874 2170 914 esse
2193 860 2325 923 vult,
2366 860 2619 929 quodque
2673 860 2877 913 bonum
2916 868 2999 913 est
3048 867 3311 921 sectatur,
3368 858 3439 909 illi
3501 857 3636 919 nihil

2049 949 2271 1004 omnino
2298 964 2419 1004 esse
2446 950 2830 1018 impedimento
2853 956 3029 1017 potest
3080 947 3374 1016 quominus
3423 946 3492 997 sit
3540 944 3638 997 bo-

2050 1037 2313 1093 nus.Nec
2338 1041 2387 1093 ei
2436 1041 2529 1107 qui
2556 1055 2661 1094 non
2703 1039 2876 1093 evasit
2907 1038 2961 1091 in
3005 1037 3181 1091 virum
3236 1036 3461 1098 bonum,
3489 1034 3637 1102 iusta

2049 1132 2589 1197 superatcxcnsatio.
2625 1128 2757 1183 Nam
2784 1131 2885 1183 hoc
2908 1129 3108 1182 volenti
3137 1127 3423 1194 contingit.
3454 1125 3641 1191 Quan-

1972 1232 1983 1243 ‘
2050 1236 2214 1288 quam
2246 1221 2389 1273 enim
2427 1223 2593 1274 multa
2626 1222 2741 1275 dira
2773 1221 3091 1289 graviaque.
3123 1220 3270 1272 velut
3294 1234 3359 1271 ex
3388 1217 3638 1271 seultro-

2049 1327 2157 1381 que
2186 1311 2477 1374 venientia,
2522 1328 2623 1367 nos
2648 1313 2993 1376 adoriuntur,
3019 1320 3197 1365 tamen
3232 1310 3436 1362 nullum
3460 1324 3525 1361 ex
3554 1307 3639 1361 eis

2050 1404 2186 1456 adeo
2221 1403 2517 1456 violentum
2552 1413 2718 1471 atque
2764 1403 3113 1473 tyrannicum
3157 1402 3341 1465 fuerit,
3390 1401 3634 1454 utetiam

2052 1493 2107 1547 in
2142 1493 2476 1547 voluntatem
2526 1504 2770 1548 nostram
2830 1494 3115 1562 imperium
3172 1500 3463 1557 exerceat;
3509 1504 3633 1543 nam

2060 1586 2358 1654 caeleroqui
2394 1587 2554 1641 nobis
2620 1587 2734 1655 ipsa
2770 1586 2992 1640 libertas
3036 1571 3332 1639 voluntatis
3356 1594 3631 1638 evertere-

2051 1688 2160 1741 tur,
2215 1677 2359 1732 sicut
2412 1677 2467 1731 in
2535 1679 2786 1732 oratione
2850 1681 2951 1733 hac
3019 1678 3361 1747 przecedente
3422 1676 3631 1731 dictum

2049 1778 2151 1824 est.
2182 1767 2337 1834 Quod
2372 1769 2417 1825 si
2476 1771 2645 1823 animi
2683 1770 2881 1824 electio
2913 1770 3063 1824 nullo
3109 1770 3318 1823 laboret
3347 1769 3499 1835 vitio,
3533 1784 3634 1823 nec

1978 1839 2019 1893 Β
2050 1876 2275 1929 prorsus
2304 1860 2356 1915 in
2394 1862 2710 1916 servitutem
2742 1862 2957 1916 redacta
2991 1864 3082 1925 sit,
3112 1862 3475 1930 quodcunque
3507 1872 3633 1915 tan-

2047 1952 2169 2007 dem
2200 1954 2401 2007 malum
2460 1954 2716 2008 acciderit
2770 1952 3010 2023 corpori,
3050 1954 3273 2006 minime
3333 1952 3490 2007 nobis
3528 1957 3634 2007 erit

2048 2045 2443 2114 impedimento
2505 2046 2806 2116 quominus
2866 2046 2993 2099 boni
3054 2046 3246 2100 simus.
3298 2047 3636 2115 Argnmento

2052 2143 2183 2189 sunt
2216 2136 2457 2190 Vll‘Ol‘llﬂl
2494 2147 2804 2189 sanctorum
2848 2143 3166 2195 srammata,
3234 2150 3353 2202 qua:
3414 2148 3633 2185 omnem

2048 2227 2361 2281 violentiam
2388 2236 2734 2296 superarunt.
2761 2226 2949 2279 Itidem
2986 2226 3130 2295 quod
3162 2224 3308 2288 dico,
3338 2223 3627 2283 conﬁrmat

2046 2332 2102 2377 et
2130 2323 2179 2376 id
2207 2322 2353 2393 quod
2387 2323 2433 2375 ei
2487 2321 2821 2375 contrarium
2864 2328 2980 2374 est:
3016 2318 3216 2388 quippe
3282 2333 3386 2370 non
3434 2328 3632 2384 sponte

2048 2413 2193 2481 quod
2219 2413 2420 2467 bonum
2436 2421 2518 2466 est
2544 2410 2740 2472 facere,
2765 2409 2907 2462 nulla
2931 2409 3190 2462 facientes
3218 2422 3415 2460 corona
3439 2406 3629 2459 donat.

2048 2503 2235 2571 Itaque
2284 2503 2367 2556 vel
2394 2502 2622 2555 invitum
2680 2500 2882 2564 facere,
2946 2500 3029 2553 vel
3092 2501 3365 2554 nolentem
3420 2498 3631 2565 aliquid

2049 2593 2158 2662 pati
2185 2609 2361 2662 neque
2388 2609 2487 2647 nos
2521 2594 2692 2647 bonos
2726 2606 2905 2660 neque
2946 2592 3117 2645 malos
3150 2592 3329 2644 efﬁcit.
3357 2590 3627 2644 Nimirum

2051 2684 2323 2739 volu:.tate
2352 2693 2671 2750 spontaneo,
2702 2700 2822 2752 quae
2881 2690 3076 2737 nostra
3123 2681 3284 2736 estin
3340 2691 3630 2750 potestate,

2049 2790 2150 2830 nec
2178 2776 2424 2844 provenit
2447 2776 2809 2835 extrinsecus.
2850 2790 2948 2829 nec
2980 2774 3121 2828 unde
3148 2773 3291 2828 unde
3334 2772 3629 2841 ingeritur,

2056 2867 2290 2938 quisque
2319 2867 2492 2922 bonus
2522 2874 2574 2921 et
2626 2882 2732 2920 non
2772 2867 2948 2921 bonos
2980 2864 3207 2920 efﬁcitur
3232 2882 3245 2930 ;
3269 2864 3512 2930 adeoque
3545 2880 3633 2918 res

2047 2961 2116 3014 ab
2142 2960 2408 3016 electione
2434 2970 2543 3015 tota
2578 2962 2797 3030 pendet.
2834 2959 2936 3014 Sed
2964 2969 3139 3012 tamen
3166 2959 3257 3027 qui
3295 2958 3469 3011 malus
3503 2972 3628 3012 esse

2048 3053 2181 3117 vult,
2210 3053 2396 3108 statim
2438 3053 2716 3107 voluntate
2753 3053 2811 3106 lit
2860 3051 3058 3115 malus;
3090 3048 3303 3103 etiamsi
3340 3048 3474 3102 nihil
3499 3050 3628 3105 mali

377 3151 591 3211 παντως
614 3151 783 3212 δοκεῖ,
808 3151 902 3203 καὶ
940 3152 1108 3204 οἱονεὶ
1134 3151 1456 3205 συνίσταται
1484 3151 1742 3223 στερήσει
1779 3155 1937 3225 μόνῃ,

2049 3154 2287 3215 peragat,
2314 3145 2512 3215 quippe
2535 3146 2666 3200 satis
2690 3146 2853 3198 fuerit
2879 3144 3068 3197 adhoc
3103 3150 3160 3196 ut
3186 3143 3258 3197 sit
3282 3141 3452 3195 malus
3477 3145 3620 3211 quod

377 3241 477 3309 οὐχ
527 3239 667 3303 ἐξει.
713 3239 772 3293 '0
817 3241 872 3293 δέ
906 3241 1111 3308 ἀγαθὸς
1156 3242 1334 3311 ἀνὴρ,
1386 3244 1576 3314 ἐπειδὴ
1623 3244 1684 3296 τὸ
1739 3246 1945 3313 ἀγαθὸν

374 3331 579 3383 τέλειον
619 3331 844 3400 (ἀγαθὸς
882 3333 990 3401 γάρ
1017 3333 1045 3386 ὁ
1075 3333 1229 3395 Θεὸς,
1255 3334 1313 3386 ἐν
1341 3325 1384 3401 ᾧ
1419 3334 1584 3405 μηδὲν
1610 3334 1844 3403 ἀτελὲς),
1882 3338 1942 3389 οὐ

376 3422 638 3491 στήσεται
676 3421 838 3492 μέχρι
894 3422 989 3475 τοῦ
1048 3423 1245 3485 θέλειν,
1289 3423 1427 3476 ἀλλὰ
1469 3425 1566 3477 καὶ
1627 3429 1944 3495 περαιτέρω

378 3512 732 3585 προϐήσεται,
784 3514 879 3565 καὶ
923 3512 1090 3577 δείξει
1140 3513 1231 3566 τὸν
1267 3514 1439 3584 ἄνδρα
1493 3517 1678 3580 αὐτοῖς
1735 3516 1941 3585 ἔργοις,

381 3602 653 3654 συνιστῶν
704 3604 815 3663 τοῖς
854 3603 1203 3672 πράγμασιν,
1248 3603 1323 3666 ὡς
1352 3603 1413 3657 τὸ
1446 3604 1624 3659 θέλειν
1654 3607 1854 3677 ἀληθὲς
1885 3610 1944 3660 ἐν

380 3689 556 3757 αὐτῷ,
592 3690 863 3760 μηδεμίαν
922 3695 1295 3765 κιόδηλότητα
1325 3697 1685 3767 κεκτημένον.
1733 3698 1942 3762 Ἀλλως

381 3780 490 3849 γὰρ
526 3781 591 3833 ἂν
619 3779 820 3846 δόξειεν
844 3782 1070 3849 ἀγαθὸς,
1123 3786 1225 3840 οὒκ
1252 3786 1370 3841 ἔστι
1400 3787 1457 3840 δὲ
1489 3788 1728 3850 πάντως.
1763 3790 1853 3841 Δεῖ
1880 3790 1943 3861 δὴ

381 3872 506 3932 τοὺς
541 3871 782 3939 ἀγαθοὺς
830 3868 972 3927 εἶναι
1020 3876 1425 3941 σπουδάζοντας
1487 3878 1752 3947 μηδαμῶς
1808 3881 1945 3949 πρδς

378 3964 621 4031 τὰγαοὸν
660 3964 897 4029 ἐλλιπῶς
939 3965 1118 4037 ἔχειν’
1156 3969 1274 4023 ἀλλ’
1322 3964 1464 4022 εῖναι
1510 3971 1613 4039 μὲν
1661 3973 1944 4039 ἀκμάζου-

381 4072 478 4107 σαν
514 4055 572 4107 ἐν
605 4054 791 4117 αὐτοῖς
842 4057 939 4110 καὶ
968 4058 1145 4128 ὁρμὴν
1178 4059 1277 4127 τὴν
1321 4059 1458 4130 πρὸς
1490 4061 1641 4126 αὐτὸ,
1677 4063 1771 4114 καὶ
1808 4081 1939 4132 προο

381 4147 600 4215 θυμίαν,
636 4148 731 4200 καὶ
757 4147 1038 4216 βούλησιν,
1071 4149 1215 4202 εἶναι
1252 4150 1309 4203 δὲ
1337 4153 1431 4204 καὶ
1456 4151 1657 4220 τρόπον
1696 4153 1945 4207 δεικνύν-

380 4253 477 4298 τας
504 4237 683 4298 αὐτοῖς
722 4238 837 4298 τοῖς
872 4237 1057 4306 ἔργοις
1095 4239 1325 4308 ἀδελφὸν
1357 4242 1423 4311 τῇ
1465 4242 1820 4314 προαιρέσει,
1857 4244 1944 4299 ἵνα

383 4326 459 4394 μὴ
512 4325 589 4394 τῷ
642 4328 915 4396 κρείττονι
955 4330 1240 4397 χωλεύωσι
1291 4330 1472 4400 μέρει.
1503 4330 1666 4384 Ὥστε
1706 4332 1764 4384 τὸ
1816 4333 1940 4402 βού-

380 4416 566 4469 λεσοαι
594 4418 753 4485 μόνον
786 4419 882 4489 οὐχ
936 4420 1121 4472 ἱκανὸν
1159 4420 1404 4486 ἀγαθοὺς
1450 4422 1754 4491 ἀποφῆναι.
1799 4423 1940 4476 ’Λλλ’

2049 3256 2077 3293 a
2110 3244 2251 3294 bono
2285 3241 2527 3295 remotus
2584 3256 2705 3295 esse
2740 3240 2891 3296 velit.
2915 3239 3090 3309 Atque
3135 3239 3235 3292 hoc
3262 3238 3460 3292 rationi
3496 3253 3628 3292 con-

2002 3356 2019 3363 -
2048 3345 2364 3386 svntanenm
2403 3344 2570 3402 puto:
2611 3348 2735 3386 nam
2787 3332 2986 3386 malum
3036 3333 3208 3400 ipsum
3262 3349 3325 3388 ex
3379 3333 3625 3387 absentia

2049 3421 2171 3475 boni
2197 3425 2420 3477 omnino
2468 3424 2680 3478 videtur
2743 3426 3033 3488 exsistere,
3079 3427 3346 3494 quasique
3411 3436 3627 3479 constat

2048 3514 2347 3583 privatione
2377 3515 2775 3582 tantummodo,
2819 3532 2929 3571 non
2979 3517 3189 3571 habitu.
3246 3518 3315 3570 At
3365 3534 3493 3572 vero
3543 3522 3627 3572 vir

2049 3609 2397 3671 bonns,cum
2434 3609 2577 3677 quod
2633 3607 2835 3662 bonum
2882 3617 2964 3663 est
3014 3609 3313 3678 perfectum
3361 3607 3431 3662 sit
3458 3609 3625 3679 (Deus

2046 3699 2192 3753 enim
2225 3699 2401 3753 bonus
2424 3710 2526 3762 est,
2558 3700 2611 3753 in
2644 3716 2753 3770 quo
2785 3700 2919 3755 nihil
2957 3699 3309 3770 imperfecti),
3347 3716 3452 3754 non
3483 3703 3620 3755 velle

2048 3788 2209 3841 modo
2239 3789 2474 3853 debebit,
2522 3791 2616 3844 sed
2645 3791 2872 3846 ulterius
2900 3808 3119 3862 quoque
3145 3792 3540 3861 progredietur,
3566 3804 3621 3846 et

2047 3879 2221 3930 virum
2246 3877 2402 3931 factis
2434 3883 2704 3943 ostendet,
2733 3881 2895 3937 rebus
2929 3884 3060 3953 ipsis
3087 3880 3467 3952 comprobatus,
3499 3901 3625 3940 esse

2048 3984 2234 4023 verum
2272 3969 2327 4023 in
2358 3985 2422 4023 eo
2456 3971 2611 4034 velle,
2651 3971 2979 4042 minimeque
3019 3972 3259 4028 iocatum
3289 3992 3303 4029 :
3360 3991 3484 4029 nam
3519 3994 3626 4029 erc—

2047 4059 2255 4127 teroqui
2280 4060 2451 4114 bonus
2475 4059 2768 4126 videbitur,
2791 4077 2913 4117 cum
2945 4065 3168 4118 omnino
3190 4082 3293 4119 non
3323 4068 3393 4122 sit
3416 4068 3616 4123 bonus.

2046 4145 2396 4217 Nequaquam
2458 4160 2624 4217 certe,
2689 4151 2778 4221 qui
2833 4153 2959 4208 boni
3007 4171 3126 4209 esse
3184 4157 3423 4223 student,
3476 4160 3622 4227 quod

2046 4236 2250 4291 bonum
2280 4250 2361 4293 est
2392 4240 2706 4310 imperfecte
2730 4242 2930 4298 debent
2953 4246 3224 4315 amplecti,
3252 4250 3342 4301 sed
3371 4260 3621 4317 vegetum

2047 4327 2101 4382 in
2133 4328 2213 4384 eis
2248 4339 2302 4384 et
2338 4347 2517 4386 acrem
2559 4334 2629 4387 ad
2680 4336 2881 4390 bonum
2924 4354 3044 4393 esse
3079 4349 3291 4407 oportet
3335 4341 3621 4410 impetum,

2048 4431 2099 4474 et
2169 4422 2503 4478 alacritatem
2566 4436 2618 4481 et
2678 4428 3053 4496 voluntatem;
3128 4426 3402 4503 simulque
3463 4434 3623 4487 factis

382 4509 431 4558 εί
465 4508 563 4575 μὲν
591 4509 785 4578 ἀληθές
811 4527 869 4567 τε
906 4512 997 4561 καὶ
1030 4511 1273 4581 καοαρὺν
1304 4512 1412 4581 εἴη,
1449 4512 1737 4580 ἀρκέσειεν
1772 4513 1838 4565 ἂν
1883 4513 1941 4566 εὖ

2049 4513 2184 4583 ipsis
2212 4530 2392 4571 mores
2431 4517 2677 4573 instituto
2709 4521 2873 4574 animi
2900 4537 3191 4591 germanos
3243 4527 3477 4594 probare
3522 4526 3620 4579 de-

383 4600 673 4668 φρονοῦσιν
728 4602 965 4668 ἀγαθοὺς
1026 4603 1389 4672 ἐργάσασθαι.
1441 4605 1554 4656 Καὶ
1608 4605 1700 4656 τὸν
1736 4605 1942 4672 ἀγαθὸν

385 4686 708 4758 βουλόμενον
742 4688 899 4752 εἶναι,
953 4693 1144 4745 τοῦτον
1180 4693 1236 4745 δὲ
1295 4693 1368 4762 μὴ
1427 4690 1604 4760 εἶναι,
1658 4695 1940 4749 ἀδύνατον.

385 4779 614 4849 Ἕψεται
664 4780 772 4850 γὰρ
822 4781 913 4833 καὶ
961 4782 1022 4834 τὸ
1063 4785 1331 4849 ἐνεργεῖν.
1373 4786 1432 4837 '0
1466 4784 1523 4837 δὲ
1553 4785 1719 4848 κακὸς
1751 4787 1942 4856 βουλό-

384 4884 545 4939 μενος
587 4863 726 4922 εἶναι
772 4871 821 4940 (ό
851 4870 1008 4937 λόγος
1043 4870 1097 4923 δὲ
1143 4873 1275 4939 ἡμῖν
1310 4873 1370 4923 οὐ
1403 4874 1530 4942 περὶ
1566 4866 1947 4945 μελαγχολών-

378 4977 489 5015 των
512 4963 603 5015 ml.
618 4962 1131 5031 τετυφωμένωνὰνθ
1140 4962 1360 5033 ρώπων)
1393 4964 1540 5033 αὐτῷ
1563 4966 1639 5036 τῷ
1659 4965 1914 5035 βεϐουλεῦ
1931 4997 1945 5007 -

383 5052 505 5105 σθαί
536 5069 595 5105 τε
627 5056 721 5107 καὶ
743 5053 969 5119 Θελῆσαι
998 5055 1197 5108 αὐτίκα
1247 5057 1471 5123 γέγονεν
1505 5056 1750 5127 ἀτεχνῶς
1784 5064 1841 5112 ἐν
1880 5063 1947 5130 τῇ

380 5146 580 5216 καρδίᾳ
612 5146 801 5213 αὐτοῦ,
854 5148 1016 5215 φησὶν
1065 5147 1090 5198 ὁ
1133 5146 1349 5217 Σωτήρ.
1406 5147 1503 5215 Ern
1545 5148 1653 5218 γὰρ
1686 5151 1751 5203 ἂν
1784 5151 1947 5204 τοῦτό

380 5256 468 5308 γε,
500 5238 687 5309 ὥσπερ
721 5241 789 5292 ἂν
818 5238 866 5290 εί
903 5238 972 5293 τὰ
1001 5239 1146 5291 κακὰ
1191 5255 1341 5301 ουτος
1370 5238 1528 5302 αὐτὸς
1561 5242 1945 5310 προύκαλεῖτο,

384 5331 482 5384 καὶ
520 5329 983 5400 προσερχομένας
1031 5329 1284 5399 ὑπήντα,
1326 5330 1420 5382 καὶ
1479 5334 1667 5400 χερσὶν
1728 5333 1946 5397 ὑπτίαις

383 5422 703 5493 ὑπεδέχετο.
735 5422 807 5475 Τὸ
841 5421 951 5493 γὰρ
993 5422 1266 5492 ἐμϐλέψαι
1298 5423 1434 5491 πρὸς
1480 5423 1541 5475 τὸ
1572 5424 1940 5496 ἐπιθυμῆσαι,

380 5510 538 5566 τοῦτό
570 5514 718 5567 ἐστιν
746 5513 1009 5585 ἄντικρυς
1038 5512 1099 5565 τὸ
1131 5512 1307 5565 οέλειν
1336 5507 1480 5567 εἶναι
1514 5513 1706 5568 κακόν.

2044 4604 2189 4669 bent,
2226 4622 2291 4659 ne
2321 4620 2473 4675 parte
2515 4611 2710 4678 potiori
2749 4611 3078 4667 claudicent.
3133 4615 3285 4669 Unde
3329 4617 3621 4685 colligitur,

2043 4694 2220 4747 solum
2246 4694 2380 4749 velle
2408 4711 2513 4750 non
2551 4697 2798 4754 suﬂicere‘
2834 4700 2898 4755 ad
2925 4702 3024 4757 hoc
3053 4715 3108 4757 ut
3142 4704 3268 4757 boni
3301 4706 3618 4773 eiliciamur,

2044 4786 2137 4841 sed
2167 4787 2213 4841 si
2243 4802 2428 4841 verum
2471 4790 2858 4861 sincerumque
2888 4794 3025 4849 velle
3084 4795 3173 4861 sit,
3208 4797 3343 4852 satis
3400 4798 3624 4853 habebit

2045 4878 2406 4942 etlicaeitatis,
2439 4889 2498 4933 ut
2524 4880 2772 4936 homines
2803 4898 2970 4939 sanos
3000 4900 3063 4940 ac
3118 4888 3412 4953 prudentes
3445 4889 3619 4944 bonos

2049 4966 2245 5023 elliciat
2270 4986 2283 5023 :
2306 4980 2359 5024 et
2384 4977 2486 5025 hoc
2508 4972 2667 5026 modo
2696 4975 2787 5042 qui
2820 4976 2997 5031 bonus
3050 4993 3171 5032 esse
3191 4979 3324 5041 vult,
3355 4980 3474 5035 fieri
3509 4998 3619 5037 non

2049 5074 2222 5133 potest
2248 5065 2378 5132 quin
2407 5065 2580 5120 bonus
2609 5067 2824 5131 evadat,
2854 5084 2975 5122 nam
2998 5080 3051 5124 et
3089 5071 3201 5140 ipsa
3254 5070 3390 5127 facta
3434 5064 3623 5130 subse-

2047 5165 2304 5223 qnentur.
2335 5153 2436 5221 Qui
2469 5168 2648 5210 autem
2684 5159 2794 5211 vult
2826 5174 2947 5214 esse
2980 5162 3155 5215 malus
3193 5164 3488 5232 (inquimur
3523 5183 3624 5218 au-

2032 5255 2154 5307 \tem
2197 5262 2301 5299 non
2329 5248 2394 5301 de
2429 5248 2740 5303 horninibus
2766 5251 2973 5307 insanis
3005 5263 3056 5307 et
3086 5254 3478 5325 lymphaticis),
3505 5256 3620 5325 ipsa

2051 5338 2450 5393 tonsultatione
2490 5354 2551 5394 ac
2582 5341 2859 5397 voluntate
2895 5344 3069 5398 malus
3099 5348 3281 5400 statim
3334 5349 3507 5400 faetus
3536 5356 3622 5400 est

2050 5427 2213 5483 dubio
2244 5432 2424 5497 procul
2449 5432 2498 5484 in
2523 5434 2686 5487 corde
2722 5450 2840 5501 suo,
2868 5436 3323 5506 quemadmodmii
3358 5437 3473 5505 ipse
3500 5436 3621 5492 Sal-

2050 5531 2206 5573 vator
2241 5523 2339 5579 ait.
2379 5522 2589 5578 Etenim
2620 5526 2720 5581 hoc
2760 5527 2982 5597 perinde
3018 5528 3183 5581 fuerit
3208 5537 3369 5594 atque
3395 5526 3441 5580 si
3476 5527 3620 5581 mala

381 5602 612 5674 ipsemet
644 5614 960 5672 arcesseret,
993 5614 1044 5660 et
1073 5606 1459 5662 accedentibus
1507 5621 1817 5666 occurreret
1858 5616 2217 5685 manibusque
2263 5619 2476 5690 supinis
2527 5636 2587 5674 ea
2620 5624 2938 5692 susciperet.
3000 5622 3131 5675 Nam
3192 5623 3241 5674 in
3300 5624 3399 5673 hoc
3473 5625 3620 5690 aspi-

380 5709 533 5758 cere,
558 5704 615 5747 ut
641 5697 1023 5763 concupiscas,
1074 5696 1124 5779 id
1159 5711 1287 5752 vero
1346 5712 1569 5767 prorsus
1609 5709 1690 5754 est
1755 5704 1959 5759 malum
2002 5722 2122 5763 esse
2154 5708 2310 5762 velle.

461 5786 599 5840 Ἀλλ’
637 5787 755 5842 οὐδὲ
787 5789 962 5844 ἐκεῖνο
991 5788 1348 5860 ἀνέγκλητον,
1382 5789 1528 5860 ἔχειν
1564 5789 1665 5861 μὲν
1692 5792 1750 5848 ἓν
1779 5793 1851 5864 νῷ
1888 5797 1945 5849 τὸ

2126 5797 2233 5854 Nec
2274 5802 2403 5859 illud
2438 5820 2653 5875 quoque
2721 5805 3137 5874 reprvbcnsione
3201 5812 3366 5873 caret,
3421 5804 3621 5862 habere
