4098 6272
524 414 627 478 t‘2l

1690 417 2086 479 MANUELIS
2117 377 2575 486 exspumet

3671 437 3781 503 42$

525 536 746 603 quidem
782 533 834 586 in
861 529 1044 585 animo
1080 525 1304 589 bonum,
1332 524 1424 579 sed
1459 524 1596 579 adeo
1648 526 1841 595 fragile
1864 544 2007 594 esse,
2044 547 2087 581 lli

2203 535 2429 601 ἀγαθὸν,
2465 532 2604 587 εἶναι
2637 538 2693 590 δὲ
2723 538 2866 594 οὕτω
2892 542 3112 615 σαθρὸν,
3135 544 3209 607 ὡς
3241 547 3349 608 τοῖς
3385 524 3777 620 ἐπιχειρήσου-

526 626 671 680 hanc
707 627 833 679 boni
872 618 1257 688 cogitationem
1288 619 1603 671 subvertere
1642 618 1924 672 couaturis
1950 618 2093 688 idip-

526 734 646 774 sum
671 717 825 771 facile
853 714 995 767 factu
1016 709 1369 766 ostendatur:
1396 709 1478 763 vel
1499 724 1528 763 e
1550 708 1824 763 contrario
1843 726 1949 762 non
1974 726 2094 765 esse

523 818 773 878 paratum
807 803 871 858 ad
906 799 1278 856 resistendum
1307 795 1520 851 fortiter
1548 798 1625 851 rei
1682 797 1963 859 nociturae,
1996 811 2097 851 nec

522 902 699 955 factus
742 897 1035 953 ostendere
1074 908 1194 961 qua:
1244 900 1429 945 nostra
1471 891 1523 943 in
1558 898 1832 958 potestate
1881 891 1991 945 sint
2040 902 2094 944 et

519 988 811 1052 electione,
844 984 1184 1055 plushabere
1220 982 1415 1035 virium
1438 995 1602 1051 quam
1636 981 1820 1034 omnia
1854 996 1976 1050 quae
2004 996 2097 1035 ex-

520 1084 795 1135 trinsecus
840 1078 1215 1132 intenduntur.
1261 1075 1391 1127 Nam
1421 1074 1466 1127 si
1500 1072 1622 1142 quis
1650 1073 1853 1125 bonum
1887 1073 2097 1137 simpli-

518 1176 653 1231 citer
683 1174 754 1225 ita
811 1171 956 1235 velit,
1011 1184 1248 1236 cumque
1292 1168 1488 1221 deinde
1524 1167 1682 1222 faetis
1721 1167 2093 1237 praestandum

517 1248 621 1325 est,
667 1264 903 1331 segniter
953 1277 1015 1314 ac
1068 1256 1681 1329 negligenter‘aﬂ‘ectus
1734 1262 1827 1323 sit,
1865 1262 1910 1315 is
1966 1274 2094 1314 vero

520 1362 674 1423 longe
732 1362 972 1407 remotus
1029 1367 1055 1405 a
1114 1351 1447 1420 perfectione
1494 1368 1601 1406 non
1646 1354 1880 1422 amplius
1923 1363 2005 1407 est
2041 1353 2092 1405 in

518 1451 679 1508 horto,
711 1452 855 1516 quod
890 1461 1021 1500 sane
1050 1445 1350 1513 pcrfettum
1390 1457 1495 1499 est.
1553 1445 1807 1501 Sedeuim
1852 1462 2091 1515 quonam

518 1541 616 1591 hoc
663 1554 821 1606 pacto
888 1537 1045 1590 facile
1115 1538 1319 1605 possim
1367 1538 1626 1606 effugere,
1677 1538 1821 1592 dicet
1874 1539 2091 1607 aliquis.

516 1632 648 1683 Nam
679 1646 764 1683 res
798 1645 875 1682 ea;
902 1645 1020 1696 qua:
1048 1645 1142 1697 per
1175 1630 1476 1696 voluptates
1514 1630 1673 1683 nobis
1732 1631 2093 1712 itnpqnuntet

516 1723 887 1783 l.landiuntiir,
928 1721 1152 1772 omnino
1185 1736 1291 1771 non
1347 1721 1619 1773 mediocre
1650 1722 1818 1773 robur
1873 1722 2092 1785 habent,

516 1813 594 1865 u';i
622 1812 689 1865 de
725 1813 886 1863 rebus
920 1794 1052 1874 ipsis
1077 1804 1409 1877 cognoscere
1446 1813 1590 1865 licet.
1627 1811 1780 1864 Alius
1802 1810 1945 1866 enim
1975 1812 2094 1868 aliis

513 1905 748 1968 capitur,
804 1907 1232 1968 qmnta¢unque
1268 1902 1434 1954 animi
1478 1901 1824 1956 contentione
1870 1910 2090 1967 utatur;

512 2013 613 2049 nec
636 1997 926 2064 quisquam
982 1996 1240 2049 omnibus
1291 2007 1375 2048 est
1431 1996 1696 2064 superior.
1732 1996 1810 2049 Ne
1871 1995 2086 2065 quidem

514 2089 627 2153 ipse
667 2087 810 2146 dico,
865 2101 1022 2154 posse
1050 2086 1186 2138 mala
1233 2086 1392 2139 facile
1444 2086 1624 2148 vitari,
1690 2088 1781 2141 sed
1822 2103 1925 2140 non
1984 2088 2087 2142 nisi

514 2179 752 2229 maximo
793 2186 899 2228 tam
932 2177 1114 2230 studio
1165 2192 1326 2244 quam
1353 2177 1660 2241 tolerantia,
1696 2189 1959 2246 quantum
1992 2178 2090 2233 ho-

512 2270 643 2322 mini
680 2268 761 2322 fas
802 2278 901 2320 est.
947 2254 1111 2336 quue
1173 2268 1311 2321 adeo
1359 2284 1547 2321 verum
1604 2279 1706 2330 est,
1748 2277 1807 2322 ut
1860 2269 1986 2323 licet
2040 2268 2087 2322 ei

514 2361 637 2412 mali
669 2360 795 2428 quid
847 2360 1140 2425 aliquando
1197 2358 1478 2423 acciderit,
1544 2377 1650 2414 non
1703 2372 1984 2429 propterea
2020 2360 2091 2415 sit

512 2454 711 2506 malus.
734 2452 972 2512 Atenim,
1005 2451 1137 2505 dicit
1169 2452 1386 2520 aliquis,
1423 2453 1701 2520 complura
1753 2455 1905 2522 quasi
1954 2468 2091 2522 quo-

511 2546 633 2600 dam
670 2544 796 2598 fuco
837 2544 996 2599 nobis
1054 2544 1409 2612 imponentia,
1473 2560 1685 2613 nosque
1730 2545 2089 2599 demulcendo

509 2637 769 2699 fallentia,
811 2634 1057 2689 fortassis
1084 2635 1382 2700 evitavero,
1425 2636 1467 2690 si
1507 2636 1784 2704 perpetuis
1816 2651 1899 2690 me
1956 2651 2082 2689 cer-

509 2729 805 2781 taminibus
833 2728 1132 2781 addixere:
1168 2744 1352 2781 verum
1385 2727 1429 2782 si
1482 2744 1566 2783 res
1592 2728 1886 2782 admodum
1943 2743 2090 2782 mor-

449 2817 453 2820 ⁴
509 2825 688 2878 dar-es,
719 2830 769 2871 et
787 2829 1090 2872 extremum
1118 2819 1172 2872 in
1204 2820 1422 2873 modum
1460 2820 1727 2876 violentas
1758 2830 1973 2888 tamque
1992 2834 2087 2873 ua-

509 2921 629 2964 tura
662 2910 1055 2974 formidabiles,
1086 2919 1143 2963 ut
1172 2912 1386 2965 animos
1420 2912 1583 2965 etiam
1640 2912 1750 2967 sola
1784 2912 1866 2967 sui
1906 2926 2087 2966 recor-

510 3003 727 3054 datione
752 3003 1090 3065 concutiant,
1132 3016 1228 3071 per
1278 3016 1415 3069 quas
1456 3018 1671 3068 uxores,
1706 3004 1927 3071 liberos,
1960 3003 2090 3060 eba-

516 3094 734 3147 rissima
765 3108 1018 3161 quaeque,
1046 3093 1212 3147 vitam
1262 3094 1435 3164 ipsam
1490 3095 1793 3151 amittimus
1827 3113 1840 3150 :
1879 3098 1962 3151 hae
2003 3113 2089 3153 res

2202 641 2287 677 σιν
2336 626 2486 696 αύτῷ
2527 628 2619 680 τὸν
2668 629 2927 700 λογισμὸν
2964 636 3292 706 περιτρέψαι
3336 638 3554 693 εὖκολον
3587 641 3776 707 αὐτοῖς

2199 718 2621 771 ἀναδείκνυσθαι
2643 736 2656 751 ο
2700 722 2731 790 ἢ
2766 725 3101 789 τούναντίον,
3136 729 3210 799 μὴ
3242 725 3378 783 εἶναι
3414 732 3631 803 ’ἑτοιμον
3673 737 3773 788 ἀν-
3817 799 3820 802 ,

2198 805 2452 874 τιστῆναι
2489 809 2757 875 γενναίως
2788 813 2866 881 τῷ
2898 812 3176 883 βλάψοντι,
3211 818 3306 871 καὶ
3332 806 3504 885 δεῖξαι
3534 826 3645 884 τοῖς
3674 824 3772 892 ἕρ-

2198 912 2337 965 γοις,
2367 899 2442 961 ὡς
2475 900 2798 973 ἰσχυρότερα
2830 906 2898 960 τὰ
2949 908 3033 976 ἐφ’
3082 912 3216 978 ἡμῖν
3250 913 3345 965 καὶ
3378 914 3476 983 τῆς
3509 918 3773 986 προαιρέ-

2202 1006 2342 1052 σεως
2387 991 2495 1042 τῶν
2540 993 2739 1058 ἔξωθεν
2790 997 3147 1067 ἐπαγομένων
3200 1003 3327 1070 ἑξῆς
3370 1003 3643 1061 ἁπάντων.
3705 1008 3770 1061 Et

2197 1080 2305 1146 γάρ
2353 1099 2434 1144 τις
2489 1084 2663 1137 ἐθέλει
2709 1087 2770 1139 τὸ
2818 1089 3020 1155 ἀγαθὸν
3058 1092 3290 1146 οὑτωσὶν
3330 1095 3542 1159 ἁπλῶς,
3576 1099 3771 1153 ἔπειτα

2200 1171 2399 1240 δεῆσαν
2441 1176 2726 1244 πράττειν,
2753 1179 2780 1230 ό
2813 1179 2858 1231 δ’
2897 1181 3177 1252 ὀλιγώρως
3209 1185 3478 1240 διάκειται
3509 1189 3605 1241 καὶ
3634 1192 3770 1258 ἡμε-

2198 1261 2476 1331 λημένως,
2500 1268 2633 1320 πολὺ
2655 1268 2753 1337 τῆς
2780 1271 3123 1339 τελειότητος
3142 1275 3405 1345 ὑστερῶν,
3427 1279 3769 1333 ούκέτέττιν

2199 1352 2257 1403 ὲν
2291 1353 2369 1422 τῷ
2396 1354 2602 1424 ἀγαθῷ,
2629 1358 2655 1409 ὃ
2682 1374 2744 1425 γε
2782 1361 3007 1416 τέλειον.
3051 1364 3215 1417 Ἀλλὰ
3237 1366 3354 1429 πῶς
3379 1368 3447 1421 ἂν
3472 1369 3646 1422 ταῦτα
3672 1374 3767 1442 ῥα·

2200 1445 2328 1509 δεως
2375 1446 2733 1520 διαφύγοίμι;
2771 1456 2924 1523 φησί.
2966 1457 3091 1521 Τοῖς
3126 1459 3236 1529 γὰρ
3282 1459 3368 1513 διὰ
3411 1461 3522 1514 τῶν
3567 1460 3769 1530 ἡδονῶν

2199 1535 2512 1598 ἐξαπατῶσι
2543 1543 2636 1594 καὶ
2667 1543 3020 1600 ύποσαίνουσι
3057 1551 3377 1621 πράγμασιν
3408 1555 3508 1606 οὐκ
3535 1554 3767 1622 ἀγεννής

2199 1642 2282 1688 τις
2316 1624 2534 1692 πάντως
2573 1631 2747 1701 ἰσχὺς,
2778 1635 2854 1698 ὠς
2883 1636 2991 1689 ἀπὸ
3024 1638 3147 1692 ’τῶν¹
3178 1642 3525 1710 πραγμάτων
3570 1644 3767 1713 ἔχομεν

2200 1718 2426 1783 γνῶναι.
2466 1721 2660 1785 Ἀλλος
2703 1726 2814 1796 γὰρ
2869 1728 3053 1792 ἄλλοις
3103 1730 3409 1800 ἁλίσκεται,
3438 1734 3540 1787 κᾶν
3569 1737 3768 1789 ὁπόσον

2203 1808 2331 1883 θέλῃ
2380 1814 2712 1884 φιλοσοφεῖν.
2760 1821 2870 1873 Καὶ
2920 1821 3093 1885 οὐδεὶς
3142 1823 3252 1877 τῶν
3300 1824 3438 1878 ὅλων
3471 1828 3761 1898 ἀνώτερος.

2129 1897 2167 1949 Β
2196 1902 2330 1956 Οὐδὲ
2366 1905 2475 1972 ἐγὼ
2515 1909 2713 1978 ῥᾳδίως
2748 1913 2913 1981 φημὶ,
2961 1915 3096 1969 ἀλλὰ
3127 1919 3330 1989 σπουδῇ
3363 1920 3456 1972 καὶ
3496 1924 3777 1995 καρτερίᾳ,

2195 1995 2427 2068 μεγίστῃ
2448 1999 2515 2050 τὰ
2537 2001 2683 2053 κακὰ
2702 2000 3015 2072 διαφεύγειν
3038 2006 3320 2073 δύνασθαι,
3346 2011 3468 2063 ὅσον
3487 2011 3758 2082 ἀνθρώπῳ

2190 2085 2415 2140 δυνατόν
2436 2102 2450 2117 '
2501 2092 2595 2143 καὶ
2628 2093 2906 2159 τοσοῦτον,
2937 2095 3076 2150 ῶστε
3109 2098 3163 2151 εἴ
3191 2117 3291 2152 που
3326 2102 3418 2155 καὶ
3464 2102 3618 2174 ἁλοίη
3659 2122 3766 2159 πα-

2193 2174 2322 2239 θὼν,
2351 2178 2427 2247 μὴ
2449 2178 2537 2231 διὰ
2565 2181 2724 2236 τοῦτο
2757 2186 2927 2237 κακὸν
2952 2182 3114 2241 εἶναι.
3157 2190 3318 2245 Ἀλλὰ
3345 2193 3413 2245 τὰ
3443 2195 3541 2264 μὲν
3568 2195 3755 2259 πολλὰ.

2192 2268 2350 2336 φησὶ,
2384 2270 2494 2323 τῶν
2531 2275 2935 2340 φενακιζόντων
2987 2297 3047 2333 τε
3096 2282 3190 2334 καὶ
3240 2282 3552 2354 κηλούντων
3599 2289 3761 2341 διολι-

2192 2361 2454 2434 σθήσαιμ’
2509 2364 2575 2416 ἂν
2634 2366 2784 2433 ἴσως,
2840 2370 3079 2437 ἐμαυτὸν
3154 2373 3401 2439 δεδωκὼς
3453 2378 3760 2451 διηνεκέσιν

2189 2455 2404 2524 ἀγῶσι’
2437 2459 2633 2529 κομιδῇ
2684 2458 2740 2512 δὲ
2795 2458 3100 2532 πράγματα
3151 2466 3418 2539 δακνηρὰ,
3476 2470 3758 2540 βιαιότατα

2194 2545 2296 2614 μὲν
2327 2547 2384 2609 ἐς
2424 2546 2615 2616 ἄκρον,
2644 2548 2784 2601 οὕτω
2813 2550 2871 2603 δὲ
2907 2551 3065 2619 φύσει
3094 2556 3325 2627 φοϐερὰ,
3361 2557 3436 2621 ὡς
3462 2561 3557 2613 καὶ
3588 2562 3759 2616 δονεῖν

2190 2635 2289 2698 τὰς
2317 2634 2498 2705 ψυχὰς
2545 2638 2683 2707 αὐτῇ
2738 2641 2830 2694 καὶ
2866 2642 3005 2716 μόνῃ
3034 2647 3099 2713 τῇ
3137 2650 3349 2721 μνήμῃ,
3377 2649 3447 2702 δι’
3473 2645 3548 2704 ῶν
3576 2655 3761 2719 γυναῖ-

2190 2743 2316 2793 κας,
2336 2729 2553 2795 παῖδας,
2575 2731 2643 2784 τὰ
2668 2732 2997 2800 τιμιώτατα,
3025 2737 3158 2790 αὐτὸ
3181 2738 3240 2791 τὸ
3270 2741 3367 2812 ζῇν
3389 2742 3755 2814 ζημιούμεθα,

2191 2820 2238 2869 εί
2266 2818 2405 2887 μετὰ
2432 2821 2667 2889 σφοδρᾶς
2689 2824 2969 2893 κωμάσειε
2996 2828 3198 2898 ῥύμης,
3225 2832 3341 2895 πῶς
3366 2832 3432 2886 ἂν
3456 2835 3757 2906 ὑποσταίην

2190 2910 2495 2981 ἀειδὴποτε,
2527 2913 2665 2967 ἀλλὰ
2712 2917 2786 2989 μὴ
2819 2920 3169 2974 παντάπασιν
3199 2923 3432 2993 εῐξαιμι,
3456 2929 3552 2980 καὶ
3582 2921 3756 2999 οὗπερ

2191 3003 2258 3060 ἂν
2287 3006 2510 3073 ἀγάγοι,
2536 3006 2841 3077 δεδεμένοις
2868 3011 3257 3083 παραπλήσιον
3283 3016 3587 3087 ἐφεψοίμην
3607 3034 3621 3077 ς
3642 3019 3758 3088 ἐρεῖ

2188 3113 2274 3159 τις
2307 3096 2438 3160 ἴσως
2470 3098 2699 3152 τοιαῦτα
2732 3099 3151 3171 ἀνθυποφέρων.
3192 3105 3509 3160 ’Δκούσεται
3533 3109 3589 3162 δὲ
3623 3108 3756 3181 παρ’

512 3185 677 3253 igitur
711 3186 756 3237 si
814 3186 1134 3239 vehemente
1188 3202 1312 3240 cum
1351 3186 1550 3257 impetu
1592 3189 1821 3255 irruant,
1846 3204 2085 3258 quonam

2194 3188 2405 3258 ἀνδρῶν
2433 3190 2490 3243 ὲν
2516 3190 2659 3261 λόγῳ
2677 3191 2898 3255 ζώντων
2919 3197 3014 3249 καὶ
3036 3199 3380 3269 γενναιότητι
3402 3215 3416 3232 ο
3440 3200 3607 3255 Οὐδὲν
3634 3202 3756 3257 οὔτε

508 3292 604 3330 cas
633 3285 789 3345 pacto
817 3291 1031 3344 semper
1052 3277 1383 3343 sustinuero,
1432 3294 1530 3333 nec
1568 3283 1791 3333 omnino
1843 3297 2081 3349 cessero,

2196 3283 2433 3350 φρονεῖς,
2469 3280 2593 3334 οὔτε
2623 3283 2825 3351 λέγεις,
2856 3285 2884 3338 ὃ
2914 3286 2989 3357 μὴ
3019 3289 3122 3341 κᾶν
3150 3288 3282 3359 ὄναρ
3317 3289 3438 3345 ἰδὼν
3465 3295 3604 3364 ἀνὴρ
3630 3311 3755 3363 μετα

509 3383 839 3438 qoocunque
871 3370 1145 3435 duxerint,
1190 3371 1491 3425 vinctorum
1526 3373 1579 3426 in
1633 3388 1837 3426 morem
1896 3375 2085 3428 subsc-

510 3462 729 3529 quens?
758 3459 1081 3531 Hujusmodi
1111 3462 1291 3517 denuo
1328 3464 1481 3517 nobis
1519 3464 1789 3533 objiciens
1814 3464 2083 3534 quispiam

512 3552 743 3604 fortasse
766 3552 1070 3619 protulerit.
1102 3550 1172 3605 At
1192 3554 1304 3607 haec
1332 3554 1572 3607 vicissim
1598 3572 1625 3607 a
1679 3557 1804 3609 viris
1830 3572 1893 3609 ex
1948 3571 2085 3625 prae-

510 3647 716 3715 seripto
747 3646 971 3700 rationis
1012 3647 1420 3702 etfortitudiuis
1460 3649 1789 3714 viventibus,
1852 3650 2033 3705 audiet
2068 3668 2082 3706 :

510 3737 696 3804 Neque
730 3748 782 3790 ttt
818 3736 1113 3806 quidquam
1162 3738 1349 3802 sentis,
1387 3756 1559 3807 neque
1609 3741 1767 3807 dicis,
1816 3741 1976 3811 cujus
1998 3743 2081 3796 vel

512 3845 607 3894 per
656 3843 909 3881 somnum
963 3828 1129 3883 oblati
1177 3829 1353 3884 virum
1420 3832 1631 3885 ratione
1690 3834 1996 3900 praeditum,
2030 3843 2085 3888 et

461 3936 465 3939 ·
508 3924 693 3993 animo
726 3921 872 3984 forti,
913 3936 1021 3973 non
1054 3922 1247 3975 merito
1295 3924 1574 3991 puduerit,
1612 3935 1665 3977 et
1705 3924 1861 3993 cujus
1917 3940 2081 3979 causa

513 4028 623 4064 non
660 4027 849 4079 pmuas
888 4023 1237 4081 experrectus
1268 4013 1381 4082 ipse
1407 4014 1473 4067 de
1526 4015 1703 4083 seipse
1761 4017 2079 4083 sumpserit.

513 4101 645 4153 Nam
682 4102 771 4168 qui
805 4117 995 4169 reapse
1054 4102 1151 4155 viri
1210 4113 1359 4166 sunt,
1405 4104 1539 4156 nihil
1584 4119 1759 4172 neque
1808 4106 2083 4173 potentius

510 4178 689 4257 neque
723 4191 1121 4247 formiilabilius
1139 4192 1457 4247 existimant
1476 4210 1539 4247 eo
1558 4196 1646 4263 qui
1672 4211 1857 4249 revera
1891 4206 2082 4264 potens

514 4290 598 4334 est
623 4296 684 4333 ac
717 4280 1114 4345 formidabilis,
1163 4281 1327 4334 siculi
1393 4298 1492 4335 nec
1535 4285 1845 4338 amantibus
1891 4287 2083 4351 pudice

512 4372 812 4439 quidquam
846 4372 1134 4424 amabilius
1170 4382 1223 4425 et
1270 4373 1683 4427 desiderabilius
1741 4390 1923 4429 revera
1965 4376 2084 4446 pul-

513 4462 644 4514 chro
681 4471 733 4515 et
769 4464 932 4516 bono.
967 4461 1177 4529 Quippe
1210 4462 1339 4515 dira'
1358 4464 1574 4530 quidem
1632 4464 1895 4533 ejusmodi
1953 4482 2082 4524 sunt

2192 3374 2332 3443 έχων
2365 3375 2523 3443 λόγου
2574 3377 2668 3430 καὶ
2718 3383 3121 3451 γενναιότητος,
3156 3384 3397 3455 ᾐσχύνθη
3424 3402 3484 3439 τε
3520 3390 3648 3442 πάνυ
3672 3388 3747 3441 δι-

2199 3466 2392 3529 καίως,
2420 3467 2511 3519 καὶ
2555 3468 2713 3539 δίκην
2760 3489 2824 3539 γε
2869 3474 2968 3544 τὴν
2992 3478 3322 3548 γιγνομένην
3352 3480 3741 3550 ἐξεγειρόμενος

2193 3556 2322 3627 παρ’
2348 3557 2504 3620 αὐτὸς
2543 3559 2711 3613 αὐτοῦ
2742 3563 2959 3633 εἴληφε.
3011 3567 3138 3630 Τοῖς
3170 3568 3280 3639 γὰρ
3304 3570 3381 3634 ὠς
3416 3573 3620 3641 ἀληθῶς
3649 3574 3743 3626 ἀν-

2190 3645 2380 3715 δράσιν
2400 3648 2553 3701 οὐδέν
2581 3666 2634 3703 τι
2666 3651 3037 3728 δυνατώτερόν
3059 3674 3115 3710 τε
3139 3659 3236 3711 καὶ
3259 3662 3539 3734 φοϐερώτε
3550 3683 3637 3734 ρον
3658 3666 3749 3720 τοῦ

2190 3738 2358 3804 ὅντως
2404 3739 2631 3796 δυνατοῦ
2685 3762 2745 3797 τε
2801 3748 2895 3801 καὶ
2931 3751 3203 3821 φοϐεροῦο
3238 3754 3427 3827 ῶσπερ
3479 3761 3603 3814 οὐδὲ
3646 3762 3757 3823 τοῖς

2190 3830 2354 3924 ἐρῶσι
2388 3836 2681 3903 σωφρόνως
2711 3836 3126 3912 ὲρασμιὼτερόν
3158 3861 3217 3897 τε
3250 3846 3345 3900 καὶ
3376 3849 3767 3924 ποθεινότερον

2190 3923 2286 3974 τοῦ
2318 3922 2489 3987 ὅντως
2514 3942 2575 3987 γε
2604 3927 2772 3981 καλοῦ
2812 3946 2870 3983 τε
2903 3934 2999 3985 καὶ⁵
3027 3935 3257 4004 ἀγαθοῦ.
3302 3942 3461 3994 Δεινὰ
3490 3943 3592 4011 μὲν
3625 3922 3755 4014 γαρ,

2191 4014 2282 4065 καὶ
2311 4016 2455 4085 πέρα
2500 4017 2688 4073 δεινῶν
2721 4022 2790 4073 τὰ
2820 4024 3046 4079 τοιαῦτα
3070 4044 3084 4058 °
3117 4028 3288 4084 ἔστων
3333 4032 3390 4085 δὲ
3440 4031 3533 4085 καὶ
3583 4049 3752 4087 κατα-

2191 4103 2393 4173 πλῆξαι
2422 4108 2515 4160 καὶ
2554 4114 2873 4167 κατασεῖσαι
2909 4118 3114 4190 σφόδρα
3144 4121 3411 4191 δυνάμενα
3453 4125 3579 4186 τοὺς
3619 4126 3755 4178 πολ-

2186 4192 2336 4262 λοὺς,
2380 4204 2474 4251 καὶ
2508 4200 2809 4273 ζημιῶσαι,
2864 4209 3028 4263 πάνθ’
3074 4211 3197 4280 ἑξῆς
3234 4212 3370 4283 μετὰ
3397 4212 3492 4267 τοῦ
3549 4217 3756 4287 ζῇντὰ

2189 4288 2432 4355 παρόντα
2466 4292 2592 4355 τοὺς
2645 4296 2829 4361 αὐτοῖς
2883 4296 3335 4373 ἀνθισταμένους,
3384 4307 3474 4363 ἱνα
3507 4327 3602 4362 σου
3649 4313 3758 4365 τῶν

2191 4376 2506 4474 ύπεᾼρσολῶν
2560 4386 2832 4457 μηδεμίαν
2871 4392 3237 4466 ἀφελώμεθα’
3288 4401 3348 4453 οὐ
3383 4402 3491 4474 μὴν
3537 4404 3757 4461 τοιαῦτά

2189 4486 2250 4535 γε
2284 4469 2410 4569 ὄντα
2442 4474 2639 4569 ίέστων
2669 4479 2721 4531 δὲ
2750 4483 2844 4533 καὶ
2877 4484 3068 4552 πλείω,
3090 4492 3139 4541 εί
3164 4469 3398 4563 βούλει),
3417 4469 3640 4561 ἀντάξια
3664 4499 3757 4569 δή·

513 4565 567 4606 et
597 4554 896 4622 plusquam
917 4552 1213 4619 dira,Quin
1236 4554 1397 4608 etiam
1429 4554 1643 4618 demus,
1669 4569 1723 4610 ιιι
1746 4559 1994 4617 territare
2028 4577 2087 4621 ac

2198 4562 2396 4656 πουθεν
2426 4564 2603 4637 ψυχῆς
2650 4571 2738 4623 καὶ
2786 4571 2944 4645 δόξης
2987 4552 3393 4653 ἀληθεστάτης,
3412 4586 3483 4640 δι’
3511 4552 3632 4656 ἆγε
3667 4552 3755 4643 κᾶι

512 4646 703 4714 volgus
730 4645 1008 4698 hominum
1045 4645 1338 4716 percellere
1383 4647 1731 4702 vehementer
1771 4653 1995 4719 possint,
2030 4666 2083 4711 et

514 4736 696 4788 Omnia
735 4736 891 4803 plane
922 4736 1062 4790 bona
1100 4736 1386 4807 praesentia
1417 4754 1537 4793 cum
1565 4742 1675 4808 ipsa
1705 4741 1809 4795 vita
1828 4745 2086 4801 resisten-

514 4825 662 4878 tibus
694 4824 952 4889 adimere,
982 4834 1104 4881 tuas
1132 4837 1192 4880 ut
1226 4828 1318 4881 tibi
1368 4828 1771 4898 superlationes
1817 4833 1933 4888 illas
1971 4851 2085 4889 out-

519 4931 616 4968 ncs
639 4917 1024 4982 concedamus,
1076 4933 1185 4972 non
1238 4930 1441 4982 tamen,
1505 4924 1714 4976 etiamsi
1779 4924 1904 4978 talia
1976 4928 2086 4979 sint

512 5012 851 5077 (quanquam
883 5011 1037 5077 plura
1069 5029 1308 5082 quoque,
1345 5014 1392 5069 si
1429 5016 1600 5077 voles,
1631 5018 1869 5085 demus),
1917 5020 2085 5089 tequi-

514 5100 754 5168 paranda
795 5116 916 5153 cum
949 5103 1131 5157 animo
1179 5108 1566 5177 verisdmaque
1624 5110 1792 5175 gloria
1841 5113 2082 5175 veniunt,

515 5208 748 5261 quorum
786 5208 948 5246 causa
982 5194 1063 5248 vel
1114 5196 1284 5264 ipsam
1333 5198 1518 5264 vitam,
1552 5202 1640 5270 qui
1686 5205 1842 5272 sapit,
1915 5206 2082 5258 multa

518 5301 642 5337 cum
668 5285 947 5338 alacritate
979 5286 1299 5353 profuderit.
1324 5290 1427 5344 Par
1452 5294 1592 5346 enim
1648 5295 1789 5348 istud
1826 5312 1910 5348 res
1951 5297 2085 5351 alias

519 5377 802 5431 nuiversas
836 5378 1061 5430 nimium
1100 5393 1359 5447 quantum
1413 5366 1701 5440 excellitiet
1740 5398 1981 5455 superat.
2018 5392 2086 5444 At

520 5470 610 5523 illa
637 5471 839 5533 gravia,
871 5486 991 5538 qua:
1026 5482 1081 5524 tu
1115 5465 1547 5528 commemorans
1595 5478 1980 5533 exhorrescere
2011 5479 2086 5533 vi-

490 5558 758 5625 ~debaris,
818 5562 1032 5618 etiamsi
1081 5565 1205 5634 quis
1254 5568 1459 5619 irrucre
1504 5569 1790 5623 confertim
1845 5581 2086 5625 extrema

514 5670 639 5708 cutn
677 5658 972 5711 acerbitate
1003 5660 1358 5723 concesserit,
1411 5670 1590 5714 tamen
1625 5678 1721 5715 nec
1767 5664 1949 5715 animo
1992 5664 2087 5717 de—

517 5746 836 5801 trimentum
874 5748 1133 5813 afferunt,
1173 5751 1216 5803 si
1247 5751 1462 5817 quidem
1493 5752 1539 5802 ei
1588 5767 1691 5803 non
1728 5754 1890 5806 etiarn
1925 5755 2087 5808 vehe-

518 5845 727 5889 menter
787 5839 1122 5904 conducunt,
1196 5856 1294 5896 nec
1350 5840 1626 5895 infamiam
1692 5843 2004 5910 conciliant,
2045 5844 2088 5900 si

1682 5948 1698 5962 °
1732 5960 1775 5983 ος

2190 4654 2250 4705 τὺ
2301 4654 2399 4725 ζῇν
2446 4658 2576 4711 αὐτὸ
2623 4660 2739 4728 δοίη
2779 4682 2861 4728 τις
2914 4667 2979 4722 ἂν
3010 4668 3069 4723 εὖ
3119 4674 3338 4743 φρονῶν
3382 4680 3525 4747 μετὰ
3562 4682 3755 4751 πολλῆς

2193 4745 2521 4813 προθυμίας.
2556 4748 2706 4819 Αὕτη
2747 4753 2858 4823 γὰρ
2890 4757 2923 4824 ἡ
2960 4755 3191 4828 ξυνωρὶς
3222 4764 3313 4816 τοῦ
3354 4745 3555 4832 παντὸς
3590 4745 3755 4840 ὑπέρέ

2193 4853 2370 4932 κειται
2404 4845 2544 4932 μετά
2587 4847 2802 4914 μακρᾶς
2846 4850 2945 4920 τῆς
2995 4852 3325 4925 ὑπερϐολῆς.
3366 4857 3583 4932 Ἐκεῖνα
3609 4862 3663 4914 δὲ
3690 4863 3755 4916 τὰ

2192 4928 2453 5023 δυσχερῆ,
2474 4932 2510 4987 ἃ
2535 4935 2596 4987 σύ
2625 4953 2687 5004 γε
2718 4938 2894 5006 λέγων
2923 4942 3131 5008 ἐδόκεις
3162 4928 3429 5016 φρίττειν,
3458 4952 3559 5004 κᾶν
3586 4954 3755 5023 ἀθρόα

2193 5020 2306 5091 δοίη
2343 5040 2425 5085 τις
2455 5026 2803 5096 εἰσκωμάσαι
2857 5036 2999 5101 μετὰ
3047 5036 3378 5108 δριμύτητος
3407 5043 3603 5113 ἄκρας,
3636 5020 3756 5098 οὗτε

2197 5113 2423 5193 βλαπτεε
2451 5121 2548 5188 τὴν
2574 5120 2774 5191 ψυχὴν,
2800 5127 2847 5177 εἰ
2882 5129 2959 5199 μὴ
2986 5133 3078 5184 καὶ
3116 5132 3322 5203 σφόδρα
3348 5137 3613 5205 ὀνίνησιν,
3641 5138 3756 5194 οὔτ’

2194 5206 2412 5270 ἀδοξίαν
2469 5216 2741 5281 προξενεῖ,
2777 5219 2825 5269 εί
2882 5222 2955 5291 μὴ
3009 5225 3101 5275 καὶ
3151 5227 3423 5296 λαμπρῶς
3480 5234 3755 5295 στεφανοῖ.

2197 5297 2373 5363 "om;
2421 5301 2475 5353 δὲ
2507 5305 2575 5355 τὰ
2609 5306 2827 5377 λυπηρὰ
2863 5315 2943 5374 είς
2995 5313 3162 5370 ἑαυτὰ
3196 5321 3563 5388 στρεφόμενα,
3590 5321 3663 5385 ὼς
3694 5326 3758 5374 τὰ

2198 5393 2614 5460 πολυφλοίσϐοιο
2665 5400 2931 5473 θαλάττης
2985 5408 3230 5477 κύματα,
3270 5411 3574 5470 διαλύεται.
3618 5416 3681 5468 Et
3708 5416 3757 5468 δὲ

2199 5485 2510 5577 καθαψαιτο
2556 5492 2642 5541 καὶ
2694 5495 2906 5563 μακρὸν
2940 5498 3061 5567 μεθ’
3084 5493 3216 5569 ὅσης
3245 5503 3309 5557 ἄν
3340 5522 3421 5567 τις
3451 5507 3598 5559 εἴποι
3631 5525 3759 5577 σφο-

2197 5570 2450 5639 δρότητος
2481 5579 2573 5629 καὶ
2602 5580 2939 5651 πλεονεξίας,
2973 5588 3109 5640 ἀλλὰ
3142 5594 3294 5643 πᾶσα
3326 5594 3355 5662 ἡ
3396 5595 3644 5663 παροῦσα
3669 5596 3758 5665 {ne

2203 5664 2296 5729 μία
2325 5665 2424 5733 τῆς
2456 5669 2553 5737 ἥδη
2588 5674 2887 5744 τρεχούσης
2942 5681 3087 5731 ἐστὶν
3122 5684 3337 5751 ἡμέρας
3364 5725 3379 5749 ,
3413 5688 3461 5737 εἰ
3492 5688 3547 5738 δὲ
3585 5664 3757 5756 βούλει

2199 5771 2261 5821 γε
2295 5759 2525 5826 στιγμῆς
2552 5775 2565 5787 ·
2599 5766 2687 5813 καὶ
2723 5766 2779 5815 ὲν
2813 5768 3014 5836 ἀκαρεῖ
3044 5773 3277 5839 γίνεται,
3306 5775 3368 5841 ἣν
3404 5778 3649 5845 ἀκριϐῶς
3682 5796 3758 5839 τις

2202 5848 2451 5935 excrcior]
2481 5852 2548 5904 τὰ
2600 5858 2725 5923 περὶ
2761 5858 2950 5914 τῶνδε.
2997 5865 3109 5917 Καὶ
3163 5866 3632 5936 συλλαμϐάνονταί
3674 5885 3759 5939 μοι
