4098 6272
369 353 475 421 425

1769 357 2054 419 ORATIO
2099 359 2207 422 IIl.

3512 351 3618 421 L26

361 474 588 543 ταυτησὶ
620 471 718 541 τῆς
751 475 978 538 ἐννοίας,
1003 471 1059 528 οἵ
1096 493 1154 529 τε
1208 481 1362 548 σοφοὶ
1390 480 1497 531 τῶν
1530 478 1911 548 παλαιοτέρων

2041 478 2257 544 quidem
2296 492 2403 530 non
2431 473 2712 545 splendida
2745 475 2926 544 potius
2962 489 3164 529 corona
3213 476 3440 530 donant.
3493 477 3619 546 Ipsa

363 567 458 618 καὶ
487 567 596 618 τῶν
634 565 756 618 καθ’
788 566 933 635 ἡμᾶς
968 568 1105 636 ἱεροί
1131 585 1278 634 ,τινες
1321 569 1532 637 ἄνδρες.
1577 570 1848 638 Ἀκὴκοας
1873 571 1928 622 δέ

338 665 414 708 "tt
441 655 536 710 καὶ
569 656 700 727 παρ’
739 658 901 727 ἡμῶν
941 660 1071 726 περὶ
1099 661 1306 713 τούτων
1338 663 1674 730 σαφέστερον
1706 662 1927 731 εἰρηκό-

358 763 470 800 των
495 749 551 800 έν
578 748 655 816 τῷ
685 747 966 819 ἑξηκοστῷ
1027 750 1268 820 δευτέρῳ
1298 753 1407 805 τῶν
1439 755 1576 822 πρὸς
1612 755 1669 804 σέ
1707 771 1799 822 μοι
1831 771 1925 805 κει

360 836 627 903 φαλαίων.
669 837 733 890 Ἠ
761 837 1060 892 δὲ’τούτων
1096 841 1161 910 δὴ
1194 841 1303 893 τῶν
1335 842 1596 912 λυπηρῶν
1631 843 1862 910 δύναμις
1891 841 1923 910 ἢ

359 925 419 977 τὸ
444 926 683 995 φοϐῆσαι
706 931 1057 997 προσδοκὲαις
1084 931 1319 999 ἐστὶν,,ἣ
1349 933 1409 984 τδ
1442 933 1688 997 παρόντα
1716 933 1920 984 δακεῖν·

359 1015 457 1067 καὶ⁵
486 1017 545 1068 τὸ
592 1001 869 1084 μέγιστον’
903 1021 1074 1073 κακὸν
1103 1022 1398 1088 ἀφελέσθαι
1439 1023 1534 1076 καὶ
1562 1024 1622 1077 τὸ
1661 1024 1782 1094 ζῇν.
1813 1026 1924 1077 Καὶ

358 1105 487 1158 ὅταν
541 1107 699 1159 τοῦτο
750 1107 999 1177 γένηται,
1025 1111 1143 1162 τότε
1179 1111 1342 1163 πλέον
1372 1113 1523 1165 οὐδέν
1553 1131 1606 1165 τι
1637 1115 1919 1183 δέδρακεν,

358 1195 390 1265 ἢ
426 1196 453 1248 δ
489 1199 702 1261 πάντως
733 1199 942 1252 ἔπεισιν
969 1201 1275 1267 αὐτόματόν
1299 1219 1359 1254 τε
1393 1205 1486 1255 καὶ
1521 1206 1920 1275 ἀπαραίτητον.

357 1288 448 1339 Δεῖ
478 1291 584 1358 γὰρ
614 1289 858 1356 γυμνοὺς
887 1289 1248 1359 γεννηθέντας
1279 1295 1520 1361 γυμνοὺς
1553 1298 1644 1346 καὶ
1673 1297 1919 1356 ἀπιέναι,

357 1378 498 1430 κατὰ
531 1379 628 1447 τὴν
668 1378 789 1430 Ἰὼϐ
823 1379 1034 1431 ἐκείνου
1065 1382 1269 1450 φωνὴν,
1291 1382 1391 1451 τὴν
1437 1383 1566 1452 ἄχρι
1599 1383 1696 1435 νῦν
1723 1385 1924 1453 ὑμνου-

357 1469 549 1538 μένην.
582 1469 803 1522 Μᾶλλον
826 1470 883 1523 δὲ
910 1470 1018 1521 οὐδ’
1043 1471 1172 1523 αὐτὸ
1203 1475 1641 1543 συμπεριφέρειν
1667 1475 1728 1527 τὸ
1759 1477 1922 1543 σῶμα

351 1559 658 1626 δυνάμεθα,
708 1561 921 1613 ἐνθένδε
975 1563 1376 1630 μεταστάντες*
1426 1564 1564 1617 ἀλλὰ
1620 1568 1712 1617 καὶ
1763 1565 1922 1620 τοῦτο

353 1647 538 1699 λοιπὸν
572 1649 810 1718 ἀνάγκη,
842 1652 1001 1720 ἄχρις
1033 1650 1093 1703 οὗ
1125 1653 1320 1722 καιρὸς
1369 1655 1752 1721 ἐπαναλαϐεῖν,
1782 1661 1921 1712 ἀπο-

353 1739 538 1790 δοῦναι
566 1744 632 1810 γῇ
665 1744 729 1811 τῇ
765 1745 954 1813 μητρί.
981 1739 1073 1805 Οἷς
1099 1740 1191 1797 οὖν
1215 1745 1472 1814 ὁδδρόμος
1495 1747 1743 1810 σύντονος
1766 1752 1918 1803 ὲπει-

2037 584 2166 623 vero
2209 571 2404 634 tristia,
2445 571 2602 638 plane
2644 570 2698 622 in
2733 570 2910 634 seipsa
2953 581 3250 631 conversa,
3293 568 3466 622 instar
3510 568 3607 622 llu-

2035 669 2221 714 ct-uum
2264 661 2565 714 turbulenti
2599 660 2788 721 maris,
2829 659 3188 727 dissipantur.
3233 657 3385 721 Quod
3433 658 3479 712 si
3519 660 3616 712 diu

2035 751 2322 820 pungendo
2363 752 2688 815 mordeant,
2731 762 2879 806 tanta
2920 767 3045 806 cum
3095 751 3329 820 ingentis
3379 749 3616 820 impetus

2037 844 2395 906 vehementia,
2418 853 2619 912 quanta
2643 844 2818 898 verbis
2845 859 2872 897 a
2895 857 3170 913 quoquam
3194 843 3388 911 exponi
3415 852 3612 910 potest,

2033 942 2214 988 tamen
2247 936 2484 991 illa't‘ota
2537 938 2823 992 calamitas
2873 952 3111 1006 praesens
3137 938 3243 990 diei
3299 937 3463 990 modo
3492 952 3615 990 cur-

2034 1027 2203 1081 rentis
2227 1035 2344 1081 est:
2380 1028 2463 1080 vel
2497 1031 2540 1082 si
2569 1031 2761 1090 mavis,
2813 1029 2999 1094 puncti
3030 1027 3324 1094 temporis;
3369 1025 3616 1093 adeoque

2033 1128 2309 1169 momento
2345 1119 2563 1180 accidit,
2598 1119 2658 1172 si.
2684 1119 2806 1187 quis
2837 1127 3093 1172 accurate
3119 1131 3208 1172 res
3256 1120 3410 1186 ipsas
3427 1117 3611 1169 consi—

2031 1207 2324 1262 deraverit.
2355 1210 2530 1278 Atque
2567 1213 2705 1266 hunc
2745 1213 3072 1266 sententiam
3130 1227 3303 1265 meam
3355 1227 3615 1279 compro-

2028 1295 2160 1349 bant
2195 1306 2310 1350 tum
2347 1300 2420 1352 illi
2453 1302 2620 1366 prisci
2654 1304 2954 1370 sapientes.
2986 1313 3098 1355 tum
3152 1303 3219 1357 de
3259 1307 3462 1356 nostris
3483 1319 3612 1357 san-

2031 1387 2102 1437 eti
2136 1388 2357 1454 quidam
2382 1392 2501 1443 viri.
2527 1392 2793 1446 Praeterea
2837 1395 2904 1448 de
2947 1395 3032 1446 his
3085 1395 3289 1462 aliquid
3349 1393 3607 1446 audivisti

2030 1477 2234 1532 clarius
2263 1485 2568 1547 expositum
2607 1500 2634 1536 a
2669 1463 2826 1538 no'bis
2877 1501 3093 1553 quoque
3147 1486 3488 1553 sexagesimo
3527 1503 3614 1538 se-

2028 1570 2210 1622 cundo
2245 1571 2458 1625 illorum
2495 1574 2734 1640 capitum
2763 1590 2884 1643 qua:
2953 1579 3016 1630 ad
3057 1589 3107 1629 te
3165 1575 3608 1644 perscripsimus.

2025 1661 2122 1715 Vis
2149 1671 2330 1716 autem
2367 1663 2560 1717 horum
2588 1667 2829 1719 tristium
2865 1668 2919 1720 in
2953 1683 3018 1722 eo
3057 1668 3158 1722 sita
3184 1678 3287 1728 est,
3326 1676 3383 1719 ut
3413 1681 3609 1732 exspe-

2025 1755 2264 1808 ctatione
2293 1764 2550 1818 terreant,
2579 1757 2664 1810 vel
2695 1766 2753 1811 ut
2782 1759 3068 1827 praesentia
3090 1757 3395 1818 mordeant,
3429 1755 3606 1808 maxi-

359 1829 590 1894 γόμενος
620 1833 697 1892 εἰς
724 1834 952 1901 φθορὰν,
986 1834 1079 1885 καὶ
1109 1833 1316 1903 ταύτην
1369 1835 1498 1897 ἴσως
1531 1837 1728 1890 αὐτίκα
1771 1839 1913 1906 μάλα

2023 1860 2279 1913 mumque
2314 1848 2516 1901 malum
2545 1859 2648 1912 est,
2685 1850 2728 1903 si
2760 1852 2924 1904 vitam
2964 1851 3243 1904 adimant:
3297 1849 3440 1915 quod
3489 1847 3607 1917 qui'

355 1921 749 1989 γενησομένην,
783 1921 995 1985 τούτοις
1039 1924 1092 1974 τί
1149 1923 1397 1992 μόνιμον,
1421 1925 1475 1980 τί
1543 1927 1832 1998 σταθηρδν,
1866 1933 1917 1983 τί

354 2010 552 2074 πάγιον
578 2027 592 2074 ;
623 2013 744 2074 Πῶς
765 2012 830 2064 ἀν
853 2014 885 2082 ἦ
915 2030 963 2065 τι
990 2013 1096 2065 τῶν
1123 2014 1387 2084 λυπηρῶν
1411 2016 1470 2069 εὖ
1493 2021 1751 2088 φρονοῦσι
1775 2023 1918 2090 μέγα

347 2097 570 2162 δόξειεν,
603 2102 710 2169 ἧτι
767 2103 874 2154 τῶν
901 2104 1070 2173 ἡδέων
1111 2107 1575 2177 προύργιαίτερον
1609 2111 1789 2181 ψυχῆς
1822 2117 1915 2168 καὶ

348 2188 816 2256 δόξης,ἀθάνατα
876 2195 1238 2268 διαμενούσης
1288 2200 1348 2263 ἐξ
1410 2203 1632 2269 ἀγαθῶν
1696 2204 1914 2274 ἔργωνς

351 2282 460 2333 Καὶ
505 2283 684 2336 τοίνυν
738 2287 880 2340 κατά
914 2288 1024 2342 τῶν
1074 2289 1378 2358 ἀνθρώπων
1443 2295 1668 2348 ἐκείνων
1713 2293 1914 2350 οἷστισι

349 2373 548 2439 γνῶσις
598 2379 691 2429 καὶ
740 2380 1016 2447 φρόνημα,
1057 2384 1364 2453 παιδαρίοις
1395 2390 1748 2458 παραπλήσια
1779 2390 1913 2460 (τοῖς

349 2465 456 2517 τῶν
487 2467 879 2534 ἀντιλεγόντων
911 2469 956 2520 δ’
981 2471 1234 2523 ἐντεῦθεν
1262 2479 1534 2542 χρήσομαι
1563 2475 1790 2546 λόγοις),
1815 2482 1914 2531 οὐκ

349 2558 580 2626 ἀγεννής
609 2575 691 2618 τις
727 2559 944 2617 πάντως
975 2560 1155 2629 ἰσχὺς,
1181 2561 1256 2623 ὡς
1284 2563 1393 2614 ἀπὸ
1426 2564 1534 2614 τῶν
1573 2567 1915 2636 πραγμάτοιν

349 2645 546 2714 ῐλομεν
573 2648 796 2714 γνῶναι.
833 2649 1025 2710 Ἀλλος
1055 2651 1162 2720 γὰρ
1196 2650 1376 2719 calor;
1427 2653 1728 2708 ἁλίσκεται.
1762 2658 1911 2709 ’Ὡσθ’

349 2739 377 2788 ὁ
409 2738 476 2791 τὰ
499 2739 726 2792 τοιαῦτα
757 2740 930 2808 λέγων
961 2742 1076 2810 ἔχει
1111 2759 1178 2812 με
1229 2745 1522 2812 συνᾴδοντά
1553 2763 1610 2798 τε
1648 2749 1741 2799 καὶ
1777 2767 1910 2816 συμ-
1938 2810 1943 2816 _

351 2829 629 2895 φωνοῦντα
657 2831 757 2884 ὅσα.
787 2849 852 2898 γε
881 2834 1014 2901 πρὸς
1061 2835 1190 2896 τοὺς
1235 2837 1512 2900 τοιούτους
1545 2838 1868 2908 ἀνθρώπους
1895 2859 1908 2875 ο

346 2920 409 2970 οὐ
462 2921 570 2989 μὴν
621 2923 718 2974 καὶ
755 2923 888 2992 πρὸς
931 2924 1055 2986 τοὺς
1085 2924 1450 2994 βουλομένους
1482 2928 1718 2995 ἀγαθοὺς
1749 2909 1908 2985 εἶναι.

347 3007 472 3071 Τοῖς
519 3013 627 3083 γὰρ
668 3014 742 3083 μὴ
803 3015 1003 3084 ῥᾳδίως
1055 3017 1374 3069 ἁλίσκεσθαι
1430 3024 1910 3090 προαιρουμένοις,

2021 1937 2140 1990 dem
2165 1939 2256 1991 ubi
2289 1939 2492 1993 factum
2521 1957 2624 2008 est,
2658 1943 2790 1996 nihil
2821 1945 2897 1997 rei
2924 1943 3146 2009 majoris
3180 1942 3407 1996 e‘ﬂcccre
3437 1955 3601 2010 quam

2021 2046 2141 2098 qua:
2163 2043 2274 2083 tum
2304 2047 2500 2098 sponte
2520 2049 2639 2098 sua,
2665 2043 2792 2087 tum.
2807 2033 3218 2088 inexorabiliter
3238 2032 3459 2086 omnino
3482 2039 3603 2084 tau-

2019 2119 2140 2172 dem
2168 2121 2518 2188 supervenire
2535 2123 2706 2188 solet;
2733 2125 2932 2192 quippe
2950 2122 3125 2176 nudos
3150 2125 3204 2175 in
3231 2121 3405 2176 lucem
3425 2121 3601 2174 editus

2019 2212 2180 2261 etiam
2218 2213 2392 2264 nudos
2437 2211 2674 2280 migrare
2710 2226 2931 2265 necesse
2975 2220 3079 2274 εει,
3118 2211 3416 2263 secundum
3467 2207 3598 2258 illud

2018 2299 2136 2352 Johi
2188 2301 2413 2354 verbum
2449 2305 2589 2370 quod
2642 2303 2904 2356 hactenus
2931 2294 3262 2355 celebratur.
3319 2301 3434 2352 lmo
3470 2311 3600 2350 vero

2019 2404 2087 2441 ne
2120 2404 2319 2455 corpus
2346 2390 2564 2458 quidem
2591 2393 2768 2460 ipsum
2806 2399 2930 2444 eum
2958 2389 3083 2444 hinc
3105 2388 3457 2447 discedimus,
3489 2401 3596 2439 una

2018 2479 2298 2532 nobiscum
2326 2482 2597 2534 abducere
2628 2497 2943 2550 possumus,
2963 2479 3057 2535 sed
3091 2478 3222 2532 illud
3256 2491 3474 2546 quoque
3503 2491 3598 2528 ne-

2017 2584 2172 2623 cesse
2199 2580 2282 2622 est
2323 2578 2486 2624 terrae
2519 2573 2679 2624 matri
2717 2569 3022 2631 tradamus,
3057 2582 3232 2635 usque
3269 2569 3397 2618 dum
3439 2580 3596 2618 resu-

2017 2660 2197 2712 mend’:
2219 2669 2435 2728 tempus
2463 2669 2699 2728 appetat.
2735 2660 2918 2727 itaque
2936 2660 3026 2727 qui
3057 2667 3319 2711 contento
3337 2671 3501 2709 cursu
3524 2656 3594 2708 a’d

2016 2747 2299 2801 interitum
2335 2757 2658 2818 properant,
2682 2761 2920 2816 eumque
2941 2745 3229 2801 confestim
3258 2743 3490 2796 fortasse
3507 2756 3594 2793 se-

2015 2853 2290 2901 cuturum.
2325 2841 2453 2909 quid
2477 2840 2681 2894 habent
2704 2839 2970 2903 durabile,
2988 2851 3192 2906 quasso,
3212 2835 3338 2904 quid
3358 2834 3590 2894 stabilis.

2015 2931 2144 2999 quid
2169 2931 2352 2984 solidae
2371 2931 2481 2984 rei?
2510 2931 2626 2998 Quo
2647 2941 2802 3001 pacto
2821 2932 2902 2984 vel
2929 2935 3083 2983 triste
3109 2926 3388 2995 quidpiam
3411 2939 3593 2979 mente

2013 3022 2252 3089 praeditis
2293 3036 2546 3090 magnum
2599 3019 2770 3074 videri
2805 3021 2997 3088 possit,
3043 3018 3123 3071 vel
3149 3016 3456 3086 jucundum
3489 3015 3590 3068 ali-

347 3102 470 3171 μηδ’
501 3104 747 3173 εὐχερῶς
777 3104 1026 3158 ἐθέλουσι
1050 3108 1441 3174 καταπίπτειν,
1473 3112 1607 3180 μηδὲ
1639 3113 1698 3164 τὸ
1727 3117 1910 3184 κρεῖτ-

2018 3113 2146 3182 quid
2168 3113 2339 3167 videri
2361 3100 2515 3182 prius
2549 3120 2714 3180 atque
2734 3112 2912 3180 potius
2937 3111 3120 3162 animo
3155 3119 3207 3161 et
3229 3107 3399 3174 gloria
3432 3107 3589 3160 bonis

344 3209 435 3245 τον
462 3194 556 3261 τῆς
584 3194 762 3263 ψυχῆς
792 3198 887 3248 καὶ
919 3197 1251 3266 ὑψηλότερον
1282 3200 1446 3270 μέρος
1475 3205 1539 3271 τῇ
1578 3205 1814 3274 συζυγίᾳ
1840 3210 1906 3277 τῇ

313 3353 317 3358 1
345 3284 640 3355 κατωτέρω
661 3286 1124 3340 καταδουλοῦσθαι
1146 3289 1226 3358 (τὸ
1253 3291 1650 3362 ἐπιθυμητικόν
1679 3312 1736 3347 τε
1766 3297 1909 3364 λέγω

346 3376 438 3425 καὶ
465 3375 718 3445 θυμικὸν,
766 3377 802 3430 ἃ
853 3380 1136 3448 προσῆκεν
1185 3381 1507 3436 ὑποκεῖσθαι
1541 3390 1636 3438 καὶ
1667 3389 1905 3457 ἡνιοχεῖ-

345 3466 469 3517 σθαι
500 3468 575 3535 τῷ
604 3468 790 3538 λόγῳ),
817 3471 1006 3523 παιδιὰ
1031 3488 1112 3534 τις
1136 3472 1400 3543 ἄντικρυς
1432 3476 1525 3527 καὶ
1548 3476 1720 3545 γέλως
1745 3479 1910 3549 ἐσχα-

345 3575 433 3619 τος
463 3561 620 3628 ὅλως,
646 3561 794 3614 ἅπαν
817 3563 986 3616 δεινὸν
1021 3565 1536 3635 δεδιττόμενον,-καὶ
1563 3570 1590 3621 ὅ
1615 3585 1668 3621 τι
1698 3587 1906 3638 παρεκ-

348 3650 542 3714 τρέπει
594 3655 1100 3724 μορμολυττόμενον
1145 3656 1268 3709 ὁδοῦ
1303 3658 1398 3710 καὶ
1428 3657 1610 3728 ψήφου
1641 3661 1738 3728 τῆς
1769 3663 1902 3731 ἀλη-

346 3738 494 3801 θοῦς.
525 3742 646 3802 Τοῖς
675 3745 782 3813 γὰρ
809 3745 872 3814 δὴ
908 3749 1032 3798 κατ’
1083 3747 1283 3814 ἄνδρας
1315 3748 1617 3817 ἀμύνεσθαι
1654 3751 1907 3820 βουλομέ-

345 3847 481 3891 νοις.
513 3833 603 3882 καὶ
634 3836 850 3888 πάντων
881 3838 1162 3906 αἴσχιστον
1184 3841 1476 3908 οἰομένοις,
1508 3843 1583 3909 μὴ
1611 3842 1735 3903 τοὺς
1766 3843 1904 3912 ὑπὲρ

344 3920 438 3971 τοῦ
492 3923 657 3974 καλοῦ
708 3926 948 3998 καὶοτῆς
984 3928 1187 3997 ἀρετῆς
1223 3930 1452 3998 ἱδρῶτάς
1488 3947 1547 3982 τε
1580 3932 1675 3983 καὶ
1710 3933 1906 3996 πόνους

342 4013 694 4078 ὑφίστασθαι,
727 4015 867 4066 ὥστε
901 4016 976 4086 μὴ
1009 4019 1300 4081 προδοῦναι
1342 4021 1780 4074 καταπατεῖσθαι
1806 4024 1905 4092 τὴν

340 4105 439 4171 τῆς
467 4107 642 4176 ψυχῆς
672 4108 976 4176 εὐγένειαν,
1003 4110 1215 4172 εἰκόνος
1249 4109 1414 4180 οὔσης
1444 4113 1536 4164 τοῦ
1575 4115 1901 4182 πλάσαντος,
1935 4137 1942 4140 ·

345 4197 460 4258 πῶς
493 4199 592 4250 οὐκ
624 4199 779 4250 ἔσται
807 4201 1028 4252 πάντων
1065 4203 1474 4268 περιγενέσθαι,
1503 4203 1594 4256 τὸν
1617 4205 1749 4258 Θεὸν
1779 4207 1907 4258 συλ-

343 4289 588 4360 Αήπτορα
617 4293 972 4361 κεκτημένοις
997 4309 1014 4358 ς

2009 3221 2076 3259 ex
2099 3205 2257 3258 factis
2280 3215 2542 3258 aeternum
2570 3203 2800 3257 durante
2823 3202 2845 3254 ?
2866 3202 3038 3269 Igitur
3059 3199 3327 3254 adversus
3351 3197 3471 3251 illos
3494 3199 3590 3249 hn-

2009 3300 2210 3359 mines_
2240 3297 2332 3366 qui
2383 3297 2475 3349 tali
2529 3305 2658 3349 sunt
2703 3294 3054 3362 intelligentia
3073 3292 3282 3361 praediti
3318 3299 3370 3344 et
3401 3290 3586 3343 animo

2007 3385 2186 3452 qualis
2213 3385 2566 3446 puerulorum
2593 3390 2676 3436 est
2698 3382 2844 3452 (utar
2864 3390 3043 3434 autem
3068 3381 3250 3444 verbis
3269 3394 3454 3432 eorum
3491 3378 3583 3448 qni

2008 3475 2165 3528 nobis
2186 3475 2609 3541 contradicunt),
2633 3487 2736 3525 non
2757 3473 2980 3526 omnino
3003 3471 3178 3524 debile
3198 3470 3365 3530 robur
3389 3471 3580 3523 horum
3603 3517 3620 3536 ε.

2010 3575 2117 3628 est,
2146 3575 2203 3618 ut
2231 3565 2361 3632 ipsis
2384 3581 2447 3619 ex
2494 3566 2653 3619 rebus
2689 3578 3019 3631 cognoscere
3070 3562 3219 3615 licet.
3250 3560 3403 3614 Alius
3435 3563 3581 3614 enim

2012 3656 2134 3709 aliis
2163 3657 2392 3723 capitur.
2418 3656 2520 3720 Qui
2568 3658 2683 3709 hinc
2719 3655 2873 3714 dicit.
2907 3667 2993 3707 me
3023 3651 3126 3707 sibi
3170 3653 3327 3718 plane
3349 3666 3582 3707 consen-

2010 3746 2230 3800 tientem
2264 3747 2446 3810 habet,
2493 3748 2638 3814 quod
2661 3744 2937 3812 ejusmodi
2967 3742 3186 3812 quidem
3218 3742 3469 3796 homines
3501 3752 3583 3796 at-

2011 3837 2166 3899 tinet,
2197 3852 2382 3887 verum
2421 3851 2524 3888 non
2550 3837 2760 3888 illorum
2786 3849 3008 3903 quoque
3047 3845 3292 3901 respectu
3325 3833 3419 3902 qui
3451 3833 3579 3886 boni

2009 3941 2132 3979 esse
2171 3927 2374 3979 volunt.
2414 3926 2549 3978 Nam
2582 3926 2670 3993 qui
2713 3926 2854 3976 nolle
2875 3939 2934 3978 se
2962 3925 3119 3977 facile
3159 3925 3280 3992 capi
3311 3924 3428 3978 suis
3453 3939 3578 3978 cum

2015 4017 2212 4070 animis
2243 4017 2605 4075 eonsdtuunt.
2636 4032 2734 4068 nec
2757 4017 2819 4068 ad
2845 4017 3132 4069 lahendum
3158 4017 3426 4086 proclives
3455 4031 3579 4071 esse

2015 4110 2222 4174 volunt,
2253 4123 2427 4177 neque
2461 4118 2667 4176 partem
2693 4107 2857 4159 animi
2883 4110 3312 4175 praestantiorem
3337 4119 3390 4163 et
3413 4109 3581 4163 subli-

2015 4206 2238 4256 miorem
2268 4201 2495 4269 geminis
2521 4198 2625 4250 illis
2647 4199 2999 4251 inferioribus
3023 4200 3073 4252 in
3092 4201 3406 4254 servitutem
3427 4201 3579 4254 addi-

2013 4311 2135 4350 cere
2153 4295 2241 4362 (de
2265 4294 2465 4349 vitum
2512 4290 2960 4357 concupiscendi,
3012 4300 3123 4343 tum
3169 4292 3462 4357 irascendi,
3498 4293 3578 4346 lo-

343 4398 497 4450 quor,
517 4402 652 4454 quas
684 4401 804 4440 esse
829 4386 1022 4440 rationi
1045 4385 1312 4455 subject-as
1334 4398 1387 4443 et
1407 4391 1473 4444 ab
1491 4395 1677 4447 eadem
1710 4393 1997 4462 gubernari
2032 4388 2325 4458 convenit),
2348 4387 2411 4441 iis
2433 4396 2709 4440 extremus
2739 4387 2893 4453 plane
2921 4385 3077 4440 ludus
3105 4396 3266 4452 atque
3297 4389 3456 4458 jocus
3474 4410 3485 4436 ι
3505 4405 3530 4442 s
3557 4428 3576 4453 ,

340 4477 599 4546 quidquid
627 4480 700 4533 rei
719 4481 848 4533 dirae
869 4492 1130 4535 terrorem
1171 4481 1352 4543 infert,
1380 4485 1642 4552 quasique
1665 4486 1809 4538 larva
1841 4489 2075 4556 quadam
2095 4483 2438 4538 fermidinem
2473 4479 2760 4541 incutiens,
2797 4480 2863 4532 ab
2890 4478 3082 4535 itinere
3107 4482 3164 4546 ju
3190 4482 3424 4549 iieloquc
3447 4500 3577 4537 vero

293 4599 300 4620 ι.
339 4571 792 4626 abducit.Eteuim
815 4575 903 4642 qui
924 4575 1131 4627 virilem
1157 4575 1205 4626 in
1223 4577 1438 4628 modum
1459 4593 1516 4631 se
1534 4593 1874 4649 propugnare
1889 4581 2092 4644 volunt,
2112 4576 2461 4642 omniumque
2482 4573 2849 4641 turpissimum
2869 4575 3094 4642 ducunt,
3115 4594 3219 4631 non
3238 4581 3451 4636 honesti
3470 4583 3578 4636 vir-

342 4667 578 4733 tutisque
599 4681 759 4719 causa
785 4667 1010 4721 sudores
1031 4675 1189 4735 atque
1209 4668 1420 4722 labores
1437 4673 1730 4734 sustinere.
1751 4689 1818 4727 ne
1847 4677 2004 4742 culpa
2029 4688 2124 4727 sua
2149 4669 2344 4740 proteri
2367 4667 2590 4737 pedibus
2621 4669 2786 4722 animi
2805 4672 3134 4727 nobilitatem
3157 4677 3454 4743 patiantur,
3481 4683 3575 4749 qui

340 4758 650 4811 Conditoris
671 4758 839 4826 ipsius
872 4770 951 4812 est
979 4761 1352 4827 simulacrum,
1373 4778 1479 4829 quo
1499 4776 1776 4831 pacteuon
1807 4767 1883 4819 illi
1912 4767 2218 4836 superiOres
2247 4763 2500 4815 omnibus
2537 4764 2828 4828 evaserint,
2855 4780 2976 4819 cum
2999 4767 3163 4822 Deum
3195 4771 3570 4828 auxiliator-cut

343 4851 574 4902 habeant
601 4847 624 4898 ?
2229 4905 2240 4921 γ

425 4940 582 4998 Ἀλλὰ
620 4936 825 4987 τούτων
858 4935 956 5000 μὲν
988 4935 1126 4998 ἃλις,
1153 4936 1284 5002 φησί
1309 4950 1323 4966 '
1381 4937 1751 5008 συνεπεράνθη
1788 4939 1894 5009 γὰρ

2074 4939 2177 4996 Sed
2211 4945 2275 4997 de
2307 4945 2389 4997 'nis
2415 4946 2526 5012 jam
2556 4948 2708 5010 satis,
2749 4949 2948 5006 dixerit
3001 4953 3219 5024 aliquis.
3273 4957 3370 5012 Ενι
3424 4962 3570 5029 enim

341 5032 415 5089 ὼς
447 5029 638 5098 ἐχρῆν,
685 5024 841 5094 οἶμαι
869 5041 882 5055 ·
915 5026 975 5076 τὸ
1023 5025 1078 5076 δὲ
1135 5027 1254 5077 κατ’
1304 5027 1528 5093 ἄγνοιαν
1566 5029 1836 5098 καθαρὰν,
1863 5033 1896 5099 ἢ

342 5121 561 5187 ἀπάτην
593 5117 824 5186 θύραθεν
858 5117 1300 5182 ἐπιγιγνομένην,
1333 5116 1364 5184 ἢ
1396 5117 1455 5168 τὸ
1485 5118 1774 5184 βιασθέντα
1825 5117 1904 5173 εῖ-

294 5267 302 5276 ,
343 5210 430 5282 €13.
463 5209 628 5277 πολλῇ
676 5210 772 5259 καί
805 5208 1214 5274 ἀκαταμαχήτῳ
1248 5207 1476 5275 δυνάμει
1512 5209 1596 5275 εἴη
1629 5210 1693 5261 ἂν
1741 5211 1905 5262 ἀκού-

343 5317 456 5352 σιον
507 5296 770 5366 ἀτεχνῶς,
819 5298 914 5348 καὶ
965 5299 1107 5347 ποιεῖ
1150 5298 1211 5348 τὸ
1262 5297 1566 5366 ἁμάρτημα
1625 5302 1905 5362 παντελῶς

340 5391 695 5458 ἀνέγκλητον.
744 5385 899 5439 Τοῦτ’
929 5385 994 5438 ἂν
1020 5385 1151 5447 ῐσως
1195 5385 1337 5438 εἴποι
1371 5403 1454 5448 τις
1491 5387 1625 5455 πρὸς
1650 5391 1718 5440 τὰ
1752 5391 1903 5458 εἰρη-

342 5485 497 5550 μένα.
516 5481 623 5532 Καὶ
642 5477 945 5537 ἀκολούθως
973 5471 1126 5540 οἶμαι
1153 5477 1337 5545 ῥηθὲν,
1362 5477 1659 5543 ἀναγκάζει
1684 5480 1902 5543 πάντως

310 5578 470 5644 -ήμῖν
495 5576 588 5625 τὸν
625 5573 780 5638 λόγον
805 5572 1019 5635 διελεῖν,
1051 5573 1147 5621 καὶ
1178 5571 1509 5640 παραδοῦναι
1542 5562 1899 5642 σαφέστερον,

338 5670 400 5720 οὐ
427 5667 562 5736 περὶ
610 5669 707 5735 τῆς
755 5666 1130 5734 προαιρέσεως
1183 5665 1366 5732 μόνον,
1417 5665 1554 5716 ἀλλά
1581 5668 1676 5717 καὶ
1704 5667 1754 5716 τε
1787 5666 1902 5718 ποτ’

336 5757 483 5810 ἐστὶν
538 5759 713 5811 ἐκεῖνο
748 5756 809 5806 τὸ
857 5753 1112 5820 καθαρῶς
1158 5754 1426 5818 ἑκούσιον,
1457 5756 1548 5807 καὶ
1581 5755 1630 5805 τί
1662 5755 1720 5807 τὸ
1751 5757 1900 5807 ἐναν-

611 5852 879 5909 ΡΑῑιιοι.
927 5851 1040 5907 Ga.
1077 5848 1254 5908 CLVI

2003 5030 2076 5084 ita
2131 5034 2445 5087 conclusum
2502 5041 2952 5105 quemadmodum
3004 5049 3305 5116 oportebat,
3346 5055 3572 5119 opinor.

2005 5124 2070 5174 At
2107 5139 2231 5188 vero
2256 5127 2396 5192 quod
2429 5143 2491 5179 ex
2521 5123 2826 5197 ignorantia
2867 5152 3010 5187 mera
3049 5135 3128 5203 fit,
3179 5152 3269 5193 aut
3298 5158 3392 5210 per
3420 5161 3578 5199 acce-

2006 5212 2219 5266 dentem
2250 5216 2592 5272 extrinsecus
2623 5221 2866 5276 l‘raudem
2904 5242 2918 5289 ;
2946 5226 3024 5280 vel
3049 5229 3092 5283 si
3121 5231 3245 5299 quis
3270 5233 3320 5286 vi
3354 5249 3576 5289 coactus

2009 5318 2218 5371 magna:
2251 5321 2313 5358 ac
2345 5309 2745 5376 inexpugnabili
2782 5317 3036 5381 potestati
3073 5321 3330 5381 cesserit,
3368 5322 3418 5374 id
3445 5338 3576 5375 sane

2010 5394 2176 5448 dubio
2201 5400 2386 5464 procul
2419 5402 2844 5456 involuutarium
2880 5405 3064 5470 fuerit,
3109 5410 3398 5481 ipsumque
3438 5416 3579 5467 deli-

2011 5496 2156 5538 ctum
2189 5493 2333 5542 (ηιιηὶ
2362 5494 2522 5561 culpa
2549 5494 2876 5552 liberaverit.
2902 5496 3013 5554 lloc
3055 5500 3289 5556 fortasse
3305 5503 3577 5570 quispiam

2007 5581 2205 5632 dixerit
2254 5585 2318 5635 ad
2376 5599 2440 5637 ea
2511 5603 2630 5652 qme
2675 5590 2906 5643 iudicata
2971 5601 3116 5645 sunt.
3171 5581 3416 5660 Ciumque
3457 5587 3576 5645 tinea

2010 5682 2141 5722 sane
2170 5672 2422 5737 opinione
2444 5677 2837 5730 convenienter
2864 5680 3066 5733 dictum
3089 5681 3182 5744 sit,
3220 5684 3444 5732 omiti'no
3480 5677 3576 5732 nos

2010 5761 2150 5830 Cogit
2184 5770 2240 5815 ut
2283 5767 2585 5820 orationem
2623 5771 2946 5836 partiamur,
3001 5780 3053 5822 et
3079 5774 3247 5840 in:in
3293 5765 3574 5843 perspicit..-

3028 5863 3099 5920 15.

2620 5941 2772 5960 ἀι-..ὑ
3531 5951 3556 5974 ο
