4098 6272
516 308 626 372 427

1714 283 2108 348 MANUELIS
2141 273 2580 340 PALEOIDGI

3658 254 3773 322 tat

494 477 498 481 .
531 429 878 482 disseramus,
914 429 1019 467 nun
1059 411 1122 464 de
1145 406 1406 463 electione
1440 411 1668 463 tantum,
1705 413 1889 453 verum
1927 397 2089 451 etiam
2125 403 2142 456 Α

2239 392 2342 453 ίον,
2368 390 2462 442 καὶ
2488 386 2640 437 ποῖον
2665 380 2820 444 αὖθις
2843 379 3130 449 ἐπίμικτον
3159 374 3250 428 καὶ
3276 369 3646 442 ἀμφιρῥεπὶς,
3674 372 3779 423 καὶ

527 514 657 586 quid
677 510 891 567 tandem
911 503 1039 558 illud
1079 513 1210 571 pure
1234 494 1600 551 voluntarium
1628 492 1720 552 sit,
1744 490 1942 557 quidve
1964 484 2095 538 huic

528 603 895 663 contrarium;
943 605 995 650 et
1055 607 1246 647 rursus
1303 588 1581 658 quodnam
1661 583 1883 635 mistum
1946 592 2007 630 ac
2045 575 2100 626 in

532 707 816 762 utramque
840 697 1046 758 partem
1075 680 1453 753 pronendens:
1501 684 1554 730 et
1593 674 1794 743 quibus
1849 670 1966 721 haec
1996 679 2105 717 Ino-

530 786 611 840 dis
657 784 808 843 (iant,
840 788 892 832 et
920 773 1193 845 quodnam
1224 769 1422 821 horum
1454 770 1696 833 agentes,
1717 755 1847 826 quid
1896 763 2103 804 merea-

534 891 675 937 mur,
709 872 906 943 quibus
956 866 1124 919 rebus
1178 857 1616 917 admirationem,
1671 849 1872 919 quibus
1918 841 2106 896 odium

535 966 692 1022 nobis
752 959 1133 1018 conciliemus,
1179 968 1299 1021 qna:
1349 947 1881 1001 commiserationem
1931 936 2107 1001 impe-

534 1065 700 1120 trent,
724 1069 753 1108 a
782 1050 961 1105 nobis,
991 1058 1213 1115 quoquo
1258 1039 1420 1094 modo
1464 1038 1626 1090 facta.
1678 1030 1884 1085 Verum
1918 1026 1963 1080 si
2006 1026 2113 1076 hoc

537 1148 912 1206 instituamus,
944 1141 999 1195 in
1034 1135 1304 1192 infinitum
1338 1136 1597 1200 provecta
1622 1123 1801 1178 oratio
1844 1118 2028 1180 faciet,
2054 1121 2113 1168 ut

538 1242 725 1296 all‘ecta
756 1236 869 1306 (sat
890 1233 1027 1300 scio)
1055 1228 1301 1284 molestia
1333 1222 1568 1293 quadam
1597 1218 1855 1285 juventus
1889 1210 2113 1263 haereat.

536 1336 670 1391 Nam
700 1326 1069 1403 particulatim
1099 1333 1372 1390 exponere
1404 1313 1545 1370 velle
1600 1318 1939 1380 quaecunque
1968 1300 2115 1355 mul-

536 1425 742 1482 tiformi
778 1420 1120 1487 scenieaque
1164 1407 1294 1466 huic
1321 1408 1443 1461 vitae
1494 1402 1813 1469 contingere
1864 1400 2115 1465 possunt,

535 1530 593 1572 et
624 1523 966 1586 qurecunque
1018 1485 1176 1560 nobis
1204 1500 1390 1556 eadem
1441 1492 1702 1553 ostendit,
1742 1489 1870 1543 dum
1913 1485 2117 1538 larvam

542 1612 855 1676 frequenter
885 1601 1165 1660 immutat,
1195 1601 1521 1655 tantumque
1555 1598 1660 1638 neu
1684 1579 1927 1647 fabulam
1960 1570 2119 1643 quasi

543 1662 835 1770 quaindam
871 1687 1115 1748 exhibet,
1139 1682 1273 1736 alias
1306 1678 1428 1731 aliis
1467 1662 1853 1730 incidentibus,
1874 1665 2120 1719 diversa-

546 1804 666 1845 rum
699 1782 1058 1840 occasionum
1077 1784 1130 1829 et
1159 1781 1515 1842 personarum
1564 1775 1774 1825 causa;
1817 1770 1941 1811 cum
1981 1755 2124 1821 ipso.

549 1895 668 1937 rum
692 1887 912 1948 quoque
948 1878 1255 1936 temporum
1295 1860 1430 1915 adeo
1466 1853 1630 1910 varia:
1686 1851 1796 1906 sint
1852 1843 2125 1900 vicissitu-

547 1972 727 2033 dines,
765 1973 824 2021 ut
844 1960 1033 2019 eadem
1064 1965 1326 2028 perpetuo
1355 1964 1457 2003 nos
1487 1947 1555 2001 de
1610 1942 1775 1998 rebus
1813 1935 2005 1993 iisdem
2034 1948 2126 1987 co-

550 2024 725 2132 gitare
754 2054 906 2110 nullo
934 2024 1096 2104 modo
1120 2024 1444 2117 permittant
1471 2035 1560 2091 :id
1587 2046 1741 2095 vero.
1761 2043 1881 2085 mea
1905 2024 2126 2093 quidem

551 2148 862 2208 sententia,
914 2153 1141 2213 prorsus
1193 2137 1298 2189 huc
1354 2144 1461 2185 non
1508 2120 1877 2197 quadraverit.
1914 2114 2127 2171 Etenim

551 2239 844 2298 ambitiose
874 2210 1057 2305 potius
1076 2221 1450 2299 philosophari
1476 2218 1612 2273 velle
1636 2210 1941 2269 videbimur
1964 2218 2129 2276 quam

557 2342 619 2401 te.
643 2330 711 2385 ad
739 2328 993 2383 virtutem
1018 2296 1308 2376 instruere.
1347 2309 1484 2366 Nam
1513 2310 1631 2379 ipsa
1674 2302 1896 2373 quidem
1930 2296 2135 2353 oratio-

558 2426 643 2481 nis
671 2423 844 2480 series
875 2417 1075 2473 multas
1097 2408 1389 2467 ostendere
1419 2401 1720 2459 divisiones
1773 2403 1830 2451 et
1885 2389 2134 2449 subdivi-

558 2516 743 2570 siones
794 2509 959 2579 cogit,
1022 2502 1332 2574 gradusque
1387 2492 1572 2564 plures
1621 2487 1826 2559 facere,
1873 2481 2138 2552 quasique

540 2607 762 2664 scalam
807 2576 1101 2669 quamdam
1129 2594 1323 2647 horum
1372 2584 1674 2641 exhibere:
1737 2578 1834 2634 sed
1903 2574 2140 2629 deterret

470 2753 474 2757 .
558 2698 740 2767 copia,
772 2700 1145 2761 magnumque
1163 2681 1399 2767 pelagus
1421 2688 1613 2732 eorum
1640 2684 1764 2741 quae
1821 2660 2136 2721 necessario

550 2754 793 2847 dicenda
826 2754 1075 2839 veniunt:
1134 2759 1501 2843 Quamobrem
1531 2769 1599 2822 de
1637 2764 1726 2818 his
1767 2759 1976 2829 prolixe
2030 2754 2143 2809 dis-

554 2894 768 2943 serere,
801 2872 1070 2947 quidquid
1111 2878 1195 2923 est
1223 2879 1404 2935 opera:
1446 2860 1705 2932 pretium,
1744 2846 2056 2908 Aristotelis
2089 2852 2143 2899 et

565 2938 901 3028 Platonis-et
930 2938 1161 3017 aliorum
1195 2956 1382 3011 talium
1413 2965 1536 3006 esse
1576 2956 1844 3005 statuens,
1866 2954 1961 2995 eos
1995 2938 2146 3006 ipsos

566 3027 633 3118 de
674 3061 840 3116 rebus
894 3048 1205 3123 liujusmodi
1256 3039 1626 3116 philosophari
1670 3036 1869 3097 sinam,
1922 3027 2145 3099 quando

563 3153 687 3207 ﬁeri
728 3146 919 3216 nequit
943 3155 1002 3199 ut
1034 3141 1325 3213 quisquam
1366 3132 1539 3189 dehis
1579 3128 1784 3184 rectius
1840 3134 2001 3192 atque
2029 3132 2143 3172 meo
2168 3158 2215 3218 ο

570 3245 677 3299 lius
707 3240 790 3294 eis
817 3213 1072 3292 disserat.
1099 3231 1207 3285 Nos
1242 3240 1373 3281 vero
1410 3224 1676 3277 duntaxat
1723 3214 1922 3274 obiter,
1974 3213 2139 3279 prout

564 3298 685 3389 ueri
712 3328 919 3409 licebit,
949 3325 1036 3379 his
1056 3320 1218 3392 quasi
1242 3314 1521 3377 delibatis,
1544 3310 1610 3365 ad
1638 3308 1894 3362 ulteriora
1945 3298 2139 3354 deinde

574 3400 1002 3506 progrediamur.
1034 3413 1170 3468 Nam
1198 3421 1254 3465 et
1308 3409 1423 3476 ipsa
1461 3405 1576 3459 haec
1617 3397 1850 3454 docendi
1895 3392 2055 3456 ratio,
2086 3397 2142 3444 et

2200 483 2308 536 τίσι
2341 480 2510 533 ταῦτα
2541 473 3074 545 γίγνεταιτρόποις,
3104 468 3201 522 καὶ
3225 467 3276 520 τί
3309 464 3515 518 τούτων
3546 463 3774 516 ποιοῦν-

2205 587 2319 635 τες,
2350 571 2514 622 τίνων
2558 566 2725 635 ἐσμὲν
2773 563 2933 626 ἄξιοι,
2962 559 3054 614 καὶ
3083 559 3195 611 τίσι
3226 549 3651 624 θαυμαζόμεθα,
3676 552 3780 605 aut

2204 664 2315 715 τίσι
2370 657 2699 730 μισούμεθα,
2725 655 2818 708 καὶ
2850 655 2994 705 τίσιν
3042 647 3366 716 ἐλεούμεθα,
3392 645 3496 697 τῶν
3526 643 3781 711 ὁπωσδή-

2208 769 2337 805 ποτε
2385 746 2521 818 παρ’
2570 746 2727 816 ἡμῶν
2776 742 3103 811 γινομένων.
3152 739 3299 807 Πλὴν
3347 738 3395 789 εί
3427 734 3585 788 τοῦτο
3612 734 3781 798 ποιή-

2211 857 2393 909 σαιμι,
2444 840 2524 899 είς
2570 837 2797 903 ἄπειρον
2823 832 3032 898 ὀλόγος
3080 827 3403 908 ἐξενεχθεὶς,
3431 822 3491 874 εὖ
3553 820 3646 873 οἶδ’
3690 822 3779 873 ὅτι

2211 901 2323 1002 τὴν.
2359 901 2591 998 νεότητα
2620 901 2987 987 ἀποκναίσας,
3036 901 3293 987 ί).ιγγιᾷ·ί
3324 916 3666 985 προξενήσει.
3699 910 3777 963 Τὸ

2211 998 2345 1095 γάρ-
2370 1020 2514 1073 κατά
2557 1019 2724 1088 μέρος
2776 1012 3073 1082 πειρᾶσθαι
3108 1006 3365 1080 φράζειν,
3387 1008 3596 1071 ὅσαπερ
3628 998 3772 1052 ἐνδέ-

2212 1093 2369 1185 χεται
2402 1110 2705 1178 συμπεσεῖν
2736 1106 2821 1177 ’τῷ
2870 1103 3212 1173 πολυμόρφῳ
3246 1100 3337 1152 καὶ
3370 1094 3615 1164 σκηνικῷ
3644 1093 3785 1162 τῷδε

2218 1183 2338 1274 βίῳ,
2375 1202 2468 1253 καὶ
2519 1199 2733 1266 ὅσαπερ
2790 1198 2926 1265 ἡμῖν
2984 1193 3149 1255 αὐτὸς
3199 1186 3468 1252 δείκνυσι,
3512 1188 3692 1239 πυκνά
3729 1183 3790 1234 τδ

2219 1295 2564 1365 προσωπεῖον
2613 1288 2991 1349 ὑπαλλάττων,
3037 1284 3134 1336 καὶ
3186 1280 3473 1353 μονονουχὶ
3515 1276 3789 1347 δραματο-

2146 1400 2153 1403 ‘
2219 1386 2410 1448 ποιῶν,
2472 1381 2659 1436 ἄλλοτε
2715 1378 2892 1432 ἄλλων
2933 1371 3434 1445 παρεμπιπτόντων
3468 1408 3483 1430 .
3516 1365 3793 1435 διαφόρων

2221 1474 2490 1545 ἀφορμῶν
2535 1472 2632 1524 καὶ
2679 1469 2989 1539 προσώπων
3032 1464 3219 1525 ἕνεκα,
3260 1461 3356 1513 καὶ
3409 1460 3630 1527 προσέτι
3680 1454 3791 1507 τῶν

2221 1544 2428 1635 καιρῶν
2478 1561 2837 1621 παντοδαπῶς
2891 1554 3404 1633 μεταϐαλλομένων,
3458 1550 3599 1603 ὥστε
3655 1544 3791 1616 μηδὲ

2226 1656 2531 1724 συγχωρεῖν
2548 1650 2725 1713 ταυτά
2746 1648 2887 1703 νοεῖν
2918 1644 3183 1714 διηνεκῶς
3205 1643 3333 1711 περὶ
3362 1640 3431 1692 τὰ
3451 1638 3587 1690 αύτά
3611 1636 3793 1704 πρᾶγ·

2231 1764 2396 1818 ματα,
2424 1744 2703 1805 παντελῶς
2734 1742 2799 1795 ἂν
2822 1742 2908 1808 εἴη
2946 1739 3052 1803 ἔξω
3073 1735 3167 1789 τοῦ
3192 1733 3587 1803 προσήκοντος,
3612 1722 3762 1794 οἶμα·
3778 1763 3793 1779 .

2153 1811 2199 1869 Β
2226 1811 2457 1909 ,δόξομεν
2483 1839 2592 1906 γὰρ
2623 1834 2937 1904 φιλοσοφεῖν
2973 1824 3373 1899 φιλοτιμεῖσθαι
3406 1820 3624 1891 μᾶλλον,
3654 1817 3685 1886 ἦ
3724 1817 3784 1867 σὲ

2224 1907 2371 2002 πρὸς
2398 1926 2529 1999 ἦθος
2560 1924 2872 1979 παιδεύεινο
2913 1922 2949 1991 ἡ
2995 1921 3094 1989 μὲν
3122 1918 3230 1987 γὰρ
3256 1911 3543 1967 ἀκολουθία
3570 1908 3662 1963 τοῦ
3693 1907 3786 1958 λό-

2228 2000 2327 2092 γου
2376 2016 2786 2086 καταναγκάζει
2834 2012 3123 2082 διαιρέσεις
3168 2025 3227 2060 τε
3276 2005 3474 2066 πολλὰς
3522 2002 3615 2054 καὶ
3658 2000 3792 2051 ὑπο.

2229 2114 2528 2185 διαιρέσεις
2558 2111 2859 2169 δεικνύναι,
2890 2106 2984 2159 καὶ
3030 2101 3274 2172 βαθμοὺς
3324 2093 3555 2156 πολλοὺς
3597 2092 3791 2149 ποιεῖν,

2229 2180 2536 2259 καὶ-οἱονεί
2568 2218 2689 2253 τινα
2739 2198 2945 2252 τούτων
2995 2192 3243 2263 κλίμακα
3293 2187 3611 2257 ἀποφῆναι*
3641 2180 3797 2250 φοόεῖ

2231 2296 2288 2349 δὲ
2321 2293 2466 2363 μάλα
2513 2292 2573 2343 τὸ
2620 2287 2827 2356 πλῆθος
2859 2286 2955 2338 καὶ
2979 2284 3040 2337 τὸ
3072 2282 3205 2336 πολὺ
3235 2279 3342 2332 τῶν
3369 2273 3687 2343 ἀναγκαίων
3719 2271 3789 2323 ei-

2238 2384 2437 2459 ρῆσθαι
2465 2381 2727 2447 πέλαγος.
2760 2377 2925 2431 Ὅθεν
2956 2375 3021 2443 δὴ
3044 2373 3105 2425 τὸ
3152 2368 3427 2440 προῦργου
3460 2366 3643 2432 λέγειν
3670 2363 3796 2429 περὶ

2236 2455 2344 2533 τῶν
2386 2474 2643 2529 τοιούτων
2673 2472 2753 2533 είς
2806 2471 2977 2539 μῆκος
3017 2462 3441 2536 Ἀριστοτέλους,
3467 2457 3563 2511 καὶ
3585 2455 3799 2509 Πλάτω-

2236 2587 2351 2635 νος,
2399 2568 2495 2621 καὶ
2542 2563 2650 2616 τῶν
2684 2559 2863 2615 ἄλλων
2912 2557 3020 2610 τῶν
3063 2554 3324 2607 τοιούτων
3368 2547 3508 2602 εἶναι
3553 2546 3799 2615 νομίσας,

2239 2660 2462 2722 τούτους
2491 2652 2559 2711 αὖ
2604 2653 2768 2707 πάλιν
2798 2644 2944 2702 scidit)
2978 2647 3047 2700 τά
3078 2661 3143 2713 γε
3193 2640 3419 2695 τοιαῦτα
3470 2637 3802 2706 φιλοσοφεῖν,

2239 2754 2316 2808 ὅτ’
2368 2750 2523 2804 οὐδὲν
2570 2745 2720 2798 ἔστιν
2769 2743 2947 2794 εἰπεῖν
2989 2735 3231 2791 ὁντινοῦν
3282 2731 3507 2785 ἐκείνων
3560 2729 3803 2797 ἄμεινον.

2253 2846 2449 2916 Ἡμεῖς
2478 2842 2534 2894 δὲ
2570 2839 2729 2910 μόνον
2757 2834 2833 2897 ὼς
2866 2833 3078 2886 ἔνεστιν
3109 2825 3552 2898 ἀφοσιωσάμενοι
3579 2820 3649 2872 τὰ
3677 2818 3805 2887 περὶ

2243 2914 2432 2997 τῶνδε,
2458 2929 2558 2987 εἶτ’
2609 2930 2703 2983 ἐπὶ
2730 2929 2797 2981 τὰ
2843 2925 3035 2994 πρόσω
3064 2922 3410 2993 χωρήσομεν.
3440 2916 3551 2969 Καὶ
3578 2914 3685 2983 γὰρ
3713 2915 3807 2963 καὶ

2244 3029 2306 3081 τὸ
2336 3025 2521 3098 σχῆμα
2560 3023 2657 3091 τῆς
2711 3016 2949 3087 ὁμιλίας,
2995 3014 3089 3068 καὶ
3133 3014 3169 3082 ἡ
3215 3009 3309 3062 τοῦ
3339 3007 3502 3076 λόγου
3532 3004 3807 3072 καταρχθς

2246 3095 2413 3187 ὁρμή,
2438 3114 2614 3185 εῐργει
2635 3109 2888 3164 τοσοῦτον
2919 3100 3427 3175 ύπερεκτείνεσθαι,
3454 3099 3652 3159 πάσαις
3678 3095 3802 3147 ἑπό-

2246 3224 2406 3278 μενον
2454 3207 2576 3266 ταῖς
2623 3197 3052 3270 παρεκδρομαῖς,
3100 3195 3203 3247 κᾶν
3251 3191 3553 3259 ἀναγκαῖαι
3598 3189 3656 3238 τὸ
3685 3182 3807 3237 κατ’

2245 3296 2411 3356 aere;
2470 3290 2746 3360 λέγεσθαι.
2809 3285 3069 3356 Ἀρκτέον
3112 3283 3178 3353 δὴ
3235 3284 3333 3335 καὶ
3390 3279 3689 3349 πειρατέον,
3729 3274 3804 3336 ὡς

2245 3381 2356 3439 οἷόν
2386 3402 2469 3452 τε,
2498 3384 2588 3438 διὰ
2620 3382 2867 3454 βραχέων
2899 3375 3193 3430 ἀποδοῦναι
3220 3375 3311 3426 τὸν
3340 3372 3516 3439 λόγον.

574 3462 1002 3495 ...υδ.νυ..........
1036 3462 1169 3468 -.ηη
1206 3462 1250 3465 ,ἡ
1332 3462 1343 3476 ,

568 3522 826 3591 print-aps
856 3510 1120 3569 orationis
1145 3505 1478 3562 institutum,
1529 3506 1816 3564 tantOpere
1858 3505 1954 3545 nos
2008 3485 2222 3558 evagari
2265 3499 2373 3539 non
2402 3483 2554 3547 sinit,
2619 3489 2680 3534 ut
2745 3478 2998 3531 omnibus
3045 3472 3282 3542 obliquis
3336 3471 3483 3523 velut
3534 3462 3799 3520 excursio-

2077 3582 2088 3591 ⁸
2244 3580 2255 3591 ⁵
2306 3588 2315 3591 -
2698 3572 2933 3591 ’μμ-ε-.-
2962 3572 3067 3591 In-..
3100 3567 3264 3591 :_:..._
3336 3576 3607 3591 ﬁmum...“
3635 3560 3799 3591 dum”

575 3615 735 3669 nibus
756 3607 1094 3669 insistemus,
1126 3600 1377 3671 quamvis
1406 3594 1536 3662 ipsa:
1569 3604 1662 3660 per

573 3722 674 3777 pro
705 3704 908 3758 viribus
939 3707 998 3753 ut
1032 3711 1119 3751 res
1149 3703 1263 3747 tota
1296 3671 1556 3745 brevibus
1591 3690 1915 3751 exponetur.

649 3797 853 3852 Delicta
911 3789 1106 3861 partim
1152 3801 1221 3841 ex
1266 3779 1606 3853 ignoratione
1646 3774 1882 3843 perfecta
1927 3769 2149 3839 prolici-

576 3887 828 3952 St'llllllll',
854 3897 1028 3952 esque
1071 3892 1202 3935 sane
1245 3874 1446 3928 fuerint
1475 3885 1505 3923 a
1550 3865 1758 3935 quavis
1799 3871 1913 3915 tum
1965 3874 2150 3929 paena,

584 3993 694 4032 tum
728 3970 1152 4044 reprehensione
1177 3964 1440 4019 immnuia
1463 3975 1480 4024 ;
1502 3955 1698 4027 partim
1718 3970 1745 4005 a
1771 3949 2074 4005 scientibus
2100 3956 2155 4001 et

583 4064 942 4139 prudentibus
960 4059 1411 4116 admittuntur,et
1434 4056 1684 4103 accurata
1704 4045 2016 4106 voluntate;
2036 4053 2155 4107 qua:

585 4154 918 4228 probationis
935 4149 1077 4206 haud
1100 4152 1278 4216 egent,
1302 4158 1408 4213 qua
1426 4138 1765 4199 ostendatur,
1784 4149 1904 4188 esse
1927 4145 2152 4200 prorsus

584 4269 645 4307 ea
678 4247 1006 4307 voluntaria,
1038 4257 1157 4296 cum
1184 4255 1213 4293 a
1252 4252 1387 4306 pura
1430 4232 1701 4286 electione
1730 4225 1900 4279 animi
1938 4219 2154 4291 prolici-

586 4353 827 4399 scantur.
857 4336 990 4390 Nam
1022 4329 1291 4402 ejusmodi
1321 4322 1611 4379 manifesto
1648 4313 1953 4371 voluntaria
1984 4321 2146 4374 sunt;

588 4452 685 4490 nec
705 4433 1001 4503 quidquam
1028 4420 1271 4494 prohibet
1291 4429 1399 4486 quo
1419 4414 1601 4466 minus
1618 4417 1672 4463 et
1692 4407 1810 4460 vice
1827 4418 1982 4458 versa
2000 4401 2155 4455 dica-
2186 4383 2229 4436 Ῑ)

590 4539 701 4602 tur,
723 4492 995 4593 quid-quid
1029 4492 1405 4568 voluntarium
1448 4504 1541 4566 sit,
1564 4502 1630 4555 ad
1653 4498 1972 4554 electionem
1994 4492 2156 4566 perti-

591 4584 1056 4673 nui-Laudem.“
1079 4604 1281 4671 ubique
1305 4594 1695 4668 requirendum
1723 4597 1808 4644 est
1834 4588 1886 4641 id
1918 4584 2060 4655 quod
2090 4598 2155 4638 ex

591 4713 761 4765 altera
795 4711 948 4776 parte
974 4694 1288 4767 respondet,
1316 4704 1438 4743 nam
1475 4700 1599 4756 qua:
1622 4680 1784 4735 latius
1818 4683 2027 4747 patent,
2051 4686 2160 4725 nua

594 4814 719 4855 cum
760 4793 1007 4865 partibus
1032 4789 1146 4843 suis
1175 4793 1230 4837 et
1259 4782 1372 4850 ipsa
1407 4789 1517 4831 tum
1571 4769 2008 4829 considerantur,
2045 4772 2186 4817 tum/

595 4903 717 4945 sese
745 4852 1016 4940 oderunt:
1043 4886 1098 4932 at
1124 4876 1176 4930 in
1210 4869 1459 4943 partibus
1488 4880 1597 4920 non
1622 4861 1831 4922 itidem,
1861 4855 2005 4925 quod
2038 4852 2161 4905 uni-

600 4976 863 5035 versalius
894 4981 998 5027 est.
1025 4967 1156 5022 Tale
1180 4978 1312 5018 vero
1338 4958 1598 5031 quiddam
1623 4967 1747 5008 esse
1777 4959 1885 5004 tam
1913 4949 2165 5000 volunta-

598 5070 743 5124 rium
769 5062 931 5135 quam
952 5059 1300 5116 electionem,
1322 5052 1497 5105 visum
1521 5053 1604 5101 est
1633 5041 1945 5098 exercitatis
1983 5038 2035 5090 in
2065 5037 2168 5089 hoc

600 5176 797 5236 genere
814 5157 967 5221 viris,
984 5154 1159 5222 iisque
1178 5161 1288 5205 tum
1310 5147 1467 5216 plane
1484 5142 1662 5205 bonis,
1687 5148 1798 5191 tum
1820 5132 2169 5199 virtutemne-

1845 5224 1855 5235 .
1883 5222 1895 5236 .
2033 5234 2052 5236 μ
2082 5232 2124 5236 ν,
2143 5215 2168 5236 λ

601 5215 753 5311 ditis.
775 5249 942 5304 Aiunt
980 5244 1150 5303 enim,
1170 5215 1491 5293 electionem
1551 5246 1659 5284 non
1690 5241 1811 5282 esse
1844 5222 1989 5277 idem
2021 5215 2171 5289 quod

606 5340 997 5402 voluntarium,
1023 5332 1116 5388 sed
1143 5340 1348 5401 partem
1373 5329 1512 5396 ejus.
1536 5324 1605 5376 At
1634 5322 1688 5375 in
1718 5314 2020 5371 voluntaria
2040 5310 2175 5365 sub-

604 5440 775 5498 tiliter
795 5426 1274 5488 existimabantur,
1305 5431 1645 5489 quaecunque
1690 5418 1844 5481 putat
1865 5404 2062 5491 aliquis
2081 5416 2175 5456 ne-

604 5533 808 5590 minem
836 5537 1028 5581 sanum
1048 5530 1277 5592 prorsus
1293 5512 1488 5568 debere
1506 5508 1639 5562 velle
1664 5525 1676 5571 ;
1692 5517 1852 5573 quam
1874 5480 2091 5571 quidem
2108 5496 2179 5550 ob

608 5634 831 5680 causam
849 5630 950 5673 nec
970 5619 1117 5669 amat
1137 5623 1227 5672 ea,
1244 5617 1345 5659 nec
1371 5602 1549 5655 facere
1566 5597 1729 5666 cupit,
1768 5594 1879 5646 imo
1914 5601 2045 5643 vero
2081 5602 2181 5655 pro

607 5711 815 5787 insigni
842 5708 994 5767 lucro
1018 5702 1166 5763 ducit
1196 5695 1339 5771 quod
1384 5690 1521 5749 nihil
1548 5688 1650 5744 sibi
1688 5701 1809 5742 cum
1837 5684 1917 5740 eis
1940 5693 2179 5750 unquam

1702 3602 1759 3641 se
1816 3582 2141 3638 necessariae
2213 3580 2322 3634 sint
2359 3576 2661 3647 explicatu.
2698 3572 3069 3641 Incipiendum
3100 3567 3282 3637 igitur,
3334 3576 3610 3633 operaque
3635 3560 3805 3613 danda

2320 3764 2445 3817 Τῶν
2471 3758 2887 3831 ἁμαρτημάτων
2908 3755 2976 3809 τὰ
3008 3754 3105 3823 μὲν
3136 3751 3255 3805 ἔστι
3284 3749 3407 3803 κατ’
3437 3748 3665 3816 ἄγνοιαν
3691 3761 3818 3797 παν-

2250 3857 2401 3941 τελῆ,
2452 3855 2548 3907 καὶ
2577 3847 2687 3905 εἳεν
2743 3849 2808 3903 ἂν
2853 3848 3118 3918 ἐλεύθερα
3162 3845 3321 3912 δίκης
3370 3838 3691 3911 ἡστινοσοῦν
3730 3834 3820 3887 καὶ

2257 3933 2514 4020 μέμψεως
2540 3964 2553 3977 ⁸
2581 3946 2649 3998 τὰ
2686 3944 2744 3996 δὲ
2776 3945 2833 3994 ὲν
2868 3939 3070 4008 γνώσει
3099 3932 3361 4003 γινόμενα
3393 3932 3489 3984 καὶ
3522 3929 3659 3992 κατά
3698 3926 3824 3996 βού-

2252 4042 2413 4111 λησιν
2437 4037 2662 4108 ἀκριϐῆ,
2688 4035 2848 4090 ama
2868 4033 2929 4085 ού
2955 4032 3129 4084 δεῖται
3154 4025 3420 4080 δεικνύναι
3447 4017 3821 4086 κατασκευῆς,

2257 4133 2331 4194 ὡς
2359 4130 2446 4201 ἄρ’
2488 4128 2715 4183 ἑκούσια
2750 4112 3052 4186 παντελῶς,
3092 4120 3189 4174 ἆτε
3222 4113 3590 4185 προαιρέσεως
3624 4111 3827 4178 ἀκραι-

2259 4221 2423 4291 φνοῦς
2449 4221 2596 4272 ὄντα.
2629 4217 2710 4268 Τὰ
2741 4213 2850 4282 γὰρ
2876 4212 2939 4280 δὴ
2965 4210 3186 4262 τοιαῦτα
3216 4204 3397 4291 σαφῶς
3427 4200 3655 4254 ἑκούσια
3680 4200 3827 4251 ἰκαὶ
3892 4240 3911 4249 -

2258 4282 2411 4367 οὐδὲν
2446 4309 2645 4363 κωλύει
2681 4307 2741 4359 τὸ
2779 4307 2855 4375 μὴ
2884 4305 2977 4357 καὶ
3008 4303 3067 4355 τὸ
3101 4301 3337 4371 ἔμπαλιν
3369 4282 3508 4349 εἶναι
3533 4308 3548 4323 ο
3575 4292 3725 4358 λέγω
3764 4293 3825 4343 το

2260 4404 2352 4459 καὶ
2383 4404 2493 4456 πᾶν
2522 4400 2768 4454 ἑκούσιον
2789 4398 2887 4466 τῆς
2925 4393 3299 4465 προαιρέσεως
3323 4386 3592 4455 γίνεσθαι.
3617 4384 3694 4437 Οὐ
3718 4383 3820 4448 γὰρ

2260 4490 2538 4562 πανταχοῦ
2573 4490 2634 4542 τὸ
2670 4486 3027 4555 ἀντιστρέφον
3059 4481 3410 4550 ἀπαιτητέον.
3439 4476 3520 4529 Τὰ
3555 4475 3662 4541 γὰρ
3712 4475 3826 4522 ἔπι-

2258 4586 2419 4640 πλέον
2448 4583 2542 4636 καὶ
2575 4580 2962 4645 συνθεωρεῖται
2988 4576 3080 4627 καὶ
3107 4562 3526 4638 συνεισφέρεται
3576 4565 3654 4635 τῷ
3683 4561 3826 4629 σφῶν

2262 4673 2440 4730 αὐτῶν
2479 4671 2636 4743 μέρει
2659 4684 2673 4699 ⁸
2703 4671 2772 4722 τὰ
2802 4670 2945 4737 μέρη
2979 4664 3039 4718 δὲ
3073 4662 3259 4715 οὐκέτι
3283 4660 3359 4728 τῷ
3393 4654 3824 4719 καθολικωτέρῳ,

2263 4768 2505 4823 τοιοῦτον
2536 4765 2593 4818 δὲ
2619 4767 2678 4817 τὸ
2703 4763 2953 4816 ἑκούσιον
2983 4759 3078 4813 καὶ
3112 4758 3146 4826 ἡ
3178 4753 3506 4825 προαίρεσις
3538 4748 3684 4811 ἔδοξε
3717 4748 3827 4803 τοῖς

2266 4858 2396 4929 περὶ
2418 4856 2489 4909 τὰ
2507 4853 2735 4907 τοιαῦτα
2760 4852 3132 4920 ὲσχολακὸσιν,
3157 4844 3388 4915 ἀνδράσι
3412 4842 3589 4894 πάντα
3613 4836 3828 4903 ἀγαθοῖς

2266 4923 2362 5000 καί
2409 4938 2949 5005 σπουδαίοιςμξηΕἷναι
2983 4939 3084 5009 μὲν
3121 4936 3231 5005 γὰρ
3266 4933 3365 5001 τὴν
3403 4928 3723 4998 προαίρεσιν
3768 4923 3826 4974 οὑ

2267 5039 2463 5091 ταυτὸν
2484 5034 2563 5104 τῷ
2585 5033 2844 5102 ἑκουσίῳ,
2869 5031 3081 5083 ἐκείνου
3109 5027 3170 5080 δέ
3199 5043 3253 5077 τι
3292 5024 3479 5093 μέρος.
3516 5016 3656 5070 Ἀλλ’
3681 5015 3831 5081 ἀκρι-

2272 5130 2381 5189 ϐῶς
2420 5128 2518 5197 μὲν
2553 5124 2786 5179 ἀκούσια
2842 5120 3258 5190 νομισθήσεται,
3316 5115 3418 5166 ὅσα
3474 5110 3539 5178 δή
3600 5122 3687 5168 τις
3738 5104 3830 5171 οὐχ

2274 5194 2489 5291 ἡγεῖται
2524 5216 2725 5282 θελητὰ
2772 5212 3097 5279 τοπαράπαν
3139 5202 3280 5259 εἶναι
3310 5205 3421 5266 τοῖς
3456 5200 3517 5253 εὖ
3545 5194 3793 5271 φρονοῦσι
3815 5209 3828 5223 ⁸

2275 5314 2368 5364 καὶ
2393 5310 2483 5361 διὰ
2510 5306 2669 5359 τοῦτο
2704 5304 2829 5356 οὔτε
2879 5301 3044 5371 φιλεῖ,
3089 5297 3215 5351 οὔτε
3252 5294 3515 5365 πράττειν
3550 5288 3687 5341 αὐτὰ
3716 5283 3831 5354 βού-

2276 5404 2430 5456 λεται
2448 5416 2465 5432 ⁶
2488 5397 2624 5452 ἀλλὰ
2652 5395 2744 5449 καὶ
2766 5394 2898 5447 πολύ
2927 5411 2980 5445 τι
3012 5390 3202 5459 κέρδος
3230 5385 3444 5456 νομίζει
3469 5382 3530 5433 τὸ
3554 5378 3688 5449 μηδὲ
3716 5392 3834 5441 ουγο

2280 5495 2561 5565 γεγονέναι
2607 5488 2847 5542 τουτοισὶ
2882 5482 3147 5556 μηδαμῶς
3208 5478 3513 5548 μηδέποτε,
3540 5470 3673 5540 μηδὲ
3718 5465 3834 5520 καθ’

2283 5582 2573 5657 ἡντιναοῦν
2625 5576 2951 5647 φαντασίαν,
2998 5574 3032 5641 ἢ
3064 5571 3196 5639 γοῦν
3243 5568 3492 5622 ἐπίνοιαν
3546 5559 3833 5630 λογισμῶν.

2286 5653 2386 5731 Ἦν
2416 5675 2472 5727 δέ
2502 5690 2551 5725 τι
2578 5670 2838 5741 πράττειν
2866 5663 3184 5733 ἀναγκασθῇ
3222 5659 3387 5731 μηδὲν
3419 5657 3555 5719 ὅλως
3591 5653 3836 5724 βουλόμε-
