4098 6272
244 511 246 514 '
351 494 446 550 τοῦ
479 498 801 566 πράγματος
829 492 866 562 ἢ
898 486 1221 563 προσώπου..
1235 493 1488 545 λυπεῖται
1526 492 1644 560 μὲν,
1668 486 1912 559 χωροῦν-

344 284 453 363 499
1733 286 1948 349 ΟΒΑἯ

2057 282 2164 344 llI.
3474 268 3576 329 430

350 426 440 471 νος
481 408 650 478 πολλῇ
684 408 973 478 περιουσίᾳ
1003 406 1306 477 δυνάμεως,
1339 404 1543 473 σφόδρα
1579 401 1902 471 βιαζομένου
1931 422 1948 462 Α

2053 394 2117 445 llo
2163 392 2325 446 modo
2355 387 2665 446 commercii
2712 386 2891 449 fuerit,
2919 399 2985 437 ne
3013 397 3107 451 per
3138 380 3580 451 imaginationem

921 474 1488 555 τροσώπου,.λυπείται
1526 492 1644 555 μὲν,
1668 486 1912 555 χωροῦν-
2021 486 2244 555 quidem
2282 474 2665 553 quamcunque
2694 480 2778 533 vel
2822 476 3211 546 cogitationum
3276 474 3586 542 mentisque

299 607 315 616 ·
351 604 443 650 τος
486 586 580 640 τοῦ
625 584 824 647 δεινοῦ,
858 584 1012 653 ζητεῖ
1050 585 1108 637 δὲ
1137 584 1338 652 τρόπον
1368 584 1584 637 ἃπαντα
1637 581 1791 634 λύσιν
1821 578 1916 631 τοῦ

2061 576 2467 644 onceptionem.
2494 572 2648 638 Quod
2677 571 2719 625 si
2743 569 2873 637 quid
2905 568 3130 622 omnino
3152 580 3261 619 non
3282 567 3473 620 volens
3503 568 3585 618 fa-

355 678 596 748 χαλεποῦ
627 693 640 706 ·
677 677 771 729 καὶ
801 677 982 728 πάντα
1012 676 1159 727 λίθον
1188 675 1369 743 (φασὶ)
1397 675 1556 738 κινεῖ,
1605 673 1700 725 καὶ
1740 687 1918 740 μηχα-

2053 681 2143 721 ere
2169 674 2391 719 coactus
2419 660 2786 726 fuerit,nimia
2810 660 2859 711 vi
2889 657 3169 725 potestatis
3195 656 3483 718 adductus,
3504 656 3587 708 vel

355 772 455 832 νὰς
499 770 593 820 ἐπὶ
642 770 929 837 μηχαναῖς,
963 767 1059 820 καὶ
1104 768 1323 820 ἀνιᾶται
1371 765 1538 833 μηδὲν
1583 763 1791 817 ἀνύων·
1825 761 1921 815 καὶ

355 859 644 924 διόρθωσιν
687 858 944 921 λαϐόντος
978 858 1073 911 τοῦ
1127 855 1521 926 τυραννοῦντος
1568 856 1671 925 ἢδη
1720 854 1918 916 κακοῦ,

363 949 480 1011 πῶς
526 949 651 1012 οῖει,
698 949 863 1003 πόσον
910 950 1139 1019 ἦδεταις
1192 948 1373 1000 πόσον·
1403 948 1626 1017 χαίρεις
1685 946 1921 1014 σκιρτῶν

329 1041 576 1121 εἴφαιδρῷ
606 1040 685 1109 τῷ
733 1039 1032 1109 προσώπῳ,
1063 1041 1159 1092 καὶ
1194 1038 1378 1106 σαφῶς
1431 1041 1544 1099 τοῖς
1588 1037 1730 1097 ὅλοις
1761 1037 1923 1089 αὑτὸν

356 1131 593 1196 δεικνὺς,
620 1130 695 1193 ὡς
728 1131 811 1184 ὅτι
848 1131 924 1201 μὴ
956 1134 1050 1183 καὶ
1092 1131 1286 1184 θᾶττον
1333 1131 1703 1200 ἀπήλλακται,
1734 1130 1925 1198 δυσχε-

362 1222 541 1289 ραίνει
563 1237 577 1251 ⁸
609 1222 705 1274 καὶ
746 1221 841 1291 τοῦ
874 1222 1077 1286 παντὸς
1113 1223 1181 1275 ἂν
1233 1221 1321 1290 εἴη
1353 1220 1529 1289 τιμῶν
1559 1224 1659 1288 τήν
1694 1236 1757 1287 γε
1790 1221 1927 1288 πρὸς

362 1311 523 1364 τοῦτο
555 1312 831 1380 φέρουσαν
880 1312 1191 1381 ταχυτῆτα·
1222 1310 1298 1373 ὡς
1336 1310 1401 1364 ἀν
1456 1328 1508 1362 τι
1544 1311 1753 1362 τούτων
1788 1311 1924 1379 ἀπῇ,

2030 764 2210 822 re,vet
2240 770 2470 825 persona
2501 753 2753 824 quapiam
2782 751 2980 805 acriter
3003 748 3420 817 cogente,dolor
3436 748 3592 815 equi-

2022 849 2143 903 dem
2180 848 2410 902 aflicitur
2427 848 2496 900 ob
2530 847 2658 899 mali
2691 857 3063 913 progressum,
3088 842 3180 894 sed
3202 839 3395 909 quovis
3428 837 3591 890 modo

2025 943 2102 996 rei
2121 942 2363 995 molestae
2395 941 2554 992 finem
2574 938 2788 1006 quaerit,
2818 950 3145 1001 omnemque
3165 932 3394 1001 lapidem
3424 930 3593 999 (quod

2027 1030 2205 1098 aiunt)
2231 1039 2434 1091 movet,
2467 1044 2531 1083 ac
2564 1027 2876 1081 molitiones
2932 1024 3311 1077 molitiouibtts
3347 1022 3595 1093 cumulat

2026 1122 2118 1174 sed
2147 1120 2279 1173 nihil
2302 1120 2564 1188 proficere
2582 1118 2730 1172 dolet
2765 1133 2779 1169 :
2814 1124 3101 1186 postquam
3134 1116 3366 1182 denique
3389 1112 3591 1164 malum

2027 1211 2161 1264 illud
2188 1211 2291 1263 vim
2320 1211 2554 1264 all'erens
2600 1210 2713 1278 jam
2772 1207 3152 1269 emendatum]
3183 1214 3284 1268 est,
3332 1212 3595 1272 quantum

2030 1312 2191 1372 putas
2228 1302 2523 1370 voluptatis
2572 1298 2847 1383 percipit?
2874 1309 3139 1367 quantum
3200 1296 3441 1349 laetitiae?
3467 1294 3597 1347 dum

363 1401 464 1453 οὐκ
491 1401 638 1454 ἐστιν
666 1402 988 1471 ἀμέμπτους
1033 1402 1408 1471 ἀναφανῆναι,
1450 1399 1718 1469 οΰμενουν
1747 1399 1849 1453 κάν
1881 1400 1933 1451 εί

2053 1396 2211 1449 'ronte
2242 1394 2402 1447 hilari
2451 1392 2708 1454 exsultat,
2742 1400 2796 1445 et
2834 1391 2992 1459 plane
3019 1389 3181 1442 rebus
3210 1388 3464 1440 omnibus
3505 1386 3601 1438 dr-

368 1505 424 1540 τι
457 1489 870 1558 προϐάλλοιντο,
898 1488 1017 1541 ἀνθ’
1041 1483 1116 1541 ὦν
1145 1491 1244 1541 οὐκ
1273 1490 1459 1558 ἄρτιον
1491 1487 1623 1557 παρ’
1668 1487 1847 1541 αὐτῶν
1872 1488 1931 1541 τὸ

2053 1486 2223 1548 :larat,
2256 1485 2641 1554 permolestum
2685 1484 2789 1537 sibi
2822 1483 3093 1543 accidere,
3125 1482 3271 1549 quod
3296 1481 3458 1534 citius
3490 1495 3598 1532 non

371 1569 646 1649 προσῆκον
674 1580 946 1647 γίγνεται.
983 1580 1094 1632 Καὶ
1122 1579 1299 1633 ταῦτα
1349 1582 1446 1649 μὲν
1490 1581 1617 1649 περὶ
1644 1579 1735 1632 τοῦ
1767 1581 1934 1632 ἀκουο

2053 1574 2298 1627 iberatus
2322 1575 2416 1636 sit,
2445 1588 2757 1642 magnoque
2777 1588 2943 1640 supra
2979 1588 3067 1625 res
3104 1587 3296 1625 omnes
3345 1572 3398 1623 in
3425 1571 3601 1638 pretio

372 1672 489 1722 σίου
511 1687 526 1700 °
571 1672 700 1738 περὶ
747 1671 808 1723 δὲ
853 1669 948 1723 τοῦ
999 1670 1249 1723 ἑκουσίου
1285 1671 1487 1739 φαμὲν,
1515 1670 1588 1731 ὡς
1618 1669 1678 1722 οὐ
1712 1670 1870 1737 μόνον
1897 1670 1933 1723 α

2053 1665 2367 1719 :eleritatem
2435 1680 2501 1718 eo
2560 1664 2952 1731 perducenlem
3016 1663 3180 1715 habet
3225 1677 3241 1725 ;
3298 1663 3499 1730 quippe
3536 1661 3600 1713 ‘si

374 1756 637 1826 ποιοῦμεν
687 1758 1125 1827 εὐφραινόμενοι,
1156 1756 1379 1809 ἑκούσια
1401 1796 1419 1823 ,
1454 1756 1588 1810 ἀλλά
1613 1759 1705 1811 καὶ
1752 1760 1934 1812 ἐκεῖνα

2056 1772 2233 1809 torum
2257 1755 2463 1825 aliquid
2488 1756 2651 1819 absit,
2677 1755 3102 1824 reprehensione
3118 1768 3306 1808 carere
3331 1762 3606 1820 nequeunt

376 1849 613 1911 πάντως,
636 1848 671 1902 ἂ
704 1849 765 1901 οὐ
794 1849 1025 1918 θέλομεν
1074 1830 1275 1910 ποιεῖν,
1301 1847 1369 1899 δι’
1418 1847 1585 1918 ἄλλην
1637 1848 1695 1901 δὲ
1740 1849 1936 1918 ἡδονὴν

2053 1850 2311 1912 nomines,
2354 1849 2568 1904 etiamsi
2614 1864 2810 1903 causas
2852 1847 3130 1917 proferant
3184 1848 3254 1901 ob
3303 1863 3441 1916 quas
3482 1846 3607 1900 olli-

376 1943 507 2010 ἡμῖν
541 1943 719 2004 αὐτοῖς
765 1940 1066 2010 ὲπάγομεν.
1103 1940 1212 1993 Καὶ
1241 1938 1353 2009 γάρ
1386 1939 1449 1992 τὸ
1492 1941 1753 2008 πράττειν
1785 1934 1936 2002 τινάς

2053 1940 2185 1993 :ium
2227 1939 2463 2011 perfecte
2501 1956 2607 1993 non
2659 1941 2879 1994 faciant.
2915 1939 2980 1992 Et
3012 1940 3126 1993 hac
3163 1940 3383 2007 quidem
3421 1938 3487 1991 de
3524 1939 3607 1991 iu-

374 2033 582 2096 ὲκεῖνα,
611 2032 753 2085 ἔστω
789 2031 868 2095 δὲ,
909 2032 1000 2102 βίᾳ
1034 2031 1269 2102 μεγίστῃ
1317 2032 1412 2084 καὶ
1443 2031 1742 2100 τυραννίδι,
1790 2030 1938 2100 ειπερ

2053 2031 2375 2085 voluntario.
2427 2030 2502 2085 De
2554 2031 2863 2084 voluntario
2903 2046 3031 2083 vero
3078 2029 3350 2093 dicimus,
3395 2045 3502 2082 non
3542 2045 3604 2084 ea

371 2125 442 2176 ἂν
469 2124 642 2190 αὐτῆς
671 2123 916 2193 ἀπούσης
946 2124 1047 2177 οὐκ
1077 2123 1143 2177 ἂν
1176 2124 1466 2193 ἔπραττον,
1490 2123 1592 2176 οὐκ
1619 2123 1767 2175 ἔστιν
1789 2124 1937 2192 ὅμως

2053 2123 2205 2175 modo
2254 2136 2377 2190 quae
2428 2134 2553 2175 cum
2597 2121 2780 2174 laetitia
2833 2119 3064 2175 facimus
3107 2136 3227 2175 esse
3265 2121 3607 2187 voluntaria,

374 2215 609 2277 ἄκοντας
643 2214 925 2284 πράττεινζ
981 2216 1118 2269 ἀλλὰ
1164 2215 1477 2268 τούναντίον
1510 2214 1734 2277 ἑκόντας
1780 2232 1941 2285 περι-

2053 2209 2137 2263 sed
2182 2210 2407 2263 omnino
2455 2220 2510 2263 et
2560 2206 2657 2264 illa
2684 2226 2804 2279 qua:
2838 2212 3016 2265 facere
3060 2227 3166 2265 non
3200 2213 3478 2278 volumus,
3513 2213 3608 2265 sed

375 2305 581 2372 φανῶς,
620 2307 779 2374 εῖπερ
816 2307 1034 2368 ἑκόντες
1066 2306 1290 2368 ἑαυτοὺς
1324 2307 1403 2367 εἰς
1429 2308 1660 2374 ταυτηνὶ
1693 2307 1790 2375 τὴν
1819 2306 1941 2375 βίαν

2053 2301 2266 2354 alterius
2324 2302 2618 2371 voluptatis
2661 2317 2827 2356 causa
2879 2304 3035 2356 nobis
3088 2304 3190 2373 ipsi
3251 2304 3603 2357 arcessimus.

372 2397 694 2466 εἰσήγαγον,
729 2396 829 2465 τὴν
862 2396 1035 2465 ἀρχὴν
1081 2394 1176 2446 τσῦ
1227 2395 1515 2463 βιασθῆναι
1549 2396 1760 2463 οζκιθεν
1788 2397 1942 2448 αὐτοί

2053 2388 2110 2441 Et
2154 2391 2301 2443 enim
2352 2391 2570 2459 aliquos
2617 2408 2680 2446 ea
2731 2392 2909 2448 facere
2958 2403 3178 2449 coaetos
3231 2396 3333 2464 (ut
3380 2394 3432 2448 id
3478 2410 3610 2450 sane

378 2488 907 2556 παρεισαγαγόντες.
944 2486 1055 2539 Καὶ
1096 2486 1293 2551 γένοιτ’
1339 2485 1405 2539 ἂν
1440 2485 1650 2538 ἐκεῖθεν
1699 2502 1945 2555 καταφα-

380 2578 493 2638 νές.
536 2576 598 2627 '0
648 2577 755 2646 γὰρ
802 2575 1052 2645 τυράννῳ
1110 2573 1305 2643 μισθοῦ
1360 2574 1652 2640 δουλεύων,
1682 2576 1839 2638 εἰδὼς
1870 2577 1946 2639 ὡς

381 2666 532 2718 ἐστιν
565 2666 776 2735 ἀνάγκη
808 2666 1072 2735 πράττειν
1102 2664 1164 2716 τὸ
1192 2665 1368 2734 τούτῳ
1412 2665 1595 2730 δόξαν,
1638 2667 1671 2736 ἢ
1714 2666 1831 2735 μετ’
1861 2669 1946 2719 αἰ-

391 2760 594 2827 σχύνης
619 2757 708 2809 καὶ
744 2756 968 2824 πληγῶν
993 2756 1354 2825 ἀφαιρεθῆναι
1383 2757 1443 2809 τὸ
1474 2758 1601 2827 ζῇν·
1634 2758 1803 2811 ἔπειτ’
1826 2760 1949 2812 ἀνε-

386 2848 501 2901 λεῖν
551 2848 782 2911 ἀθώους,
833 2848 1182 2914 λωποδυτεῖν,
1216 2848 1547 2920 ἰεροσυλεῖν,
1576 2852 1683 2903 πᾶν
1731 2851 1947 2904 ἀνόσιον

387 2942 586 3004 ποιεῖν,
619 2940 710 2992 ὑπ’
752 2940 959 2991 ἐκείνου
991 2938 1315 3009 βιαζόμενος
1346 2940 1626 3003 τοσοῦτον,
1659 2941 1736 3004 ὡς
1765 2943 1860 2994 καὶ
1888 2944 1949 2996 τὸ

385 3030 538 3099 ξίφος
585 3030 963 3097 ὲπισειόμενον
1020 3028 1169 3097 αὑτῷ
1221 3029 1465 3098 καθορᾷν
1514 3029 1662 3082 δυοῖν
1696 3030 1944 3100 ἓνεκα,ἥ

2044 2481 2260 2548 demus)
2287 2482 2338 2534 vi
2381 2485 2773 2552 tyrannideque
2812 2485 3067 2548 maxima,
3107 2503 3227 2555 quae
3257 2489 3304 2541 si
3347 2489 3426 2541 vis
3459 2489 3614 2543 abes-

2047 2580 2152 2635 set,
2185 2587 2290 2625 non
2321 2572 2563 2639 faceret;
2584 2590 2691 2627 non
2721 2576 2773 2628 id
2800 2576 3044 2644 profecto
3076 2579 3273 2633 invitos
3295 2590 3379 2635 est
3410 2579 3610 2645 facere,

2047 2660 2143 2717 sed
2166 2663 2280 2715 vice
2299 2677 2454 2716 versa
2472 2665 2716 2718 volentes
2734 2665 2880 2720 haud
2909 2667 3077 2721 dubie
3101 2685 3117 2724 :
3137 2670 3407 2738 siquidem
3430 2673 3615 2726 volen-

2050 2758 2129 2803 tes
2160 2751 2211 2803 itt
2236 2758 2375 2805 hanc
2410 2766 2468 2805 se
2494 2753 2602 2806 vim
2634 2754 3067 2823 praecipitarunt,
3115 2774 3239 2813 cum
3273 2761 3496 2829 ipsimet
3545 2780 3612 2818 ex

2049 2854 2168 2895 sese
2220 2842 2491 2911 principio
2521 2847 2825 2902 coactiouis
2856 2853 3200 2906 occasionem
3262 2858 3565 2923 praeberent
3596 2880 3610 2915 :

2048 2932 2193 3001 quod
2238 2934 2454 3001 quidem
2485 2936 2566 2989 vel
2612 2936 2739 2992 hinc
2785 2943 3127 3009 apertissime
3192 2949 3450 3016 patuerit.
3509 2952 3612 3019 Qui

2052 3029 2282 3090 tyranno
2312 3024 2576 3078 mercedis
2607 3040 2768 3081 causa
2805 3033 2991 3092 servit,
3013 3048 3137 3088 cum
3182 3039 3326 3092 norit
3355 3055 3614 3097 necessa-

384 3121 481 3175 τοῦ
514 3123 633 3174 ταῖν
658 3123 840 3191 χεροῖν
863 3119 1178 3189 ἀποσφάξαι
1205 3120 1331 3182 τοὺς
1371 3121 1569 3182 ἀδίκως
1594 3121 1672 3190 τῷ
1698 3122 1947 3193 τυράννῳ

2054 3112 2136 3166 rio
2161 3112 2264 3167 sibi
2304 3111 2616 3169 faciundum
2645 3121 2789 3188 quod
2831 3122 2933 3190 ipsi
2954 3124 3129 3179 visum
3162 3127 3346 3195 fuerit,
3381 3133 3461 3186 vel
3488 3150 3611 3189 cum

391 3215 769 3284 μισουμένους,
790 3212 887 3265 καὶ
917 3200 1105 3280 πάντα,
1131 3213 1400 3281 πράττειν
1430 3212 1499 3265 τὰ
1523 3213 1757 3282 ἄθεσμα,
1791 3214 1823 3284 ἢ
1854 3214 1950 3267 τοῦ

388 3308 497 3369 τοῖς
526 3307 692 3360 αὑτοῦ
726 3304 1054 3376 μολυνθῆναι
1088 3304 1147 3356 τὸ
1183 3304 1337 3374 ξίφος
1371 3305 1601 3373 αἵμασιν
1622 3322 1636 3336 ·
1660 3307 1688 3357 ὀ
1714 3307 1769 3358 δὲ
1802 3310 1953 3375 μισεῖ

391 3396 491 3465 μὲν
537 3396 683 3466 μάλα
734 3398 829 3447 τὸν
875 3395 1037 3461 φόνον
1067 3393 1327 3462 (δεδόσθω
1354 3395 1485 3463 γὰρ)
1508 3433 1525 3457 ,
1560 3393 1758 3464 πράξει
1786 3395 1831 3447 δ’
1859 3395 1951 3447 οῦν

390 3489 538 3554 ὅμως
568 3488 659 3540 τὸν
688 3487 868 3554 φόνον,
898 3486 991 3538 καί⁸
1025 3485 1087 3537 τὸ
1113 3484 1246 3553 ἄγος
1272 3487 1393 3537 ταῖν
1424 3487 1605 3554 χεροῖν
1636 3486 1949 3557 ἐνεργήσειο

392 3576 510 3640 πῶς
563 3577 660 3645 οὐχ
708 3576 850 3629 ἑκών
886 3593 950 3643 γε
987 3575 1184 3646 δήμιος
1218 3578 1245 3628 ὁ
1274 3575 1518 3637 τοιοῦτος
1549 3576 1744 3644 γέγονε
1773 3593 1789 3641 ;
1842 3577 1951 3630 Kal

398 3668 505 3738 μὴν
539 3668 631 3720 καὶ
667 3667 854 3734 ἓτερον
905 3667 1081 3735 ἔγωγε
1134 3666 1421 3737 ἡκηκόειν,
1450 3668 1544 3734 ὅγε
1578 3667 1653 3737 μὴ
1682 3670 1824 3721 πάνυ
1850 3670 1954 3721 διέ-

396 3775 562 3827 στηκε
609 3757 701 3809 τοῦ
757 3758 885 3827 πρὶν
912 3759 1067 3827 Λήμῖν
1120 3758 1441 3827 εἰρημένου,
1470 3759 1520 3810 εἰ
1558 3758 1634 3827 μὴ
1663 3760 1742 3826 τῷ
1776 3760 1954 3828 πολλῷ

393 3851 575 3921 χεῖρον
611 3844 754 3902 εἰναι
788 3848 997 3900 ἐκείνου
1019 3863 1032 3877 ⁸
1062 3849 1157 3902 καὶ
1182 3849 1323 3914 δόξει
1353 3848 1473 3910 μὲν,
1502 3844 1561 3901 εὖ
1596 3847 1738 3915 οἰδα,
1768 3850 1955 3901 καινὸν

392 3943 454 3995 τὸ
482 3945 740 4012 πρᾶγμα,
772 3940 970 4008 ἀληθὲς
999 3940 1055 3993 δὲ
1093 3940 1401 4009 ἰσχυρίζετο
1438 3937 1579 3993 εἶναι
1611 3943 1639 3994 ὁ
1671 3941 1830 3993 τοῦτο
1870 3940 1956 3993 λέ-

334 4030 339 4033 ῆ
393 4050 525 4102 γων.
586 4034 781 4100 Ἔλεγε
829 4034 939 4101 γὰρ
989 4031 1328 4100 ἐπιθυμῆσαί
1357 4048 1478 4085 τινα
1512 4031 1620 4084 ἀπὸ
1662 4031 1837 4101 θυμοῦ
1868 4048 1957 4082 το-

393 4123 609 4193 πρῶτον
637 4122 961 4191 ἀρξάμενον,
990 4124 1069 4184 εἰς
1094 4122 1184 4173 τὸν
1207 4121 1374 4174 αὑτοῦ
1401 4122 1625 4190 μείζονα
1647 4121 1953 4191 ἐξυϐρίσαιο

393 4216 487 4265 καὶ
505 4210 693 4274 δεδιὼς
714 4211 773 4263 τὺ
796 4210 1064 4280 ὑπερέχον
1084 4211 1336 4278 τάνδρὸς,
1360 4212 1463 4262 οὐκ
1483 4211 1709 4279 ἐτόλμα.
1732 4210 1956 4281 Ἐξεῦρε

391 4302 438 4355 δ’
468 4304 613 4363 ὅπως
639 4302 835 4365 ἐξοίσει
856 4304 936 4362 εἰς
957 4300 1286 4370 παραφορὰν
1312 4301 1506 4352 ἑαυτὸν
1532 4302 1621 4353 καὶ
1642 4300 1959 4371 θρασύτητα

394 4393 719 4445 ἀκάθεκτον.
759 4391 1127 4461 Ἐμφορηθεὶς
1173 4391 1285 4458 γὰρ
1337 4390 1580 4460 ἀκράτου
1613 4390 1836 4455 πολλοῦ,
1865 4394 1958 4445 ἐπὶ

395 4483 475 4550 τῷ
522 4484 618 4546 τάς
665 4485 863 4552 φρένας
896 4483 1289 4551 διαφθαρῆναι,
1318 4484 1413 4535 καὶ
1461 4482 1631 4559 ταύτῃ
1668 4500 1730 4551 γε
1759 4484 1959 4553 θράσος

398 4574 727 4636 λαϐεῖν,καὶ
756 4574 847 4625 τὸν
896 4574 994 4641 μὲν
1039 4573 1350 4643 προῦχοντα
1379 4577 1513 4645 τιμῇ
1563 4577 1685 4638 ταῖς
1737 4575 1959 4644 ὕϐρεσιν

399 4663 724 4726 ἀποπλῦναι,
753 4664 895 4733 ἔχειν
925 4666 981 4716 δὲ
1025 4667 1396 4733 ἀναχώρησιν,
1425 4666 1525 4734 τὴν
1555 4667 1655 4718 εἴτ’
1697 4668 1960 4737 ἀναισθη-

404 4754 545 4818 σίαν,
578 4756 686 4806 εἴτε
725 4755 984 4823 βακχείαν
1030 4757 1182 4821 φίλον
1215 4757 1323 4808 τινὶ
1353 4756 1557 4823 λέγειν,
1594 4760 1824 4827 πράττει
1859 4762 1959 4827 μὲν

399 4846 458 4896 τὸ
480 4844 635 4919 δόξαν
665 4845 856 4919 ἀδεῶς,
885 4847 1195 4915 παρήνεγκε
1221 4847 1278 4899 δὲ
1310 4848 1489 4915 πολλῷ
1518 4849 1694 4901 πάντα
1725 4851 1959 4920 ἐμϐρόν-

398 4949 561 5001 τητον
597 4932 689 4983 καὶ
738 4936 1139 5001 τετυφωμένον.
1192 4934 1357 4995 Δίκας
1405 4933 1448 4983 δ’
1494 4935 1961 5003 εἰσπραττόμενος

400 5025 499 5092 τῆς
522 5025 911 5091 ἀναισχυντίας
949 5025 1088 5094 μετὰ
1117 5026 1213 5092 τὴν
1250 5025 1420 5093 μέθην
1462 5027 1553 5077 καὶ
1590 5027 1689 5094 τὴν
1721 5027 1960 5093 κραιπά-

400 5114 521 5181 λην,
544 5113 746 5164 κλαίων
783 5116 879 5165 καί.
927 5112 1210 5182 οίμώττων
1240 5114 1504 5182 ᾐσθάνετο
1535 5114 1717 5174 κακῶς
1752 5115 1848 5180 μὲν
1877 5114 1965 5165 ὅν-

399 5220 506 5266 τως
555 5204 1002 5274 βεϐουλευμένος,
1034 5205 1214 5267 κακῶς
1259 5206 1316 5255 δὲ
1372 5206 1516 5272 μάλα
1564 5204 1859 5273 τολμήσας.
1903 5205 1962 5258 Ὀ

398 5289 528 5354 γοῦν
576 5288 819 5350 τοιοῦτος
869 5290 1150 5359 ἄνθρωπος
1195 5292 1295 5343 οὐκ
1329 5292 1395 5343 ἀν
1429 5309 1510 5343 σοι
1540 5293 1667 5363 δόξῃ
1705 5295 1961 5363 πάροινος

400 5377 564 5444 εἰναι,
595 5380 745 5432 τοῦτ’
778 5382 911 5433 αὐτὸ
964 5382 1126 5451 βουλῇ
1180 5386 1273 5435 καὶ
1321 5383 1515 5453 γνώμῃ
1553 5386 1957 5453 γεγενημένοςς

399 5471 545 5525 Πάνυ
578 5489 669 5540 μοι
692 5472 855 5534 δοκῶ,
884 5475 981 5523 καὶ
1019 5475 1223 5534 πάντας
1253 5468 1407 5541 οἶμαι
1433 5476 1725 5527 συνθέσθαι
1749 5480 1813 5545 τῇ
1834 5478 1960 5549 δόξῃ

399 5563 592 5632 ταύτῃ.
614 5564 724 5631 Οὐχ
744 5563 897 5626 οὗτος
918 5564 972 5616 δὲ
999 5564 1185 5633 μόνον,
1205 5562 1381 5634 οἶμαι,
1403 5570 1429 5619 ὁ
1455 5566 1729 5636 προῦργου
1748 5572 1806 5621 τὸ
1830 5586 1961 5637 προ-

409 5653 708 5723 πηλακίσαι
742 5656 1111 5725 ποιησάμενος
1134 5695 1149 5721 ,
1203 5652 1299 5709 εἶτ’
1329 5659 1420 5711 ἐπὶ
1448 5658 1583 5729 τῷδε
1630 5662 1963 5732 μεθυσθῆναι

2053 3201 2348 3269 ignominia
2365 3214 2420 3258 et
2436 3208 2753 3265 verberibus
2774 3214 3124 3269 amittendam
3149 3218 3336 3282 vitam,
3360 3224 3404 3275 si
3422 3223 3616 3278 deinde

2052 3292 2369 3352 innocentes
2392 3302 2858 3371 occidere,gr—assa
2869 3305 2935 3370 ri,
2953 3308 3237 3377 sacrilegia
3256 3314 3614 3375 committere.

2051 3386 2185 3441 nihil
2218 3405 2322 3445 non
2356 3392 2503 3461 impii
2524 3408 2781 3465 peragere
2814 3399 3027 3466 tyranni
3065 3399 3225 3467 jussu
3266 3419 3437 3471 usque
3476 3409 3616 3461 adeo

2052 3488 2300 3548 cogatur,
2332 3492 2391 3536 ut
2423 3486 2586 3538 etiam
2638 3486 2876 3555 gladium
2914 3490 3196 3544 obvibrari
3239 3494 3339 3545 sibi
3375 3496 3509 3550 duas
3547 3499 3619 3551 ob

2053 3582 2249 3624 causas
2272 3573 2489 3639 videat,
2530 3576 2613 3629 vel
2644 3587 2702 3630 ut
2732 3578 2931 3645 injuste
2956 3589 3188 3648 tyranno
3243 3598 3440 3639 cxosos
3504 3592 3619 3642 suis

2054 3659 2169 3725 ipse
2200 3664 2449 3718 manibus
2476 3666 2711 3735 jugulet,
2738 3670 3034 3737 Omniaque
3068 3671 3276 3725 nefaria
3317 3674 3503 3741 faciat,
3533 3680 3615 3729 vel

2057 3757 2116 3802 ut
2145 3751 2427 3818 ipsiusmet
2476 3756 2739 3823 sanguine
2768 3760 2981 3825 gladius
3024 3760 3362 3829 inquinetur,
3398 3766 3617 3821 interiit.

2058 3840 2173 3908 ipse
2198 3842 2591 3899 vehementera
2614 3850 2759 3901 caede
2789 3851 3143 3918 (concedatur
3168 3856 3311 3907 enim
3339 3858 3441 3911 hoc
3461 3860 3613 3928 sane)

2060 3930 2368 3999 abhorreat,
2388 3949 2450 3987 ac
2477 3937 2646 3990 nihilo
2668 3940 2849 3995 minus
2866 3943 3064 3996 cardem
3083 3948 3406 4013 committat,
3424 3960 3480 4004 et
3504 3968 3604 4006 ma-

2060 4023 2221 4077 nihus
2257 4026 2372 4079 suis
2396 4026 2671 4094 piaculum
2715 4032 2823 4084 tale
2877 4045 3119 4105 peragat,
3152 4054 3260 4106 quo
3314 4055 3472 4109 pacto
3507 4061 3615 4098 non

2061 4113 2107 4167 is
2136 4125 2330 4183 sponte
2353 4133 2451 4172 sua
2500 4120 2745 4174 carnifex
2777 4122 2953 4178 factus
2983 4128 3104 4180 est?
3130 4130 3386 4198 Equidem
3410 4138 3618 4190 etaliml

2058 4211 2364 4276 exemplum
2416 4212 2608 4265 audire
2642 4218 2887 4282 memini,
2938 4221 3082 4287 quod
3111 4222 3179 4276 ab
3224 4228 3472 4293 expisito
3512 4246 3619 4284 non

2061 4298 2289 4352 multum
2336 4300 2523 4364 distat,
2565 4313 2881 4374 extraquatn
2939 4312 3086 4378 quod
3131 4313 3224 4367 illo
3265 4316 3424 4385 longe
3470 4321 3622 4388 pejus

2063 4396 2166 4443 est.
2197 4392 2268 4444 At
2306 4406 2391 4445 res
2420 4393 2640 4461 quidem
2691 4398 2829 4465 ipsa,
2857 4401 3087 4464 satscio,
3126 4419 3264 4458 nova
3296 4417 3348 4459 et
3381 4410 3624 4464 insolens

2064 4495 2189 4535 esse
2218 4482 2494 4538 videbitur
2529 4503 2544 4551 ;
2583 4488 2675 4542 sed
2713 4492 2811 4557 qui
2843 4506 2960 4544 eam
2993 4496 3273 4561 narrabat,
3303 4514 3484 4552 veram
3504 4518 3624 4559 esse

2060 4582 2376 4628 constanter
2408 4576 2605 4634 aiebat.
2630 4579 2925 4643 Quemdam
2966 4586 3110 4638 enim
3139 4593 3623 4655 commemorabat,

2063 4678 2316 4717 exorsum
2341 4668 2410 4720 ah
2439 4668 2538 4730 ira,
2575 4673 2851 4740 cupivisse
2875 4678 3208 4733 contumelia
3246 4681 3509 4749 majorem
3566 4699 3623 4737 se

2064 4754 2238 4807 virum
2272 4755 2511 4822 afficere,
2543 4775 2776 4830 cumque
2799 4765 2897 4817 viri
2918 4765 3624 4833 fortnidaretemineniiam.

2065 4859 2171 4897 non
2220 4847 2269 4899 id
2310 4864 2503 4902 ausum
2544 4851 2745 4917 facere,
2787 4857 3003 4909 tandem
3049 4859 3324 4916 invenisse
3359 4868 3622 4921 rationem

2063 4949 2171 5002 qua
2192 4950 2479 5005 raperetur
2512 4942 2577 4994 ad
2614 4944 2879 4998 insaniam
2924 4949 3307 5007 etindomitam
3333 4959 3622 5025 quamdam

2065 5025 2343 5080 ferociam.
2384 5030 2553 5084 Multo
2598 5036 2744 5087 enim
2812 5052 2965 5092 mero
3022 5043 3283 5111 repletus,
3334 5056 3391 5101 ut
3431 5053 3628 5104 mentis

2066 5117 2171 5168 vim
2206 5120 2478 5184 perderet,
2513 5132 2676 5191 atque
2710 5126 2811 5180 hoc
2853 5130 3012 5183 modo
3044 5134 3145 5186 sibi
3169 5137 3491 5193 conciliaret
3525 5156 3624 5193 au—

2066 5208 2299 5271 daciam,
2318 5227 2428 5280 quo
2459 5224 2573 5268 tum
2596 5218 2859 5271 eminenti
2880 5222 3084 5278 honore
3120 5227 3238 5281 viro
3261 5233 3623 5284 contumelias

2065 5313 2396 5371 aspergeret,
2422 5315 2532 5358 tum
2556 5309 2741 5377 eﬂttgii
2765 5312 2883 5365 loco
2906 5314 3127 5369 haberet
3161 5334 3319 5373 suum
3347 5322 3492 5373 illum
3516 5324 3629 5377 sive

2066 5400 2343 5459 stuporem
2378 5397 2491 5450 sive
2524 5398 2934 5459 ’accltationctn
2987 5407 3109 5473 quis
3140 5407 3320 5462 dicere
3371 5411 3575 5463 mavult
3612 5388 3653 5473 ;‘

2070 5486 2275 5552 peregit
2322 5487 2592 5556 intrepide
2626 5493 2768 5558 quod
2828 5494 3164 5561 decreverat,
3231 5514 3354 5550 cum
3405 5501 3622 5568 quidem

2068 5574 2223 5645 longe
2281 5585 2529 5647 quemvis
2572 5582 2827 5636 insanum
2854 5595 3017 5655 atque
3049 5588 3432 5656 lymphaticum
3464 5606 3625 5658 supe-

2067 5670 2382 5729 rarct.l’ust
2418 5674 2560 5728 illam
2611 5675 2981 5731 temulentiam
3031 5687 3085 5731 et
3142 5680 3444 5748 crapulam,
3499 5699 3623 5743 cum
