4098 6272
552 302 653 371 431

1711 316 2102 377 MANUELIS
2142 308 2587 376 PAL/EOLOGI

3684 317 3800 387 439.

550 436 743 491 poenas
775 421 1121 491 impudentia:
1166 422 1358 487 lueret,
1407 424 1629 492 plorans
1664 437 1716 479 et
1754 428 1967 482 ululans
1995 445 2118 483 sen-

2226 431 2459 497 θελήσας
2485 448 2499 462 ·
2532 431 2650 484 ἀλλ’
2677 432 2703 482 ὁ
2737 432 2829 491 κ,α“ι
2866 432 2941 500 μὴ
2971 431 3133 484 τοῦτο
3165 430 3505 503 βουλόμενος,
3534 435 3801 501 πολλάκις

546 514 721 568 tiebat
749 514 948 566 malum
978 529 1041 568 se
1064 522 1251 567 revera
1284 516 1573 570 consilium
1615 516 1784 570 inisse
1812 533 1909 571 nec
1937 521 2116 573 minus

555 605 800 673 improbe
829 603 1135 659 ferociisse.
1164 604 1309 659 Talis
1337 606 1503 674 igitur
1544 608 1707 661 homo
1736 624 1841 663 non
1890 609 1940 661 in
1989 610 2117 665 vino

2222 521 2268 573 δ’
2301 517 2397 603 οὖν
2432 520 2748 590 μεθυσθεὶς,
2787 523 2881 573 καὶ
2917 522 3057 590 μετὰ
3080 521 3179 590 τὴν
3204 521 3375 591 μέθην
3404 524 3649 593 ὑϐρίσας,
3673 523 3805 580 εἶτα

2229 614 2393 667 πάλιν
2426 611 2709 683 χρώμενος
2746 616 2813 682 τῇ
2850 612 2989 683 μέθῃ
3023 612 3277 683 καθάπερ
3308 614 3413 683 πρὸ
3447 615 3566 677 τοῦ,
3597 618 3799 685 πάροι-

552 694 647 747 tibi
670 693 940 746 videbitur
959 693 1319 747 immodestus
1344 710 1486 760 esse,
1507 711 1629 749 cum
1651 697 1838 749 volens
1858 712 1922 751 ac
1939 698 2118 751 sciens

2226 721 2316 765 νος
2349 703 2414 756 ἂν
2439 702 2524 772 εἴη
2556 703 2653 755 καὶ
2704 703 2990 771 ὑϐριστής.
3033 703 3094 754 Et
3121 704 3228 772 γὰρ
3263 704 3356 755 καὶ
3378 705 3501 757 καθ’
3526 706 3592 775 ἢν
3625 723 3797 775 προε-

553 786 604 837 id
637 784 811 837 factus
844 786 914 838 sit
946 785 967 837 ?
997 784 1127 838 Mihi
1159 786 1382 854 quidem
1416 802 1646 853 prorsus
1677 788 1747 840 ita
1787 789 2020 849 videtur,
2057 798 2114 841 et

494 944 511 959 κ
552 875 679 928 huic
709 875 953 944 Opinioni
997 891 1132 931 mea
1158 878 1430 930 neminem
1459 893 1563 930 non
1588 894 1939 933 assensurum
1972 880 2117 933 arbi-

549 977 685 1020 tror.
712 964 899 1036 Neque
942 977 1151 1021 tantunt
1211 969 1318 1034 hic,
1381 984 1499 1023 mea
1559 971 1777 1039 quidem
1818 972 2115 1035 sententia,

550 1060 643 1127 qui
680 1060 860 1114 studio
884 1060 1055 1113 voluit
1093 1061 1350 1129 injuriam
1388 1060 1591 1115 inferre
1624 1061 1804 1125 alteri,
1827 1071 1991 1130 atque
2015 1062 2119 1115 boc

554 1151 723 1205 animi
747 1152 1027 1219 proposito
1045 1152 1263 1206 sibimet
1282 1152 1570 1206 ebritatem
1593 1168 1690 1207 sna
1716 1163 1909 1222 sponte
1934 1168 2117 1206 arces-

550 1242 665 1305 siit,
700 1257 886 1294 verum
909 1243 1071 1295 etiam
1106 1242 1198 1309 qui
1230 1241 1333 1296 ltoc
1355 1243 1576 1310 quidem
1610 1259 1715 1296 non
1758 1244 1893 1307 vult,
1917 1242 2115 1310 saepius

552 1341 733 1403 t_amen
753 1330 1075 1396 inebriatus,
1104 1339 1267 1398 atque
1298 1324 1421 1399 pest
1451 1332 1767 1387 ebrietatem
1795 1332 1965 1386 illatis
2023 1334 2115 1385 in-

543 1422 731 1490 jurits,
763 1436 887 1475 mox
919 1436 1131 1487 rursus,
1166 1421 1351 1476 itidem
1382 1431 1442 1476 ut
1474 1433 1623 1486 ante,
1657 1434 1827 1478 semet
1861 1424 2117 1486 inebriat,

549 1522 602 1565 et
633 1510 957 1565 immodeste
985 1511 1295 1566 vinolentus
1318 1521 1401 1567 est
1431 1521 1485 1567 et
1518 1513 1784 1569 insolens.
1848 1515 2117 1580 Quamvis

550 1606 697 1659 enim
734 1620 794 1660 ea
830 1607 959 1657 hora
988 1620 1096 1673 qua
1130 1605 1386 1675 iujuriam
1427 1607 1627 1671 intulit,
1652 1622 1818 1677 prope
1847 1608 1913 1661 de
1941 1617 2120 1675 potes-

552 1707 663 1750 tate
687 1696 1112 1771 exierat,meute
1138 1697 1249 1751 vini
1267 1697 1471 1752 diluvio
1484 1699 1641 1767 quasi
1660 1698 1893 1768 quodam
1920 1698 2113 1751 obruta

472 1776 477 1779 ί
553 1787 971 1854 submersaque,
1011 1794 1192 1840 tamen
1243 1802 1338 1855 per
1364 1789 1709 1843 occasionem
1759 1789 2117 1856 injuriae,vo—

2229 794 2530 863 πηλακιζον
2562 792 2730 862 ὥραν,
2768 792 2968 861 μικροῦ
3018 793 3126 846 δεῖν
3168 795 3272 858 ἔξω
3306 795 3521 863 φρενῶν
3556 797 3795 866 ὑπῆρχε,

2224 882 2697 945 κατακλυσθέντος
2722 901 2783 934 τε
2813 885 2909 935 καὶ
2939 884 3275 953 ὑποϐρυχίου
3302 866 3672 953 γεγενημένου
3695 888 3797 938 τοῦ

2224 976 2317 1029 νοῦ
2356 974 2433 1045 τῷ
2465 975 2594 1045 οίνῳ
2619 992 2633 1006 ·
2682 974 2818 1027 ἀλλὰ
2846 977 2913 1043 τῇ
2962 976 3235 1045 προφάσει
3271 976 3371 1043 τῆς
3405 976 3614 1045 ὕϐρεως
3652 979 3797 1030 ἑκὼν

2226 1067 2579 1139 προσέδραμε
2606 1067 2848 1128 πάντως,
2876 1067 2969 1119 καὶ
3006 1067 3099 1119 τδν
3126 1068 3377 1136 κρατῆρα
3408 1071 3506 1121 καὶ
3536 1069 3633 1138 τὴν
3666 1071 3797 1138 φιά-

2224 1160 2325 1226 λην
2358 1158 2519 1219 αὐτὸς
2568 1158 2861 1226 ἐνέπλησε,
2892 1157 2983 1211 καὶ
3016 1157 3091 1226 τῷ
3138 1158 3371 1226 στόματι
3423 1164 3796 1230 προσενήνοχε

2222 1250 2346 1302 ταῖν
2398 1249 2604 1318 χεροῖν,
2636 1248 2729 1301 καὶ
2787 1247 2966 1313 ἔπιεν,
2998 1249 3061 1300 οὐ
3121 1250 3269 1317 μάλα
3304 1251 3493 1319 διψῶν,
3528 1253 3640 1305 οἰδ*
3672 1254 3799 1306 ὅσον

2227 1339 2561 1409 κορεσθέντα
2593 1337 2799 1391 παῦσαι
2828 1337 2928 1405 τὴν
2958 1337 3120 1406 δίψαν
3149 1378 3165 1402 ,
3195 1339 3310 1391 ἀλλ’
3338 1340 3463 1393 ὅσον
3490 1341 3571 1401 εις
3594 1344 3798 1408 μανίαν

2226 1448 2287 1483 τε
2312 1432 2409 1485 καὶ
2441 1430 2799 1499 παραφορὰν.
2834 1428 3017 1481 ἱκανὸν
3048 1428 3247 1492 ἔδοξεν.
3283 1430 3444 1483 Ὥστε
3469 1431 3529 1483 τδ
3553 1433 3660 1483 πᾶν
3681 1433 3798 1500 εἶρ-

2230 1522 2440 1590 γάσατο
2470 1522 2682 1591 γνώμῃ.
2716 1519 2826 1572 Καὶ
2857 1520 2885 1571 ὁ
2932 1519 2992 1570 τὸ
3028 1519 3251 1590 σπέρμα
3281 1521 3605 1590 παρασχὼν,
3632 1523 3798 1585 αὐτὸς

2226 1611 2335 1664 τῶν
2365 1610 2582 1678 φύντων
2634 1608 2831 1669 αἴτιος.
2887 1608 3115 1663 Πάντων
3145 1610 3251 1678 γὰρ
3283 1610 3421 1678 ὁμοῦ
3451 1610 3561 1663 τῶν
3603 1611 3790 1674 τελῶν,

2226 1702 2457 1755 καὶτῶν
2498 1699 2781 1751 ἐκϐάσεων
2834 1698 3086 1762 ἁπισῶν,
3118 1699 3213 1752 καὶ
3265 1700 3450 1763 ἁπλῶς
3496 1702 3606 1753 τῶν
3656 1702 3796 1754 ὅλων

2228 1788 2500 1859 περάτων.
2534 1790 2630 1850 τὰς
2683 1790 2857 1858 ἀρχὰς
2906 1791 3003 1845 καὶ
3049 1788 3148 1851 τὰς
3186 1789 3475 1853 ὑποθέσεις
3527 1791 3794 1845 αἰτιατέον

552 1879 670 1932 lens
691 1877 755 1930 ad
788 1879 972 1930 vinum
1003 1876 1265 1959 accurrit,
1299 1884 1354 1930 et
1382 1885 1647 1939 craterem
1693 1886 1855 1947 atque
1873 1887 2115 1947 pateram

2226 1854 2429 1949 avveiq.
2465 1881 2527 1934 Εί
2560 1879 2692 1947 γοῦν
2876 1879 2986 1932 τῶν
3036 1881 3292 1934 ἁπάντων
3334 1884 3362 1934 ὁ
3414 1882 3567 1949 λόγος
3617 1881 3790 1943 οὖτος,

552 1969 799 2038 implevit
831 1969 965 2038 ipse,
1024 1968 1392 2037 manibusque
1427 1969 1672 2023 admovit
1715 1969 1820 2033 ori,
1862 1983 1925 2024 ac
1962 1968 2119 2032 bibit,

553 2078 657 2116 non
681 2061 836 2114 valde
860 2062 1072 2124 sitiens,
1098 2076 1195 2115 nec
1223 2068 1488 2129 quantum
1523 2060 1724 2115 satiato
1752 2060 2007 2115 sedandae
2027 2061 2121 2115 siti

2226 1972 2405 2037 πολλῷ
2449 1986 2512 2037 γε
2548 1970 2751 2039 μᾶλλον
2787 1970 2880 2022 ἐπὶ
2926 1971 3034 2023 τῶν
3068 1969 3213 2039 λόγῳ
3245 1972 3649 2040 τετιμημένων.
3685 1971 3793 2023 Καὶ

2226 2062 2399 2116 ταῦτα
2429 2062 2528 2129 μὲν
2557 2060 2691 2131 περὶ
2723 2060 2832 2114 τῶν
2862 2062 3050 2128 σαφῶς
3075 2062 3343 2114 ἑκουσίων
3374 2063 3470 2115 καὶ
3498 2058 3791 2115 ἀκουσίων.

550 2155 846 2211 sufﬁceret,
875 2153 966 2205 sed
998 2162 1260 2221 quantum
1290 2153 1355 2205 ad
1385 2152 1652 2205 insaniam
1684 2161 1738 2206 et
1756 2153 1956 2207 mentis
1981 2151 2367 2207 alienationem
2399 2153 2531 2208 satis
2561 2167 2688 2207 esse
2755 2152 3032 2206 videretur
3067 2169 3081 2218 ;
3122 2153 3190 2207 de
3246 2167 3357 2221 quo
3394 2152 3685 2221 colligitur,
3724 2167 3791 2206 ex

551 2248 722 2303 animi
740 2248 1005 2301 sententia
1037 2261 1147 2299 rem
1182 2258 1487 2314 peractam.
1556 2244 1649 2300 Sic
1684 2247 1792 2312 qui
1855 2262 2044 2301 semen
2103 2247 2437 2316 suppeditat,
2467 2278 2477 2287 ι
2502 2256 2691 2300 auctor
2720 2255 2802 2305 est
2831 2261 3015 2299 rerum
3054 2246 3418 2302 nascentium.
3455 2246 3588 2299 Nam
3618 2262 3793 2301 causa:

552 2346 742 2398 ﬁnium
783 2343 989 2412 pariter
1022 2343 1289 2403 omnium,
1323 2351 1377 2395 et
1441 2358 1686 2397 omnium
1717 2351 2034 2406 eventuum,
2110 2348 2469 2413 omniumque
2533 2342 2853 2410 simpliciter
2893 2343 3324 2399 extremitatum.
3352 2343 3417 2396 ad
3452 2344 3788 2412 principiaet

551 2437 868 2511 occasiones
914 2444 1042 2488 sunt
1073 2434 1386 2488 t'ei'ercndue.
1435 2435 1797 2499 Quamobrem
1845 2436 1889 2489 si
1933 2435 2192 2491 omnibus
2226 2442 2279 2490 in
2310 2439 2473 2492 rebus
2504 2438 2616 2491 haec
2646 2437 2855 2491 obtinet
2892 2435 3050 2498 ratio,
3086 2435 3256 2493 multo
3292 2436 3465 2504 magis
3498 2437 3554 2489 in
3588 2439 3791 2493 ornatis

550 2530 763 2584 ratione
817 2529 992 2582 locum
1017 2527 1282 2585 babeLEt
1307 2527 1421 2581 haec
1438 2527 1657 2597 quidem
1691 2527 1835 2581 dicta
1892 2536 2058 2582 sunto
2104 2529 2173 2582 de
2203 2530 2270 2584 iis
2300 2514 2421 2598 quae
2480 2529 2771 2584 manifesto
2804 2528 3108 2581 voluntaria
3139 2537 3341 2582 suntet
3367 2529 3754 2585 involuntaria.

618 2622 889 2677 Caeterum
921 2621 987 2673 de
1011 2636 1117 2673 non
1158 2619 1487 2674 voluntariis
1518 2620 1612 2688 (ita
1642 2620 1884 2688 loquitur
1909 2622 2123 2674 Aristo-

549 2715 705 2779 teles,
748 2712 841 2783 qui
874 2710 953 2766 sic
975 2711 1273 2780 appellavit
1307 2711 1362 2765 in
1413 2721 1704 2780 utramque
1736 2710 2124 2779 propendentia

550 2815 780 2873 partem,
812 2811 865 2856 et
897 2817 1019 2871 quae
1039 2818 1142 2855 non
1161 2802 1388 2855 omnino
1415 2817 1550 2869 pure
1586 2802 1668 2855 vel
1693 2801 2003 2855 voluntaria
2031 2801 2116 2855 vel

551 2893 921 2948 iuvoluntaria
949 2892 1098 2961 sunt)
1132 2894 1235 2947 boc
1262 2892 1743 2946 dico.Mentionem
1774 2908 1901 2946 vero
1927 2893 2122 2947 faciam

552 2989 629 3040 rei
652 2984 936 3053 cujusdam
958 2984 1107 3051 prius
1129 2984 1477 3051 expositae,“
1498 2982 1909 3037 fundamentum
1934 2998 2121 3037 eorum

2298 2622 2433 2691 Περὶ
2463 2622 2521 2674 δὲ
2543 2621 2653 2674 τῶν
2688 2622 2788 2691 οὐχ
2817 2621 3079 2673 ἑκουσίων
3107 2620 3533 2690 (Ἀριστοτέλους
3555 2622 3611 2673 δὲ
3638 2622 3792 2674 τοῦτο

2229 2714 2406 2783 φωνή·
2449 2711 2593 2764 οὕτω
2641 2712 2750 2780 γὰρ
2789 2709 3027 2783 ’ἐκάλεσε
3080 2711 3148 2762 τὰ
3202 2710 3526 2781 ὰμφιρῤεπῆ
3577 2712 3672 2765 καὶ
3715 2712 3790 2781 μὴ

2227 2806 2513 2867 παντελῶς
2557 2805 2934 2876 καθαρεύοντα
2964 2805 3074 2871 ,τοῦ
3123 2822 3181 2857 τε
3216 2805 3463 2857 ἑκουσίου
3510 2806 3607 2857 καὶ
3636 2807 3795 2858 ἀκου-

2233 2900 2373 2966 σίου)
2389 2900 2564 2950 ικεῖνο
2592 2898 2757 2964 λέγω.
2789 2897 3194 2967 Μνησθήσομαι
3222 2896 3277 2947 δέ
3303 2913 3449 2958 τινος
3470 2896 3578 2947 τῶν
3609 2912 3794 2964 προει-
3836 2936 3853 2942 -

2230 2990 2481 3060 ρημένων
2511 2992 2589 3053 εις
2622 2990 2881 3043 ὑπόθεσιν
2912 2991 3021 3041 τῶν
3056 2986 3472 3058 ῥηθησομένων.
3512 2987 3665 3039 Ἐπεὶ
3686 2988 3795 3054 γὰρ

554 3092 676 3147 quae
698 3077 970 3131 dicentur.
1013 3072 1147 3127 Nam
1170 3074 1299 3142 quia
1329 3073 1479 3142 prius
1503 3074 1637 3138 dixi,
1665 3074 1908 3142 quaedam
1967 3074 2120 3129 nobis

2229 3080 2400 3150 ἔφθην
2425 3079 2614 3142 είπὼν,
2644 3080 2717 3142 ὡς
2744 3080 2884 3133 κατὰ
2904 3078 3104 3147 γνῶσιν
3135 3079 3230 3131 καὶ
3269 3077 3523 3147 βούλησιν
3565 3076 3794 3145 ἁκριὸῆ,

549 3185 612 3223 cx
660 3167 829 3221 animi
891 3166 1161 3219 sententia
1221 3165 1609 3233 voluntateque
1654 3174 1919 3218 accurata
1980 3164 2120 3231 ﬁeri,

549 3260 795 3329 quaedam
821 3258 977 3326 plane
1010 3273 1117 3310 non
1140 3258 1234 3322 ita,
1263 3256 1518 3310 distincte
1538 3258 1605 3310 de
1637 3257 1720 3310 bis
1762 3270 1983 3325 quoque
2007 3255 2125 3310 dis-

551 3352 843 3405 serendum
882 3356 987 3402 est.
1020 3346 1132 3401 Hoc
1179 3346 1327 3401 enim
1362 3347 1522 3401 modo
1555 3347 1755 3403 clarior
1784 3348 1889 3402 erit
1926 3348 2122 3401 oratio.

551 3440 695 3497 Sunt
722 3456 852 3511 ergo
887 3456 991 3495 non
1022 3454 1216 3508 pauca,
1255 3454 1355 3495 nec
1377 3439 1627 3503 honesta,
1665 3440 1763 3493 tiec
1793 3440 1956 3504 bona,
2002 3455 2125 3509 quas

555 3532 865 3588 voluntarie
905 3532 1123 3600 quidem
1148 3530 1303 3596 ﬁunt,
1328 3530 1421 3585 sed
1446 3545 1570 3584 cum
1604 3531 1783 3599 qualia
1802 3540 1984 3585 essent
2015 3545 2122 3585 non

551 3625 946 3695 intelligeretur
977 3622 1120 3688 ;alia
1150 3637 1278 3676 vero
1324 3622 1461 3681 ﬁunt
1485 3622 1574 3675 illa
1609 3620 1828 3690 quidem
1861 3636 1891 3674 a
1919 3621 2125 3675 sciente

550 3716 840 3786 prudente,
870 3730 978 3767 nun
1023 3724 1205 3766 tamen
1236 3728 1298 3765 ex
1327 3712 1499 3765 animi
1528 3727 1628 3781 per
1681 3728 1739 3766 se
1772 3713 1901 3765 moti
1947 3722 2007 3766 ut
2046 3714 2123 3767 ita

548 3809 750 3872 tlicam,
793 3805 1076 3876 proposito
1111 3823 1125 3869 ;
1159 3815 1324 3872 atque
1370 3819 1566 3857 rursus
1599 3804 1715 3858 haec
1746 3804 1998 3858 bifariam
2040 3804 2123 3858 di-

548 3901 828 3953 viduntur.
862 3903 968 3951 Aut
1013 3896 1157 3949 enim
1207 3912 1236 3949 a
1281 3896 1436 3949 nobis
1502 3896 1640 3965 ipsis
1691 3897 1845 3960 liunt,
1894 3896 2121 3951 liberam

550 3999 872 4057 potestatein
923 4001 988 4041 ea
1027 3987 1111 4041 vel
1169 3987 1463 4056 peragendi
1518 3988 1603 4041 vel
1659 4002 1766 4040 non
1824 3988 2119 4055 peragendi

551 4080 887 4135 habentibus
932 4080 1019 4140 (de
1047 4076 1251 4147 quibus
1272 4078 1375 4131 dici
1401 4093 1506 4130 non
1528 4078 1813 4139 convenit,
1841 4078 1985 4144 quod
2008 4077 2120 4145 jam

550 4183 676 4226 ante
729 4170 1004 4224 declarata
1039 4170 1172 4223 satis
1200 4168 1480 4239 arbitrer),
1507 4178 1602 4222 ant
1648 4170 1991 4222 extrinsecus
2022 4170 2123 4221 im-

549 4274 827 4332 ponuntur
853 4276 883 4314 a
911 4274 1258 4331 quocunque,
1287 4275 1385 4329 par
1422 4260 1690 4315 soluntuti
1725 4261 1890 4312 robur
1922 4258 2123 4313 baben-

549 4364 602 4408 ιε
639 4371 656 4420 ;
691 4369 754 4408 ac
785 4352 983 4407 deinde
1035 4356 1422 4419 perpetrantur
1453 4362 1482 4400 a
1537 4349 1716 4413 nobis,
1748 4349 1896 4402 ltaud
1933 4364 2121 4418 perpe-

2225 3173 2350 3225 τινὰ
2388 3172 2520 3242 παρ’
2547 3170 2707 3241 ἡμῶν
2749 3170 3025 3239 γίγνεται,
3078 3173 3173 3233 καὶ
3213 3172 3374 3239 ἔτερα
3424 3170 3643 3230 πάντως
3696 3170 3791 3237 οὐκ

2225 3259 2419 3324 οὕτως,
2448 3263 2534 3313 δεῖ
2571 3260 2665 3312 καὶ
2694 3261 2851 3314 ταυτὶ
2886 3260 3101 3313 διελεῖν.
3136 3260 3321 3331 Ταύτῃ
3372 3259 3480 3329 γαρ
3516 3258 3789 3328 συμϐήσερ

2225 3366 2318 3404 ται
2349 3350 2739 3422 καθαρώτερον
2764 3352 2961 3404 εἰπεῖν.
2997 3352 3151 3403 Ἐστι
3184 3352 3361 3401 τοίνυν
3382 3351 3483 3403 οὐκ
3508 3350 3658 3416 ὀλίγα
3681 3349 3784 3401 τῶν

2223 3441 2286 3493 οὐ
2319 3440 2499 3493 καλῶν
2538 3440 2660 3493 οὐδὲ
2691 3440 2913 3508 ἀγαθῶν
2948 3440 3092 3494 κατὰ
3124 3440 3378 3510 βούλησιν
3414 3441 3516 3510 μὲν
3547 3457 3776 3508 πεπραγ-

2230 3530 2387 3600 μένα,
2443 3532 2604 3585 ὁποῖα
2660 3530 2705 3582 δ’
2759 3530 2889 3583 δντα
2931 3531 3208 3600 τυγχάνει,
3262 3531 3337 3600 μὴ
3390 3531 3772 3598 γινωσκόμενα.

2229 3623 2431 3692 Ἕτερα
2472 3622 2528 3674 δὲ
2574 3620 2839 3690 γινόμενα
2895 3623 2995 3688 μὲν
3042 3625 3100 3675 ὲν
3132 3621 3354 3688 γνώσει,
3401 3622 3463 3673 οὐ
3514 3622 3614 3691 μὴν
3646 3621 3783 3674 κατὰ

2227 3712 2545 3780 προαίρεσιν
2569 3710 2917 3778 αύθόρμητον
2943 3710 3088 3763 εἴποι
3107 3725 3191 3773 τις
3213 3710 3299 3763 ἄν.
3316 3712 3424 3763 Καὶ
3439 3711 3609 3763 ταῦτα
3633 3712 3787 3766 πάλιν

2224 3803 2476 3869 τέμνεται
2535 3800 2679 3867 δίχα.
2711 3801 2782 3852 ’Ἡ
2818 3802 2928 3869 γὰρ
2978 3800 3109 3872 παρ’
3143 3801 3300 3870 ἡμῶν
3328 3801 3510 3853 αὐτῶν
3555 3804 3784 3869 γίνεται,

2227 3892 2436 3962 κυρίων
2485 3891 2657 3944 ὄντων
2704 3892 2879 3946 ταῦτα
2914 3895 3156 3962 ποιῆσαι;
3191 3893 3287 3944 καὶ
3330 3892 3426 3962 μὴ,
3472 3894 3599 3961 περὶ
3627 3889 3699 3944 ιῖιν
3730 3894 3789 3943 ού

2224 3984 2550 4052 γιγνόμενον
2575 3981 2757 4051 λέγειν
2804 3983 3147 4051 (ἀποδέδοται
3182 3985 3291 4054 γὰρ
3343 3985 3562 4045 ἱκανῶς,
3587 3980 3787 4050 οἶμαι)-

2223 4073 2256 4143 ἢ
2296 4072 2531 4143 θύραθεν
2558 4073 2829 4141 ἐπάγεται
2862 4074 2951 4141 ύφ’
2976 4074 3220 4140 ὁτουοῦν,
3252 4080 3349 4143 τὴν
3377 4076 3524 4142 ἰσχὺν
3548 4075 3786 4141 ἐφάμιλ-

2222 4164 2312 4217 λον
2343 4166 2561 4234 ἔχοντος
2586 4168 2651 4235 τῇ
2683 4165 2957 4235 βουλήσει,
2978 4162 3095 4217 εἶτα
3125 4168 3257 4235 παρ’
3283 4166 3431 4235 ἡμῶν
3456 4167 3784 4234 πράττεται,

2221 4257 2321 4309 ούκ
2351 4258 2416 4310 ἂν
2444 4257 2821 4324 πραττόντων,
2851 4258 2950 4309 οὐκ
2971 4255 3137 4326 οὔσης
3164 4257 3282 4321 βίας
3309 4257 3588 4327 μεγίστης.
3615 4258 3788 4309 Ταυτὶ⁵

2221 4350 2266 4403 δ’
2297 4350 2362 4403 ἂν
2394 4350 2478 4418 εῐη
2525 4347 2899 4417 μιξοεκούσια,
2932 4349 2979 4400 εὶ
3004 4348 3188 4400 δίδωσί
3226 4366 3312 4410 τις
3352 4349 3498 4417 κάμὲ
3526 4350 3788 4417 «nouam.
3824 4368 3827 4377 ν

550 4444 778 4499 traturis
810 4442 858 4496 si
895 4442 973 4495 vis
1012 4440 1249 4492 maxima
1282 4453 1389 4490 non
1415 4437 1792 4491 adhiberetur.
1826 4438 1951 4492 Haac
1986 4452 2115 4492 vero

2226 4440 2375 4492 ποιὸν
2404 4437 2569 4502 εἶναι,
2619 4441 2667 4491 εἰ
2693 4438 2750 4491 δὲ
2790 4438 2971 4505 βούλει
3003 4456 3088 4505 γε,
3140 4440 3534 4507 καινοτομῆται
3576 4456 3627 4489 τι
3666 4456 3785 4521 σμι-

548 4542 658 4593 sint
689 4550 821 4591 sane
846 4535 1004 4587 tuista
1044 4531 1398 4592 voluntaria,
1440 4530 1483 4583 si
1518 4528 1643 4596 quis
1701 4529 1861 4583 nobis
1905 4544 2119 4597 quoque

549 4626 824 4682 licentiam
866 4619 1106 4691 ﬁngendi
1162 4608 1423 4672 vocabula
1466 4617 1756 4686 permittit,
1802 4617 1884 4671 vel
1940 4622 2120 4686 potius

549 4720 767 4787 paulum
799 4715 932 4785 quid
977 4714 1030 4766 in
1065 4712 1215 4765 hisce
1280 4710 1559 4763 vocabulis
1614 4708 1928 4779 innovandi.
1986 4706 2119 4760 Nam

549 4826 671 4878 qua:
706 4808 755 4860 vi
796 4807 959 4860 nobis
990 4805 1365 4872 imponuntur,
1398 4811 1449 4854 et
1478 4816 1507 4853 a
1537 4801 1699 4854 nobis
1732 4800 1925 4854 deinde
1961 4816 2120 4868 pera-

548 4908 769 4968 guntur,
803 4897 963 4952 mista
977 4910 1111 4951 sane
1131 4892 1358 4956 fuerint,
1386 4907 1449 4945 ac
1484 4908 1590 4945 non
1621 4892 1953 4955 vo!unturia,
1979 4884 2122 4945 sicut

547 5000 630 5045 est
654 4991 882 5053 dictutn,
908 5004 1032 5043 cum
1052 5002 1159 5041 non
1190 4986 1241 5039 itt
1308 4985 1628 5038 alterutram
1647 4984 1870 5037 omnino
1895 4991 2120 5051 partem,

548 5086 640 5139 sed
674 5083 728 5135 in
778 5091 1072 5149 utramque
1114 5078 1517 5149 propendeant.
1566 5075 1842 5143 Quotquot
1872 5088 2002 5142 ergo
2034 5088 2126 5127 ue-

547 5186 823 5241 qnaquant
851 5184 914 5221 ex
938 5184 995 5224 se
1018 5168 1221 5235 aliquid
1246 5167 1494 5227 attulere,
1514 5164 1581 5217 de
1599 5178 1707 5230 quo
1725 5163 2020 5216 necessitas
2043 5162 2124 5213 vt-l

550 5263 614 5317 ad
638 5258 977 5331 patiendum,
1000 5255 1081 5309 vel
1106 5255 1412 5309 faciendum
1437 5252 1652 5321 aliquod
1680 5250 1878 5303 malum
1903 5265 2122 5319 cogens,

549 5359 891 5422 sequeretur;
907 5348 952 5401 si
976 5346 1169 5400 deinde
1188 5347 1390 5399 malum
1411 5345 1550 5397 ultro
1571 5344 1864 5411 quodpiam
1885 5342 2123 5404 irrucrit,

551 5449 713 5515 ithue
762 5440 1213 5496 violentissimum
1255 5452 1478 5505 prorsus
1511 5452 1833 5503 omnemque
1888 5435 2130 5504 tyranni-

548 5544 669 5591 «lem
702 5548 987 5604 superans,
1015 5540 1067 5584 et
1089 5530 1231 5597 quotl
1260 5528 1627 5581 calamitatem
1653 5544 1757 5579 non
1779 5536 2129 5580 contemnen-

549 5632 671 5684 dam
714 5628 970 5687 minetur,
999 5639 1061 5677 ac
1086 5621 1272 5677 vitam,
1294 5620 1448 5686 plane
1478 5635 1582 5671 non
1621 5620 2041 5686 permittentem,
2073 5627 2131 5668 ut

552 5721 803 5789 optabiiis
824 5708 1001 5772 videri
1021 5716 1123 5768 vita
1151 5712 1361 5781 possit;
1388 5720 1547 5777 atque
1575 5712 1674 5777 ipsi
1696 5724 1916 5762 causam
1939 5708 2131 5762 aﬂet‘re

2228 4530 2359 4599 κρὸν
2386 4529 2686 4598 δυνηθῆναι
2739 4529 2873 4598 περὶ
2918 4531 2985 4581 τὰ
3013 4529 3255 4597 ὀνόματα
3279 4528 3476 4579 ταῦτα.
3513 4528 3653 4579 Ὅσα
3687 4529 3788 4595 γὰρ

2223 4619 2356 4689 πρὸς
2405 4617 2525 4685 βίαν
2557 4620 2686 4687 ἡμῖν
2719 4619 3007 4684 ἐπάγεται,
3040 4615 3160 4669 εἶτα
3202 4619 3331 4686 παρ’
3364 4617 3517 4685 ἡμῶν
3557 4620 3785 4687 πράττε-

2222 4726 2333 4771 ται,
2369 4710 2535 4777 μικτὰ
2572 4708 2637 4761 ἂν
2668 4708 2751 4777 εἴη
2782 4711 2876 4760 ttat
2916 4710 3012 4777 οὐχ
3040 4708 3286 4771 ἑκούσια,
3320 4708 3512 4777 ὥσπερ
3538 4711 3784 4777 εἴρηται,

2227 4799 2304 4869 μὴ
2329 4800 2464 4868 πρὸς
2496 4799 2730 4869 θάτερον
2759 4799 3062 4869 ὁλοσχερῶς
3099 4799 3207 4851 τῶν
3250 4800 3454 4868 μερῶν,
3488 4800 3621 4852 ἀλλά
3652 4798 3783 4866 πρὸς

2225 4892 2489 4959 ἑκάτερον
2517 4889 2617 4958 τὴν
2653 4891 2827 4959 ῥοπὴν
2868 4889 3084 4957 ἔχοντα.
3120 4890 3274 4942 Ὅσοι
3314 4890 3497 4943 τοίνυν
3543 4891 3783 4956 οὐδαμῶς

2228 4984 2554 5050 εἰσήνεγκαν
2585 4999 2636 5033 τι
2691 4981 2824 5050 παρ’
2856 4981 3063 5032 ἑαυτῶν
3095 4981 3233 5051 πρὸς
3290 4982 3350 5032 τὺ
3396 4982 3496 5048 τὴν
3543 4982 3784 5047 ἀνάγκην

2226 5074 2424 5137 ἐλθεῖν,
2469 5072 2637 5143 τὴνῆ
2686 5073 2881 5124 παθεῖν
2921 5073 3140 5133 αὐτοὺς,
3190 5073 3223 5142 ἢ
3279 5071 3485 5141 πρᾶξαί
3522 5088 3573 5122 τι
3621 5071 3783 5123 κακὸν

2226 5162 2668 5225 ἀναγκάζουσαν,
2710 5159 2881 5210 ἔπειτ’
2914 5159 3246 5226 αὐτόκλητον
3275 5175 3328 5212 τι
3354 5158 3526 5210 δεινὸν
3546 5158 3781 5219 ἐπέλθοι,

2230 5252 2537 5319 βιαιότατον
2570 5250 2705 5311 ὅλως
2742 5247 2800 5299 ὃν
2832 5248 2925 5299 καὶ
2964 5250 3457 5315 τυραννικώτατον,
3507 5246 3782 5311 συμφοράν

2227 5360 2287 5394 τε
2318 5341 2575 5393 ἁπειλοῦν
2604 5341 2704 5408 οὐχ
2741 5340 3086 5407 ὑπεροπτέαν
3116 5339 3399 5401 δοκοῦσαν,
3433 5339 3464 5405 ἢ
3495 5338 3627 5404 βίον,
3652 5336 3781 5396 ὅλως

2228 5434 2327 5485 οὐκ
2358 5430 2740 5498 ἐπιτρέποντα,
2768 5428 2828 5479 τὸ
2860 5430 2959 5496 ζῇν
2990 5430 3214 5481 εύκτέον
3249 5429 3524 5497 ἡγεῖσθαι,
3572 5426 3782 5493 ἔχοντες

2231 5522 2325 5574 καὶ
2358 5521 2630 5589 πρόφασιν
2661 5518 3033 5586 προϐαλέσθαι
3076 5518 3363 5587 διόρθωσιν
3392 5518 3493 5568 οὐκ
3536 5516 3783 5583 ἔχουσαν,

2234 5611 2566 5679 συγγνώμης
2613 5627 2677 5673 γε
2732 5610 2832 5678 τῆς
2881 5612 3202 5678 γιγνομένης
3250 5609 3642 5671 ἐπιτεύξονται,
3672 5605 3780 5655 ἔστι

2232 5703 2274 5755 δ’
2307 5706 2395 5756 ὅτε
2450 5706 2541 5753 καὶ
2573 5702 2755 5763 ἐλέους
2784 5700 3063 5763 ἀξιοῦσθαι
3100 5702 3297 5754 δίκαιοι
3322 5718 3333 5729 ·
3370 5700 3536 5767 λέγω,
3568 5694 3782 5750 ἐπειδὰν
