4098 6272
349 398 461 461 433

1748 418 2181 488 ΟΒΑΤΙΟΞΙΙῙ.

3482 429 3587 493 424

344 516 407 565 τὸ
442 514 582 609 ύπὲρ
610 515 819 609 τούτων
852 522 1292 594 παραιτούμενον
1345 529 1489 599 μέγα
1516 528 1573 603 ᾗ,
1599 533 1694 585 καὶ
1728 550 1909 603 μονον-

2026 537 2260 592 habeant
2323 553 2423 593 cur
2461 540 2607 595 nulla
2675 542 2746 597 sit
2780 542 3113 609 emendatio,
3142 543 3391 598 “veniam
3450 560 3583 598 sane

344 605 467 673 ουχὶ
519 600 719 671 κοινῶς
744 611 1002 667 ἁπάντων
1030 617 1157 686 ἑξῆς
1187 623 1386 691 κρατῇ.
1412 623 1486 674 Τὸ
1519 600 1627 694 γὰρ
1656 600 1751 679 ἕνα
1774 642 1904 688 που,

343 703 438 754 καὶ
468 701 584 763 δύο,
623 705 763 775 ὑπὲρ
789 706 1036 773 ἅπαντας
1078 714 1333 783 φανῆναι,
1377 718 1439 770 οὐ
1488 721 1635 771 ποιεῖ
1681 719 1903 783 τούτους

346 795 685 862 μεμπτέους.
718 799 793 851 Ού
816 801 924 870 γὰρ
957 804 985 855 ὀ
1016 806 1203 872 φυγὼν
1239 809 1467 877 μυρίους
1492 810 1599 863 τῶν
1629 812 1906 881 πολεμίων

315 882 517 958 ,δειλὸς
540 885 698 949 εὐθὺς
729 890 1073 958 κριθήσεται,
1105 896 1267 960 εἴτις
1297 899 1360 967 δὴ
1391 901 1642 954 τεθνάναι
1674 904 1903 971 κέκρικε

346 974 454 1041 πρὸ
480 977 576 1029 τοῦ
612 981 678 1047 τῇ
726 984 874 1050 φυγῇ
913 986 1243 1053 χρήσασθαι.
1287 991 1538 1045 Δείκνυσι
1574 994 1629 1046 δὲ
1661 996 1903 1049 κάκεῖνο.

342 1066 473 1129 τοῖς
497 1068 605 1137 γὰρ
640 1072 803 1141 πενίᾳ
846 1076 1211 1143 πιεζομένοις.
1244 1082 1277 1149 ἦ
1307 1100 1414 1134 τινι
1460 1086 1598 1153 νόσῳ
1630 1103 1907 1155 τετρυχω-

348 1156 553 1223 μένοις,
571 1158 711 1212 ὥστε
744 1163 1013 1232 μηδαμῶς
1034 1168 1296 1223 δύνασθαι
1317 1173 1415 1230 τὰς
1436 1174 1566 1240 γοῦν
1590 1176 1905 1243 ἐφημέρους

341 1250 550 1315 τροφὰς
581 1251 930 1318 πορίζεσθαι,
959 1258 1053 1310 ἆτε
1087 1260 1173 1311 ὡν
1205 1261 1321 1328 βίον
1347 1265 1421 1332 μὴ
1449 1266 1768 1333 δυναμένοις
1797 1267 1906 1318 ἀπδ

339 1337 448 1387 τῶν
481 1341 683 1407 χειρῶν
719 1345 1017 1408 ποιεῖσθαι,
1068 1349 1134 1401 ἂν
1176 1353 1314 1419 μετὰ
1356 1354 1516 1422 λιμόν
1562 1372 1686 1409 τινα
1724 1336 1907 1423 ὀλίγου

337 1424 452 1478 δεῖν
484 1430 757 1500 ἀφόρητον
803 1437 1050 1517 ἐπαιτεῖν
1078 1440 1426 1510 ἐπιχειρῶσι.
1476 1447 1771 1513 νεμεσήσει
1806 1447 1908 1514 μὲν

341 1518 520 1581 οὐδεὶς
587 1523 696 1576 τῶν
737 1528 1159 1597 σωφρονούντων
1207 1534 1531 1602 ἀνθρώπων,
1581 1536 1909 1604 συναλγήσει

342 1610 399 1664 δὲ
432 1614 526 1666 καὶ
558 1618 669 1679 πᾶς
698 1634 806 1684 τις,
834 1620 890 1682 ὃς
930 1637 992 1688 γε
1027 1624 1126 1691 τὴν
1156 1626 1318 1691 φύσιν
1364 1627 1652 1682 ἐπίσταται
1685 1630 1779 1681 καὶ
1808 1630 1909 1699 τὴν

310 1770 314 1774 ,
344 1701 517 1772 τύχην
542 1708 730 1776 κοινὴν
756 1710 924 1763 οὖσαν
949 1712 1285 1782 ἀνθρώποις,
1316 1716 1452 1784 μηδὲ
1478 1718 1655 1770 ἐκεῖνο
1675 1719 1897 1785 ἀγνοῶν.

343 1793 419 1855 ὡς
449 1797 562 1849 ἔστι
594 1800 747 1865 γετὸ
783 1803 977 1869 μέλλον
1006 1805 1377 1874 ἀτέκμαρτον,
1422 1809 1515 1859 καὶ
1552 1808 1709 1861 τοῦτο
1746 1810 1908 1878 μόνον

346 1886 515 1941 αὑτοῦ
565 1892 756 1958 σαφὲς,
798 1893 861 1946 τὸ
908 1896 1086 1949 πάντα
1137 1896 1354 1964 μέλλειν
1398 1899 1530 1951 αὐτὸ
1567 1901 1767 1969 κυκᾷν,
1815 1902 1912 1955 καὶ

345 1980 603 2047 στρέφειν
626 1982 740 2036 ἄνω
765 1987 859 2037 καὶ
890 1986 1061 2052 κάτω,
1089 1987 1286 2057 τροχοῦ
1311 2006 1460 2052 τινος
1491 1989 1668 2060 δίκην.
1698 1992 1772 2044 Οὐ
1806 1990 1913 2061 μὴν

340 2069 481 2121 ἀλλά
514 2073 608 2124 καὶ
648 2073 740 2126 τὸν
784 2077 841 2128 ὲν
870 2079 1214 2147 νυκτομαχίᾳ
1242 2081 1331 2132 τδν
1367 2081 1483 2132 υἱὸν
1514 2082 1914 2137 ἀποκτείναντα

274 2191 297 2209 .
337 2158 438 2228 οὐχ
467 2162 617 2223 ὅπως
637 2161 701 2215 ἄν
724 2179 808 2225 τις
839 2165 1125 2233 μισήσειεν
1148 2148 1206 2219 εὖ
1233 2169 1469 2236 φρονῶν.
1499 2168 1634 2222 ἀλλά
1664 2170 1757 2223 καὶ
1784 2170 1915 2224 πολ-

337 2248 435 2305 λοῦ
469 2249 653 2313 ἐλέους
702 2253 853 2317 ἀξιον
888 2256 1146 2324 ἡγήσαιτ’
1180 2258 1279 2322 ἂν,
1340 2254 1521 2325 οἶμαι.
1559 2261 1686 2313 -Καὶ
1737 2263 1785 2314 εί
1834 2262 1916 2314 δεῖ

339 2342 625 2412 συντόμως
647 2346 823 2398 εἰπεῖν
852 2348 982 2417 περὶ
1003 2351 1234 2401 τουτωνὶ
1266 2351 1374 2403 τῶν
1403 2351 1915 2422 ἀμφισϐητησίμων

263 2426 291 2445 “⁷
336 2431 780 2502 ἁμαρτημάτων,
817 2436 1008 2507 ὥσπερ
1037 2438 1303 2507 αίσχύνης
1336 2441 1431 2491 καὶ
1461 2441 1721 2509 μέμψεως
1764 2444 1914 2496 ὲλευο

343 2524 539 2593 θεροῦν
570 2525 781 2592 πέφυκε
819 2526 890 2579 τά
921 2528 1153 2597 ἔναγχος
1180 2531 1316 2597 ἡμῖν
1349 2532 1623 2600 εἰρημένα
1646 2534 1777 2603 περὶ
1815 2534 1909 2587 τοῦ

342 2617 627 2684 ἀκουσίου,
663 2617 808 2670 οὕτω
849 2619 946 2671 καὶ
979 2620 1049 2672 τὰ
1083 2620 1306 2673 ἐναντία
1352 2621 1412 2673 τὸ
1451 2621 1695 2675 ἐναντίον
1738 2626 1913 2675 ποιεῖν

343 2704 526 2775 εἴωθε,
577 2708 672 2759 καὶ
716 2706 808 2760 τὸν
842 2708 1215 2778 ἐργαζόμενον
1263 2710 1433 2764 ταῦτα
1467 2713 1679 2765 πολλῶν
1722 2712 1912 2765 κακῶν

342 2796 646 2851 ὑπεύθυνον
677 2799 989 2867 ἀποφαίνει.
1018 2801 1095 2856 Οὐ
1129 2804 1234 2873 μὴν
1275 2803 1390 2856 ἀλλ’
1425 2804 1648 2858 ἐπειδάν
1677 2807 1910 2860 κάκεῖνο

347 2889 553 2957 συμϐῇ.
582 2874 805 2953 ἀπεῖναι
838 2908 889 2942 τι
934 2891 1042 2943 τῶν
1085 2891 1298 2946 ἀθωοῢν
1346 2895 1691 2962 πεφυκότων,
1727 2896 1910 2963 ὀλίγου

340 2980 453 3034 δεῖν
478 2982 538 3034 τὺ
581 2982 756 3049 βίαιον
786 2984 1027 3053 ὡσπερεὶ
1056 2984 1326 3055 θελήσεως
1349 2989 1741 3058 νομισθήσεται
1765 3007 1779 3022 ’
1818 3007 1908 3042 το-

339 3075 529 3127 σοῦτόν
572 3093 636 3144 γε
652 3078 747 3142 τῆς
792 3076 1129 3160 πλάστιγγος
1160 3062 1296 3147 πρὸς
1328 3078 1390 3132 τὸ
1423 3080 1691 3144 ἑκούσιον,
1732 3075 1906 3151 οἶμαι,

2014 629 2425 683 convenientem
2459 632 2848 701 impetrabunt,
2885 644 2940 688 et
2981 649 3373 703 nonnunquam
3431 650 3582 687 com-

2016 719 2370 777 miseratione
2403 738 2621 792 quoque
2680 724 2830 794 digni
2881 726 3252 779 censebuntur
3286 742 3300 777 :
3331 737 3468 783 tum.
3503 728 3583 779 in-

2006 824 2192 877 quam,
2222 824 2347 866 eum
2391 816 2534 882 quod
2564 830 2657 869 eos
2720 825 2968 879 excusat,
3004 831 3258 883 magnum
3321 817 3577 884 quiddam
3656 800 3685 841 ν’

2008 914 2115 973 εει,
2142 912 2461 973 tantumque
2500 920 2604 958 non
2646 906 2928 961 universos
2971 914 3216 974 superat.
3250 904 3381 958 Nam
3411 922 3583 957 ultum

2004 991 2167 1057 forte,
2199 995 2280 1047 vel
2304 995 2533 1049 alterum
2553 997 2883 1065 quempiam,
2908 1004 3143 1051 caeteros
3161 997 3546 1050 antecelluisse
3568 1015 3580 1049 :

2009 1083 2064 1136 id
2099 1099 2226 1137 vero
2252 1100 2357 1139 non
2394 1086 2523 1139 facit
2556 1097 2617 1140 ut
2650 1088 2711 1140 hi
2734 1088 3216 1155 reprehensionem
3245 1096 3584 1148 mereantur;

2012 1190 2118 1227 non
2139 1176 2284 1229 enim
2313 1178 2379 1239 is,
2401 1179 2492 1245 qui
2520 1178 2704 1232 hostes
2730 1180 2973 1231 inlinitos
3006 1193 3171 1247 prope
3188 1178 3344 1246 fugit.
3376 1178 3583 1230 idcirco

2015 1280 2139 1319 mox
2164 1264 2387 1319 timidus
2417 1268 2727 1333 habebitur,
2757 1269 2899 1335 quod
2935 1272 3076 1323 alius
3107 1270 3229 1338 quis
3253 1270 3387 1321 mori
3418 1268 3587 1319 malu-

2012 1356 2139 1423 erit,
2169 1372 2331 1425 quam
2374 1358 2499 1426 fuga
2532 1359 2634 1413 sibi
2693 1362 3003 1414 consulere.
3053 1360 3256 1414 Probat
3282 1361 3425 1413 idem
3481 1359 3587 1412 hoc

2014 1460 2254 1515 quoque.
2281 1446 2606 1516 Paupertate
2635 1450 2859 1517 pressis,
2892 1459 2984 1504 aut
3011 1452 3203 1504 morbo
3227 1451 3483 1519 quopiam
3508 1451 3587 1503 sic

2015 1535 2247 1600 afﬂictis,
2291 1545 2351 1590 ut
2372 1538 2631 1591 alimenta
2662 1539 2979 1606 qumidiana
3011 1542 3161 1593 nullo
3190 1541 3351 1593 modo
3398 1555 3589 1593 conse-

2017 1627 2111 1695 qui
2147 1628 2375 1696 possint,
2405 1627 2567 1680 veluti
2596 1628 2689 1696 qui
2723 1628 2923 1682 victum
2963 1629 3219 1683 manibus
3250 1629 3366 1683 suis
3392 1642 3585 1696 parare

2020 1724 2319 1787 nequeant,
2355 1718 2400 1771 si
2446 1726 2568 1786 post
2600 1716 2798 1772 famem
2829 1719 3227 1788 propemodum
3267 1719 3587 1773 intolerabi-

2014 1808 2122 1862 lem
2152 1806 2470 1862 mendicare
2519 1816 2812 1872 conentur,
2858 1808 3211 1863 succensebit
3252 1823 3434 1871 nemo,
3489 1809 3583 1875 qui

2018 1898 2273 1953 molestus
2298 1912 2419 1951 esse
2434 1897 2601 1960 volet,
2629 1897 2723 1951 sed
2742 1913 2901 1953 nemo
2924 1914 3029 1952 non
3055 1900 3234 1967 potius
3251 1898 3585 1964 condolehit,

2015 1987 2102 2042 cui
2134 1985 2351 2056 quidem
2375 1985 2488 2054 ipsa
2512 1995 2706 2038 natura
2726 1987 2939 2052 cognita
2957 1985 3049 2049 sit,
3078 1994 3132 2038 et
3152 1986 3464 2036 communis
3489 1983 3579 2039 illa

2016 2091 2137 2131 sors
2167 2076 2530 2141 mortalium;
2567 2075 2775 2144 quique
2827 2089 2926 2129 nec
2977 2074 3111 2127 illud
3172 2074 3405 2141 ignoret,
3462 2086 3584 2126 esse

1996 2166 2328 2241 futurorum
2384 2177 2613 2221 eventus
2639 2167 2923 2227 obscuros,
2955 2164 3120 2233 idque
3177 2165 3353 2218 solum
3411 2161 3464 2214 in
3504 2177 3587 2213 elS

2014 2259 2362 2329 perspicuum
2421 2265 2481 2312 et
2534 2257 2909 2322 manifestum,
2979 2254 3222 2309 futurum
3284 2263 3338 2306 ιιι
3400 2251 3584 2303 omnia

2015 2354 2370 2415 misceantur,
2404 2360 2456 2404 et
2478 2350 2652 2403 instar
2683 2357 2817 2402 rotae
2842 2359 3058 2402 sursum
3080 2346 3333 2399 deorsum
3360 2343 3586 2396 volvan-

2015 2453 2123 2497 tur.
2164 2441 2306 2508 Quin
2346 2441 2508 2494 etiam
2539 2439 2585 2493 si
2626 2438 2750 2506 quis
2789 2437 2847 2491 in
2898 2437 3089 2505 prarlio
3115 2444 3384 2489 nocturno
3413 2432 3587 2486 filium

2016 2549 2174 2588 suum
2203 2531 2556 2597 interfecerit,
2588 2544 2712 2583 eum
2747 2536 2958 2582 tantum
2995 2528 3148 2580 abest
3195 2535 3254 2578 ut
3279 2525 3407 2577 odio
3462 2539 3585 2592 per-

2015 2630 2275 2693 sequatur
2301 2620 2466 2674 homo
2504 2627 2682 2672 mente
2739 2614 3022 2684 praeditus,
3092 2623 3152 2667 ut
3198 2616 3385 2676 etiam,
3463 2626 3589 2667 mea

2015 2713 2237 2783 quidem
2260 2708 2556 2770 sententia,
2589 2707 2817 2774 dignum
2872 2717 3063 2770 magna
3105 2701 3587 2757 commiseratione

2014 2808 2257 2857 censeat.
2283 2796 2437 2863 Quod
2469 2796 2514 2851 si
2542 2793 2778 2849 breviter
2803 2790 3012 2861 aliquid
3038 2792 3104 2845 de
3133 2789 3413 2857 ambiguis
3437 2791 3589 2843 hisce

2013 2894 2229 2951 delictis
2253 2902 2338 2948 est
2368 2890 2681 2956 dicendum,
2705 2889 2847 2943 sicut
2875 2888 2943 2942 ab
2987 2886 3291 2956 ignominia
3320 2893 3374 2940 et
3399 2899 3587 2953 repre-

2012 2987 2278 3043 hensione
2308 2985 2540 3040 liberare
2570 2982 2769 3043 solent,
2814 2996 2934 3051 quae
2962 2980 3122 3049 paulo
3154 2987 3280 3033 ante
3309 2978 3376 3033 de
3427 2978 3581 3031 invo-

2013 3081 2255 3137 luntario
2309 3078 2450 3132 dicta
2488 3083 2618 3130 sunt
2646 3089 2676 3127 a
2706 3073 2887 3136 nobis,
2924 3072 2998 3126 ita
3038 3070 3316 3125 contraria
3367 3083 3588 3137 quoque

343 3169 641 3237 ῥεπούσης,
683 3167 880 3220 ὁπόσον
910 3184 961 3220 τι
1011 3169 1112 3236 τῆς
1154 3168 1413 3236 γνώσεως
1446 3170 1477 3240 ἢ
1511 3172 1609 3240 τῆς
1653 3172 1909 3241 προαιρέ-

2015 3173 2347 3233 contrarium
2380 3170 2563 3225 facere
2589 3173 3015 3228 consueverunt,
3071 3174 3126 3218 et
3180 3170 3587 3233 perpetrantem

342 3275 484 3321 σεως
537 3258 766 3327 μίξομεν
797 3261 912 3322 τοῖς
942 3259 1027 3327 ἐφ’
1072 3261 1206 3331 ἡμῖν
1242 3260 1585 3329 πράγμασιν.
1635 3263 1750 3331 Ἐφ’
1786 3264 1911 3316 ὅσον

336 3351 452 3418 γὰρ
480 3350 546 3404 ἂν
574 3352 634 3402 τὸ
670 3350 847 3404 θέλειν
886 3351 980 3403 καὶ
1013 3352 1073 3405 τὸ
1115 3351 1320 3419 γνῶναι
1368 3356 1505 3421 ἡμῖν
1547 3355 1748 3425 παρείη
1774 3397 1787 3422 ,
1819 3357 1911 3409 ἐπὶ

340 3440 601 3493 τοσοῦτον
626 3441 899 3509 παρέσται
928 3442 988 3494 τὸ
1018 3443 1257 3496 ἀπολύον
1289 3444 1490 3505 αἰτίας.
1524 3446 1819 3514 Συμϐαίνει
1845 3445 1910 3515 δὴ

342 3532 529 3590 (καλὸν
556 3533 666 3600 γὰρ
693 3527 848 3600 οἶμαι
886 3534 1239 3605 συναγαγεῖν)
1265 3536 1327 3587 τὸ
1356 3537 1454 3604 μὲν
1487 3540 1544 3589 ἐν
1574 3538 1788 3607 γνώμῃ,
1817 3540 1910 3591 καὶ

345 3620 532 3690 βουλῇ,
568 3625 661 3674 καὶ
692 3624 1015 3692 προαιρέσει
1064 3626 1415 3695 γιγνόμενον,
1461 3627 1521 3681 οὗ
1556 3630 1650 3682 καὶ
1695 3633 1729 3700 ἡ
1769 3630 1911 3698 ἀρχὴ

344 3712 480 3780 παρ’
505 3713 663 3780 ἡμῶν
694 3716 829 3777 ἐστι,
869 3716 965 3768 καὶ
985 3716 1084 3785 τῆς
1108 3718 1384 3787 ἡμετέρας
1419 3719 1705 3787 δυνάμεώς
1734 3738 1794 3772 τε
1818 3721 1912 3774 καὶ

342 3804 617 3867 ἐξουσίας,
653 3806 812 3858 τοῦτο
857 3801 1002 3861 εῖναι
1031 3808 1093 3861 τὸ
1146 3812 1274 3880 παρ’
1308 3812 1443 3879 ἡμῖν
1478 3811 1728 3864 ἑκούσιον
1758 3814 1914 3880 ἀκρι-

342 3892 475 3955 6ὦς⁶
508 3894 572 3945 τὸ
613 3893 668 3946 δὲ
716 3895 837 3947 κατ’
868 3895 1094 3962 ἄγνοιαν
1138 3897 1384 3965 παντελῆ
1410 3938 1425 3959 ,
1461 3896 1609 3950 τοῦθ’
1646 3899 1914 3967 ὑπάρχειν

340 3984 600 4037 ἀκούσιον
628 3984 914 4052 καθαρῶς
952 3986 1049 4037 καὶ
1078 3984 1140 4037 et
1184 3985 1287 4054 μὲν
1316 3987 1479 4039 καλόν
1502 4003 1562 4039 τε
1594 3988 1689 4040 καὶ
1713 3988 1914 4055 ἀγαθὸν

230 4071 245 4075 ’
340 4069 608 4131 ἑκουσίως
640 4070 1177 4137 γιγνόμενον,.τοῦτο
1213 4068 1358 4124 εἶναι
1394 4074 1496 4142 τὴν
1521 4076 1722 4142 ἀρετήν
1741 4093 1753 4106 ο
1779 4076 1839 4127 τὸ
1868 4076 1915 4128 δ’

339 4162 584 4231 ἐναντίον
616 4161 933 4212 παντάπασι
964 4160 1041 4229 τῷ
1075 4159 1227 4229 καλῷ
1256 4163 1523 4226 ἑκουσίως
1567 4165 1911 4235 γιγνόμενον,

341 4253 500 4307 τοῦτο
531 4248 673 4306 εῖναι
700 4252 801 4321 τὴν
832 4253 1056 4308 κακίαν.
1100 4250 1210 4304 Καὶ
1252 4253 1489 4308 καθόσον
1522 4256 1621 4325 μὲν
1644 4256 1743 4321 τῆς
1772 4257 1915 4323 γνώ-

344 4360 452 4412 μης
474 4344 537 4396 τὸ
567 4344 962 4413 πεπραγμένον
992 4344 1095 4396 οὑκ
1142 4343 1282 4409 ἐστι,
1317 4344 1575 4399 τοσοῦτον
1608 4349 1730 4416 μηδ’
1772 4344 1911 4400 εἶναι

341 4436 669 4505 ἀμάρτημαο
711 4434 911 4488 ὁπόσον
933 4434 991 4487 δέ
1019 4451 1082 4502 γε
1118 4437 1321 4505 ταύτης
1355 4437 1496 4499 ἐστὶ,
1526 4436 1785 4490 τοσοῦτον
1816 4438 1907 4491 καὶ

341 4530 619 4590 κολάσεως
648 4526 821 4593 ἀξιον.
854 4528 927 4580 Τὸ
962 4528 1071 4597 γὰρ
1100 4528 1162 4598 δὴ
1177 4528 1437 4599 ,σμικρὸν
1472 4529 1664 4594 κακδν,
1714 4530 1908 4601 γνώμη

339 4619 834 4689 διαπραττόμενον,
868 4620 1013 4689 μέγα
1051 4620 1141 4684 ἂν,
1192 4620 1420 4682 δικαίως
1469 4624 1813 4692 παρενέγκαι
1844 4626 1908 4693 τῇ

343 4712 586 4767 καθαυτδ
614 4712 885 4780 ποιότητι,
916 4710 1103 4763 καὶτὰ
1131 4710 1314 4780 πολλῷ
1347 4712 1571 4780 μεγέθει
1596 4714 1753 4767 τοῦτο
1773 4732 1913 4785 παρη

338 4804 640 4871 ενεγκόντα
672 4843 686 4865 ,
738 4803 962 4855 ἐπειδάν
1022 4803 1258 4854 ἀκούσια
1318 4804 1472 4854 ταῦτ’
1526 4806 1746 4876 ἐπέλθῃ.
1801 4807 1911 4857 Καὶ

337 4896 552 4963 γίνεταί
584 4912 701 4957 πως
730 4896 810 4950 είς
844 4893 1105 4963 μέμψεως
1136 4894 1295 4961 λόγον
1318 4894 1378 4945 τὸ
1408 4894 1584 4964 βραχῦ
1614 4898 1679 4965 τῇ
1714 4912 1913 4966 προαι.

337 4986 488 5057 ρέσει
535 4987 864 5055 γιγνόμενον
900 4987 1071 5046 κακὸν
1105 4987 1294 5054 μεῖζον
1332 4987 1453 5053 μεθ’
1484 4987 1618 5056 ὅσης
1670 4988 1909 5058 ὑπερϐο-

337 5077 458 5146 λῆς,
487 5076 582 5129 τοῦ
621 5075 891 5138 ἀκουσίως
923 5077 1057 5145 ἡμῖν
1094 5077 1517 5147 συμϐαίνοντος,
1554 5078 1658 5130 κᾶν
1689 5081 1770 5131 ὅτι
1810 5082 1907 5150 μέ-

337 5185 526 5236 γιστον
561 5164 702 5221 εἶναι
741 5167 904 5220 τοῦτο
933 5168 1086 5235 δοκῇ.

1938 4497 1990 4555 D

2014 3285 2078 3323 ea
2117 3266 2302 3322 multis
2332 3264 2489 3318 malis
2530 3261 2831 3315 obnoxium
2865 3258 3110 3312 reddere.
3152 3256 3259 3325 Nec
3288 3272 3399 3310 non
3456 3256 3503 3309 si
3535 3264 3590 3307 et

2014 3361 2143 3417 illud
2222 3358 2578 3421 usuvenerit,
2645 3367 2704 3411 ut
2759 3353 2965 3423 aliquid
3028 3367 3216 3408 eorum
3271 3352 3413 3407 absit
3466 3366 3589 3420 qua:

2013 3454 2285 3508 hominem
2344 3453 2502 3519 culpa
2545 3450 2777 3503 liberare
2828 3447 3025 3510 solent,
3080 3444 3477 3515 prepemodum
3532 3444 3585 3497 id

2014 3545 2157 3618 quod
2191 3545 2245 3597 vi
2282 3542 2487 3597 factum
2519 3550 2602 3593 est
2634 3538 2797 3608 quasi
2827 3538 3089 3591 voluntati
3135 3537 3429 3598 tribuetur,
3463 3540 3586 3587 t’an-

2015 3631 2252 3685 tumdem
2289 3629 2459 3692 lance,
2500 3636 2560 3681 ut
2588 3627 2846 3688 arbitror,
2879 3625 2945 3677 ad
3006 3624 3375 3678 voluntarium
3432 3623 3589 3677 incli-

2015 3730 2179 3776 nante
2210 3729 2476 3788 quantum
2511 3732 2646 3772 sane
2687 3725 2802 3770 tum
2828 3702 3251 3780 scientia2,cum
3309 3713 3592 3769 electionis

2014 3809 2183 3866 animi
2207 3811 2371 3863 rebus
2402 3809 2455 3861 in
2490 3816 2676 3861 nostra
2710 3814 2983 3876 potestate
3033 3806 3229 3875 positis
3263 3806 3591 3882 admiscebi-

2017 3912 2158 3950 mus.
2192 3895 2475 3961 Quatenus
2530 3896 2675 3949 enim
2710 3897 2963 3949 voluntas
2986 3903 3040 3948 et
3088 3895 3256 3949 animi
3320 3895 3592 3949 sententia

2016 3990 2175 4042 nobis
2207 3988 2465 4052 adfuerit,
2500 3995 2731 4040 eatenus
2761 3995 2813 4039 et
2843 3986 3114 4063 liheratiq
3134 4002 3162 4039 a
3193 3986 3350 4053 culpa
3384 3986 3581 4041 aderit.

2018 4078 2275 4143 Sequitur
2314 4091 2445 4144 ergo
2473 4076 2622 4146 (nam
2654 4088 2800 4130 recte
2822 4076 3068 4131 facturos
3102 4093 3209 4133 nos
3241 4077 3499 4137 arbitror.
3534 4080 3581 4131 si

2017 4172 2229 4224 tandem
2260 4170 2415 4239 quasi
2443 4168 2821 4237 colligamus),
2846 4169 2991 4237 quod
3013 4184 3077 4222 ex
3097 4170 3263 4223 animi
3296 4171 3589 4234 sententia,

2015 4272 2067 4318 et
2100 4264 2397 4326 voluntate,
2436 4270 2486 4315 et
2517 4249 2784 4315 electione
2846 4261 2924 4324 lit,
2952 4259 3107 4325 cuius
3155 4261 3320 4314 etiam
3373 4259 3579 4328 princi-

2013 4356 2163 4425 pium
2196 4356 2248 4407 iu
2283 4354 2449 4407 nobis
2471 4362 2576 4415 est,
2614 4362 2926 4422 nostraeque
2970 4362 3082 4405 tum
3124 4351 3423 4412 facultatis,
3476 4360 3587 4404 tum

2015 4446 2319 4515 potestatis,
2366 4444 2419 4498 id
2453 4444 2530 4497 uti
2558 4444 2633 4498 sit
2666 4434 2910 4499 nostrum
2951 4444 3082 4498 illud
3112 4452 3371 4498 accurate
3398 4443 3592 4503 volnu-

2016 4540 2250 4602 tarium;
2286 4536 2430 4605 quod
2468 4547 2650 4590 autem
2689 4551 2783 4603 per
2810 4536 3210 4605 ignorationem
3261 4550 3509 4605 prorsus,
3537 4535 3587 4586 id

2011 4631 2091 4685 uti
2127 4644 2262 4699 pure
2294 4630 2362 4682 sit
2396 4630 2830 4682 involuntarium
2870 4647 2883 4683 :
2930 4629 3120 4683 itidem
3186 4628 3452 4697 quidquid
3488 4630 3588 4681 ho-

2011 4722 2154 4775 nesti
2183 4729 2237 4773 et
2280 4718 2404 4773 boni
2443 4728 2636 4787 sponte
2671 4720 2783 4778 fiat,
2822 4720 2873 4771 id
2905 4718 3001 4771 uti-
3034 4720 3211 4771 virtus
3269 4718 3381 4782 sit;
3442 4719 3589 4786 quod

2010 4818 2187 4863 autem
2228 4817 2425 4875 sponte
2462 4808 2553 4861 fiat
2594 4809 2826 4862 honesto
2855 4809 3031 4862 modis
3063 4807 3320 4863 omnibus
3366 4823 3590 4863 contra-

2011 4901 2175 4965 rium,
2213 4899 2263 4952 id
2296 4899 2379 4953 uti
2408 4898 2478 4951 sit
2528 4898 2737 4952 vitium.
2790 4898 3076 4964 Quatenus
3128 4900 3295 4954 etiam
3348 4900 3398 4954 id
3438 4901 3585 4970 quod

2018 5002 2302 5062 peractum
2326 4998 2407 5043 est
2439 4989 2507 5042 ab
2530 4989 2693 5042 animi
2729 4990 3001 5045 sententia
3035 4991 3340 5060 profectum
3372 5007 3480 5046 non
3516 4994 3589 5045 sit

2018 5093 2323 5137 uteatenus
2363 5097 2430 5134 ne
2463 5096 2563 5149 pro
2600 5081 2801 5135 delicto
2826 5083 3045 5150 quidem
3079 5083 3347 5139 habeatur
3376 5103 3390 5149 ;
3452 5100 3589 5154 qua—

2018 5185 2177 5231 tenus
2241 5186 2421 5229 autem
2454 5175 2578 5228 inde
2616 5172 2940 5241 profectum,
2970 5183 3029 5227 ut
3058 5184 3284 5230 eatenus
3312 5184 3367 5229 et
3427 5191 3585 5243 praua

336 5265 404 5317 sit
437 5264 682 5332 dignum.
710 5263 919 5331 Quippe
951 5265 1152 5316 malum
1195 5264 1410 5332 aliquo‘l
1455 5264 1734 5332 exiguum,
1760 5268 1902 5335 quod
1943 5285 2009 5324 ex
2039 5274 2206 5325 animi
2232 5272 2499 5327 sententia
2534 5271 2833 5338 peragitur,
2885 5268 3020 5323 satis
3096 5285 3352 5340 magnum
3422 5268 3588 5332 fuerit

348 5365 406 5408 ut
443 5353 705 5422 qualitate
736 5366 833 5407 sua
868 5364 1085 5422 superet
1119 5355 1282 5409 etiam
1321 5356 1490 5409 multo
1562 5372 1619 5411 se
1654 5357 1861 5427 majora
1906 5362 2097 5417 delicta
2166 5380 2285 5431 quae
2347 5370 2542 5431 ιιι-ξριτι-
2601 5362 2939 5416 voluntatem
2988 5365 3266 5419 eveniunt.
3325 5365 3584 5431 Adeoque

336 5445 587 5514 vituperii
625 5446 857 5511 ratione,
890 5445 1146 5515 pusillum
1190 5448 1390 5501 malum
1455 5464 1550 5518 per
1572 5447 1891 5505 electionem
1942 5456 2110 5509 animi
2143 5457 2466 5523 admissum,
2498 5457 2785 5524 insigniter
2809 5457 2985 5526 majus
3008 5456 3242 5513 efﬁcitur
3300 5470 3366 5508 eo
3431 5456 3577 5523 quod

319 5544 533 5609 praeter
588 5537 920 5591 voluntatem
1001 5538 1156 5592 nobis
1218 5539 1435 5606 accidit,
1494 5541 1708 5599 etiamsi
1764 5544 1865 5597 hoc
1905 5546 2080 5615 ipsum
2112 5564 2231 5602 esse
2293 5551 2588 5603 maximum
2631 5549 2902 5603 videatur.

409 5633 575 5684 Ὥστε
602 5631 661 5683 τὸ
690 5632 800 5683 πᾶν
827 5631 892 5683 ὲκ
915 5632 1012 5700 τῆς
1037 5633 1431 5700 προαιρέσεως,
1466 5633 1714 5704 καθάπερ
1743 5635 1904 5705 ἐξαρ-

335 5728 434 5794 χῆς
487 5726 616 5792 ἡμῖν
654 5726 889 5793 εἴρηται·
941 5729 1034 5779 καὶ
1086 5729 1112 5777 ὁ
1165 5726 1329 5787 κακὸς
1381 5725 1504 5780 οὔτε
1564 5730 1625 5780 ἐκ
1658 5727 1898 5796 φύσεως.

322 5814 456 5867 ὀὔτε
491 5815 710 5882 ἔξωθεν,
741 5817 854 5869 ἀλλ’
892 5817 1071 5887 ἐαυτῷ
1104 5818 1294 5883 αἴτιος.
1340 5822 1494 5874 Δυοῖν
1527 5818 1633 5891 γάρ
1666 5820 1898 5890 θάτερον

2081 5642 2450 5705 Quamobrem
2480 5653 2585 5695 tota
2622 5657 2709 5696 res
2759 5644 2827 5693 ah
2889 5642 3156 5694 electione
3210 5652 3271 5692 ac
3330 5637 3581 5693 instituto

2008 5732 2172 5785 animi
2217 5735 2435 5802 pendet,
2472 5733 2618 5786 velut
2654 5748 2682 5785 a
2721 5734 2879 5785 nobis
2910 5732 2975 5783 ab
3027 5730 3182 5783 initio
3222 5728 3428 5781 dictum
3459 5742 3577 5787 est:

2003 5824 2204 5893 quique
2230 5826 2402 5882 malus
2429 5831 2655 5895 cst,nec
2686 5832 2905 5890 natura,
2946 5836 3045 5876 nec
3100 5820 3442 5876 extrinsecus
3493 5832 3578 5878 est
