4098 6272
543 370 676 435 -435

1744 383 2143 446 MANUELIS
2179 388 2627 451 PALEOLOGI

3683 360 3802 452 436

553 486 751 551 malus,
792 486 886 541 sed
920 488 1077 553 culpa
1131 502 1249 542 sua.
1277 486 1413 542 Nam
1473 503 1503 544 e
1536 490 1753 547 duobus
1798 494 2116 549 alterutrum

2232 497 2541 565 Ξναγκαῖον,
2580 497 2881 569 ῆοῖκοθεν,
2917 490 3104 564 ῶσπερ
3151 495 3383 564 ἔφημεν,
3438 497 3469 565 ἦ
3519 498 3799 568 μηδαμῶς

551 574 919 628 necessarium
953 584 1056 639 est,
1089 576 1172 630 vel
1193 587 1251 632 ut
1281 593 1344 633 ex
1378 593 1455 643 se,
1489 594 1589 635 ceu
1610 581 1873 645 diximus,
1902 584 1987 636 vel
2019 597 2115 636 nev

2221 581 2363 638 εῖναι
2401 586 2573 639 κακὸν
2624 586 2750 656 μηδ’
2776 587 2841 638 ἂν
2872 586 2970 639 ἕνα
3002 586 3111 638 τῶν
3143 587 3381 641 πάντων.
3420 586 3526 639 Καὶ
3571 590 3687 652 πῶς
3714 592 3795 644 ἂν

550 678 821 734 quaquam
847 666 1137 736 quisquam
1161 671 1410 723 omnium
1467 671 1541 725 sit
1564 673 1760 727 malus.
1789 672 1855 726 Et
1875 688 2114 748 quonam

2232 676 2457 741 γένοιτο,
2490 676 2679 745 φησὶν,
2714 678 2889 739 αῐτιος
2923 676 3104 745 ἑαυτῷ
3141 676 3252 728 τῶν
3292 677 3478 729 κακῶν
3509 677 3681 731 δοκῶν
3714 697 3793 749 γε

547 765 726 823 pacto,
760 757 905 811 dicet
942 760 1298 831 aliquis,ipse
1326 763 1429 817 sibi
1487 764 1750 817 malorum
1805 775 1999 817 auctor
2020 780 2117 817 ex-

547 847 747 900 stiterit
802 849 966 904 homo
1024 852 1117 921 qui
1172 868 1363 924 sapere
1434 857 1677 909 videtur?
1723 855 1862 920 Quia
1916 856 2116 909 bonum

551 947 834 1006 tantopere
877 956 984 994 non
1038 943 1220 1013 diligit
1265 955 1603 1014 quantopere
1665 946 1815 1015 diligi
1856 959 2115 1013 meretur,

546 1030 640 1083 sed
668 1032 826 1087 malis
861 1033 1082 1101 gaudet.
1110 1039 1288 1102 Atque
1323 1038 1427 1091 hoc
1459 1038 1663 1093 nemini
1713 1040 1912 1093 mirum
1968 1050 2114 1095 esto.

544 1116 663 1175 Non
691 1124 837 1176 enim
886 1124 1135 1181 homines
1162 1128 1408 1197 eligendo
1427 1129 1626 1182 malum
1681 1140 1954 1198 quatenus
2002 1147 2119 1185 ma-

546 1213 682 1279 lum,
711 1230 821 1282 prie
849 1215 1029 1283 bono;
1057 1219 1137 1271 vel
1172 1234 1281 1287 pra:
1312 1219 1689 1288 pulcherrimo
1714 1222 2116 1289 turpissimum,

545 1315 822 1372 quatenus
855 1309 1275 1377 turpissimum;
1333 1312 1416 1365 vel
1462 1312 1627 1366 etiam
1697 1314 1946 1377 noxium,
2006 1330 2119 1383 prae

548 1397 917 1463 conducibili;
968 1402 1032 1454 de
1077 1400 1240 1456 bonis
1276 1403 1405 1456 mali
1449 1402 1739 1457 eﬂ‘wimur.
1792 1405 1911 1470 Quo
1973 1406 2118 1459 enim

547 1485 600 1539 id
631 1487 834 1555 pacto?
882 1489 1238 1561 Nequaquam
1293 1493 1381 1546 vel
1428 1493 1786 1549 stultissimos
1846 1495 2116 1558 omnium,

550 1576 647 1644 qui
679 1592 917 1647 unquam
948 1580 1230 1645 exstitere,
1266 1583 1579 1639 mortalium
1606 1583 1846 1639 arbitror
1875 1599 1937 1639 ea
1968 1585 2123 1639 labo-

550 1683 702 1723 rasse
735 1668 1000 1725 execitate.
1051 1670 1320 1724 Nimirum
1362 1688 1430 1727 ex
1488 1675 1790 1742 impostura
1831 1684 1886 1729 et
1934 1690 2123 1730 errore

551 1758 750 1812 malum
785 1760 891 1813 hoc
915 1762 1174 1825 originem
1210 1778 1362 1816 suam
1392 1763 1576 1827 trahit,
1600 1748 1861 1833 cumque.
1882 1766 2003 1818 loco
2030 1780 2120 1818 ra-

552 1847 693 1902 dicis
723 1857 775 1902 et
805 1849 1141 1917 irrigationis
1171 1852 1438 1906 inscitiam
1488 1862 1543 1907 et
1565 1855 1870 1908 vecordiam
1905 1854 2121 1922 habeat,

555 1952 841 2007 postquam
868 1938 1229 1996 diuturnitate
1263 1944 1525 2013 temporis
1551 1944 1741 2008 alitur,
1793 1954 1847 1998 et
1903 1944 2120 2010 longius

554 2032 879 2100 porrigitur,
909 2032 1093 2100 itaque
1121 2033 1392 2088 solidatur
1423 2043 1483 2089 ut
1513 2036 1805 2090 retundere
1831 2036 1973 2103 quod
2009 2051 2123 2089 me-

458 2110 459 2119 “
552 2122 659 2176 lius
688 2131 771 2177 est
800 2123 995 2194 possit,
1025 2135 1138 2179 tum
1188 2125 1387 2180 deinde
1453 2124 1742 2180 difﬁculter
1794 2126 1862 2179 ab
1908 2126 1976 2180 iis
2030 2129 2125 2195 qul

553 2215 721 2268 aetnel
744 2217 996 2284 occupati
1036 2226 1183 2280 sunt,
1216 2216 1491 2286 profligari
1539 2224 1737 2286 potest.
1786 2216 1933 2271 Nihil
1981 2218 2126 2273 enim

560 2318 737 2372 neque
792 2304 1050 2367 deterius,
1107 2322 1281 2375 neque
1304 2306 1579 2361 difﬁcilius
1625 2310 1932 2374 emendatu,
1966 2324 2129 2378 quam

556 2395 611 2447 si
640 2396 707 2448 ab
738 2396 921 2465 aliquo
959 2396 1092 2451 vitio
1121 2397 1382 2465 iuvenum
1439 2400 1741 2466 praesertim
1788 2401 1957 2454 animi
2005 2402 2125 2454 sint

562 2489 945 2555 praeoccupati.
991 2488 1126 2543 Nam
1160 2499 1217 2543 ut
1257 2490 1507 2559 occupati
1535 2492 1832 2559 persistant
1854 2492 1905 2545 in
1938 2492 2121 2556 malis,

553 2580 855 2644 jucundum
881 2588 963 2633 est
994 2594 1054 2634 ac
1104 2579 1299 2645 facile;
1336 2582 1428 2636 sed
1468 2592 1525 2636 ut
1553 2582 1741 2637 eadem
1785 2595 2015 2649 exuant,
2068 2600 2134 2641 ac

559 2678 854 2733 mutentur,
887 2670 938 2725 id
968 2686 1096 2726 vero
1138 2673 1472 2727 laboriosum
1518 2688 1582 2729 ac
1635 2674 1874 2741 difﬁcile,
1934 2676 2135 2744 vixque

558 2776 694 2827 opus
726 2761 895 2815 animi
923 2764 1324 2830 generosissimi
1358 2762 1545 2819 fuerit.
1580 2768 1756 2833 Atque
1810 2768 1916 2821 hoc
1970 2767 2132 2822 modo

2153 1817 2196 1870 Β

2218 767 2282 835 δή
2315 784 2431 828 πως
2464 769 2762 833 σωφρονεῖν
2794 766 3117 835 ἄνθρωπος;
3149 765 3238 835 Τῷ
3264 765 3339 836 μὴ
3369 766 3548 832 φιλεῖν
3566 769 3625 820 τὸ
3648 769 3797 836 άγαο

2221 852 2333 914 θδν,
2363 853 2488 904 ὅσον
2513 852 2684 918 ἄξιον,
2714 854 2849 906 ἀλλὰ
2874 856 2985 915 τοῖς
3010 856 3201 917 κακοῖς
3223 855 3462 923 χαίρειν.
3492 856 3601 908 Καὶ
3624 859 3793 911 τοῦτο

2223 943 2417 1012 μηδεὶς
2447 943 2799 1012 θαυμαζέτωο
2836 946 2897 997 οὐ
2940 944 3050 1014 γὰρ
3085 944 3163 1013 τῷ
3212 944 3489 1013 αἱρεῖσθαι
3523 946 3585 999 τδ
3614 948 3793 1001 κακὸν

2220 1027 2254 1105 ᾖ
2280 1035 2449 1088 κακὸν
2474 1034 2582 1105 πρὸ
2604 1035 2699 1088 τοῦ
2730 1035 2938 1103 ἀγαθοῦ
2970 1035 3102 1098 τοὺς
3125 1034 3472 1105 ἀνθρώπους,
3504 1037 3537 1106 ἤ
3565 1038 3669 1106 πρὸ
3688 1038 3794 1095 τοῦ

2221 1124 2510 1177 καλλίστου
2547 1125 2608 1176 τὸ
2636 1124 2919 1195 αἴσχιστον
2950 1120 3096 1197 ᾗπερ
3123 1126 3428 1196 αἴσχιστον,
3466 1128 3561 1181 καὶ
3596 1129 3791 1197 μέντοι

2221 1217 2316 1268 καὶ
2356 1216 2418 1268 τὸ
2465 1216 2705 1284 βλάπτον
2753 1217 2862 1286 πρὸ
2906 1216 3004 1269 τοῦ
3050 1218 3410 1283 συνοίσοντος,
3462 1219 3522 1285 ἐξ
3562 1220 3792 1287 κάγαθῶν

2222 1305 2487 1373 γινόμεθα
2534 1306 2867 1375 τούναντίον.
2910 1306 3037 1369 Πῶς
3080 1307 3233 1375 γάρ;
3270 1305 3346 1359 υῦ
3390 1324 3482 1376 μοι
3532 1307 3791 1360 δοκοῦσιν

2221 1394 2390 1447 ούδόί
2410 1396 2628 1450 πάντων
2653 1397 3004 1466 εὐηθέστεροι
3026 1396 3136 1449 τῶν
3163 1395 3384 1450 πώποτε
3407 1398 3792 1465 γεγενημένων

2224 1485 2529 1555 ἀνθρώπων
2561 1485 2709 1539 τοῦτ’
2745 1487 2812 1540 ἂν
2842 1487 3072 1555 νοσῆσαι
3103 1487 3164 1539 τὸ
3195 1487 3431 1556 νόσημα.
3489 1487 3633 1541 Ἀλλ’
3663 1487 3793 1553 ἔξα-

2224 1578 2371 1646 πάτῃ
2400 1594 2462 1629 τε
2494 1579 2588 1630 καὶ
2619 1577 2926 1647 διαμαρτίᾳ
2961 1579 3115 1631 τουτὶ
3143 1578 3204 1630 τδ
3229 1580 3406 1632 κακδν
3433 1578 3627 1646 φύεται
3659 1595 3673 1608 ο
3710 1579 3793 1649 ρι·
3890 1626 3895 1629 .

2223 1666 2323 1729 ζαν
2351 1667 2406 1719 δὲ
2431 1668 2526 1721 καὶ
2566 1669 2790 1737 ἀρδείαν
2820 1669 2944 1737 ἔχον
2966 1668 3064 1738 τὴν
3095 1669 3459 1723 ἀπαιδευσίαν
3492 1670 3587 1722 καὶ
3622 1669 3791 1739 ρᾳθυ-

2228 1755 2382 1823 μίαν,
2420 1756 2500 1825 τῷ
2553 1758 2732 1826 χρόνῳ
2783 1758 2959 1827 δήπου
3001 1757 3360 1826 τρεφόμενον,
3408 1758 3504 1810 καὶ
3532 1759 3789 1814 ὲπεκτει-

2227 1847 2472 1917 νόμενον,
2495 1852 2590 1901 καὶ
2613 1840 2961 1917 πηγνύμενοῦ
2985 1848 3467 1935 πρδςγάντιτυπίαν
3486 1850 3581 1903 τοῦ
3604 1854 3789 1921 κρείτ-

2225 1954 2398 2001 τονος.
2428 1938 2882 1992 δυσαπάλλακτον
2910 1938 3008 1992 τοῦ
3042 1926 3233 1993 λοιποῦ
3279 1926 3487 2009 γίνεται
3529 1945 3641 2006 τοῖς
3684 1944 3784 2013 ἥδη

2227 2031 2685 2098 κεκρατημένοις.
2718 2028 2826 2082 Τοῦ
2875 2029 2986 2098 γάρ
3038 2031 3404 2100 προειλῆφθαι
3435 2032 3636 2102 ψυχάς,
3690 2035 3787 2087 καὶ

2231 2122 2469 2191 μάλιστα
2492 2123 2591 2183 τὰς
2620 2122 2776 2187 νέων,
2812 2122 2918 2174 ὑπό
2946 2139 3043 2175 του
3069 2121 3294 2184 πάθους,
3313 2123 3466 2176 οὐδὲν
3493 2125 3561 2177 ἂν
3580 2125 3788 2192 γένοιτο

2228 2214 2434 2281 χεῖρον,
2466 2213 2588 2264 οὐδὲ
2619 2212 3008 2283 χαλεπώτερον
3042 2216 3124 2275 εἰς
3154 2213 3458 2283 διόρθωσιν.
3495 2215 3786 2285 Ἐμμεῖναι

2233 2302 2331 2371 μὲν
2364 2304 2472 2372 γὰρ
2502 2306 2615 2366 τοῖς
2663 2308 2857 2366 κακοῖς
2902 2308 3029 2367 τοὺς
3074 2306 3555 2377 προειλημμένους
3591 2308 3693 2379 ἡδύ
3729 2326 3783 2360 τε

2231 2392 2327 2446 καὶ
2356 2394 2606 2462 εύχερέςο
2648 2397 2711 2447 τὸ
2756 2396 3067 2461 ἀπαλλάξαι
3114 2397 3223 2449 τῶν
3256 2397 3444 2451 κακῶν
3481 2399 3577 2450 καλ⁵
3630 2415 3791 2464 μεται-

2182 2484 2187 2487 ’
2231 2486 2416 2540 ϐαλεῖν
2446 2488 2703 2542 ἐπίπονόν
2728 2507 2787 2542 τε
2818 2490 2909 2542 καὶ
2939 2489 3221 2558 δυσχερὲς,
3274 2490 3368 2542 καὶ
3417 2489 3572 2557 μόλις
3604 2489 3673 2540 ἂν
3701 2489 3792 2556 γέ-

2231 2595 2375 2632 νοιτο
2400 2581 2793 2651 γενναιοτάτης
2820 2581 3000 2651 ψυχῆς
3040 2581 3221 2651 ἔργον.
3256 2581 3367 2659 Καὶ
3408 2578 3601 2634 τοῦτον
3639 2578 3790 2647 οἶμαι

2231 2670 2323 2723 τὸν
2360 2672 2564 2738 τρόπον
2593 2672 2702 2725 τῶν
2739 2673 3042 2738 ἀμεινόνων
3092 2674 3160 2724 τὰ
3206 2671 3375 2740 χείρω
3423 2670 3789 2731 πλεονεκτεῖν,

2218 2762 2330 2821 καὶ
2356 2761 2449 2814 τὸν
2479 2762 2573 2814 ἀπ’
2605 2764 2782 2832 ἀρχῆς
2812 2763 3015 2830 ἀγαθὸν
3039 2763 3138 2816 οὐκ
3168 2764 3255 2815 ἀεὶ
3280 2761 3522 2815 τοιοῦτον
3543 2761 3793 2831 εὑρίσκε-

560 2853 674 2904 ticri
704 2853 955 2920 equidem
987 2854 1247 2917 arbitror,
1300 2862 1359 2907 ut
1416 2856 1596 2923 major
1649 2857 1895 2927 peiorum
1966 2873 2129 2927 quam

2236 2852 2384 2915 σθαι,
2410 2852 2548 2906 ἀλλὰ
2578 2856 2673 2907 καὶ
2703 2854 2785 2916 είς
2814 2855 2985 2907 κακὸν
3022 2852 3401 2923 μεταϐάλλειν,
3422 2846 3794 2922 ’διαμενούσης

560 2943 828 2995 bonorum
856 2943 936 2994 vis
966 2944 1069 3008 sit;
1102 2952 1157 2996 et
1182 2946 1273 3012 qui
1313 2946 1381 2999 ab
1422 2946 1582 3000 initio
1613 2947 1815 3014 bonus,
1856 2963 1963 3003 non
1990 2966 2131 3005 sem-

2234 2944 2324 2997 ἀεὶ
2350 2944 2450 3013 τῆς
2474 2942 2693 3012 φύσεως
2729 2945 2787 2996 ὲν
2814 2944 3017 3012 ταυτῷ.
3050 2944 3158 2995 Καὶ
3190 2945 3239 2996 εί
3269 2943 3429 3003 ταῦθὶ
3453 2943 3630 3004 οὕτως
3657 2942 3789 3011 ἔχει,

561 3045 658 3097 per
686 3030 965 3098 ejusmodi
994 3032 1318 3100 reperiatur,
1354 3036 1449 3089 sed
1489 3036 1557 3090 ad
1610 3038 1812 3093 malum
1859 3050 2134 3105 transeat,

2238 3035 2507 3105 πρόδηλον
2531 3036 2606 3100 ὡς
2641 3034 2814 3099 αἴτιος
2840 3038 2948 3089 τῶν
2997 3035 3186 3089 κακῶν
3226 3035 3458 3097 ἕκαστος
3490 3033 3672 3103 ἑαυτῷ
3710 3034 3793 3100 γίο

561 3122 678 3183 ipsa
712 3127 906 3173 natura
946 3136 1160 3189 semper
1206 3123 1260 3175 in
1314 3125 1504 3178 eodem
1554 3134 1700 3181 statu
1753 3138 2128 3197 permanente.

2240 3145 2413 3182 νεται.
2437 3128 2739 3198 Σκοπῶμεν
2764 3127 2843 3181 δέ.
2866 3122 2941 3196 ’ᾯ
2964 3144 3029 3193 γε
3060 3126 3270 3190 ἔξεστιν
3298 3127 3498 3179 είδέναι
3525 3125 3786 3193 τάγαθὸν,

562 3211 694 3275 Quae
722 3224 843 3264 cum
874 3210 951 3264 ita
980 3211 1111 3277 sint,
1143 3213 1437 3269 manifesto
1460 3224 1628 3282 patet,
1680 3232 1954 3287 quemque
2002 3220 2133 3274 sibi-

565 3312 676 3357 met
725 3310 1003 3357 auctorem
1053 3303 1321 3360 malorum
1370 3320 1513 3361 esse.
1566 3306 1722 3373 Quod
1780 3309 2002 3376 quidem
2056 3314 2132 3369 ita

562 3395 988 3450 consideremus.
1020 3393 1123 3458 Qui
1157 3395 1298 3449 scire
1327 3397 1474 3463 quod
1521 3397 1726 3451 bonum
1781 3409 1867 3452 est
1927 3410 2143 3469 potest,

546 3501 753 3543 verum
801 3486 941 3541 scire
970 3502 1075 3540 non
1109 3486 1221 3540 vult
1256 3505 1270 3541 ι
1304 3496 1398 3541 aut
1459 3487 1576 3541 vult
1616 3488 1707 3542 ille
1754 3490 1997 3557 quidem,
2036 3494 2129 3547 sed

565 3593 677 3633 non
702 3586 917 3631 tantum
943 3587 1202 3646 quantum
1251 3576 1561 3632 sulliceret:
1593 3588 1686 3631 aut
1716 3581 1995 3648 adgnoscit
2034 3583 2129 3636 bo-

568 3686 727 3735 num,
754 3680 805 3722 et
834 3670 1095 3737 praeclare
1143 3669 1383 3738 quidem,
1418 3670 1513 3723 sed
1574 3670 1775 3724 malum
1809 3686 1915 3725 non
1945 3672 2083 3741 fugit
2114 3690 2129 3726 :

567 3771 663 3815 aut
720 3771 866 3815 recte
927 3759 1155 3826 faciens,
1212 3759 1371 3829 fugit,
1412 3771 1469 3814 at
1529 3776 1637 3815 non
1698 3762 1914 3817 duobus
1970 3763 2133 3833 (quod

569 3857 723 3909 aiunt
755 3857 774 3924 )
802 3856 1053 3923 pedibus,
1089 3870 1192 3909 nec
1224 3856 1506 3920 continuo,
1529 3856 1621 3911 sed
1646 3855 1914 3910 interdum
1939 3858 2130 3924 victor,

568 3947 836 4001 interdum
858 3947 1032 4000 vietus
1049 3947 1409 4014 conspicitur,
1445 3947 1610 4001 modo
1659 3945 1952 4002 levioribus
1985 3950 2134 4005 vitiis

569 4039 838 4105 superior,
867 4039 1028 4092 modo
1058 4039 1285 4093 inferior
1313 4039 1539 4108 (quippe
1584 4039 1652 4093 de
1705 4041 2131 4095 vehementiori-

572 4131 673 4182 bus
702 4139 756 4182 et
798 4128 1202 4197 potentioribus
1248 4130 1431 4193 malis,
1475 4130 1713 4185 fortasse
1744 4145 1812 4184 ne
1842 4129 2132 4184 dicendum

570 4221 787 4289 quidem
818 4221 919 4276 erit
939 4222 1093 4291 ),quo
1122 4229 1282 4291 pacto
1308 4236 1417 4275 non
1467 4221 1554 4276 hic
1582 4222 1700 4290 ipse
1746 4220 1931 4290 procul
1968 4221 2135 4275 dubio

572 4332 724 4370 reum
756 4329 816 4369 se
858 4315 1125 4368 malorum
1159 4312 1308 4375 facit,
1340 4313 1470 4365 dum
1514 4310 1797 4365 affectione
1857 4326 1956 4364 sua
2010 4326 2136 4379 pro-

573 4408 769 4476 pendet
813 4407 878 4459 ad
919 4418 982 4459 ea
1040 4419 1162 4472 quae
1219 4417 1416 4457 nocere
1465 4411 1712 4469 possunt,
1768 4400 2137 4468 omnibusque

2230 3220 2260 3272 ὁ
2280 3220 2324 3273 δ’
2355 3220 2414 3271 οὗ
2439 3220 2710 3289 βούλεταιο
2734 3220 2767 3290 ἢ
2795 3218 3041 3289 βούλεται
3076 3219 3198 3288 μὲν,
3224 3219 3322 3288 οὐχ
3354 3220 3476 3270 ὅσον
3503 3218 3560 3269 δὲ
3585 3217 3789 3271 ίκεινόν⁸

2231 3310 2264 3380 ἦ
2300 3309 2562 3378 γινώσκει
2602 3311 2702 3379 μὲν
2729 3310 2883 3373 αὐτὸ,
2914 3308 3055 3361 ἔστω
3087 3308 3143 3360 δὲ
3167 3308 3309 3361 πάνυ
3338 3307 3543 3369 καλῶς,
3569 3309 3631 3360 οὐ
3658 3306 3783 3374 φεύο

2232 3418 2320 3470 γει
2355 3403 2411 3455 δὲ
2446 3402 2506 3454 τὸ
2538 3402 2730 3456 κακόνο
2769 3402 2803 3470 ἢ
2830 3402 3025 3469 φεύγει
3054 3402 3153 3467 μὲν
3180 3398 3242 3452 εὖ
3271 3398 3464 3461 ποιῶν,
3496 3397 3555 3449 οὐ
3592 3396 3695 3464 μὴν
3720 3396 3775 3447 δὲ

2233 3493 2326 3544 καὶ
2356 3490 2475 3542 δυσὶ
2501 3491 2679 3551 ποσὶν,
2712 3491 2740 3542 ὅ
2766 3506 2950 3557 φασιν,
3002 3489 3123 3542 οὐδὲ
3156 3486 3421 3557 συνεχῶς,
3456 3485 3563 3538 ἀλλ’
3590 3484 3776 3536 ἄλλοτε

2237 3582 2333 3651 μὲν
2361 3584 2553 3650 ὁρᾶται
2610 3583 2851 3651 κρατῶν,
2892 3581 3085 3634 ἄλλοτε
3138 3581 3197 3633 δὲ
3228 3579 3638 3648 κρατούμενος·
3692 3577 3785 3628 καὶ

2235 3674 2365 3726 ποτὲ
2397 3674 2494 3740 μὲν
2522 3674 2784 3741 κρείττων
2821 3672 2932 3725 τῶν
2958 3672 3302 3743 κουφοτέρων
3331 3670 3544 3731 παθῶν,
3577 3667 3709 3720 ποτὲ
3737 3666 3791 3717 δὲ

2234 3766 2412 3834 ἥττων
2454 3766 2742 3835 (περὶγὰρ
2782 3765 2893 3817 τῶν
2928 3763 3374 3832 ὲμόριθεστέρων
3430 3762 3525 3813 καὶ
3564 3762 3791 3829 ἐπικρα-

2232 3857 2508 3926 τεστέρων
2556 3857 2745 3909 κακῶν
2778 3856 2911 3918 ἴσως
2949 3855 3072 3907 οὐδὲ
3117 3856 3224 3925 χρὴ
3274 3854 3515 3923 λέγειν)⁶
3549 3854 3673 3913 πῶς
3698 3854 3794 3920 οὐχ

2234 3950 2534 4010 ὑπεύθυνος
2566 3948 2721 4011 οὗτος
2749 3947 2929 4013 ἑαυτῷ
2956 3946 3060 3999 τῶν
3087 3946 3277 3999 κακῶν
3302 3945 3539 4013 ἀτεχνῶς
3562 3944 3789 4010 γίνεται,

2237 4039 2420 4109 ῥέπων
2450 4040 2517 4108 τῇ
2553 4037 2685 4106 παρ’
2722 4036 2922 4089 ἑαυτοῦ
2961 4034 3208 4087 διαθέσει
3247 4034 3382 4103 πρὸς
3410 4032 3473 4084 τά
3512 4030 3791 4098 δυνάμενα

2238 4131 2520 4200 βλάπτειν,
2557 4132 2649 4183 καὶ
2682 4130 2815 4181 πᾶσι
2842 4127 3071 4197 τρόποις
3105 4127 3297 4179 ἑαυτὸν
3348 4123 3614 4176 εὐάλωτον
3649 4123 3793 4173 ἐκεῖ·

2236 4238 2347 4285 νοις
2375 4220 2830 4289 παρασκευάζων,
2865 4219 2961 4270 καὶ
3002 4217 3179 4286 παρὸν
3218 4214 3502 4281 διαφυγεῖν
3522 4250 3537 4276 ,
3572 4212 3601 4263 ὀ
3627 4211 3685 4264 δὲ
3717 4211 3793 4279 τῷ

2240 4314 2316 4384 μὴ
2341 4313 2664 4375 σπουδάζειν
2694 4312 3002 4373 ἁλίσκεται,
3030 4309 3257 4379 εὐχερὲς
3280 4308 3379 4361 καὶ
3407 4307 3608 4373 κοῦφον
3629 4304 3791 4372 ἡγού-

2241 4423 2402 4476 μενος
2457 4406 2781 4471 καθυφεῖναι
2835 4402 2930 4454 τοῦ
2995 4400 3199 4461 καλοῦ,
3263 4401 3359 4451 καὶ
3412 4396 3793 4476 προσηλῶσθαι

574 4500 746 4553 modis
780 4513 839 4552 se
875 4506 1034 4565 captu
1085 4495 1298 4549 facilem
1360 4494 1440 4547 eis
1491 4493 1740 4560 praebet;
1798 4506 2034 4559 cumque
2079 4493 2131 4545 in

2242 4497 2529 4566 πράγμασι
2579 4493 2845 4560 φαύλοιςς
2892 4492 3036 4545 Ἀλλ’
3070 4492 3229 4561 ἄθρει
3277 4490 3341 4559 δή
3396 4506 3488 4557 μοι
3523 4489 3619 4541 καλ⁵
3653 4487 3793 4553 τῇδε.

575 4600 834 4659 promptu
859 4597 1005 4642 esset
1030 4595 1087 4640 ut
1112 4600 1175 4639 ea
1207 4585 1423 4648 vitaret,
1445 4583 1650 4637 nullum
1676 4581 1985 4636 adhibendo
2016 4591 2133 4637 stu—
2176 4614 2189 4637 ε.

575 4685 723 4737 dium
752 4680 991 4751 capitur,
1023 4676 1349 4733 existimans
1369 4690 1490 4730 esse
1543 4676 1702 4730 facile
1750 4675 2010 4744 quiddam
2079 4690 2131 4729 ac

2242 4677 2494 4738 ὑπούλως
2524 4674 2805 4743 καταρχὰς
2837 4672 3192 4741 είσκωμάσαν
3233 4671 3315 4732 είς
3354 4667 3452 4738 τὴν
3485 4668 3683 4737 ψυχὴν,
3712 4667 3798 4718 δὲ-

578 4779 715 4840 leve,
734 4774 874 4828 bono
901 4788 959 4827 se
990 4771 1309 4825 subtrahere
1328 4769 1616 4837 pravisque
1642 4769 1804 4824 rebus
1825 4768 2131 4822 adhaerere?

2246 4768 2426 4836 ξηται,
2457 4764 2555 4819 ἅτε
2594 4764 2758 4818 καλὸν
2790 4763 3148 4833 φαινόμενον,
3185 4763 3279 4814 καὶ
3312 4759 3596 4830 μονονουχὶ
3621 4756 3799 4826 φωνὴν

578 4866 720 4927 Quin
752 4865 915 4917 etiam
946 4863 1048 4916 hoc
1070 4862 1307 4930 quodam
1342 4858 1503 4912 modo
1552 4855 1684 4910 mihi
1720 4872 1831 4912 rem
1866 4856 2142 4924 inspicite.

2255 4586 2379 4639 Ἐάν
2434 4600 2519 4646 τις
2563 4583 2624 4635 τὸ
2653 4584 2988 4651 κουφότατον
3020 4580 3192 4634 κακὸν
3236 4574 3377 4632 εἶναι
3424 4577 3794 4646 νομιζόμενον,

2245 4858 2423 4925 ἁφιὶν,
2448 4855 2888 4924 ὑπισχνούμενον
2908 4854 2982 4917 ὡς
3007 4852 3380 4915 ἀπαλλάξεται
3405 4849 3601 4919 ῥᾳδίως
3625 4851 3652 4900 ό
3678 4846 3798 4900 τού·-

582 4956 638 5007 Si
662 4955 784 5022 quis
801 4953 1023 5015 malum,
1048 4954 1193 5020 quod
1261 4949 1592 5003 levissimum
1623 4961 1745 5001 esse
1790 4953 2034 5014 putetur,
2085 4945 2131 4997 in

2246 4965 2340 5002 του
2372 4951 2571 5017 πεῖραν
2600 4947 2794 4999 λαϐεῖν
2823 4944 3115 5013 ἐθελήσας,
3148 4941 3321 4996 ἔπειθ’
3344 4934 3498 5003 οὗτος
3520 4938 3802 5007 ἅνθρωπος

581 5049 822 5100 animum
912 5044 1136 5097 subdole
1220 5042 1449 5110 primum
1529 5041 1846 5107 -irrepens,
1969 5037 2145 5090 admi-

585 5138 718 5192 serit
749 5139 817 5189 ob
898 5136 1131 5203 speciem
1200 5136 1325 5187 boui
1402 5147 1566 5200 quam
1646 5134 1943 5199 praselert,
2013 5137 2145 5181 tan-

586 5246 698 5284 tum
734 5245 839 5282 non
891 5227 1088 5279 emissa
1123 5241 1251 5280 voce
1301 5225 1639 5293 promittens,
1692 5220 1845 5274 facile
1882 5219 2146 5281 futurum,

591 5336 648 5376 ut
685 5322 777 5392 qui
810 5318 1117 5388 periculum-
1169 5316 1286 5381 ejus
1315 5315 1494 5370 facere
1529 5312 1784 5377 voluerit,
1824 5326 2012 5365 rursus
2057 5310 2150 5367 illo

582 5417 878 5476 liberetur;
910 5409 1105 5464 deinde
1149 5407 1315 5461 semel
1356 5407 1616 5475 deceptus
1660 5405 1745 5457 hic
1797 5405 1958 5457 homo
1996 5404 2149 5471 quasi

589 5511 713 5562 luco
737 5504 994 5575 quodam,
1031 5501 1289 5570 paulatim
1318 5496 1666 5567 progrediens
1698 5494 1939 5563 seipsum
1993 5495 2153 5546 rebus

589 5598 839 5667 pvssimis
861 5593 1166 5654 dediderit,
1199 5603 1433 5659 quorum
1466 5589 1518 5642 in
1570 5600 1878 5646 numerum,
1903 5584 2152 5645 obsecro,

2249 5039 2617 5107 φενακισθεὶς,
2676 5037 2780 5106 6δῴ
2820 5035 3053 5104 βαδίζων
3081 5034 3275 5086 ἑαυτὸν
3308 5032 3449 5099 ἐκδῷ
3484 5033 3598 5091 τοῖς
3626 5044 3801 5098 χειρ;⁴

2251 5144 2415 5206 στοις,
2445 5128 2590 5179 τίσιν
2627 5124 3070 5193 tvvs-(patimur;
3102 5124 3176 5175 Οὐ
3220 5124 3335 5183 τοῖς
3385 5120 3523 5189 μετά
3553 5117 3804 5187 προιιρέδ

2252 5233 2388 5276 σεως
2422 5216 2614 5275 κακοῖς
2658 5212 2982 5279 γεγονόσινς
3017 5210 3174 5262 Οΰτω
3224 5226 3315 5278 μοι
3371 5208 3521 5260 δοκεῖ
3556 5206 3799 5274 πρέπειν.
3884 5217 3890 5221 ·

2254 5306 2460 5368 ’Ἄλλως
2493 5306 2602 5374 γὰρ
2637 5305 2820 5365 πάντα
2847 5303 3131 5364 ποιοῦντες
3173 5302 3242 5363 τὰ
3293 5301 3465 5363 κακά,
3514 5298 3714 5359 πάντες
3742 5296 3805 5355 ἂν

2250 5394 2394 5467 ἦμεν
2427 5396 2736 5450 άνεύθυνοι.
2775 5396 2930 5459 Ἐπεὶ
2978 5394 3154 5456 οὐδεὶς
3202 5390 3500 5460 ἐργάζεται
3541 5389 3601 5441 τὸ
3644 5386 3807 5440 κακὸν

2252 5491 2442 5559 ἄρτιον
2482 5487 2742 5557 ὲξαρχῆς·
2775 5486 2894 5540 an?
2926 5486 3033 5538 ἀπὸ
3063 5483 3315 5552 σμικρῶν
3343 5484 3437 5539 καὶ
3467 5480 3689 5549 φαύλων
3713 5479 3806 5547 ag—

2254 5579 2489 5648 χόμεθα,
2552 5577 2800 5646 σμικρὰν
2845 5576 2941 5627 καὶ
2998 5574 3208 5641 φαύλην
3258 5570 3465 5638 ζημίαν
3496 5566 3808 5634 νομίζοντες

591 5659 900 5741 referetur?
938 5684 1055 5739 Non
1093 5694 1279 5737 eorum
1313 5678 1405 5746 qni
1454 5693 1517 5732 ex
1546 5677 1711 5730 animi
1740 5675 1989 5730 instituto
2028 5674 2131 5733 tual

2257 5672 2683 5741 ὑποστήσεσθαι,
2726 5669 2820 5721 καὶ
2854 5664 3246 5737 καρπώσεσθαι
3277 5661 3493 5731 ἡδονὴν,
3518 5659 3614 5711 καὶ
3644 5661 3806 5710 ἐπαν-

590 5780 768 5836 tiunt?
798 5778 875 5834 Ita
910 5779 1110 5835 sentire
1149 5770 1425 5836 convenit,
1469 5771 1662 5844 Opinor
1693 5786 1705 5823 :
1743 5783 1864 5828 nam
1908 5767 2131 5842 alioquin

2258 5766 2409 5842 ήξειν
2452 5766 2655 5834 ταχέως
2693 5766 2769 5827 εἰς
2804 5763 2905 5833 τὴν
2953 5759 3232 5825 προτέραν
3282 5755 3639 5811 κατάστασιν.
3688 5747 3807 5811 Εἶτα
