4098 6272
351 364 457 473 trrr
1744 406 2026 469 ORATIO
2070 409 2186 474 nr.
3482 394 3586 457 438

312 562 319 565 ι
349 520 707 593 ἀλισκόμεθα,
728 522 807 582 εἷς
845 512 1146 590 προῦπτον,
1176 521 1250 582 ὡς
1276 519 1475 584 εἰπεῖν,
1497 519 1748 574 κίνδυνον
1767 521 1919 589 ἡμᾶς

2047 533 2215 572 »ιιιιιεε
2256 516 2439 571 omnia
2473 514 2614 570 mala
2649 517 3054 582 perpetrantes,
3107 508 3174 563 ab
3221 522 3369 563 omni
3404 505 3585 574 culpa.

351 618 550 679 αὐτοὺς
609 614 954 675 ἐκδιδόντες,
993 614 1174 665 ἐκεῖνα
1226 612 1502 683 δήπουθεν
1554 612 1909 682 πράττοντες,

2047 623 2296 663 mmunes
2323 622 2568 661 essemus
2594 621 2609 669 ;
2638 602 2837 674 quippe
2867 615 3026 655 nemo
3059 599 3258 654 malum
3284 596 3419 652 facit
3445 596 3588 665 quod

351 710 492 777 amp
533 712 579 761 ei
617 704 761 777 ἦμεν
794 708 1069 775 ἐλεύθεροι
1116 708 1227 761 τῶν
1256 708 1360 779 ήδη
1404 707 1756 777 κρατούντων
1810 723 1917 759 παι

2047 701 2088 755 .b
2115 700 2271 754 iuitio
2304 698 2606 769 perfectum
2636 696 2707 751 sit
2736 703 2790 749 et
2820 693 3113 761 integrum,
3150 689 3243 744 sed
3282 688 3349 742 ab
3375 687 3590 756 exiguis
3676 708 3683 721 ν

351 797 853 867 ίιῶν,ῂσχυνόμεθα
907 796 973 850 ἂν
1024 797 1275 853 ἀκοῦσαι.
1333 798 1566 868 Τὰ-γὰρ
1607 798 1915 866 κρυφότερα

2052 799 2071 843 ι
2101 806 2223 860 quae
2260 788 2409 859 parvi
2442 786 2697 841 momenti
2744 792 2873 840 sunt
2917 782 3186 843 ordimur,
3237 779 3491 849 exiguum
3526 791 3593 831 ac

353 888 614 942 δοκοῦντα
645 889 753 942 τῶν
802 890 1023 958 φαύλων
1056 889 1232 958 ἔργων
1286 867 1546 959 εὐχερῶς
1580 890 1929 959 πράττομεν,

2047 896 2135 937 eve
2166 882 2426 934 damnum
2461 877 2702 932 facturos
2732 888 2832 929 nos
2880 871 3281 933 existimantes,
3340 867 3589 935 volupta-

357 980 719 1049 ὲξαπατώσης
754 981 895 1043 τινὸς
931 981 1166 1042 ἐλπίδος,
1198 980 1486 1049 δεικνύσης
1508 981 1606 1050 τὴν
1631 980 1919 1050 διόρθωσιν

2047 986 2248 1039 emque
2288 979 2669 1041 percepturos,
2701 975 2756 1022 et
2784 964 3036 1019 celeriter
3061 962 3124 1016 ad
3160 959 3439 1046 pristinam
3465 972 3597 1011 con-

358 1073 412 1122 ὲν
443 1074 624 1138 χεροῖν
658 1068 823 1131 εἷναι,
857 1071 1112 1141 καθάπερ
1139 1073 1242 1142 ἥδη
1275 1073 1622 1142 προείρηται.
1657 1075 1769 1126 Οὐκ
1804 1072 1919 1125 ἔστι

2047 1065 2280 1119 litionem
2319 1076 2663 1117 reversuros.
2684 1058 2884 1114 Deinde
2916 1056 3162 1127 capimur
3193 1056 3245 1108 in
3281 1051 3596 1122 pravisum'

359 1163 415 1212 δὲ
458 1163 651 1227 τοῦτο,
702 1163 802 1214 οὐκ
848 1162 994 1214 ἔστιν
1020 1179 1033 1193 ·
1066 1163 1204 1215 ἀλλὰ
1252 1164 1567 1216 τούναντίον
1599 1164 1743 1217 ἅπαν
1780 1164 1919 1216 ἐστί.

2047 1162 2085 1206 ιι
2106 1153 2182 1206 ita
2210 1152 2411 1215 dicam,
2435 1149 2735 1218 periculum
2761 1154 2977 1202 nosmet
3008 1146 3156 1214 ipsos
3183 1143 3397 1204 dantes,
3424 1152 3600 1207 caque

358 1252 513 1307 Μετὰ
561 1254 669 1320 γὰρ
718 1252 778 1303 τὸ
811 1252 1045 1320 σμικρὸν
1094 1254 1452 1316 ύπενδοῦναι,
1484 1254 1925 1322 ὀλιγωρήσαντες

2047 1242 2446 1296 :ommittentes.
2466 1254 2609 1308 qua,
2641 1238 2689 1291 si
2721 1253 2765 1291 a.
2792 1237 2935 1291 vitiis
2970 1236 3093 1289 illis.
3114 1249 3365 1289 essemus
3400 1234 3597 1285 immu-

359 1342 453 1393 τοῦ
491 1342 850 1410 καθήκοντος,
890 1344 994 1394 ὑπὸ
1029 1344 1200 1398 τῶνδε
1230 1344 1340 1397 τῶν
1372 1344 1564 1397 δεινῶν
1596 1341 1927 1412 κηλούμενοί

2047 1348 2125 1388 tes
2153 1331 2405 1402 quatiam
2443 1345 2624 1384 rerum
2662 1330 2716 1381 in
2754 1327 2911 1381 nobis
2954 1326 3256 1395 petiuntur,
3301 1323 3381 1376 vel
3413 1322 3601 1374 audire

362 1451 421 1485 τε
451 1438 543 1488 καὶ
575 1435 1005 1504 τυραννούμενοι
1058 1437 1319 1506 συνεχῶς,
1364 1437 1476 1488 τῶν
1507 1435 1790 1499 σωζόντων
1840 1436 1930 1488 λο-

2047 1423 2224 1478 )ιιόοιί
2250 1421 2411 1475 nobis
2440 1428 2607 1475 esset.
2637 1414 2772 1471 Nam
2805 1416 2996 1470 vitiosa
3034 1414 3196 1477 facta,
3230 1427 3351 1482 quze
3397 1411 3598 1465 levima

364 1525 580 1592 γισμῶν
617 1526 1022 1594 ἐκτρεπόμεθα,
1063 1526 1185 1578 οὐδὲ
1220 1526 1348 1593 γοῦν
1382 1526 1493 1578 τῶν
1536 1528 1722 1595 ἄκρως
1762 1529 1932 1593 ὑπερ-

2047 1516 2311 1579 tidentur,
2354 1512 2515 1567 facile
2563 1520 2967 1580 perpetramus,
3021 1506 3325 1576 decipieute
3366 1519 3464 1557 nos
3509 1517 3604 1569 spe

368 1615 538 1667 εολῶν
576 1616 924 1684 φειδόμενον
967 1615 1054 1667 ῖνα
1081 1615 1139 1667 δὲ
1180 1616 1275 1667 καὶ
1321 1615 1419 1684 τὴν
1473 1614 1779 1683 ὑπερϐολὴν
1822 1613 1931 1667 τῶν

2047 1607 2265 1676 quadam
2300 1619 2423 1675 quae
2458 1603 2851 1658 correctionem
2882 1614 3003 1654 esse
3035 1598 3089 1651 in
3124 1596 3375 1651 manibus
3418 1604 3602 1648 osten-

352 1706 555 1758 xaxﬁw
586 1705 747 1768 εἴπω,
780 1705 858 1773 τῷ
900 1706 1013 1767 τοῖς
1044 1705 1283 1767 ἀνοσίοις
1328 1704 1565 1773 χρῆσθαι
1615 1702 1934 1771 φιλοτιμού-

2047 1698 2135 1761 1ἰι,
2169 1694 2627 1765 quemadmodum
2656 1694 2770 1762 jam
2820 1698 2945 1745 ante
2995 1689 3197 1742 dictum
3223 1696 3350 1752 :est.
3402 1684 3600 1738 Verum

373 1795 537 1864 μεθα,
563 1796 660 1849 καὶ
690 1796 776 1863 ἐφ’
806 1790 887 1858 οἷς
912 1776 1079 1864 ἐγρῆν
1108 1794 1485 1863 αἰσχύνεσθαι,
1518 1796 1678 1863 ἡμεῖς
1708 1793 1765 1846 δὲ
1793 1794 1930 1847 πάν-

369 1903 474 1945 τως
514 1888 606 1940 καὶ
638 1886 1042 1955 σεμνυνόμεθα,
1087 1886 1230 1938 κατὰ
1276 1885 1401 1948 τοὺς
1454 1884 1793 1955 μελαγχολίᾳ
1843 1900 1936 1937 κε-

372 1978 774 2046 κρατημένους.
822 1978 1082 2037 Εἰκότως.
1119 1976 1226 2029 Τὸν
1262 1976 1370 2045 γὰρ
1413 1974 1509 2028 τοῦ
1560 1974 1935 2044 προσήκοντος

368 2065 732 2131 ἐκτραπέντα,
784 2068 877 2117 καὶ
926 2064 1217 2133 πράγμασι
1260 2063 1685 2134 λυμαινομένοις
1729 2062 1935 2131 σφόδρα

272 2178 279 2185 η
368 2156 464 2205 τὸν
496 2154 647 2221 νοῦν,
674 2155 930 2218 καθάπαξ
959 2156 1153 2209 ἑαυτὸν
1182 2155 1543 2219 ἐκδεδωκότα,
1580 2155 1680 2208 οὐκ
1710 2154 1937 2218 ἀπεικὸς

366 2244 821 2312 τετυφλωμένους
850 2243 1045 2315 ἔχοντα
1072 2244 1201 2307 τοὺς
1235 2245 1536 2314 λογισμοὺς
1568 2246 1934 2314 παραπαίειν,

367 2332 611 2401 ᾰπουπερ
641 2331 707 2384 ἂν
735 2335 1025 2402 πορεύοιτο
1054 2337 1148 2389 καὶ
1174 2334 1406 2403 βαδίζοι.
1439 2330 1565 2403 'Ap'
1587 2335 1759 2398 οὕτως
1786 2334 1939 2405 ἔχον-

369 2438 469 2484 τες
484 2422 760 2492 ἄνθρωποι
784 2424 907 2477 λίαν
928 2424 1211 2492 ὀλιγώρως
1237 2427 1367 2495 περὶ
1393 2425 1463 2477 τὰ
1501 2426 1714 2486 δέοντα.
1746 2422 1865 2481 εἶτά
1884 2445 1955 2519 τι.

374 2515 679 2583 πάσχοντες
719 2512 750 2584 ἢ
789 2514 1096 2579 ποιοῦντες,
1130 2516 1267 2585 ὅπερ
1308 2517 1367 2566 ιν
1414 2516 1579 2585 μοίρᾳ
1606 2516 1714 2569 τῶν
1743 2517 1803 2568 ού
1834 2533 1939 2570 κα-

371 2605 503 2668 λῶν,
542 2606 768 2667 ἄκοντές
817 2623 900 2659 σοι
951 2604 1178 2672 δόξομεν
1207 2607 1313 2659 ὑπὸ
1342 2606 1576 2671 εὐθύνας
1610 2603 1753 2661 εἶναι
1775 2627 1790 2674 ;
1836 2609 1942 2661 Οὐ-

373 2695 583 2762 δαμῶς·
615 2695 737 2748 οὐδὲ
765 2696 873 2762 γὰρ
900 2712 966 2747 συ
977 2696 1208 2764 μὸαῖνον
1233 2698 1299 2767 τῇ
1332 2697 1617 2766 φρονήσει,
1641 2697 1748 2750 κᾶν
1783 2696 1941 2751 οὔπω
1984 2708 1987 2711 ’

374 2800 438 2851 γε
466 2787 544 2847 είς
575 2786 777 2854 ἄνδρας
802 2788 985 2856 τελῇς.
1021 2787 1085 2839 El
1116 2787 1228 2859 γὰρ
1273 2788 1338 2853 δὴ
1386 2790 1485 2841 καὶ
1535 2789 1758 2861 ἔρχεται
1801 2790 1941 2860 πρὸς

372 2878 518 2945 ἡμᾶς
552 2876 621 2929 τὰ
651 2878 800 2945 πάθη
831 2879 968 2948 μετὰ
1004 2879 1229 2948 πολλῆς,
1274 2879 1351 2943 ὡς
1393 2878 1460 2933 ἄν
1505 2895 1590 2943 τις
1637 2883 1807 2946 εῐποι,
1840 2882 1940 2951 τῆς

372 2968 576 3037 σκηνῆς
613 2970 709 3021 καὶ
756 2970 857 3038 τῆς
903 2970 1269 3040 ὑποκρίσεως,
1323 2969 1441 3024 ἀλλ’
1488 2972 1620 3025 αὐτό
1669 2988 1731 3039 γε
1778 2971 1941 3027 τοῦτο

375 3060 523 3127 ἡμᾶς
551 3061 610 3111 ού
647 3060 839 3130 λέληθε
878 3061 1121 3124 πάντως.
1151 3061 1227 3126 ὡς
1267 3062 1522 3125 ὑπούλως
1572 3062 1814 3134 ἔρχεται,
1846 3064 1939 3118 καὶ

2036 1789 2260 1842 minime
2284 1801 2370 1841 res
2393 1788 2465 1840 ita
2489 1792 2802 1855 comparata
2824 1792 2928 1847 est,
2956 1781 3048 1837 sed
3081 1780 3241 1851 plane
3269 1779 3601 1834 contrarium

2036 1878 2091 1933 in
2116 1876 2359 1933 modum.
2390 1874 2750 1943 Posteaquam
2787 1873 2933 1927 enim
2984 1872 3243 1942 pusillum
3292 1870 3602 1925 remisimus

2035 1970 2279 2040 neglecto
2302 1966 2500 2029 oﬂicio,
2534 1965 2692 2020 malis
2720 1964 2825 2019 illis
2868 1965 3133 2020 continuo
3166 1976 3268 2017 nos
3291 1961 3605 2015 demulcen-

2035 2063 2207 2125 tibus,
2230 2070 2284 2114 et
2308 2059 2361 2113 in
2394 2065 2714 2128 potestatem
2750 2070 2816 2110 ac
2836 2046 2839 2051 ί
2859 2054 3179 2110 servitutem
3212 2053 3603 2122 redigt-utilius,

2037 2168 2067 2208 a
2090 2151 2514 2220 cogitationibus
2538 2147 2700 2203 saluti
2724 2145 3134 2202 consulentibus
3150 2144 3221 2199 ita
3244 2142 3606 2208 deﬂectimus,

2037 2252 2097 2299 ut
2123 2259 2191 2299 ne
2214 2226 2384 2297 abiis
2409 2240 2653 2310 quidem,
2681 2253 2803 2308 qua:
2835 2245 3077 2292 extreme
3104 2234 3269 2289 nimia
3299 2244 3446 2297 sunt,
3481 2234 3608 2287 abs-

2038 2338 2329 2392 tineamus.
2375 2335 2545 2403 Atque
2575 2332 2653 2386 uti
2688 2316 2953 2385 malorum
2982 2328 3425 2397 exsuperantiam
3466 2326 3604 2379 indi-

2038 2443 2178 2493 cem,
2218 2440 2378 2482 usum
2407 2424 2755 2480 scelestarum
2789 2420 3036 2476 inlaude
3058 2420 3332 2489 ponimus,
3362 2427 3414 2472 et
3437 2418 3507 2472 ob
3544 2433 3605 2471 ea

2039 2533 2269 2587 quorum
2303 2531 2402 2571 nos
2432 2516 2635 2585 pudere
2662 2512 3087 2582 debebat,plane
3111 2509 3453 2581 gloriabundi
3475 2523 3605 2564 nos-

2039 2616 2153 2664 met
2188 2608 2560 2670 ostendamus,
2586 2618 2777 2659 eorum
2811 2617 2964 2658 more
2991 2602 3087 2672 qui
3124 2601 3480 2656 melancholia
3534 2600 3612 2654 la-

2039 2698 2253 2754 borant.
2283 2695 2395 2751 Nec
2420 2696 2517 2750 abs
2550 2709 2627 2749 re.
2650 2693 2785 2749 Nom
2832 2694 2925 2762 qui
2960 2693 3029 2748 ab
3061 2691 3238 2747 olilcio
3270 2690 3506 2756 deﬂexit,
3530 2706 3612 2744 re-

2040 2788 2251 2857 busque
2307 2795 2543 2841 mentem
2578 2785 2732 2840 valde
2757 2783 3231 2853 corrumpentibus
3262 2782 3496 2852 seipsum
3520 2796 3612 2836 se-

2042 2880 2148 2935 mel
2174 2879 2403 2942 addixit,
2434 2893 2558 2932 eum
2598 2884 3023 2933 consentaneum
3055 2882 3141 2930 est
3164 2874 3217 2928 in
3250 2874 3340 2930 illa
3368 2873 3611 2928 caecitate

2040 2969 2456 3039 cogitationum,
2508 2981 2836 3037 quocunque
2888 2966 3103 3020 tandem
3162 2974 3350 3037 pergat
3401 2964 3613 3033 iterque

2040 3059 2310 3128 dirigat,a
2348 3067 2494 3113 recta
2535 3054 2948 3113 viadellectere.
2982 3054 3121 3109 Num
3148 3068 3278 3121 ergo
3309 3068 3407 3109 nos
3431 3042 3611 3108 homi-

375 3153 457 3211 εἰς
498 3152 597 3214 τὰς
631 3150 808 3220 ψυχὰς
862 3153 1207 3223 καταμικρδν
1261 3152 1632 3208 ύπεισδύιται.
1691 3156 1800 3208 Καὶ
1844 3153 1943 3226 τὴν

2047 3166 2141 3206 nes
2168 3146 2338 3220 usque
2371 3148 2507 3203 adeo
2535 3148 2867 3219 negligentes
2910 3146 2965 3201 in
2997 3147 3147 3201 omni
3180 3146 3378 3211 cilicio,
3408 3147 3454 3201 si
3479 3146 3611 3214 quid

376 3240 555 3309 ἀρχὴν
608 3240 859 3293 εἰσδύντα
923 3242 1351 3313 δουλοπρεπῶς,
1416 3242 1611 3296 ἔπειτα
1674 3244 1940 3313 κατάρχει

375 3329 713 3393 δεσποτικῶς
738 3348 751 3363 ο
790 3333 887 3385 καὶ
922 3334 949 3385 ό
989 3334 1049 3389 τὸ
1078 3333 1233 3396 τέλος
1263 3333 1441 3397 εἰδὼς,
1494 3336 1589 3387 καὶ
1618 3335 1719 3403 τὴν
1754 3336 1933 3405 ἀρχὴν

380 3421 479 3490 οὐχ
528 3410 835 3487 ὑποσοϐῶν,
871 3423 1099 3486 δικαίως
1134 3423 1200 3478 ἃν
1240 3422 1522 3477 εὐθύνοιτο
1569 3427 1664 3480 καὶ
1694 3425 1823 3495 περὶ
1848 3423 1942 3477 τοῦ

380 3510 589 3572 τέλους.

2038 3241 2237 3297 deinde
2267 3240 2353 3295 vel
2389 3240 2664 3308 patiamur
2690 3239 2773 3295 vel
2798 3239 3065 3296 faciamus
3090 3239 3328 3294 alienum
3354 3239 3422 3292 ab
3448 3239 3615 3293 Itone-

2039 3342 2147 3395 sto,
2182 3330 2338 3386 inviti
2363 3330 2579 3400 culpam
2610 3329 2877 3385 sustinere
2910 3329 3009 3385 tibi
3034 3328 3378 3383 videbimur?
3404 3327 3618 3398 Nequa-

2040 3440 2223 3495 quam.
2256 3423 2374 3479 Non
2407 3423 2549 3478 enim
2583 3424 2724 3493 apud
2781 3422 3106 3490 prudentem
3139 3422 3251 3477 hoc
3307 3422 3505 3476 habere
3533 3421 3614 3473 lo-

2043 3530 2164 3571 cum
2194 3523 2390 3585 potest,
2422 3513 2637 3568 etiamsi
2666 3512 2876 3567 virilem
2908 3511 3139 3567 necdum
3166 3518 3377 3564 aetatem
3425 3509 3618 3578 attige—

384 3602 482 3655 ris.
515 3602 649 3656 Nam
681 3620 989 3674 quanquam
1020 3607 1283 3663 accedunt
1314 3610 1378 3662 ad
1417 3624 1517 3664 nos
1566 3610 1705 3663 mala
1759 3610 1952 3674 multo,
1990 3619 2050 3665 ut
2074 3610 2153 3664 sic
2176 3610 2389 3679 loquar,
2416 3623 2551 3662 eum.
2572 3614 2836 3677 apparatu
2863 3606 3088 3661 scenico
3114 3612 3171 3660 et
3241 3602 3615 3666 simulatione,

387 3701 566 3747 tamen
627 3697 728 3766 ipsi
768 3680 1112 3768 nequaquam
1170 3700 1575 3769 ignoramusea
1622 3702 1849 3757 subdole
1897 3716 1962 3755 ac
2032 3700 2404 3774 fraudulenter
2481 3698 2765 3762 accedere,
2840 3695 3211 3766 paulatimque
3276 3705 3492 3749 tiostros
3562 3697 3613 3749 iu

387 3785 601 3839 animos
636 3788 909 3853 irrepere:
941 3802 1178 3858 cumque
1240 3790 1492 3845 servilem
1560 3790 1614 3843 in
1678 3790 1901 3844 modum
1950 3788 2104 3843 initio
2157 3791 2446 3858 irrepsere,
2503 3788 2761 3855 deinceps
2814 3782 3061 3841 heriliter
3112 3784 3404 3854 imperium
3456 3801 3616 3841 exer-

383 3881 526 3924 cent.
557 3872 674 3928 Jam
701 3874 790 3944 qui
824 3874 985 3929 tinem
1009 3885 1355 3946 perspectum
1380 3877 1613 3944 habens,
1640 3878 1969 3948 principium
2007 3887 2320 3943 nonarcet,
2352 3878 2400 3935 is
2432 3877 2600 3934 etiam
2656 3874 2853 3932 merito
2909 3876 3123 3947 culpam
3211 3877 3336 3932 linis
3402 3879 3617 3948 prasti-

381 3964 541 4021 terit.

463 4056 688 4125 ’Δληθὲς
718 4051 813 4109 οὖν
834 4095 849 4120 ,
884 4054 1064 4128 οἶμαι,
1114 4060 1365 4127 φανεῖται
1413 4061 1582 4114 πᾶσιν
1611 4060 1943 4131 ἀνθρώποις,

382 4149 458 4209 ὡς
486 4150 553 4200 τά
586 4148 846 4200 δοκοῦντα
877 4148 1047 4215 κακὰ,
1089 4149 1139 4201 εί
1178 4151 1279 4219 μὲν
1304 4148 1454 4205 ἐστιν
1486 4151 1724 4221 ἀληθῶς,
1760 4153 1824 4206 ὲκ
1851 4154 1949 4223 τῆς

384 4238 760 4307 προαιρέσεως
791 4238 891 4308 τὴν
936 4238 1118 4310 ἀρχὴν
1163 4239 1319 4309 ἔχει·
1377 4242 1427 4294 εί
1476 4242 1532 4294 δὲ
1571 4243 1671 4295 οὐκ
1708 4243 1951 4295 ἐστινέκ

384 4330 776 4400 προαιρέσεως,
822 4331 945 4384 οὐδὲ
994 4330 1230 4401 ὑπάρχει
1280 4332 1588 4387 τοσύνολον.
1641 4333 1803 4387 Ἀλλὰ
1842 4332 1949 4402 μὴν

385 4423 453 4473 τὰ
476 4421 621 4472 κακὰ
642 4422 736 4472 τὸν
770 4420 966 4489 θνητὸν
995 4422 1400 4491 περιπολοῦντα
1433 4424 1686 4492 φαίνεται
1717 4426 1963 4494 κόσμον,-

2128 4060 2314 4130 Itaque
2348 4059 2634 4115 manifesto
2667 4074 2852 4116 verum
2880 4074 3001 4117 esse
3031 4068 3205 4130 paret,
3248 4060 3464 4132 opinor,
3518 4065 3619 4118 ho-

2056 4152 2297 4208 minibus
2342 4151 2634 4215 universis,
2686 4166 2807 4221 qua:
2859 4150 3001 4206 mala
3055 4161 3334 4222 putantur,
3394 4155 3439 4209 si
3498 4172 3622 4211 vere

2057 4244 2196 4297 mala
2222 4244 2349 4307 sint,
2386 4243 2454 4297 ab
2482 4243 2648 4297 animi
2677 4244 2945 4298 electione
2974 4244 3203 4313 primam
3231 4247 3492 4316 originem
3528 4248 3624 4301 du-

2055 4348 2221 4388 cere:
2259 4336 2344 4388 sin
2369 4333 2437 4387 ab
2464 4333 2727 4388 electione
2780 4348 2885 4387 non
2938 4335 3372 4403 proﬁciscantur,
3400 4351 3624 4406 prorsus

2053 4439 2133 4478 ea
2158 4439 2225 4477 ne
2270 4423 2487 4493 quidem
2544 4416 2829 4477 exsistere.
2866 4424 3094 4479 At‘vero
3150 4424 3291 4479 mala
3342 4427 3622 4481 mortalem

387 4516 530 4569 κατὰ
556 4518 650 4567 τὸν
681 4516 970 4572 Πλάτωνα.
1003 4516 1170 4568 Ὥστε
1201 4517 1501 4584 ἀναγκαῖον
1541 4519 1621 4579 είς
1659 4519 1837 4571 ταῦτα
1865 4518 1948 4571 αἱ·

2056 4516 2206 4577 liunc
2253 4514 2408 4569 obire
2464 4514 2727 4569 mundum
2788 4513 2979 4584 palam.
3017 4524 3123 4582 est,
3168 4516 3623 4585 quemadmodum

386 4607 604 4660 τιᾶσοαι
644 4606 740 4674 τὴν
776 4607 1102 4676 προαίρεσιν
1143 4606 1335 4677 μόνην,
1373 4608 1432 4661 οὐ
1467 4609 1544 4677 τῷ
1588 4609 1866 4678 αἱρεῖσθαι
1896 4610 1957 4662 τὸ

389 4696 561 4749 κακὸν
600 4697 706 4765 πρὸ
730 4696 824 4749 τοῦ
852 4695 1059 4761 ἀγαθοῦ
1092 4698 1219 4759 τοὺς
1253 4696 1597 4767 ἀνθρώπους,
1622 4700 1955 4771 ἀλλ’θάπάτῃ

390 4804 452 4839 τε
490 4788 581 4839 καὶ
617 4787 938 4856 διαμαρτίᾳ,
981 4786 1055 4849 ὡς
1084 4787 1149 4857 δὴ
1185 4788 1277 4841 διὰ
1303 4789 1570 4841 πλειόνων
1602 4790 1658 4841 ὲν
1685 4792 1795 4852 τοῖς
1824 4791 1957 4859 πρόο

396 4879 522 4931 σθεν
546 4878 762 4948 εἴρηται
792 4878 926 4945 παρ’
968 4880 1159 4947 ἡμῶν,
1192 4879 1285 4931 καὶ
1332 4878 1426 4932 νῦν
1456 4875 1609 4941 αὖθις
1650 4883 1954 4950 είρήσεται.

396 4972 625 5037 Ἀγνοια
655 4969 717 5038 δή
746 4985 853 5034 τις,
887 4970 1084 5037 ἄγνοια
1108 4970 1170 5021 τδ
1206 4970 1401 5033 κακὸν,
1447 4971 1496 5023 εί
1542 4971 1623 5022 δεῖ
1675 4973 1956 5037 συντόμως

390 5064 589 5113 εἰπεῖν.
642 5061 761 5129 Χρὴ
804 5060 863 5112 δὲ
907 5062 1059 5112 τουτὶ
1105 5061 1165 5114 τὸ
1211 5060 1335 5115 κατ’
1360 5060 1589 5127 ἄγνοιαν
1620 5063 1957 5133 σαφέστερον

389 5150 721 5204 ἀποδοῦναι’
783 5152 857 5220 μή
908 5168 1040 5205 ποτε
1094 5151 1337 5221 δόξωμέν
1390 5169 1535 5206 τισιν
1586 5155 1718 5222 ἡμῖν
1772 5155 1958 5218 αὐτοῖς

390 5241 779 5309 περιπίπτειν,
810 5241 925 5293 ἀνθ’
972 5236 1049 5293 ὦν
1105 5243 1510 5311 ἀπεφηνάμεθα
1550 5244 1615 5296 τὰ
1663 5244 1809 5298 κακὰ
1857 5248 1958 5314 τῆς

387 5332 772 5402 προαιρέσεως
815 5333 986 5400 μόνης
1040 5326 1206 5396 εἶναι,
1266 5332 1442 5386 ἔπειτ’
1495 5330 1654 5397 αὖθις
1702 5336 1954 5405 λέγομεν,

390 5426 625 5493 ’Δγνοια
653 5424 714 5476 τὸ
752 5425 943 5477 κακόν.
997 5424 1110 5476 Οὐκ
1145 5425 1261 5478 ἐστι
1310 5425 1367 5479 δὲ
1401 5426 1562 5481 τοῦτο
1613 5426 1806 5494 πάθος,
1857 5427 1958 5480 οὐκ

384 5517 533 5567 ἔστιν
564 5514 836 5578 ἐνταυθοῖ,
866 5514 969 5568 κᾶν
999 5515 1150 5585 δοκῇ,
1184 5517 1233 5569 εί
1268 5514 1345 5587 μὴ
1371 5518 1721 5570 παντάπασιν
1764 5517 1957 5588 ἄγροι-

386 5625 479 5666 κος
513 5607 644 5675 ἐγώ.
679 5608 785 5660 Καὶ
810 5607 875 5677 δὴ
907 5607 1316 5679 συμόιόαστέον
1348 5609 1446 5663 ὡδὶ
1484 5610 1576 5662 τὸν
1611 5610 1801 5678 λόγον,
1834 5609 1956 5663 οὐδὲ

386 5702 516 5768 πρὶν
565 5700 881 5770 ἀσύμδατον
914 5699 1047 5754 ὄντα
1096 5703 1208 5765 τοῖς
1265 5718 1329 5768 γε
1382 5702 1565 5765 καλῶς
1616 5702 1952 5773 θεωρήσασι.

379 5794 528 5862 Φημὶ
556 5794 687 5873 γοῦν
726 5796 785 5848 τὸ
837 5794 959 5849 κατ’
990 5794 1217 5864 ἄγνοιαν
1257 5797 1531 5869 ἁμαρτεῖν
1564 5798 1832 5866 διττόν.γε
1861 5798 1955 5867 δή-

2060 4604 2213 4660 Plato
2244 4605 2483 4674 scripsit.
2518 4604 2857 4674 Quapropter
2910 4609 3277 4662 necessarium
3309 4620 3391 4663 est
3446 4620 3504 4663 ut
3529 4625 3625 4663 eo~

2059 4711 2177 4749 rum
2208 4709 2427 4748 causam
2462 4695 2525 4747 ad
2553 4695 2719 4749 animi
2747 4696 2917 4751 solam
2950 4697 3268 4753 electionem
3299 4698 3622 4763 referamus,

2060 4802 2166 4840 non
2203 4788 2345 4855 quod
2378 4787 2580 4840 malum
2619 4802 2728 4856 prae
2759 4787 2907 4842 bono
2952 4789 3213 4844 mortales
3248 4791 3472 4859 eligant.
3527 4795 3623 4848 sed

2056 4880 2201 4946 quod
2236 4879 2549 4946 itnpostura.
2570 4886 2624 4932 et
2653 4893 2807 4931 error
2834 4878 3225 4945 iuterveniant,
3269 4884 3624 4950 quemadmo-

2057 4966 2189 5021 dum
2222 4969 2737 5037 pluribusauteliac
2761 4970 2977 5025 auobis
3007 4978 3086 5023 est
3123 4970 3447 5039 indicatum,
3484 4974 3628 5042 jam-

2057 5074 2165 5129 que
2216 5075 2425 5113 rursus.
2459 5069 2786 5128 exponetur.
2852 5061 3163 5129 Ignorantia.
3216 5078 3352 5119 saue
3398 5065 3624 5133 malum,

2056 5152 2358 5222 ignorantia
2384 5153 2626 5222 quaedam
2650 5162 2753 5215 est,
2784 5154 2847 5207 si-
2870 5154 3057 5221 paucis
3089 5154 3347 5224 explicari
3408 5172 3495 5211 res
3529 5157 3627 5212 de-

2056 5242 2185 5307 het;
2216 5252 2381 5313 atque
2413 5246 2513 5299 hoc
2549 5243 2775 5298 verbum
2833 5244 3140 5312 ignorantia
3176 5256 3426 5302 nostrqu
3469 5248 3626 5302 dilu-

2057 5335 2234 5391 cidius
2262 5336 2651 5391 declarandum
2682 5345 2803 5407 est,
2826 5352 2894 5391 ne
2944 5337 3161 5406 quibus.
3184 5338 3282 5407 ipsi
3318 5353 3418 5393 nos
3473 5353 3629 5391 ever-

2057 5437 2174 5481 tere
2226 5429 2529 5494 videamur,
2581 5428 2757 5497 quasi
2790 5404 2898 5498 pro
2929 5431 3191 5498 co.quod
3262 5431 3399 5482 mala
3454 5430 3627 5484 solius

2057 5519 2225 5573 animi
2256 5520 2541 5575 electionis
2577 5533 2700 5575 esse
2746 5521 3247 5589 pronuntiavimus.
3304 5532 3449 5572 nunc
3479 5517 3629 5572 dica-

2059 5628 2199 5675 mus,
2245 5614 2444 5670 malum
2478 5626 2601 5667 esse
2625 5612 3010 5682 ignorantiam.
3049 5612 3168 5663 Non
3195 5618 3276 5663 est
3304 5616 3484 5661 autem
3522 5609 3627 5662 huc

2058 5705 2266 5766 vitium,
2298 5721 2407 5763 non
2442 5715 2526 5759 est
2566 5704 2676 5767 hic,
2735 5704 2952 5759 tametsi
2998 5704 3261 5761 videatur,
3331 5697 3435 5751 nisi
3473 5713 3628 5766 pror-

2059 5812 2150 5852 sus
2185 5812 2286 5867 ego
2327 5796 2478 5855 rudis
2537 5811 2602 5851 ac
2643 5795 2933 5862 imperitus
2974 5807 3115 5845 sum.
3163 5790 3227 5845 Et
3282 5790 3624 5843 concifiauda
