4098 6272
518 342 625 403 439
722 388 729 393 .

1707 337 2096 399 MANUELIS
2120 337 2563 401 PALEOLOGI'

3657 342 3769 408 440

516 468 647 508 sane
687 450 862 505 oratio
889 456 973 504 est
1009 449 1110 502 hoc
1158 445 1389 510 quodam
1425 444 1605 510 modo,
1645 463 1745 500 nec
1807 456 1929 499 ante
1976 447 2078 502 sibi

2194 450 2387 500 πουθεν
2415 447 2572 503 εἶναι.
2602 453 2710 504 Καὶ
2743 452 2971 520 θάτερον
3001 453 3100 519 μὲν
3134 453 3443 521 συμϐαίνει,
3478 455 3559 525 τῷ
3588 457 3764 525 ὑπερ-

518 559 848 613 repugnans.
886 540 929 595 si
973 539 1076 608 ‘qtti
1133 538 1292 605 recte}
1322 554 1435 592 rem
1499 539 1919 592 considerarint.
1985 540 2083 592 Aio

519 636 681 703 igitur
712 642 988 700 peccatum
1029 644 1094 683 ex
1158 629 1463 699 ignorantia
1498 629 1694 697 duplex
1750 645 1896 693 esse,
1950 644 2085 695 quo-

519 740 636 777 rum
675 732 964 788 utrumque
994 719 1264 787 contingit
1294 734 1359 771 ex
1396 733 1462 772 eo
1502 717 1647 785 quod
1684 733 1770 772 res
1828 720 2087 785 ignorata:

517 822 774 882 superent
810 813 891 864 vel
957 811 1320 865 communiter
1382 811 1673 865 humanam
1728 820 1978 863 naturam
2033 818 2086 864 et

516 903 822 963 scientiam,
889 910 943 957 et
997 903 1399 966 dexteritatem,
1459 903 1541 955 vel
1593 903 1958 970 particulatim
2004 904 2085 955 fa-

514 996 771 1049 cultatem
807 995 1042 1056 alicuius
1078 996 1169 1063 qni
1209 996 1311 1048 hoc
1348 995 1548 1047 illudve
1578 995 1830 1047 didicerit
1864 1003 1957 1047 attt
1995 1009 2087 1048 co-

512 1086 779 1149 gnoverit.
841 1084 1000 1137 Verbi
1067 1085 1261 1150 gratia,
1329 1084 1646 1152 ignoramus
1710 1085 1914 1153 pariter
1968 1100 2083 1135 om-

512 1192 612 1229 tes
651 1177 775 1231 ςτειὶ
816 1185 1063 1228 naturam
1096 1185 1148 1229 et
1196 1175 1653 1244 magnitudinem,
1687 1184 1741 1228 et
1768 1190 1891 1243 quae
1920 1189 2084 1243 supra

514 1267 710 1316 cmltttlt
746 1276 876 1318 sunt
903 1274 1094 1332 etqua:
1136 1267 1239 1319 sub
1276 1276 1444 1318 terra.
1490 1266 1705 1318 Rursus
1738 1265 1971 1332 quidam
2000 1257 2081 1317 sic

514 1365 861 1423 comparatus
919 1372 1024 1409 non
1073 1365 1156 1409 est
1206 1364 1264 1407 ut
1301 1368 1490 1407 orator
1523 1371 1645 1409 esse
1677 1357 1873 1423 possit,
1907 1356 1989 1408 vel
2030 1356 2084 1409 in

516 1456 742 1497 extenso
771 1443 898 1497 fune
929 1445 1132 1499 saltare
1153 1444 1345 1496 oculis
1369 1445 1624 1509 obligatis
1661 1446 1852 1506 linteo,
1887 1462 2085 1514 quem-

518 1534 811 1587 admodum
879 1534 1057 1588 l'acere
1085 1535 1381 1587 nonnullos
1417 1535 1687 1590 videmus.
1713 1537 1787 1589 Ex
1827 1536 1909 1588 his
1940 1551 2087 1603 qua:-

531 1641 749 1693 cunqne
808 1642 969 1694 supra
1008 1641 1113 1679 non
1148 1628 1320 1693 posita
1353 1634 1518 1689 sunt,
1552 1625 1618 1681 de
1650 1626 1716 1681 iis
1745 1636 1804 1680 ut
1837 1628 2086 1681 dicamus

520 1719 746 1772 minime
783 1733 1005 1771 necesse
1036 1728 1139 1772 est.
1179 1719 1389 1787 Quippe
1424 1720 1507 1771 vel
1540 1734 1685 1773 caeco
1733 1720 2081 1774 manifestum

521 1818 626 1872 est,
660 1810 735 1861 ttti
772 1809 1063 1877 proverbio
1092 1808 1284 1869 fertur.
1309 1824 1370 1862 ea
1404 1824 1503 1863 nec
1533 1824 1655 1863 esse
1684 1818 1867 1863 nostra
1905 1811 1958 1863 in
1994 1826 2089 1878 po—

527 1909 746 1963 testate,
801 1914 901 1953 nec
957 1899 1279 1967 ignorantia:
1320 1900 1538 1953 nomine
1575 1914 1675 1955 nos
1705 1902 1900 1956 teneri.
1933 1900 2095 1965 Quae-

524 2006 739 2058 cunque
800 2006 931 2044 vero
984 1990 1053 2043 ab
1115 1990 1393 2058 aliquibus
1451 1991 2091 2059 ignorantur,aliquibus

526 2094 649 2137 nota
700 2092 848 2145 sunt,
908 2099 969 2137 ea
1009 2095 1159 2151 paret
1182 2100 1304 2139 esse
1350 2094 1536 2138 nostra
1587 2086 1639 2137 in
1694 2092 1984 2154 potestate.
2026 2086 2087 2137 in

523 2178 724 2245 quibus
792 2176 1046 2230 omnibus
1105 2176 1246 2228 haud
1312 2177 1561 2245 equidem
1630 2178 1869 2231 a’rbitror
1940 2193 2091 2232 com-

526 2283 747 2321 munem
806 2261 1059 2336 nzituram
1105 2277 1156 2320 et
1214 2267 1498 2329 notitiam,
1560 2276 1613 2320 et
1667 2268 1984 2329 scientiam,
2036 2277 2090 2321 et

527 2361 900 2414 dexteritatem
954 2360 1271 2412 ullosmodo
1322 2360 1668 2425 culpandam,
1695 2359 1789 2413 sed
1830 2376 2092 2427 quorum-

526 2451 649 2502 dam
709 2451 979 2505 inscitiam
1027 2460 1080 2504 et
1137 2458 1505 2515 contemptum
1576 2450 1696 2516 ejus
1748 2451 1891 2518 quod
1954 2466 2088 2517 prm-

524 2544 735 2596 clarum
793 2553 846 2596 et
913 2543 1111 2594 bonum
1164 2551 1267 2595 est.
1331 2539 1543 2608 Quippe
1599 2556 1697 2594 nec
1762 2543 2087 2593 instructum

506 2646 645 2688 esse
690 2633 934 2687 doctrina
989 2646 1087 2686 nec
1129 2647 1309 2684 rerum
1367 2633 1706 2697 egregiarum
1763 2633 2090 2694 studiosum,

526 2722 621 2775 sed
681 2722 963 2791 profutura
1017 2722 1305 2788 ignorare,
1358 2720 1472 2785 iila,
1532 2722 1785 2789 inquam.
1824 2738 1943 2791 quze
1993 2738 2093 2774 no-

457 2801 460 2805 .
524 2815 621 2869 stri
679 2816 950 2868 similibus
997 2814 1181 2881 ignota
1252 2828 1356 2865 non
1409 2822 1557 2875 sunt,
1592 2814 1643 2866 id
1690 2829 1819 2865 vero
1857 2814 2092 2880 plerum-

524 2923 632 2974 que
673 2907 800 2960 facit
840 2914 899 2957 ut
928 2906 1051 2972 quis
1098 2906 1150 2957 in
1201 2904 1516 2958 excolendis
1558 2904 1715 2957 benis
1768 2905 2013 2956 moribus
2040 2914 2093 2957 ct

525 2999 706 3053 causis
737 2994 1067 3064 cognitionis
1094 2995 1371 3061 negligens
1392 2995 1463 3049 sit
1489 3012 1502 3048 :
1535 2994 1601 3048 de
1630 2997 1861 3048 consilio
1898 2996 2094 3063 loquor

2190 530 2506 592 ϐαίνειείτά
2563 543 2909 611 ἀγνοούμενα
2963 544 2995 607 ἢ
3051 548 3204 613 κοινῇ
3256 544 3357 614 τὴν
3406 546 3763 613 ἀνθρωπείαν

2188 629 2373 697 φύσιν,
2421 632 2516 683 καὶ
2547 635 2883 713 ὲιπιστήμην,
2932 636 3026 687 καὶ
3056 635 3364 705 δεξιότητα·
3414 637 3446 703 ἢ
3481 638 3580 706 τὴν
3611 640 3762 699 τινός

2180 736 2296 771 ,που
2328 720 2558 790 δύναμιν
2590 724 2858 790 μερικῶς,
2892 725 3030 793 πρὸς
3067 725 3127 777 τὸ
3172 726 3327 777 τοῦτο
3359 726 3388 792 ἢ
3425 728 3602 780 ἐκεῖνο
3650 744 3762 794 μα·-

2188 812 2303 863 θεῖν
2332 812 2364 881 ἦ
2394 815 2617 880 γνῶναι.
2665 807 2753 877 Ὠς
2785 818 2920 885 ὁμοῦ
2961 817 3061 885 μὲν
3094 818 3294 880 πάντες
3324 820 3423 870 οὐκ
3467 818 3627 895 ἴσμεν
3669 822 3765 871 οὐ-

2189 903 2352 972 ρανοῦ
2384 922 2443 956 τε
2484 906 2645 972 φύσιν
2676 910 2769 960 καὶ
2813 910 3066 976 μέγεθος,
3094 908 3162 961 τά
3204 926 3262 960 τε
3293 910 3433 978 ὑπὲρ
3465 910 3635 974 τόνδε,
3663 913 3765 964 καὶ

2188 995 2294 1047 ὑπὸ
2325 998 2447 1063 γῆν.
2505 999 2563 1051 Ὀ
2596 1000 2749 1052 δεῖνα
2788 1000 2845 1052 δὲ
2893 1001 2956 1052 οὐ
2998 1001 3242 1067 πέφυκεν
3272 996 3413 1053 εἶναι
3448 1003 3757 1070 ῥητορικὸς,

2187 1085 2218 1153 ἢ
2249 1074 2531 1154 ὀρχεῖσθαι
2568 1090 2661 1141 ἐπὶ
2697 1090 2911 1159 σχοίνου
2934 1091 3263 1159 τεταμένης,
3287 1090 3445 1160 ὀθόνῃ
3472 1092 3758 1159 δεδεμένος

2188 1179 2314 1239 τοὺς
2352 1178 2693 1246 ὀφθαλμοὺς,
2726 1180 2798 1243 ὥς
2839 1198 2992 1243 τινας
3030 1182 3246 1249 ὁρῶμεν
3298 1181 3613 1242 ποιοῦντας.
3650 1184 3761 1233 Καὶ

2186 1269 2288 1319 ὅσα
2324 1271 2422 1336 μὲν
2449 1272 2590 1341 ὑπὲρ
2624 1274 2794 1341 ἡμᾶς,
2834 1273 2951 1325 ἀλλ’
2981 1273 3103 1325 οὐδὲ
3148 1273 3327 1339 λέγειν
3369 1262 3499 1340 περὶ
3553 1272 3760 1323 τούτων

2186 1359 2422 1428 ἀνάγκη,
2464 1362 2557 1413 καὶ
2587 1364 2774 1431 τυφλῷ
2804 1364 2911 1432 γὰρ
2944 1364 3126 1431 δῆλον,
3165 1365 3351 1429 φασὶν,
3393 1364 3469 1423 ὡς
3502 1348 3617 1413 οὔθ
3642 1363 3761 1413 ἐστὶ
3798 1359 3804 1369 ’

2184 1448 2294 1499 τῶν
2325 1450 2411 1517 ἐφ’
2440 1452 2593 1519 ἡμῖν,
2640 1452 2763 1503 οὔτε
2815 1452 2974 1518 λόγον
3030 1453 3131 1520 τῆς
3184 1452 3410 1519 ἀγνοίας
3445 1452 3755 1519 ὀφείλομεν·

2186 1541 2284 1592 ὅσα
2313 1540 2358 1592 δ’
2391 1542 2495 1593 ὑπὸ
2530 1542 2639 1593 τῶν
2670 1545 2967 1607 ἀγνοεῖται,
3002 1545 3098 1595 καὶ
3126 1542 3230 1595 ὑπὸ
3260 1542 3368 1595 τῶν
3402 1542 3752 1609 γινώσκεται,

2186 1630 2346 1698 δῆλον
2381 1630 2455 1692 ὠς
2480 1631 2597 1684 ἐστι
2637 1634 2747 1684 τῶν
2799 1632 2885 1699 ἐφ’
2925 1634 3081 1701 ἡμῖν.
3137 1632 3228 1694 Είς
3259 1632 3293 1685 ἃ
3328 1632 3392 1701 δὴ
3426 1634 3604 1686 πάντα
3655 1633 3753 1701 τὴν

2190 1722 2378 1790 κοινὴν
2411 1721 2597 1789 φύσιν,
2649 1723 2745 1776 καὶ
2785 1723 3010 1790 γνῶσιν,
3045 1724 3139 1777 καὶ
3174 1724 3513 1793 ἐπιστήμην,
3549 1726 3644 1777 καὶ
3671 1725 3758 1777 δε-

2193 1810 2435 1880 ξιότητα,
2471 1812 2585 1865 οὐδ’
2640 1815 2947 1866 ὁπωστιοῦν
3002 1832 3091 1883 μοι
3137 1814 3312 1867 δοκῶ·
3359 1818 3458 1885 τὴν
3497 1816 3553 1868 δὲ
3594 1815 3757 1869 τινῶν

2192 1896 2554 1955 ἀπαιδευσίαν
2589 1904 2681 1955 καὶ
2738 1902 3151 1974 καταφρόνησιν
3201 1906 3337 1975 πρὸς
3387 1907 3447 1958 τὸ
3487 1906 3653 1959 καλόν
3696 1924 3754 1958 τε

2193 1995 2286 2046 καὶ
2316 1995 2519 2061 ἀγαθὸν
2570 1996 2845 2050 αἰτιατέον
2878 1999 3009 2066 ἡμῖν
3047 2000 3186 2051 ἐστι.
3220 2000 3293 2051 Τὸ
3323 2000 3434 2068 γάρ
3476 2000 3615 2066 μήτε
3661 2017 3755 2051 πε-

2192 2085 2554 2151 παιδευμένον
2583 2081 2748 2149 εἶναι,
2785 2087 2925 2154 μήτε
2967 2086 3277 2150 σπουδαῖον,
3311 2086 3427 2139 ἀλλ’
3453 2088 3668 2153 ἀγνοεῖν
3690 2086 3758 2136 τὰ

2192 2177 2530 2239 συνοίσοντα,
2586 2178 2730 2243 λέγω
2764 2178 2827 2247 δὴ
2874 2178 2943 2230 τὰ
2992 2180 3106 2241 τοῖς
3148 2179 3357 2246 ὁμοίοις
3391 2179 3493 2230 οὐκ
3528 2177 3759 2244 ἀγνοού-

2194 2286 2352 2337 μενα,
2390 2269 2449 2320 ἐκ
2474 2267 2569 2319 τοῦ
2591 2267 2874 2338 ὀλιγώρως
2904 2267 3050 2337 ἔχειν
3102 2268 3237 2338 πρὸς
3286 2269 3357 2320 τὰ
3408 2269 3756 2338 χρηστότερα

2189 2360 2298 2411 τῶν
2331 2359 2499 2429 ὴοῶν.
2535 2360 2629 2411 καὶ
2655 2360 2721 2411 τὰ
2752 2360 2854 2428 τῆς
2881 2359 3133 2429 γνώσεως
3168 2360 3339 2423 αίτια,
3364 2358 3437 2421 ὡς
3465 2359 3757 2412 ὲπιτοπολῦ

2192 2450 2435 2515 γίνεται’
2468 2448 2684 2519 ’βουλήν
2718 2466 2778 2502 τε
2828 2449 2992 2516 λέγω,
3044 2449 3139 2500 καὶ
3175 2448 3430 2516 μάθησιν,
3472 2448 3755 2514 ὠφελῆσαι

2190 2541 2500 2609 δυναμένην
2553 2540 2681 2602 τοὺς
2712 2539 3109 2609 κεκτημένους,
3158 2539 3250 2591 καὶ
3279 2538 3342 2607 δὴ
3378 2538 3470 2589 καὶ
3502 2536 3756 2607 τηλικαῦ-

2192 2649 2290 2700 την
2320 2631 2586 2698 σπουδὴν,
2621 2631 2794 2697 ὁπόση
2828 2630 2927 2699 τὴν
2958 2630 3135 2697 ψυχὴν
3167 2630 3297 2698 ἡμῖν
3323 2628 3535 2696 πέφυκε
3569 2629 3761 2698 βελτίω

2195 2708 2391 2783 ποιεῖν,
2430 2721 2796 2789 συλλέγουσαν
2844 2721 2913 2774 τὰ
2959 2720 3211 2790 βέλτιστα
3256 2721 3627 2789 πανταχόθεν·
3665 2721 3755 2771 καὶ
3842 2718 3845 2719 ⁷

2193 2816 2238 2865 εί
2276 2818 2336 2867 ἐκ
2371 2814 2466 2866 τοῦ
2504 2815 2578 2882 μὴ
2627 2815 2929 2882 μανθάνειν
2969 2830 3029 2866 τε
3081 2814 3173 2865 καὶ
3218 2813 3500 2878 συλλέγειν
3529 2813 3596 2863 τὰ
3626 2830 3757 2881 γρη-
3788 2870 3795 2875 ,

2194 2906 2423 2975 στότερα
2475 2905 2536 2955 τὸ
2586 2906 2802 2971 ἀγνοεῖν
2854 2904 2920 2956 τὰ
2973 2904 3228 2973 βέλτιστα
3284 2907 3551 2970 γίγνεταιο
3584 2903 3663 2971 τῷ
3700 2904 3756 2955 δὲ

2191 2997 2365 3048 ταῦτα
2412 2998 2627 3062 ἀγνοεῖν
2677 2996 2738 3046 τὸ
2770 2996 2953 3067 χεῖρον
2993 2994 3210 3047 ἑλέσθαι
3268 2994 3558 3062 συμϐαίνει
3584 3010 3599 3023 ·
3638 2990 3759 3063 ἠδὲ

524 3100 579 3143 et
625 3085 899 3149 doctrina,
972 3100 1093 3153 quae
1144 3085 1404 3153 prodesse
1461 3100 1519 3139 se
1577 3086 1816 3154 pra-ditis
1876 3096 2082 3154 potest;

2194 3087 2369 3156 κρίσις
2412 3085 2812 3155 προαιρέσεως·
2858 3086 2917 3137 τὸ
2953 3086 3011 3138 δὲ
3041 3084 3431 3156 προαιρεῖσθαι
3481 3083 3574 3135 τοῦ
3604 3086 3757 3136 ἑκον-

526 3177 764 3244 itemque
807 3176 872 3230 de
904 3176 998 3228 tali
1056 3176 1262 3239 studio,
1321 3178 1482 3246 quale
1515 3186 1601 3230 sat
1646 3177 1897 3231 idoneum
1935 3178 2089 3231 sitad

525 3266 871 3320 efﬁciendum
895 3266 1171 3319 meliorem
1198 3267 1439 3320 animum
1470 3278 1743 3330 nostrum,
1774 3269 1898 3321 dum
1934 3271 2092 3323 rebus

529 3375 591 3413 ex
646 3357 1135 3427 omnibtts'optima
1192 3359 1417 3424 colligit,
1473 3358 1592 3412 .Iam
1635 3359 1775 3413 side
1823 3362 2091 3430 inperitia

532 3449 884 3518 neglectuque
931 3450 1271 3503 collectionis
1298 3438 1486 3503 eorum
1518 3466 1635 3519 quae
1679 3451 1887 3519 potiora
1939 3462 2087 3513 sunt,

527 3541 859 3610 optimorum
883 3539 1152 3609 ignoratio
1178 3541 1454 3610 provenit:
1493 3557 1558 3595 ex
1592 3542 1693 3596 hac
1721 3552 1899 3596 autem
1937 3544 2090 3612 igno—

528 3630 738 3683 ratione
790 3629 1079 3684 deterioris
1125 3627 1359 3685 electio:
1404 3632 1582 3699 ipsum
1635 3647 1760 3684 vero
1796 3630 2089 3699 judicium,

528 3720 570 3771 si
598 3720 764 3771 animi
791 3719 1077 3774 electionis
1105 3728 1187 3774 est
1215 3737 1229 3773 :
1259 3722 1302 3773 si
1345 3722 1667 3775 electionem
1707 3724 1943 3793 denique
1973 3741 2096 3793 pro-

529 3812 712 3865 batum
747 3821 849 3875 est,
905 3823 1112 3881 partem
1162 3828 1284 3867 esse
1340 3815 1633 3868 voluntarii
1674 3834 1686 3869 :
1743 3816 1995 3884 Sequitur
2042 3818 2094 3872 id

528 3905 669 3970 quod
707 3906 905 3956 malum
930 3914 1013 3957 est
1033 3904 1162 3957 oriri
1191 3921 1255 3958 cx
1288 3906 1653 3973 ignoratione,
1681 3908 1814 3961 oriri
1847 3924 1907 3960 ex
1934 3910 2096 3962 insci-

530 3994 604 4045 tia
670 3995 1147 4064 ttcgligentiaque,
1194 3997 1325 4050 oriri
1377 4012 1439 4049 ex
1492 3998 1799 4051 inconsulta
1858 4001 2093 4068 quadam

530 4084 765 4137 amentia
785 4093 837 4139 et
868 4086 1121 4143 instituto
1152 4087 1339 4151 animi,
1366 4098 1528 4157 atque
1559 4098 1679 4143 esse
1707 4091 2094 4144 voluntarium.

530 4175 745 4243 Quippe
775 4175 1010 4230 siexorsi
1042 4177 1107 4229 ab
1133 4178 1489 4243 ignoratione,
1522 4194 1642 4247 quae
1666 4180 1887 4233 verticis
1925 4180 2098 4233 instar

529 4277 631 4328 est,
662 4267 727 4321 ad
789 4264 1576 4330 resolutionem'accedamus,
1633 4284 1727 4336 per
1777 4271 2095 4323 intermedia

530 4357 687 4427 quasi
721 4358 1134 4427 progrediendo.
1171 4358 1235 4410 ad
1264 4359 1427 4409 animi
1466 4358 1632 4411 dubio
1655 4359 1841 4426 procul
1871 4358 2093 4413 electio-

532 4466 655 4504 nem
713 4458 876 4517 atque
920 4449 1291 4503 voluntarium
1347 4449 1751 4517 perveniemus,
1787 4465 1907 4517 quae
1969 4466 2092 4505 vero

533 4550 661 4595 sunt
709 4542 861 4594 radix
894 4541 1187 4595 malorum.
1244 4540 1352 4595 Nos
1390 4552 1569 4594 autem
1599 4541 1667 4594 ab
1720 4541 1875 4594 initio
1905 4545 2098 4597 nonde

533 4633 849 4688 hominibus
880 4641 1063 4687 mente
1091 4632 1343 4687 alienatis
1376 4633 1721 4687 instituimus
1750 4634 1957 4697 dicere,
1994 4637 2091 4690 sed

531 4724 597 4778 de
625 4725 692 4779 iis
729 4725 999 4779 duntaxat
1034 4725 1237 4794 quibus
1285 4725 1455 4778 animi
1500 4726 1650 4779 salva
1680 4735 1767 4779 est
1803 4728 2013 4792 electio,
2044 4739 2099 4780 et

535 4818 849 4885 incorrupta
880 4817 1183 4886 prudentia:
1220 4816 1301 4889 vis
1334 4826 1521 4872 restat.
1552 4817 1737 4887 Neque
1762 4834 1892 4871 vero
1926 4819 2099 4887 culpae

534 4922 598 4960 ac
630 4908 1045 4975 reprehensioni
1083 4908 1364 4977 subjectus
1388 4910 1511 4970 erit,
1544 4910 1633 4977 qui
1657 4924 1763 4963 non
1791 4910 1971 4962 omnia
2002 4926 2099 4961 no—

534 4999 647 5059 vit,
702 4998 916 5052 tametsi
950 5001 1090 5066 sapit
1115 5016 1130 5064 ;
1159 5015 1259 5053 nec
1291 5016 1449 5069 pmna
1482 5000 1662 5068 dignis
1697 5001 2021 5061 ascribctu‘r,
2054 5000 2099 5051 si

537 5100 643 5138 non
679 5086 799 5139 aliis
829 5087 1051 5139 omnino
1088 5088 1289 5140 viribus
1320 5104 1416 5156 par
1439 5089 1546 5141 sit:
1584 5088 1660 5141 uti
1691 5104 1787 5141 nec
1814 5089 1857 5142 is
1880 5090 1969 5153 qui
2004 5103 2100 5155 pa-

537 5194 648 5232 rem
680 5194 803 5233 cum
830 5179 897 5233 iis
935 5180 1308 5247 cognitionem
1344 5197 1447 5235 non
1487 5182 1668 5243 habet,
1700 5182 1790 5249 qui
1827 5180 2096 5249 cognitio—

538 5275 625 5328 nis
661 5289 823 5329 causa
854 5282 985 5327 sunt
1026 5275 1400 5328 admirationi.
1435 5272 1567 5326 Nam
1594 5275 1687 5343 qui
1723 5274 1970 5339 peritiam
2007 5288 2101 5326 nc-

536 5367 655 5435 quit
689 5374 989 5419 extremam
1020 5368 1260 5433 assequi,
1291 5382 1410 5441 qua:
1436 5365 1570 5420 viris
1600 5363 1817 5418 eximiis
1843 5365 2103 5417 duntaxat

535 5455 813 5525 obtigerit,
857 5466 1131 5525 quotquot
1184 5458 1451 5510 bonorum
1516 5456 1581 5508 ad
1611 5455 1870 5509 verticem
1925 5455 2103 5507 modis

537 5552 792 5605 omnibus
827 5552 929 5605 soli
966 5552 1363 5610 conscendunt,
1396 5549 1598 5602 nullius
1630 5548 1834 5600 idcirco
1857 5545 2103 5600 criminis

536 5646 662 5697 erit.
710 5642 917 5711 Quippe
949 5642 1164 5695 crimini
1204 5641 1363 5693 nobis
1394 5641 1573 5704 datur,
1608 5656 1714 5694 non
1765 5641 1910 5706 quod
1947 5649 2104 5691 natu-

538 5754 651 5789 ram
681 5746 920 5789 nostram
961 5737 1195 5795 excedit,
1229 5752 1325 5789 nec
1358 5749 1697 5805 quzerunque
1728 5750 1820 5801 pr'r
1850 5734 1974 5786 vitae
2005 5749 2101 5785 tto~

2195 3178 2310 3229 σίου
2341 3176 2609 3229 δέδεικται
2650 3176 2836 3246 μέροςο
2864 3178 2924 3228 τὸ
2949 3176 3117 3229 κακὸν
3142 3177 3259 3227 ἐστι
3294 3176 3388 3244 μὲν
3414 3176 3480 3226 δι’
3514 3176 3752 3240 ἄγνοιαν,

2193 3270 2304 3321 ἐστι
2336 3269 2391 3320 δὲ
2418 3269 2486 3320 δι’
2516 3268 2877 3321 ἀπαιδευσίαν
2933 3284 2992 3319 τε
3050 3267 3148 3320 καὶ
3189 3266 3507 3335 ὀλιγωρίαν,
3560 3266 3753 3317 ἔστιδὲ

2191 3361 2258 3412 δι’
2292 3360 2550 3413 ἀϐουλίαν
2583 3377 2641 3411 τε
2695 3360 2790 3411 καὶ
2833 3361 3176 3427 προαίρεσιν,
3224 3357 3342 3409 ἐστι
3390 3357 3445 3409 δὲ
3486 3354 3743 3408 ἑκούσιον.

2195 3453 2256 3503 Ei
2291 3452 2398 3521 γάρ
2434 3453 2523 3503 ἐπὶ
2575 3452 2635 3503 τὸ
2688 3451 2944 3503 ἀναλύειν
2980 3450 3251 3515 ἔλθοιμεν,
3299 3449 3364 3499 ὲκ
3405 3447 3499 3514 τῆς
3529 3446 3741 3509 ἀγνοίας

2194 3544 2513 3613 ἀρξάμενοι,
2550 3544 2687 3611 ὅπερ
2719 3544 2751 3612 ἡ
2784 3541 3020 3609 κορυφὴ,
3058 3541 3147 3593 διὰ
3179 3539 3287 3591 τῶν
3330 3539 3509 3607 μέσων
3544 3536 3745 3588 ὁδεύον-

2193 3650 2302 3697 τες,
2325 3636 2403 3694 εἰς
2430 3630 2527 3693 τὴν
2562 3633 2883 3699 προαίρεσιν
2915 3631 3099 3698 σαφῶς
3128 3632 3220 3682 καὶ
3258 3630 3317 3681 τὸ
3344 3629 3586 3682 ἑκούσιον
3619 3643 3753 3678 κατ’

2193 3722 2537 3790 ἀντήσομεν·
2568 3720 2603 3773 ἀ
2649 3719 2712 3790 δὴ
2756 3722 2881 3789 ῥίζα
2923 3721 3029 3772 τῶν
3070 3720 3257 3773 κακῶν
3292 3722 3443 3772 ἐστιν
3490 3719 3753 3787 ἀτεχνῶς.

2205 3812 2265 3865 Ὀ
2292 3812 2444 3877 λόγος
2471 3812 2526 3865 δὲ
2554 3813 2683 3880 ⁴ἡμῖν
2713 3814 2946 3882 ἐξαρχῆς
2978 3813 3037 3864 οὐ
3084 3816 3211 3880 περὶ
3252 3809 3746 3880 παραφρονούντων

2194 3902 2520 3971 ἀνθρώπων,
2558 3903 2693 3955 ἀλλά
2728 3903 2854 3969 περὶ
2886 3904 3052 3954 τῶνδε
3080 3903 3261 3971 μόνον,
3294 3896 3376 3963 οἷς
3412 3904 3473 3953 ea
3504 3915 3755 3968 προαιρε-

2195 3996 2344 4047 τικὸν
2385 3996 2441 4046 ὲν
2472 3995 2649 4064 ὑγεία,
2685 3995 2966 4063 ἀλωϐἠτου
2996 3993 3090 4045 τοῦ
3126 3996 3345 4062 φρονεῖν
3381 3991 3655 4059 μένοντος.
3685 3990 3757 4040 Οὐ

2201 4086 2307 4153 μὴν
2332 4084 2389 4147 ὃς
2412 4085 2476 4137 ἂν
2501 4086 2575 4153 μὴ
2600 4083 2776 4136 πάντα
2806 4084 2937 4151 γνῷ,
2960 4085 3007 4135 εί
3032 4083 3125 4136 καὶ
3155 4084 3440 4151 σωφρονεῖ,
3460 4080 3563 4131 ὑπὸ
3585 4078 3760 4130 αἰτίαν

2200 4177 2294 4227 καὶ
2322 4174 2533 4243 μέμψιν
2567 4174 2740 4237 ἔσται,
2776 4174 2868 4229 καὶ
2896 4175 3010 4233 τοῖς
3039 4188 3101 4238 γε
3133 4172 3290 4238 δίκην
3315 4170 3573 4238 ὄφλουσιν
3604 4171 3761 4233 ἐγγε-

2202 4267 2494 4336 γράψεται,
2520 4267 2587 4335 ἣν
2624 4266 2695 4333 μὴ
2731 4264 2889 4318 πάντ’
2915 4262 3141 4325 ἐκείνοις
3231 4261 3326 4332 τὴν
3355 4260 3507 4329 ἰσχὺν
3537 4258 3764 4326 ἐφάμιλ-

2199 4358 2309 4420 λος.
2344 4356 2554 4410 Οὔκουν
2586 4355 2693 4408 οὐδ’
2733 4357 2761 4407 ό
2808 4355 2881 4423 μὴ
2925 4353 3210 4420 γινώσκων
3255 4354 3313 4404 ἐν
3356 4351 3453 4417 ἴσῳ
3485 4351 3596 4409 τοῖς
3637 4349 3763 4399 θαυ-

2125 4414 2172 4471 D
2202 4414 2528 4518 μαζομένοις
2578 4451 2635 4499 ὲν
2676 4414 2897 4512 γνώσεί.
2936 4414 2997 4497 ;Ο
3044 4446 3151 4513 γάρ
3191 4444 3265 4513 μὴ
3301 4414 3602 4507 δυνάμενος
3647 4441 3763 4503 ἐφι-

2201 4540 2396 4592 κέσθαι
2450 4541 2588 4606 πρδς
2627 4538 2921 4607 ἐμπειρίας
2953 4538 3251 4605 ἀκρότητα,
3293 4533 3415 4603 ἣτις
3453 4532 3517 4584 ἀν
3570 4530 3763 4598 ἐξῃρη-

2205 4635 2386 4702 μένοις
2413 4632 2640 4701 ἀνδράσι
2671 4632 2905 4698 γένοιτο,
2965 4630 3146 4698 μόνοις
3177 4626 3512 4695 ἀνηγμένοις
3550 4622 3628 4683 εἰς
3665 4621 3761 4685 τὴν

2202 4725 2307 4776 τῶν
2339 4722 2521 4774 καλῶν
2578 4723 2825 4790 κορυφὴν
2860 4723 2992 4774 πᾶσι
3028 4720 3272 4789 τρόποις,
3312 4718 3411 4768 οὐκ
3452 4716 3529 4771 εἰς
3576 4710 3763 4779 ἐνοχὴν

2202 4816 2619 4885 καταστήσεται.
2658 4814 2954 4883 Ἔγκλημα
2994 4813 3102 4882 γὰρ
3138 4812 3272 4880 ἡμῖν
3297 4809 3395 4876 οὐχ
3434 4808 3571 4873 ὅπερ
3601 4804 3763 4870 ὑπερο

2204 4908 2381 4959 ῆαίνει
2406 4908 2466 4959 τὸ
2500 4907 2740 4975 πεφυκὸς
2766 4906 2827 4957 τὸ
2853 4904 3149 4973 ἡμέτερον,
3202 4901 3309 4953 οὐδ’
3342 4900 3441 4950 ὅσα
3478 4913 3542 4962 γε
3576 4895 3647 4961 μὴ
3676 4892 3761 4943 δὲ-

2206 4999 2374 5049 δωκεν
2404 5000 2533 5067 ἡμῖν
2568 5000 2595 5048 ὁ
2629 4997 2739 5065 βίος
2773 4995 2986 5063 μαθεῖν,
3033 4992 3141 5044 οὐδ’
3184 4992 3324 5058 ἀπερ
3365 4989 3461 5039 οὐκ
3496 4981 3757 5047 ἐπέτρεψε

2207 5088 2416 5153 καιρός.
2452 5085 2483 5152 ἢ
2524 5083 2840 5153 σύμπτωμά
2872 5101 2922 5135 τι
2965 5084 3061 5134 καὶ
3099 5079 3258 5149 τύχηο
3288 5077 3423 5130 ἀλλά
3467 5073 3532 5125 δι’
3580 5074 3759 5122 ἐκεῖνα

2208 5177 2365 5242 μόνον
2393 5176 2745 5243 ἀποδώσομεν
2792 5174 3025 5234 εὐθύνας
3076 5172 3205 5239 ἑξῆς
3252 5170 3512 5226 ἅπαντες,
3558 5164 3765 5226 ὅσαπερ

2204 5270 2325 5333 ἐξὸν
2352 5271 2481 5338 ἡμῖν
2522 5271 2721 5321 εἰδέναι
2753 5270 2785 5336 ἢ
2844 5268 3055 5337 μαθεῖν,
3096 5270 3162 5337 τῇ
3194 5282 3251 5317 τε
3284 5262 3493 5317 οἴκοθεν
3536 5255 3761 5322 σπουδῇ.

2206 5362 2300 5413 καί
2325 5364 2389 5429 τῇ
2432 5360 2565 5429 παρ’
2596 5361 2798 5427 ἑτέρων
2837 5358 3180 5427 διδασκαλίᾳ,
3237 5355 3398 5425 ἡμεῖς
3432 5351 3488 5403 δὲ
3522 5350 3655 5416 μήτε
3689 5347 3787 5409 εἷο,

2205 5454 2346 5505 δέναι
2378 5454 2756 5519 σπουδάσομεν
2787 5452 2972 5511 πόνοις
3016 5448 3334 5515 ἡμετέροις,
3382 5444 3518 5512 μήτε
3573 5437 3767 5508 μιοεῖν

2209 5545 2543 5613 ἐθελήσομεν
2573 5544 2725 5612 παρά
2753 5542 2860 5595 τῶν
2891 5541 3129 5593 εἰδότων.
3166 5523 3301 5599 Τοῦς
3345 5534 3453 5603 γὰρ
3496 5530 3766 5588 τοιούτους

2210 5637 2269 5687 οὗ
2306 5638 2708 5705 παραιτήσεται
2757 5636 2817 5685 τὸ
2863 5634 3132 5701 ἁμαρτεῖν
3170 5627 3289 5680 κατ’
3327 5627 3570 5693 ἄγνοιαν.
3613 5622 3766 5672 ’Ἐστι

2208 5730 2315 5797 γὰρ
2347 5728 2405 5779 οὗ
2442 5727 2674 5796 φύσεως,
2709 5727 2827 5780 οὑδὲ
2856 5741 2999 5786 τινος
3025 5723 3134 5775 τῶν
3158 5718 3396 5788 θύραθεν
3421 5711 3766 5783 σύμπτωμα-
