4098 6272
278 356 380 420 Ml

1687 345 1978 427 onATtd
2013 319 2101 428 Iv.

3416 365 3517 427 4112

275 489 407 532 των,
440 469 574 523 ἀλλὰ
609 471 1279 543 προαιρέσεως-ἔγκλημα.
1323 475 1386 529 Ἡ
1422 477 1521 546 μὲν
1545 480 1652 548 γὰρ
1679 481 1838 547 φύσις
1873 519 1881 540 ε

1981 494 2071 532 me
2132 469 2393 552 ratiqnem
2424 476 2636 530 discere
2670 475 2827 528 nobis
2857 474 3000 529 haud
3042 475 3197 529 licuit
3219 515 3234 536 ,
3275 487 3366 529 aut
3397 492 3516 545 qua!

279 564 338 614 ὲν
367 563 516 632 ὅροις
571 564 742 634 μένει,
801 568 893 619 καὶ
929 568 1328 635 παραιτήσεται
1390 571 1525 640 πρὸς
1568 571 1700 624 Θεὸν
1751 575 1844 625 καὶ

279 655 408 717 τοὺς
435 654 778 724 ἀνθρώπους.
813 657 905 712 καὶ
955 657 1052 723 τὴν
1102 659 1331 712 ἑκάστου
1387 663 1715 728 συνείδησιν,
1750 665 1845 716 ἐὰν

286 746 364 814 μὴ
391 746 482 814 ἐνῇ
505 748 685 797 ποιεῖν
715 747 780 798 τὰ
805 747 899 798 καὶ
929 748 1016 800 τά·
1048 750 1081 818 ἠ
1114 749 1170 803 δὲ
1203 753 1522 822 προαίρεσις
1547 754 1749 808 δύναιτ’
1781 755 1848 808 ἆν

289 837 732 905 μιταδεδλῆσθαι
782 840 874 891 καὶ
919 841 1289 896 πεποικίλθαι.
1327 844 1416 896 Διὸ
1449 846 1572 907 τοὺς
1617 846 1718 912 μὲν
1751 846 1848 914 ἁγ-

208 937 224 952 ‘
285 925 488 992 γέλοις,
523 926 648 988 τοὺς
673 928 726 978 δὲ
752 929 1002 998 δαίμοσιν
1039 931 1222 1002 αὐτοῖς
1257 933 1636 1004 ἐγγεγράφθαι
1680 941 1845 990 ποιεῖ·

287 1019 386 1070 καὶ
432 1020 518 1072 διὰ
552 1019 711 1072 τοῦτο
745 1021 811 1072 τὰ
846 1022 981 1076 αὐτὰ
1025 1021 1176 1094 παρὰ
1222 1027 1320 1094 μὲν
1366 1027 1474 1080 τῶν
1523 1029 1848 1098 ἐνεργεῖται,

290 1111 444 1178 παρὰ
469 1110 525 1162 δὲ
554 1111 663 1163 τῶν
700 1112 974 1180 οὐδαμῶς.
1005 1115 1116 1168 Καὶ
1146 1117 1209 1186 δὴ
1245 1119 1336 1170 καὶ
1366 1119 1515 1187 παρὰ
1542 1120 1646 1172 τῶν
1674 1121 1852 1173 αὐτῶν

289 1201 411 1252 τοτὲ
448 1200 546 1267 μὲν
580 1201 721 1268 ἄγαν
752 1201 1119 1270 θαυμάζεται,
1152 1207 1272 1258 τοτὲ
1296 1207 1354 1260 δὲ
1378 1209 1711 1262 τούναντίον.
1745 1211 1854 1262 Καὶ

287 1291 444 1344 ταῦτ’
483 1293 738 1358 ἀνδρείας
784 1288 940 1358 οἶμαι
985 1294 1186 1365 ψυχῆς,
1243 1297 1275 1366 ἢ
1333 1299 1710 1365 γυναικὼδους
1763 1302 1856 1352 καὶ

295 1381 570 1451 μαλακῆς,
612 1382 688 1452 μὴ
723 1387 907 1436 πονεῖν
935 1389 1396 1457 προαιρουμένης,
1428 1389 1512 1455 ἐφ’
1542 1385 1624 1452 οἷς
1654 1392 1879 1464 προσῆέ

293 1488 411 1524 κεν.
458 1472 521 1524 Ἠ
561 1471 724 1540 φύσις
745 1473 801 1526 δὲ
835 1474 968 1527 πᾶσι
1015 1475 1189 1544 κοινὴ,
1223 1478 1318 1528 καὶ
1353 1477 1420 1528 τὰ
1475 1476 1682 1545 ταύτης
1729 1480 1874 1547 ἡμῖν·

243 1609 246 1612 .
295 1562 473 1615 κοινάο
505 1564 602 1616 καὶ
632 1563 774 1632 ὑπὲρ
808 1566 978 1633 αὐτῆς
1028 1566 1205 1628 οὐδεὶς
1239 1566 1361 1620 οὔτε
1420 1569 1859 1636 στεφανώσεται,

295 1654 420 1707 οὔτε
454 1657 710 1723 φεύξεταί
771 1673 897 1710 τινα
944 1657 1123 1727 δίκην.
1174 1659 1332 1723 Λέγω
1365 1659 1422 1712 δὲ
1455 1660 1615 1728 φύσιν
1644 1661 1737 1712 νῦν
1766 1660 1862 1727 τὴν

299 1750 356 1797 ὲν
386 1745 462 1814 τῷ
493 1746 726 1799 καθόλου
753 1746 886 1801 εἴδει
921 1747 1328 1817 θεωρουμένην,
1377 1751 1468 1802 τὸν
1508 1751 1737 1803 καθόλου
1769 1750 1862 1802 ἄν-

300 1836 543 1904 θρωπον,
593 1835 690 1905 τὴν
725 1837 1122 1906 ἀνθρωπότητα
1158 1840 1357 1891 πᾶσαν.
1393 1839 1457 1890 Ai
1503 1841 1610 1906 γὰρ
1640 1843 1710 1906 ὲν,
1735 1841 1862 1892 ἐκά-

301 1944 451 1989 στοις
483 1927 735 1997 διαφοραὶ
755 1927 819 1984 οὐ
846 1928 980 1994 πρὸς
1011 1929 1108 1996 τὴν
1140 1927 1301 1994 φύσιν
1321 1930 1703 2000 ἀναφέρονται,
1729 1931 1863 1983 ἀλλὰ

298 2020 490 2088 γνώμῃ
519 2021 763 2085 γίνονται
801 2018 1018 2082 πάντως
1054 2018 1280 2081 πολλαῖς
1311 2037 1370 2072 τε
1401 2022 1496 2074 καὶ
1526 2021 1863 2074 πολυειδέσιν

297 2110 520 2170 αἰτίαις.
553 2111 716 2162 Ὥστε
755 2104 940 2178 ὧνπερ
968 2109 1160 2178 κύριος
1195 2110 1422 2175 ἕκαστος
1447 2113 1628 2174 καλῶς
1662 2129 1722 2164 τε
1769 2113 1865 2165 καὶ

300 2199 378 2268 μὴ
433 2199 722 2264 διαθεῖναι,
766 2201 890 2268 περὶ
927 2201 1130 2254 τούτων
1164 2201 1228 2268 δὴ
1285 2203 1380 2254 καὶ
1435 2202 1596 2270 μόνον
1641 2203 1865 2272 ὀφλήσει

297 2290 450 2358 δίκην
491 2291 742 2354 δικαίως,
778 2286 959 2360 οἶμαι,
996 2291 1070 2362 μὴ
1116 2293 1384 2356 διατεθεὶς
1441 2294 1626 2364 τυχὸν,
1677 2293 1866 2364 ὥσπερ

299 2383 466 2451 ἐχρῆν
498 2399 558 2434 τε
591 2385 684 2435 καὶ
709 2383 834 2435 ἔδει.
874 2380 1020 2436 Εἶεν.
1055 2385 1144 2435 Δεῖ
1188 2384 1264 2448 δὲ,
1299 2381 1478 2452 οἶμαι,
1523 2387 1585 2438 τὸ
1629 2388 1736 2440 πᾶν
1785 2389 1867 2438 εἰ-

300 2475 503 2536 πόντας
550 2475 999 2542 συντεταγμένως
1042 2490 1102 2524 τε
1135 2477 1230 2527 καὶ
1284 2475 1588 2542 συντόμως,
1635 2477 1871 2529 ἐνταῦθα

306 2566 505 2635 στῆσαι
555 2566 645 2617 τὴν
698 2565 892 2632 λόγον·
955 2565 1050 2617 καὶ
1092 2565 1275 2635 φαμὲν
1323 2566 1390 2618 δι’
1431 2567 1654 2634 ἄγνοιαν
1686 2567 1785 2634 μὲν
1816 2567 1874 2619 τὸ

305 2656 476 2708 κακὸν
508 2655 777 2723 γίνεσθαι,
817 2655 1063 2709 ἑκούσιον
1087 2655 1139 2714 δ’,
1166 2660 1317 2726 ὅμως
1351 2651 1518 2719 εἶναι,
1561 2660 1656 2710 καὶ
1691 2674 1876 2726 προαι-

309 2749 533 2816 ρετικῆς
563 2763 706 2808 τινος
734 2745 961 2815 γνώμης
995 2747 1092 2798 καὶ
1133 2746 1689 2811 οἰκείαςιδιαθέσεως.
1713 2749 1874 2801 Ὥστε

306 2841 370 2908 δὴ
405 2839 558 2906 κακῷ
585 2839 832 2904 γεγονότι
862 2838 1054 2908 γνώμῃ
1093 2838 1154 2890 τὸ
1187 2838 1293 2890 τῶν
1327 2839 1677 2908 καλουμένιιιν
1719 2857 1877 2909 περι-

310 2930 554 2980 στάσεων
584 2927 730 2979 ἆτιαν
760 2926 1060 2996 ἄθροισμα,
1087 2928 1181 2977 καὶ
1207 2927 1360 2978 πᾶσα
1380 2927 1556 2994 τούτῳ
1583 2927 1875 2994 πρόφασις,

310 3023 403 3075 καὶ
435 3021 784 3090 παραίτησις,
836 3020 932 3071 καὶ
977 3018 1158 3071 πάντα
1208 3019 1274 3070 τὰ
1319 3017 1569 3080 τοιαῦτα,
1619 3018 1747 3088 ψιλή
1797 3036 1880 3081 τις

1950 569 2208 636 temporis
2233 565 2614 635 opportunitas
2647 563 2790 617 haud
2822 564 3114 626 concessit,
3154 566 3238 619 vel
3265 581 3426 621 casus
3461 576 3518 618 et

1950 673 2069 712 sors
2096 658 2280 725 aliqua
2307 674 2321 708 :
2355 657 2446 709 sed
2489 669 2680 708 omnes
2705 670 2932 723 prorsus
2963 655 3030 709 de
3053 654 3118 707 iis
3143 658 3521 710 tantummodo

1951 750 2214 804 rationem
2285 747 2552 802 reddituri
2591 761 2806 808 sumus,
2837 761 2959 813 qua:
2994 761 3118 800 cum
3149 746 3290 800 scire
3313 747 3395 799 vel
3431 747 3517 801 di-

1952 857 2104 896 scere
2138 842 2318 904 liceat,
2357 852 2466 894 tam
2499 840 2683 892 studio
2717 840 2939 908 preprio
2983 854 3148 907 quam
3179 839 3412 893 aliorum
3442 839 3521 891 in-

1952 935 2276 998 struetione,
2309 947 2408 986 nos
2441 947 2614 1000 neque
2650 931 2926 985 laboribus
2964 931 3166 984 nostris
3192 945 3526 1000 cognoscere

1953 1025 2348 1086 studuerimus,
2405 1039 2580 1106 neque
2614 1023 2824 1078 discere
2859 1024 3199 1078 voluerimus
3234 1024 3309 1077 ab
3347 1025 3412 1076 iis
3433 1025 3526 1092 qui

1955 1131 2015 1170 ea
2047 1123 2270 1170 norunt.
2302 1114 2461 1169 Tales
2481 1131 2711 1182 namque
2740 1115 2941 1169 nullam
2970 1129 3114 1169 exeo
3139 1125 3266 1170 sunt
3294 1115 3528 1168 habituri

1957 1206 2393 1270 excusationem,
2423 1206 2567 1272 quod
2619 1221 2713 1271 per
2764 1206 3128 1274 ignorantiam
3179 1206 3532 1285 deliquerint.

1960 1297 2055 1350 Est
2075 1297 2218 1350 enim
2263 1298 2368 1350 hoc
2400 1311 2506 1350 non
2538 1306 2766 1359 naturae,
2797 1312 2896 1350 nec
2929 1295 3164 1363 alicujus
3186 1298 3532 1349 extrinsecus

1961 1388 2269 1442 aecidentis
2299 1388 2398 1450 rei,
2431 1387 2526 1442 sed
2562 1389 2846 1441 electionis
2875 1388 3042 1440 animi
3071 1388 3302 1441 crimen.
3323 1386 3534 1454 Quippe

1963 1487 2156 1532 natura
2181 1477 2399 1547 quidem
2427 1493 2555 1533 suos
2579 1479 2720 1533 intra
2748 1479 2946 1533 limites
2968 1487 3171 1542 manet,
3199 1493 3263 1532 ac
3286 1492 3385 1531 nos
3407 1492 3533 1545 erga

1963 1571 2153 1632 Deum,
2180 1579 2233 1623 et
2269 1570 2540 1631 homines,
2569 1580 2623 1623 et
2657 1585 2808 1623 suam
2839 1571 3109 1639 cujusque
3139 1569 3532 1625 conscientiam

1963 1662 2236 1731 purgabit.
2284 1662 2326 1714 si
2363 1661 2514 1720 haec,
2549 1660 2628 1714 vel
2668 1661 2778 1723 illa,
2827 1659 3003 1714 facere
3038 1675 3144 1714 non
3186 1660 3534 1728 poterimus:

1965 1752 2134 1806 animi
2177 1765 2301 1802 vero
2348 1749 2547 1803 electio
2601 1749 2797 1802 mutari
2821 1749 3132 1818 variarique
3168 1758 3372 1815 posset.
3404 1747 3534 1800 Eam

1963 1844 2033 1895 ob
2057 1856 2278 1894 causam
2314 1839 2444 1892 facit
2466 1848 2522 1892 ttt
2551 1840 2641 1892 alii
2674 1841 2910 1894 emtihtts
2933 1840 3276 1909 angelorum,
3302 1839 3394 1891 alii
3423 1853 3539 1889 tua-

1965 1935 2032 1999 lis
2061 1935 2230 2002 geniis
2265 1941 2646 2002 aggregentur.
2681 1931 2880 1985 Eadem
2919 1932 2985 1985 de
3019 1945 3186 1985 causa
3222 1945 3309 1984 res
3333 1930 3533 1983 eaedem

1966 2025 2144 2079 abhis
2185 2022 2512 2086 ellieiuntur,
2549 2023 2617 2076 ab
2667 2021 2772 2075 illis
2828 2035 2933 2074 non
2991 2019 3326 2074 efﬁciuntur.
3396 2020 3540 2084 Quin

1968 2117 2133 2171 etiam
2156 2116 2360 2170 eisdem
2410 2115 2572 2169 modo
2602 2123 2728 2169 sunt
2753 2114 3142 2175 admirationi,
3170 2113 3330 2166 modo
3354 2129 3538 2168 secus.

1969 2211 2143 2274 Atque
2190 2209 2302 2261 haec
2351 2207 2428 2260 vel
2470 2207 2538 2258 ab
2575 2206 2774 2259 animo.
2815 2205 2962 2267 forti,
3007 2207 3086 2258 vel
3132 2220 3161 2258 a
3208 2183 3459 2258 muliebri
3490 2212 3545 2254 et

1971 2299 2114 2353 nmlli
2154 2299 2422 2367 proficisci
2457 2307 2610 2367 puto,
2648 2298 2737 2365 qui
2772 2298 3010 2350 laborem
3056 2297 3108 2350 in
3149 2295 3292 2350 iisin
3337 2296 3545 2364 quibus

1973 2390 2220 2452 debebat,
2251 2390 2525 2456 suscipere
2569 2397 2803 2440 recusat.
2832 2385 3034 2438 Natura
3078 2401 3206 2439 vero
3237 2385 3548 2439 communis

1974 2490 2057 2532 est
2087 2479 2379 2540 universis,
2413 2489 2465 2532 et
2494 2493 2611 2546 qua:
2637 2478 2780 2530 illius
2814 2486 2960 2538 sunt,
2990 2477 3175 2529 itidem
3213 2476 3370 2529 nobis
3398 2490 3550 2528 cetu-

1985 2571 2165 2624 tnttuia
2203 2587 2216 2622 :
2265 2584 2363 2622 nec
2409 2569 2524 2636 ejus
2569 2568 2787 2620 nomine
2829 2569 3120 2634 quisquam
3165 2565 3248 2618 vel
3289 2579 3549 2618 coronam

1986 2661 2340 2726 adipiscetur,
2373 2659 2454 2712 vel
2504 2667 2758 2724 tanquam
2801 2673 2926 2709 retts
2954 2655 3329 2709 accusabitur.
3359 2655 3427 2706 Et
3463 2669 3556 2704 na-

1982 2759 2155 2802 turam
2190 2763 2332 2801 nunc
2361 2745 2595 2814 appello,
2631 2760 2752 2814 qua:
2797 2745 2847 2802 iu
2883 2745 3138 2797 universa
3199 2744 3382 2811 specie
3433 2759 3556 2795 cun-

1967 2820 2280 2900 lsideratur,
2316 2839 2589 2891 hominem
2625 2837 3011 2899 ttuiversalem,
3049 2845 3221 2890 totum
3257 2851 3427 2902 genus
3453 2837 3552 2887 hu-

1983 2945 2236 2992 manum;
2271 2945 2394 2982 nam
2446 2944 2567 2996 quae
2606 2929 2923 2982 discrimina
2953 2937 3077 2982 sunt
3117 2929 3168 2980 in
3211 2927 3460 2995 singulis,
3495 2941 3556 2979 ea

1987 3026 2051 3076 ad
2085 3033 2333 3076 naturam
2365 3020 2700 3081 referuntur.
2734 3021 2826 3076 sed
2857 3021 3080 3074 omnino
3126 3021 3192 3073 de
3225 3020 3390 3072 animi
3432 3035 3558 3072 sen-

312 3110 532 3180 σκῆψις·
577 3107 669 3161 καὶ
716 3106 867 3159 οὐδὲν
905 3106 1072 3175 ἱερὸν,
1108 3105 1229 3157 οὐδὲ
1265 3105 1439 3172 ὑγιὲς,
1489 3104 1610 3158 οὐδὲ
1663 3104 1881 3165 πειθοῦς

1990 3112 2153 3164 tentia
2201 3109 2647 3180 proﬁciscuntur,
2681 3120 2734 3162 et
2784 3111 2970 3164 multis
3018 3124 3082 3162 ac
3129 3108 3560 3162 multiformibus

313 3203 482 3268 ἄξιον.
517 3202 692 3268 Μόγις
743 3200 854 3268 γὰρ
899 3198 976 3266 τῷ
1029 3197 1341 3266 μαινομένῳ
1383 3198 1478 3250 καὶ
1520 3196 1888 3263 παραπαίοντι

316 3290 724 3360 συγχωρητέον,
779 3287 858 3358 τῷ
891 3285 1152 3356 καθαρῶς
1188 3287 1446 3339 ἀκούσιον
1494 3285 1885 3352 ἁμαρτάνοντι.

312 3383 425 3435 Καὶ
451 3383 498 3433 εἰ
527 3382 602 3452 μὴ
630 3383 751 3450 εἰκῇ
788 3380 1052 3446 δοκοῦμεν
1086 3377 1399 3444 λογίζεσθαι
1428 3379 1522 3429 καὶ
1549 3378 1891 3428 κατασκευᾶ-

316 3474 453 3537 ζειν,
487 3475 584 3541 τῆς
620 3473 876 3541 ἀληθείας
910 3473 938 3523 ὁ
967 3471 1122 3538 λόγος
1165 3470 1372 3540 ἔχεται,
1425 3469 1520 3520 καὶ
1553 3469 1666 3520 οὐδ’
1708 3467 1888 3536 ἑαυτῷ

317 3566 734 3633 περιπέπτωκε.
779 3562 965 3615 Ταῦτα
1013 3563 1068 3614 δὲ
1115 3563 1246 3630 ἡμῖν
1298 3562 1404 3614 ἔδει
1459 3561 1760 3632 δειχθῆναι,
1793 3563 1887 3613 καὶ

319 3655 512 3720 γέγονε
545 3654 687 3705 κατὰ
717 3653 813 3720 τὴν
843 3652 1124 3721 ἡμετέραν
1150 3651 1328 3720 ίσχύν.

1994 3200 2192 3254 causis.
2228 3201 2570 3268 Quapropter
2603 3199 2655 3252 in
2705 3200 2904 3266 quibus
2937 3200 3106 3253 libera
3160 3199 3360 3267 cuique
3394 3199 3562 3252 facul-

1993 3304 2077 3349 tas
2103 3306 2187 3348 est
2221 3306 2365 3350 recte
2395 3294 2476 3348 vel
2515 3310 2670 3348 secus
2705 3311 2823 3348 sese
2856 3296 3102 3363 gerendi,
3139 3311 3326 3350 eorum
3361 3296 3562 3348 dtlttta-

1991 3396 2081 3439 χιιι
2109 3387 2349 3449 nomine,
2377 3401 2490 3438 mea
2517 3387 2731 3452 quidem
2759 3387 3038 3451 opinione,
3064 3389 3258 3439 merito
3287 3387 3563 3453 damnabit

1994 3483 2104 3538 tur,
2133 3473 2177 3523 si
2213 3474 2352 3526 forte
2391 3490 2495 3526 non
2525 3473 2751 3528 allectus
2782 3474 2854 3526 ita
2895 3477 3056 3528 fuerit
3085 3477 3160 3528 uti
3198 3491 3294 3542 par
3322 3485 3458 3528 erat.
3491 3477 3564 3526 Ac

1993 3563 2060 3614 sit
2090 3563 2163 3615 ita
2193 3579 2340 3617 Szttte.
2381 3563 2654 3618 Caeterum
2702 3580 2824 3617 cum
2861 3581 2944 3617 res
2979 3575 3087 3617 tota
3126 3554 3422 3630 composite
3454 3564 3565 3612 via-

1993 3666 2096 3718 que
2151 3654 2553 3720 compendiaria
2617 3654 2690 3708 sit
2745 3654 3016 3722 exposita,
3072 3655 3420 3707 inhibendum
3483 3655 3566 3704 hic

320 3761 540 3800 rursum
587 3746 850 3798 orationis
901 3745 1172 3811 arbitror;
1215 3743 1459 3811 adeoque
1489 3743 1737 3806 dicimus,
1767 3757 1878 3809 per
1915 3743 2281 3810 ignorantiam
2314 3745 2532 3810 quidem
2583 3745 2698 3796 ﬁeri
2733 3745 2878 3811 quod
2910 3746 3112 3797 malum
3151 3754 3254 3808 est,
3323 3747 3417 3798 sed
3488 3746 3568 3795 ιιέ-

321 3838 433 3889 hilu
464 3840 644 3891 minus
672 3850 795 3890 esse
820 3835 1202 3902 voluntarium,
1230 3845 1284 3890 et
1319 3836 1387 3888 ab
1428 3834 1748 3887 electionem
1783 3833 2015 3885 habente
2087 3833 2252 3884 animi
2302 3834 2574 3886 sententia
2645 3835 2975 3900 prepriaque
3048 3834 3334 3886 aﬂ‘ectione
3400 3837 3536 3902 proli

321 3930 473 3982 cisci.
512 3929 642 3994 Quo
667 3930 725 3981 lit
753 3926 924 3995 utqui
960 3927 1027 3980 de
1061 3925 1228 3977 animi
1271 3925 1353 3979 sui
1384 3923 1658 3976 sententia
1713 3923 1886 3974 malus
1925 3920 2101 3975 factus
2134 3929 2236 3982 est,
2307 3920 2352 3972 ei
2380 3922 2949 3984 eireutnslantiarttm,
3016 3936 3154 3989 quas
3186 3935 3404 3987 vocant,
3437 3938 3570 3976 cou'

322 4026 496 4092 geries
535 4023 736 4086 omnis,
776 4020 956 4074 omnis
994 4029 1120 4092 tum
1171 4017 1552 4079 occasio,.tttm
1586 4015 1885 4076 exettSatio,
1929 4029 2048 4067 cum
2081 4012 2334 4066 omnibus
2366 4013 2486 4065 aliis
2527 4011 2746 4075 talibus,
2823 4014 3006 4066 nudus
3038 4016 3198 4068 modo
3273 4027 3572 4082 praetextu;

325 4086 404 4180 tit,
443 4129 539 4167 nec
571 4113 866 4182 quidquam
896 4086 1059 4170 sacri,
1093 4124 1192 4162 nec
1218 4109 1360 4171 sani,
1400 4120 1498 4159 nec
1525 4106 1611 4159 cui
1642 4107 1777 4159 lides
1805 4106 2047 4158 adltibcri
2126 4103 2340 4157 debeat.
2397 4102 2492 4156 Vix
2541 4103 2688 4156 enim
2772 4105 2979 4158 furioso
3053 4120 3116 4159 ac
3163 4107 3416 4160 delirauti
3494 4116 3569 4159 est

325 4213 733 4284 ignoscendum,
781 4211 874 4280 qui
922 4216 1302 4283 pure_pr:e.ter
1338 4208 1503 4261 animi
1541 4209 1876 4259 voluntatem
1918 4203 2202 4271 delinquit.
2236 4205 2312 4257 Ae
2352 4205 2396 4257 si
2443 4203 2660 4272 quidem
2715 4219 2820 4258 non
2901 4204 3099 4258 frustra
3149 4204 3461 4259 ratiocinari
3523 4213 3574 4255 ct

328 4312 698 4380 argumentari
729 4309 998 4373 videntur,
1022 4308 1234 4361 veritati
1268 4316 1632 4358 consentanea
1665 4315 1745 4356 est
1773 4301 1969 4363 oratiu,
2008 4316 2106 4353 uec
2134 4301 2250 4368 ipsa
2279 4309 2454 4354 semet
2485 4299 2704 4354 evertit.
2765 4297 2934 4352 Erant
2999 4309 3177 4353 autem
3252 4298 3367 4352 haec
3425 4296 3576 4351 nobis

334 4404 772 4470 detnonstranda,
806 4416 998 4472 resque.
1033 4415 1131 4470 pro
1163 4400 1370 4453 viribus
1405 4415 1433 4452 a
1461 4399 1616 4451 nobis
1643 4407 1725 4450 est
1757 4397 2029 4450 confecta.

938 4516 1160 4570 ΛΟΓΟΣ
1213 4512 1285 4568 A'.

339 4614 480 4682 Περὶ
522 4611 752 4682 ἡδονῆς
778 4627 793 4640 '
822 4611 911 4663 ὅτι
944 4607 1329 4682 κρεῖττον-ἂνξ
1346 4603 1434 4682 ἦν
1472 4606 1628 4682 μηδὲ
1664 4605 1777 4673 τὴν
1804 4607 1906 4672 ἀρ-

586 4677 710 4750 χὴν(
732 4679 1134 4748 συμπαρεῖναι
1169 4677 1250 4742 τῷ
1283 4677 1402 4742 βίῳ
1444 4679 1652 4742 τούτῳ.
1832 4719 1837 4726 ,

422 4774 585 4827 Ἀλλὰ
614 4773 724 4842 γὰρ
756 4769 1081 4840 γιγνόμενόν
1118 4771 1234 4823 ἐστι
1269 4769 1364 4822 καὶ
1411 4771 1710 4838 προσῆκον,
1765 4769 1901 4838 μηδὲ

338 4867 438 4938 τὴν
467 4866 626 4918 ὲνέων
656 4865 787 4932 περὶ
816 4866 916 4931 τῆς
938 4861 1131 4930 ἡδονῆς
1167 4862 1326 4924 δόξαν
1369 4861 1568 4914 οὑτωσὶ
1615 4861 1902 4930 παραδραο

340 4960 463 5025 μεῖν
492 4955 768 5018 ἐθελῆσαι.
800 4951 1023 5020 Νομίζω
1045 4952 1154 5019 γὰρ
1184 4952 1406 5009 τούτους
1427 4968 1484 5002 τε
1511 4951 1911 5018 ἐξαμαρτάνειν

339 5051 433 5101 τοῦ
461 5065 522 5116 γε
555 5046 716 5116 ὀρθοῦ
742 5043 1028 5113 λογισμοῦ,
1057 5045 1150 5097 καὶ
1185 5045 1316 5112 ἡμῖν
1339 5044 1586 5110 ἀνάγκην
1622 5041 1787 5105 εἶναι,
1834 5044 1910 5113 ,τά

341 5159 406 5207 γε
426 5139 690 5192 δοκοῦντα
725 5137 858 5204 περὶ
887 5137 1119 5204 ταυτησὶ
1152 5135 1354 5201 λέγειν,
1393 5135 1496 5202 σήν
1518 5150 1576 5184 τε
1622 5136 1786 5201 χάριν
1815 5133 1910 5184 καὶ

340 5230 610 5301 ὠφελείας
648 5229 833 5281 ἕνεκεν
863 5226 971 5279 τῶν
1011 5225 1414 5292 ἐντευξομένων
1465 5225 1598 5286 ἴσως
1629 5223 1706 5292 τῷ
1737 5224 1904 5291 λόγῳ.

342 5325 571 5382 Δοκούσι
591 5323 770 5376 τοίνυν
797 5321 926 5374 ἔνιοι
956 5319 1063 5374 τῶν
1094 5317 1420 5388 ἀνθρώπων,
1443 5313 1597 5384 οἶμαι
1625 5317 1668 5365 δ’
1698 5316 1778 5367 ὅτι
1815 5317 1908 5368 καὶ

343 5414 442 5479 τῗις
473 5409 664 5479 μοίρας
692 5409 800 5462 τῶν
821 5407 1123 5461 δοκούντων
1153 5407 1212 5459 οὐ
1238 5405 1456 5474 φαύλων
1488 5399 1650 5466 εἶναι,
1681 5404 1822 5456 οὕτω
1847 5421 1909 5468 γε

345 5501 680 5572 τυραννικὴν
713 5502 806 5552 καὶ
836 5498 1228 5570 βασιλεύουσαν
1263 5493 1406 5550 εἶναι
1458 5497 1556 5566 τὴν
1587 5497 1800 5566 ἡδονὴν,
1835 5497 1910 5557 ὡς

348 5594 439 5646 ὑπ’
492 5592 708 5660 ἐκείνης
765 5590 1009 5651 ἅπαντας
1059 5587 1290 5657 ἄγεσθαι
1349 5586 1718 5656 αἰχμαλώτων
1763 5587 1916 5639 οὐδὲν

347 5684 592 5748 ἄμεινον.
627 5682 761 5736 Εἶτα
797 5679 1218 5750 διισχυρίζονται
1245 5680 1343 5732 οὐκ
1383 5679 1607 5746 ἀγαθὸν,
1632 5680 1739 5733 οὐδ’
1767 5681 1916 5748 ὠρέ-

354 5777 510 5844 λιμον
562 5775 766 5841 ταύτην
807 5769 946 5826 εἶναι
988 5771 1120 5840 τιῖδε
1183 5770 1258 5836 τῷ
1291 5770 1423 5838 βίῳ·
1459 5771 1767 5824 τούναντίον
1820 5772 1916 5824 μὲν

1939 4493 1985 4546 1)
2609 4507 2866 4563 ORATIO
2903 4507 2988 4561 tv.

2157 4601 2231 4654 De
2265 4602 2534 4668 uoluptate
2563 4621 2574 4655 :
2615 4603 2753 4670 quod
2782 4616 2896 4653 eam
2929 4607 3210 4668 prwstaret
3241 4599 3305 4650 ab
3343 4596 3441 4648 hac

2511 4673 2621 4724 vita
2641 4686 2857 4738 prorsus
2889 4672 3088 4722 abesse.

2084 4761 2338 4816 Sedenim
2391 4779 2608 4833 aequum
2639 4778 2700 4816 ac
2756 4761 2953 4814 rationi
3003 4769 3431 4813 consentaneum
3476 4765 3582 4821 est,

2013 4869 2114 4907 nec
2153 4854 2466 4922 Opinionem
2517 4855 2876 4922 quorumdam
2931 4854 2995 4903 de
3039 4851 3315 4919 voluptate
3363 4848 3583 4902 silentio

2013 4927 2306 5016 praeteriri.
2355 4950 2490 5002 Nam
2544 4925 2792 5016 equidem
2844 4945 3082 4999 arbitror
3118 4954 3170 4998 et
3215 4944 3311 4996 hos
3358 4956 3387 4993 a
3435 4953 3580 4994 recta

2007 5042 2277 5095 sententia
2302 5042 2577 5104 aberrare,
2608 5051 2662 5093 et
2692 5054 2719 5092 a
2748 5039 2906 5093 nobis
2940 5035 3251 5091 necessario
3294 5033 3493 5102 requiri
3525 5042 3582 5085 ut

2008 5115 2135 5200 quid
2185 5133 2342 5186 nobis
2394 5136 2458 5186 de
2493 5133 2593 5186 hac
2626 5132 2893 5191 videatur,
2931 5145 3054 5181 cum
3105 5139 3192 5180 tua
3234 5143 3422 5190 causa,
3469 5135 3582 5176 tttm

2015 5224 2266 5279 utilitatis
2296 5239 2483 5277 eorum
2528 5223 2620 5292 qui
2660 5221 2907 5274 fortassis
2954 5220 3090 5272 hanc
3135 5210 3435 5270 orationem
3471 5215 3584 5282 pel-

2020 5315 2208 5368 lecturi
2253 5326 2404 5379 sunt,
2442 5329 2800 5384 exponamus.
2854 5312 3156 5378 Opinantttr
3204 5322 3332 5373 ergo
3361 5305 3582 5372 qui-lant

2021 5406 2284 5470 homines,
2315 5417 2371 5460 et
2417 5421 2601 5460 eorum
2635 5405 2853 5474 quidctn
2895 5418 2925 5456 e
2953 5416 3180 5455 ntnnero
3216 5398 3306 5466 qui
3360 5395 3584 5447 minime

2021 5497 2155 5550 viles
2187 5508 2240 5550 ct
2272 5498 2656 5554 contemnendi
2707 5497 2982 5557 videntur,
3038 5505 3206 5559 usque
3236 5489 3369 5539 adeo
3399 5495 3584 5551 tyran-

2020 5591 2194 5641 tticam
2223 5596 2276 5642 et
2308 5590 2656 5659 imperiosam
2688 5593 2805 5640 esse
2830 5589 3159 5651 voluptatem
3187 5590 3241 5629 ιιι
3276 5576 3344 5624 ab
3364 5588 3423 5624 ea
3454 5585 3585 5640 cap-
3655 5611 3672 5624 .

2019 5682 2250 5734 tivorum
2279 5685 2332 5735 itt
2369 5697 2572 5737 morem
2607 5681 2840 5733 universi
2869 5678 3174 5730 trahantur.
3213 5665 3408 5719 Deinde
3441 5677 3578 5714 Con-

2035 5783 2215 5827 tattter
2246 5783 2518 5832 asserunt,
2551 5789 2668 5828 eam
2711 5771 2832 5824 tit-.e
2863 5765 3159 5822 mortaliunz
3211 5772 3307 5810 nec
3357 5754 3574 5818 boum".
