4098 6272
553 361 656 426 tta
1741 358 2134 443 MANUELIS
2170 360 2615 422 PALEOLUGI
3102 438 3129 455 _
3699 361 3830 428 με

560 486 659 525 uz-c
697 472 880 526 utilem
914 484 1054 533 esse,
1085 469 1177 523 sed
1225 483 1254 524 e
1286 470 1563 524 contrario
1596 470 1794 525 malum
1827 470 2120 538 quoddam,
2151 515 2158 529 ε

2259 467 2320 525 ὖν
2353 473 2475 541 μεθ’
2507 474 2810 543 ὑπερϐολῆς
2839 475 3010 528 κακόν
3041 492 3093 527 τι
3129 474 3292 544 μέγα,
3333 475 3423 527 καὶ
3451 474 3817 544 λυμαινόμε-

562 562 788 615 nimium
820 569 1103 630 quantum,
1131 559 1385 629 quodque
1412 573 1635 629 prorsus
1658 560 1924 615 universis
1956 574 2125 614 nocu—

564 661 749 705 mento
778 652 869 709 sit.
902 653 978 705 Ac
1027 654 1069 707 si
1117 653 1206 721 qui
1241 669 1334 709 eos
1374 655 1732 723 interrogent,
1766 654 2124 722 quamobrem

563 745 743 799 istuc?
771 745 1059 811 Quoniam,
1089 746 1333 811 inquient
1366 748 1570 811 statim,
1600 757 1655 821 et
1681 762 1857 800 mores
1881 761 2128 801 corrum-

561 838 659 900 pit,
694 845 747 890 et
780 842 978 891 multos
1028 838 1099 892 ob
1144 842 1397 894 virtutem
1449 842 1794 895 admirabiles
1846 848 1913 899 de
1949 847 2139 911 bonis,

564 925 961 980 interveniente
997 930 1511 995 ntntatinne,malos
1561 932 1746 988 efﬁcit.
1803 933 2126 1003 Quanquam

563 1020 859 1072 convenire
892 1022 1071 1085 potius
1118 1021 1379 1085 arbitror,
1428 1033 1487 1078 ut
1531 1042 1650 1092 qua:
1696 1032 1955 1081 adversus
2007 1042 2126 1081 eam

565 1108 918 1176 proferuntur
951 1150 964 1172 ,
1021 1112 1266 1178 pluribus
1321 1128 1677 1181 exponamus.
1730 1116 1944 1171 Audent
1997 1133 2127 1187 ergo

565 1200 789 1269 dicere”
823 1203 964 1267 quod
995 1202 1061 1255 ad
1099 1203 1270 1267 ipsum
1309 1219 1521 1273 quoque
1576 1205 1742 1259 Deum
1774 1223 1833 1260 se
1882 1210 2130 1277 porrigit,

573 1291 765 1343 melius
801 1305 886 1345 res
913 1292 1211 1357 habituras,
1242 1296 1285 1347 si
1319 1296 1565 1364 voluptas
1598 1298 1757 1365 plane
1794 1299 1941 1352 nulla
1968 1300 2132 1361 foret,

570 1396 670 1433 nec
690 1382 814 1435 huic
833 1386 1046 1437 adesset
1066 1385 1207 1449 vitaz,
1230 1401 1328 1440 nec
1346 1402 1566 1453 prorsus
1586 1392 1892 1445 essisteret.
1925 1391 2135 1460 Quippe

571 1474 734 1526 vitam
765 1474 1079 1541 humanam,
1109 1478 1374 1545 inquiunt,
1406 1481 1815 1547 perturbatione
1840 1483 2136 1551 doloreque

571 1579 678 1617 non
711 1566 911 1633 exiguo
937 1567 1130 1635 replet,
1163 1584 1518 1636 magnamque
1542 1574 1741 1626 nostris
1768 1572 1962 1625 animis
1987 1590 2139 1628 acer-

575 1654 798 1707 bitatem
830 1655 1103 1710 oll‘undit:
1139 1673 1263 1710 nam
1299 1661 1588 1727 voluptatis
1625 1676 1789 1715 causa
1845 1663 2135 1715 multarum

486 1782 489 1783 ν
577 1758 1000 1812 magnarumque
1036 1759 1212 1799 rerum
1246 1751 1754 1817 consequendarum
1786 1750 2010 1805 libidine
2039 1756 2140 1805 du-

577 1835 778 1897 rintnr,
828 1834 1003 1903 iisque
1064 1851 1162 1890 nos
1194 1837 1481 1892 confestim
1536 1842 1803 1906 potituros
1835 1853 2140 1909 speramus.

581 1924 792 1977 Etenim
857 1941 922 1979 ex
957 1928 1269 1994 cupiditatis
1303 1930 1639 1986 vehementia
1678 1932 1834 1987 nobis
1880 1932 1933 1985 in
1972 1932 2146 1986 mani-

584 2017 687 2070 bus
716 2031 834 2071 esse
860 2027 1124 2085 putatur,
1161 2020 1302 2085 quod
1352 2036 1415 2075 ex
1453 2022 1719 2076 diametro
1765 2038 2139 2089 saepenumero

582 2110 850 2191 consistit.
886 2112 950 2164 Et
980 2112 1257 2178 quodlibet
1286 2111 1476 2165 horum
1510 2114 1575 2167 ad
1610 2114 1937 2183 voluptatem
1972 2115 2147 2168 maxi-

587 2216 729 2251 mam
762 2201 1113 2254 suﬂ'ecturutu
1172 2203 1539 2258 existimatur.
1580 2205 1802 2259 Interim
1858 2204 2043 2272 paucis
2094 2213 2148 2259 et

585 2291 818 2355 exiguis,
851 2303 906 2344 et
955 2291 1042 2345 vix
1071 2293 1313 2360 quidem,
1346 2294 1603 2360 potimnr,
1631 2310 1751 2363 qua:
1784 2296 1897 2362 ipsa
1935 2310 2149 2363 quoque

590 2380 842 2447 languide
870 2398 967 2435 nos
1010 2393 1063 2436 et
1091 2384 1300 2451 pusillo
1326 2386 1498 2451 Spatio
1529 2390 1785 2454 temporis
1819 2388 2144 2442 exhilarant.

587 2473 699 2525 Nec.
734 2473 952 2526 minima
982 2490 1077 2528 nos
1102 2476 1263 2530 allicit
1292 2476 1559 2542 molestia,
1584 2479 1723 2546 quod
1750 2479 1874 2532 talia
1902 2494 1960 2532 se
1992 2476 2148 2533 nobis

588 2563 897 2618 exhibeant.
931 2565 1059 2630 Quae.
1083 2567 1297 2633 quidem
1323 2569 1501 2621 oninia
1534 2569 1724 2624 merito
1746 2570 1826 2623 sic
1851 2570 2147 2624 eveniunt:

590 2666 716 2703 nam
780 2655 1166 2721 concupiscere
1215 2656 1428 2709 facilius
1474 2664 1557 2710 est
1609 2658 1863 2712 omnibus
1900 2659 1951 2710 in
1987 2657 2151 2713 rebus

2226 579 2318 615 νον
2354 563 2481 631 ἑξῆς
2514 562 2708 616 ἅπασι.
2749 564 2859 616 Καὶ
2913 563 2966 616 εἴ
2990 579 3137 625 τινες
3174 561 3371 623 αὐτοὺς
3408 559 3640 629 ἔροιντο,
3679 562 3819 615 δια-

2226 656 2314 727 τί;
2345 656 2487 713 Ὅτι,
2524 656 2792 725 φήσουσιν
2822 654 3002 718 εὐθὺς,
3030 654 3101 707 τά
3131 672 3191 707 τε
3220 655 3326 723 ἢθη
3347 654 3677 725 διαφθείρει,
3713 656 3821 707 καὶ

2228 746 2457 808 πολλοὺς
2491 747 2941 815 θαυμαζομένους
2989 746 3076 799 ἐπ’
3123 748 3294 817 ἀρετῇ
3354 746 3413 812 ἐξ
3445 748 3671 814 ἀγαθῶν
3727 748 3821 810 εἰς

2230 838 2464 905 φαύλους
2500 838 2853 906 μεταϐάλλει.
2885 838 3103 894 Μᾶλλον
3130 838 3185 891 δὲ
3217 839 3521 907 προσήκειν
3551 838 3815 909 ἠγοῦμαι

2229 928 2316 981 διὰ
2348 928 2604 981 πλειόνων
2631 929 2883 982 ἐκθέσθαι
2922 929 2991 981 τά
3009 929 3126 982 κατ’
3151 930 3319 995 αὐτῆς
3343 928 3636 997 λεγόμενα.
3666 930 3817 981 Τολ-

2235 1020 2379 1088 μῶσι
2405 1019 2587 1073 τοίνυν
2617 1022 2814 1083 εἰπεῖν,
2833 1018 2861 1071 δ
2901 1021 2995 1072 καὶ
3029 1021 3106 1081 είς
3133 1019 3267 1072 Θεὸν
3290 1019 3604 1089 ἀνατρέχει,
3634 1021 3716 1079 ὡς
3742 1014 3817 1087 ἦν

2235 1111 2300 1165 ἂν
2342 1113 2590 1180 κρεῖττον
2632 1111 2882 1180 μηδόλως
2909 1106 3073 1175 εἶναι,
3111 1111 3244 1180 μηδὲ
3274 1114 3531 1180 παρεῖναι
3559 1110 3700 1179 τῷδε
3731 1108 3815 1178 τῷ

2236 1201 2355 1272 βίῳ,
2382 1202 2517 1272 μηδὲ
2534 1203 2631 1271 τὴν
2662 1202 2833 1272 ἀρχὴν
2866 1203 3165 1271 ὑφεστάναι
3195 1203 3293 1272 τὴν
3320 1204 3537 1271 ἡδονήν.
3562 1203 3666 1255 Τὸν
3694 1205 3815 1272 γάρ

2235 1295 2576 1362 ἀνθρώπινον
2602 1294 2715 1363 βίον
2751 1297 2998 1364 ταραχῆς
3030 1295 3122 1345 καὶ
3148 1292 3385 1362 ἀθυμίας
3408 1293 3615 1360 πολλῆς
3639 1295 3817 1360 ἐμπί-

2235 1382 2424 1452 πλησι,
2454 1384 2546 1435 καὶ
2572 1383 2769 1452 πολλὴν
2800 1383 2897 1453 τὴν
2923 1383 3116 1451 ἀηδίαν
3148 1382 3257 1434 τῶν
3280 1382 3468 1452 ψυχῶν
3493 1383 3650 1451 ἡμῶν
3677 1398 3818 1436 κατ-

2237 1472 2371 1543 έχει.
2409 1472 2509 1526 Διά
2554 1474 2662 1543 γὰρ
2694 1474 2793 1543 τὴν
2827 1473 3018 1542 ἡδονὴν
3048 1472 3261 1525 πολλῶν
3289 1472 3389 1541 μὲν
3420 1474 3514 1525 καὶ
3552 1472 3817 1542 μεγάλων

2238 1562 2612 1632 ἔπιθυμοῦμεν
2636 1566 2819 1634 τυχεῖν
2840 1580 2854 1594 ο
2884 1565 3080 1617 αὐτίκα
3109 1565 3165 1617 δὲ
3203 1565 3349 1633 μάλα
3378 1564 3676 1632 ἐλπίζομεν
3709 1564 3807 1617 αὖ·

2238 1654 2348 1705 τῶν
2395 1652 2708 1716 τεύξεσθαι.
2780 1654 2911 1706 Ἀπὸ
2962 1655 3071 1721 γὰρ
3106 1652 3200 1705 τοῦ
3240 1654 3447 1722 σφόδρα
3488 1654 3715 1715 ἐθέλειν,
3756 1654 3814 1705 ὲν

2240 1746 2423 1813 χεροῖν
2449 1741 2590 1796 εἶναι
2630 1744 2912 1813 νομίζεται
2946 1746 3005 1797 τδ
3033 1747 3094 1796 ἐκ
3125 1744 3416 1814 διαμέτρου
3445 1745 3708 1806 πολλάκις
3731 1745 3814 1808 ὃν,

2242 1837 2334 1888 καὶ
2367 1835 2574 1889 τούτων
2608 1835 2843 1889 ἕκαστον
2875 1838 2954 1898 είς
3002 1838 3267 1905 μεγίστην
3315 1837 3643 1905 έπαρκέσειν
3673 1838 3814 1889 ὑπο-

2241 1924 2580 1994 λαμϐάνεται
2625 1924 2837 1994 τέρψιν.
2880 1925 3111 1991 Ὀλίγων
3156 1926 3236 1989 δὲ,
3277 1926 3374 1978 καὶ
3404 1925 3673 1995 σμικρῶν,
3723 1927 3819 1978 καὶ

2246 2018 2403 2086 μόλις
2440 2019 2908 2086 ὲπιτυγχάνομενο
2944 2018 3038 2070 καὶ
3066 2017 3273 2070 τούτων
3302 2013 3371 2071 αὖ
3398 2017 3559 2071 πάλιν
3589 2018 3821 2085 ἀδρανὲς

2242 2124 2297 2158 τι
2328 2106 2582 2175 καὶπρὸς
2602 2106 2780 2179 ὀλίγον
2831 2108 2976 2177 ἡμᾶς
3020 2108 3446 2177 εύφραινόντων.
3478 2109 3590 2177 Οὐχ
3616 2109 3820 2177 ἥκιστα

2243 2197 2299 2250 δέ
2325 2214 2387 2263 γε
2416 2197 2578 2249 λυπεῖ
2596 2197 2689 2249 καὶ
2714 2198 2774 2249 τὸ
2798 2197 3033 2266 φανῆναι
3062 2198 3309 2253 τοιαῦτα.
3341 2198 3583 2261 Εἰκότως
3604 2199 3661 2251 δὲ
3686 2199 3820 2251 ταῦ·-

2245 2307 2313 2341 τα
2346 2289 2543 2342 πάντα.
2578 2290 2650 2342 Τὸ
2688 2289 2798 2357 γὰρ
2839 2290 3093 2357 ἐφίεσθαι
3135 2290 3228 2343 τοῦ
3275 2292 3464 2359 τυχεῖν
3496 2291 3823 2359 εὐχερέστε-

2250 2399 2342 2452 ρον
2398 2383 2490 2434 έπὶ
2520 2382 2630 2434 τῶν
2667 2383 2960 2435 ἁπάντων·
3020 2383 3116 2436 καὶ
3146 2384 3257 2438 τῶν
3304 2384 3547 2437 ἐλπίδων.
3585 2385 3729 2437 αύτά
3759 2384 3825 2436 τά

2249 2474 2555 2542 πράγματα
2579 2473 2785 2526 ἐλάττω
2807 2474 2899 2525 καὶ
2922 2468 3230 2542 φαυλότερα
3254 2475 3677 2544 παραγενόμενα
3700 2475 3823 2542 φαί-

2250 2578 2419 2616 νεται.
2456 2562 2563 2613 Καὶ
2591 2560 2651 2613 τὸ
2682 2561 2815 2613 πολὺ
2845 2561 3169 2630 διαμαρτεῖν
3192 2559 3292 2629 τῆς
3309 2560 3525 2622 ἐλπίδος
3570 2562 3813 2628 ἀνιαρόν.

2253 2653 2361 2706 Καὶ
2393 2653 2566 2705 ταῦτα
2603 2654 2667 2720 δὴ
2693 2652 3013 2721 πάσχοντες,
3045 2652 3297 2721 οὐδαμῶς
3320 2652 3815 2720 ἀπαλλαττόμεθα⁸

590 2758 754 2809 quam
779 2745 1001 2812 adipisci
1034 2764 1047 2810 ;
1078 2754 1131 2799 et
1159 2745 1286 2810 ipsa:
1314 2762 1398 2800 res
1426 2764 1545 2802 cum
1574 2749 1683 2817 jam
1708 2751 1925 2813 adsunt,
1960 2750 2155 2816 spebus

2258 2744 2386 2797 ἀλλὰ
2419 2743 2707 2813 ζητοῦντες
2735 2743 2965 2812 ἥδεσθαι
3008 2745 3181 2815 όπόοῃ
3207 2761 3291 2806 τις
3316 2744 3380 2797 ἂν
3418 2743 3563 2797 εἴποι
3595 2744 3825 2812 σπουδῇ,

595 2834 885 2889 inferiores
925 2844 1086 2905 atque
1119 2838 1335 2892 viliores
1381 2852 1664 2905 apparent.
1710 2841 1897 2895 Itidem
1933 2842 2154 2895 multum

2258 2835 2543 2903 ὁσημέραι,
2576 2836 2700 2887 ὅσαι
2752 2827 2911 2904 ὧραι,
2946 2835 3149 2897 πάσαις
3184 2836 3476 2903 μηχαναῖς,
3514 2836 3649 2886 πᾶσι
3699 2834 3815 2900 τρό-

593 2941 689 2988 spe
734 2942 825 2980 sua
860 2926 1114 2981 frustrari
1142 2940 1303 2996 atque
1337 2930 1535 2998 decipi,
1573 2932 1858 2984 molestum
1890 2942 1990 2984 est.
2029 2931 2158 2996 Qua:

2258 2944 2399 2990 ποις,
2428 2925 2620 2979 ἔπειτα
2652 2925 2814 2977 πάλιν
2846 2924 2940 2977 τοῦ
2980 2925 3185 2978 σκοποῦ
3235 2925 3553 2978 τοπλεῖστον
3589 2926 3815 2995 διαμαρ⁶

592 3031 725 3070 sane
770 3033 1072 3086 quanquam
1121 3019 1277 3073 nobis
1326 3021 1596 3084 accidant,
1665 3038 1770 3075 non
1824 3032 2003 3075 tamen
2057 3036 2158 3076 nos

2259 3017 2533 3079 τάνοντες,
2586 3016 2796 3078 πάσαις
2830 3014 3103 3080 ἀνάγκαις
3134 3014 3497 3084 ἀσχάλλομεν.
3533 3015 3643 3068 Καὶ
3668 3031 3813 3066 συνε-

596 3109 947 3173 extricatnus,
979 3111 1072 3163 sed
1104 3110 1435 3180 voluptatem
1461 3121 1762 3179 quaarentes
1783 3115 1963 3167 studio
1985 3128 2158 3182 quan-

2262 3109 2371 3179 χῶς
2402 3108 2532 3177 ἡμῖν
2560 3108 2752 3159 τούτου
2801 3104 2896 3158 τοῦ
2928 3106 3103 3159 δεινοῦ
3147 3106 3498 3175 γιγνομένου,
3527 3106 3555 3157 ὃ
3582 3105 3819 3158 δουλείαν

601 3210 659 3254 to
690 3200 792 3254 dici
826 3201 1063 3254 maximo
1095 3211 1273 3269 potest
1303 3202 1562 3269 quotidie,
1590 3204 1817 3271 singulis
1846 3205 2012 3269 boris,
2040 3203 2158 3271 qui-

2261 3216 2343 3262 τις
2364 3197 2554 3262 εἰπὼν,
2580 3196 2755 3267 ὀρθῶς
2785 3214 2849 3264 γε
2874 3196 3092 3259 πάντως
3122 3197 3258 3266 ὲρεῖ,
3285 3196 3402 3249 δέον
3427 3196 3486 3250 ὃν
3515 3198 3818 3265 ἐλευθερίας

605 3292 794 3345 Lusvis
826 3292 1220 3357 molitionibus,
1248 3293 1421 3347 modis
1445 3294 1696 3349 omnibus
1721 3313 1736 3360 ;
1769 3312 1891 3349 mox
1930 3297 2017 3349 ubi
2047 3295 2163 3364 plu-

599 3388 796 3439 rimum
839 3400 867 3436 a
901 3400 1066 3453 scopo
1112 3386 1454 3449 aberramus,
1494 3386 1632 3454 ringi
1667 3401 1765 3439 nos
1794 3386 2018 3440 omnino
2065 3398 2162 3441 ne-

600 3492 756 3531 cesse
805 3485 909 3531 est.
962 3478 1139 3545 Atque
1176 3477 1279 3531 hoc
1305 3477 1530 3542 malum,
1562 3493 1687 3532 cum
1716 3478 1980 3532 continuo
2009 3480 2164 3533 nobis

601 3569 832 3633 accidat,
867 3570 1008 3638 quod
1043 3570 1086 3623 si
1120 3570 1242 3637 quis
1268 3570 1587 3624 servitutem
1624 3569 1993 3637 appellaverit,
2020 3580 2166 3625 recte

601 3671 731 3710 sane
758 3657 1048 3726 loquetur:
1085 3657 1212 3712 licet
1251 3659 1484 3726 optanda
1520 3658 1740 3712 libertas
1773 3659 1866 3721 sit,
1901 3667 1957 3712 et
2000 3673 2165 3728 expe-

605 3747 766 3799 tenda
816 3748 1063 3802 studiose
1112 3748 1451 3810 immunitas,
1488 3764 1583 3804 nos
1631 3758 1807 3801 tamen
1844 3749 1918 3802 rei
1958 3748 2164 3803 demul-

604 3840 784 3892 centis
850 3840 1268 3910 investigatione
1313 3841 1639 3904 detinemttr,
1685 3848 1749 3895 et'
1788 3841 1952 3907 priori
1990 3842 2169 3896 studio

605 3924 840 3978 studium
885 3926 1030 3979 aliud
1087 3928 1363 3981 ardentius
1421 3943 1640 3997 semper
1685 3927 2048 3995 adjungimus.
2092 3930 2169 3983 Ac

608 4013 818 4067 videtur
845 4017 1061 4083 quidem
1090 4029 1242 4073 certe
1274 4020 1448 4073 dirum
1484 4021 1584 4074 hoc
1614 4021 1764 4074 nobis
1791 4036 1918 4075 esse
1945 4021 2168 4086 malum,

609 4104 966 4171 ignavamque
990 4108 1154 4162 vitam
1186 4124 1376 4163 omnes
1408 4110 1799 4179 vituperamus,
1834 4126 1896 4164 ac
1928 4111 2171 4180 volupta-

606 4194 751 4247 tibus
775 4210 896 4249 esse
928 4197 1188 4264 deditum,
1221 4214 1425 4254 meram
1456 4217 1711 4255 vocamus
1734 4201 2005 4257 insaniam
2031 4220 2047 4259 :
2077 4203 2170 4255 sed
2223 4201 2228 4207 ’

611 4285 822 4339 interim
854 4302 957 4340 non
998 4288 1158 4342 facile
1198 4304 1382 4343 sanam
1418 4291 1483 4343 ad
1518 4297 1749 4344 mentem
1781 4291 2043 4354 redimus,
2076 4306 2173 4346 nec

608 4389 801 4443 sponte
844 4364 1025 4431 nostra
1072 4378 1388 4433 desistimus
1418 4381 1483 4432 ab
1517 4381 1616 4433 hac
1676 4381 1888 4434 insania
1918 4398 2039 4451 quae.
2071 4399 2166 4436 vo-

611 4469 839 4521 luntaria
889 4470 1013 4539 jure
1048 4479 1412 4538 nuncupatur.
1446 4469 1566 4535 Quo
1598 4472 1739 4524 enim
1771 4440 2066 4539 pacto-non
2102 4475 2168 4528 il-
2201 4440 2243 4494 θ

608 4559 702 4612 hec
726 4557 1007 4611 manifesta
1042 4557 1204 4611 fuerit
1234 4558 1469 4622 insania,
1495 4562 1538 4613 si
1567 4561 1690 4619 mali
1718 4563 1940 4617 nomine
1964 4575 2174 4620 uosmet

604 4649 895 4718 jactemus,
961 4650 1184 4720 ejusque
1237 4650 1481 4719 vestigiis
1536 4650 1836 4727 insistendo
1906 4655 2175 4710 nobismet

608 4743 938 4809 placeamus,
989 4759 1111 4795 cum
1151 4743 1331 4811 potius
1379 4743 1767 4800 erubescentes
1820 4745 1971 4799 vultu
2020 4748 2174 4814 quasi

613 4843 755 4885 tecto
785 4833 1129 4888 retrocedere
1171 4833 1429 4888 deceret?
1461 4832 1581 4889 Jam
1616 4834 1756 4903 quod
1790 4837 2027 4891 maxime
2064 4854 2177 4890 om-

612 4922 756 4973 nium
786 4925 1111 4991 reprehendi
1144 4933 1402 4989 tueretur,
1436 4942 1502 4980 ne
1534 4926 1729 4981 damno
1752 4929 1968 4997 quidem
1996 4930 2175 4983 allecti

610 5012 869 5077 sapimus,
904 5016 1043 5082 quod
1097 5026 1272 5070 tamen
1307 5026 1361 5071 et
1410 5017 1589 5071 stultis
1623 5016 1887 5074 Hesiodus
1931 5021 2178 5075 attribuit

610 5117 731 5155 cum
760 5102 853 5163 ait,
903 5104 1128 5158 stultum
1184 5108 1389 5175 aliquid
1424 5123 1744 5178 perpessum
1776 5126 1989 5179 sapere.
2022 5113 2176 5177 Quod

610 5210 739 5248 sane
774 5197 994 5248 verbum
1023 5212 1142 5250 cum
1183 5200 1476 5266 prudenter
1535 5215 1659 5255 esse
1696 5203 1967 5271 prolatum
2000 5205 2174 5257 visunt

613 5286 828 5348 fuisset,
862 5300 926 5338 ac
967 5287 1167 5353 saepius
1195 5299 1586 5358 usurparetur;
1626 5294 1845 5346 tandem
1881 5295 2177 5347 conlinun-

612 5388 724 5430 tum
757 5377 1125 5444 paulatimque
1149 5380 1540 5447 progrediendo
1570 5382 1619 5434 in
1647 5385 1994 5452 proverbium
2021 5387 2174 5440 abiit.

609 5470 776 5539 Atqui
829 5484 940 5523 rem
983 5468 1140 5538 plane
1172 5482 1275 5521 non
1303 5469 1683 5537 perficiendam
1729 5475 2004 5537 molimur.
2032 5477 2076 5531 si
2111 5478 2177 5530 li—

612 5564 851 5619 bidinem
878 5573 931 5618 et
967 5562 1316 5632 cupiditatem
1342 5563 1532 5616 .animi
1555 5566 1808 5621 cohibere
1837 5570 2176 5636 cogitemus;

612 5655 758 5723 quod
795 5671 924 5709 sane
957 5655 1159 5709 nemini
1208 5653 1448 5705 omnium
1488 5654 1728 5723 ignotum
1759 5672 1881 5713 esse
1917 5661 2175 5715 arbitror.

612 5746 877 5803 Nimirum
911 5759 965 5803 ut
998 5745 1237 5805 crudelis
1269 5742 1495 5813 alicujus
1548 5758 1599 5801 et
1638 5748 1993 5805 inexorabilis
2038 5751 2174 5817 lteri,

2263 3290 2532 3361 ἐφίεσθαι,
2571 3290 2666 3343 καὶ
2722 3289 3191 3355 άπαλλαξείοντας
3227 3284 3402 3341 εἶναι’
3462 3290 3619 3357 ἡμεῖς
3662 3289 3716 3341 δέ
3750 3292 3819 3357 τῇ

2265 3381 2490 3450 ζητήσει
2520 3381 2612 3433 τοῦ
2643 3380 2761 3433 τότε
2782 3379 3065 3448 θέλγοντος
3097 3378 3561 3449 κατεχόμεθα,καὶ
3590 3380 3650 3446 τῇ
3682 3394 3802 3447 προ-

2264 3471 2397 3542 τέρᾳ
2441 3471 2646 3541 σπουδῇ
2696 3470 2889 3540 ἑτέραν
2922 3470 3258 3540 θερμοτέραν
3303 3471 3392 3523 ἀεὶ
3442 3467 3803 3538 προστίθεμεν.

2266 3564 2423 3615 Δοκεῖ
2448 3562 2546 3631 μὲν
2575 3558 2667 3615 οὖν
2713 3562 2886 3615 δεινὸν
2923 3562 2988 3614 τὸ
3017 3561 3212 3625 πάθος,
3254 3549 3366 3615 καῖ
3393 3560 3579 3621 κακῶς
3612 3560 3696 3611 τδν
3724 3558 3814 3628 ρᾁ

2267 3653 2435 3720 θυμον
2466 3653 2667 3716 πάντες
2692 3652 2926 3721 λέγομεν
2957 3652 3095 3721 βίον,
3149 3653 3242 3705 καὶ
3289 3652 3439 3720 σαφῆ
3475 3651 3675 3720 μανίαν
3699 3652 3821 3703 ἀπο·

2269 3744 2541 3811 καλοῦμεν
2569 3743 2631 3796 τδ
2655 3746 2773 3805 ταῖς
2798 3743 3013 3813 ἡδοναῖς
3059 3743 3374 3796 ἐκδεδόσθαι
3396 3758 3410 3771 ·
3454 3743 3555 3796 οὐκ
3584 3741 3651 3795 ἂν
3670 3743 3709 3795 δ’
3735 3742 3819 3795 εὐ-

2270 3834 2443 3895 κόλως
2473 3833 2999 3902 σωφρονισθείημεν,
3018 3832 3124 3884 οὐδ’
3145 3834 3209 3885 ἂν
3238 3834 3457 3895 ἑκόντες
3486 3833 3823 3903 παυσαίμεθα

2270 3925 2500 3991 ταυτησὶ
2529 3925 2629 3992 τῆς
2662 3924 2909 3976 ἑκουσίου
2950 3925 3148 3993 μανίας
3190 3924 3414 3988 δικαίως
3466 3925 3534 3978 ἂν
3565 3926 3824 3993 κεκλημέ-

2272 4033 2390 4084 νης.
2426 4015 2551 4078 Πῶς
2577 4014 2687 4084 γὰρ
2737 4015 2797 4067 οὐ
2835 4016 3002 4085 μανία
3052 4015 3251 4085 σαφὴς,
3284 4017 3411 4068 ὅταν
3444 4018 3824 4084 σεμνυνὼμεθα

2273 4104 2349 4172 τῷ
2378 4104 2551 4172 κακῷ,
2581 4105 2675 4157 καὶ
2692 4103 2767 4173 τῷ
2791 4105 3020 4158 κατόπιν
3042 4106 3212 4175 αὐτῆς
3238 4107 3373 4158 ίέναι
3396 4105 3824 4175 φιλ.οτιμὼμεθα,

2274 4193 2482 4262 πρέπον
2510 4192 2569 4245 ὂν
2591 4193 2958 4263 ἐρυθριῶντας
2981 4193 3352 4247 καλύπτεσθαι
3375 4195 3470 4247 καὶ
3497 4175 3828 4268 ὑποχωρεῖνς

2276 4274 2350 4338 Τὸ
2376 4285 2431 4337 δὲ
2457 4287 2675 4339 πάντων
2709 4287 3119 4354 σχετλιώτατον,
3151 4289 3270 4341 οὐδὲ
3299 4288 3429 4354 γοῦν
3456 4288 3721 4350 παθόντες
3748 4304 3825 4353 γι-

2275 4376 2574 4444 νώσκομεν,
2607 4377 2635 4429 ὃ
2667 4381 2758 4430 καὶ
2784 4378 2997 4448 νηπίοις
3031 4380 3261 4432 δέδωκεν
3311 4380 3553 4442 Ἠσίοδος
3581 4396 3594 4409 ⁸
3624 4378 3822 4432 Παθὼν

2274 4464 2382 4534 γάρ
2412 4484 2476 4518 τε
2505 4466 2742 4532 νήπιος.
2766 4466 2941 4536 ἔγνω.
2984 4469 3094 4521 Καὶ
3116 4470 3176 4521 τὸ
3209 4469 3337 4532 ἔπος
3370 4469 3520 4536 ὑγιὲς
3542 4469 3716 4533 δόξαν,
3740 4468 3824 4521 καὶ

2278 4558 2513 4627 συνεχῶς
2546 4558 2857 4627 λεγόμενον,
2901 4559 3090 4612 ἔπειτα
3118 4562 3293 4629 χρόνῳ
3330 4561 3528 4628 παγὲν,
3558 4560 3660 4629 όδῴ
3692 4559 3825 4628 βαδέ·

2275 4649 2384 4712 ζον,
2412 4651 2485 4711 είς
2510 4651 2811 4718 παροιμίαν
2842 4650 3152 4716 ἐξελήλυθε.
3188 4651 3380 4704 Καίτοι
3406 4651 3685 4712 παντελῶς
3710 4652 3827 4718 ἀνή-

2276 4760 2409 4795 νυτα
2454 4743 2747 4811 πονοῦμεν,
2804 4746 3000 4811 στῆσαι
3035 4745 3134 4813 τὴν
3195 4745 3497 4813 ἐπιθυμίαν
3530 4743 3822 4814 ζητοῦντες.

2278 4835 2386 4887 Καὶ
2438 4834 2596 4887 τοῦτο
2639 4832 2792 4903 οἶμαι
2834 4834 3035 4903 μηδένα
3078 4835 3359 4905 λεληθέναι
3421 4835 3532 4888 τῶν
3598 4836 3823 4889 πάντων.

2280 4927 2490 4996 Ὥσπερ
2524 4924 2580 4977 δέ
2634 4943 2779 4988 τινος
2818 4925 2971 4996 ὠμοῦ
3009 4942 3068 4978 τε
3122 4926 3498 4996 ἀπαραιτήτου
3555 4926 3824 4989 δεσπότου,

2279 5014 2428 5084 ξίφος
2453 5016 2807 5081 ἐπισείοντος,
2838 5018 2930 5070 καὶ
2952 5018 3021 5069 τὰ
3073 5019 3165 5069 καὶ
3196 5016 3265 5069 τὰ
3312 5017 3713 5080 ἐπιτάττοντος,
3738 5015 3827 5066 οὐκ

2280 5108 2486 5160 ἔνεστιν
2527 5110 2806 5161 ἀπειθεῖν·
2845 5108 3020 5171 οὕτως
3055 5107 3227 5160 εἴκειν
3260 5110 3467 5169 πάντας
3498 5108 3709 5179 ἀνάγκη
3743 5107 3827 5158 καὶ

2280 5201 2517 5270 τρέχειν,
2553 5202 2674 5254 ὅποι
2703 5200 2770 5252 ἂν
2802 5202 2835 5268 ἡ
2862 5200 3019 5269 ἡδονὴ
3056 5199 3320 5252 νεύσειεν.
3364 5197 3699 5266 Ἐφεστῶτος
3730 5196 3827 5262 γὰρ

2279 5291 2374 5344 τοῦ
2400 5292 2627 5355 πάθους,
2655 5291 2748 5343 καὶ
2773 5292 3223 5361 διακελευομένου
3273 5290 3351 5360 τῷ
3389 5288 3704 5358 ὑφορμῶντι
3741 5288 3826 5339 τοῦ

2283 5383 2415 5451 παρ’
2446 5384 2581 5451 ἡμῖν
2630 5383 2938 5449 πεφυκότος
2982 5385 3119 5451 πρός
3159 5398 3303 5443 τινος
3332 5379 3633 5433 ἀπόλαυοίν
3659 5394 3715 5430 τε
3744 5380 3827 5429 καὶ

2286 5476 2520 5544 μετοχὴν
2548 5475 2654 5527 τῶν
2680 5474 2982 5527 δοκούντων
3008 5473 3215 5541 ἐφετῶν
3239 5469 3401 5532 εἶναι,
3428 5471 3520 5523 καὶ
3552 5470 3687 5539 πρὸς
3714 5470 3828 5521 sau-

2280 5568 2347 5621 τὰ
2383 5566 2774 5635 μ;θελκόντων,
2814 5565 2976 5618 ἔτιδὲ
3020 5561 3517 5634 προσαπειλοῦντος
3553 5560 3824 5628 λυπήσειν,

2282 5661 2329 5711 εί
2373 5658 2447 5725 μὴ
2486 5659 2803 5710 κατανεύειν
2825 5657 3122 5725 ἐθέλοιμεν,
3146 5655 3295 5707 οὐδὲν
3321 5653 3386 5707 ἂν
3416 5655 3501 5719 εἴη
3530 5653 3711 5705 λοιπὸν
3731 5651 3830 5703 δια-

2285 5748 2617 5818 πράξασθαι,
2648 5747 2679 5816 ἢ
2715 5746 3010 5816 ἐφέπεσθαί
3044 5762 3100 5799 τε
3129 5746 3221 5799 καὶ
3253 5743 3518 5813 ἄγεσθαι,
3556 5742 3696 5796 κατὰ
3722 5738 3828 5799 τοὺς
3919 5756 3924 5761 ·
