4098 6272
267 433 379 495 445
1664 431 1882 493 ORATJ

1984 432 2059 490 IV
3403 422 3509 489 (46

264 547 381 601 ἀπὸ
405 546 501 600 τοῦ
532 545 749 617 χείλους
800 544 1120 613 δεδεμένους
1148 546 1254 599 τῶν
1291 547 1499 611 ἵππων,
1554 547 1651 600 καὶ
1684 563 1843 614 στρε-
1874 583 1882 603 λ

1988 546 2038 599 ni
2082 546 2319 614 gladium
2358 547 2557 613 vibrat,
2591 556 2646 601 ct
2676 547 2789 601 lucc
2815 554 2977 614 atque
3007 544 3099 599 illa
3131 544 3307 597 facere
3333 542 3512 608 jubet,

267 635 604 705 ϐλουμένους
635 635 744 688 τινὶ
781 633 944 704 ξύλῳ.
984 637 1129 704 Πρὸς
1153 636 1260 707 γὰρ
1292 638 1355 707 δὴ
1381 638 1575 691 δάκνον
1608 639 1705 707 ῆδη
1740 654 1844 689 πα-

1980 639 2233 705 rnperinm
2274 656 2529 695 recusare
2555 656 2656 693 non
2694 641 2841 702 licet,
2877 639 2951 692 ita
2983 638 3173 691 cedere
3195 644 3419 688 cunctos
3456 641 3512 687 et

269 733 365 797 ρὸν
387 726 665 795 (δάκνεται
689 726 801 796 γὰρ
826 727 852 777 ὁ
890 727 1177 794 ἐπιθυμῶν
1206 728 1357 795 αὐτῷ
1395 728 1472 796 τῷ
1505 728 1843 799 ἐπιθυμεῖν),

1983 744 2171 781 nrrere
2204 745 2423 783 necesse
2475 740 2559 783 est
2598 743 2930 796 quocunque
2976 726 3223 794 voluptas
3251 724 3510 777 innuerit.

269 818 367 870 καὶ
395 817 532 887 πρὸς
587 816 820 884 ἀπειλὴν
859 817 1046 869 κακῶν
1080 818 1319 885 (ἀπειλεῖ
1348 821 1457 888 γὰρ
1478 822 1539 873 τὸ
1576 821 1847 887 ποθούμε-

1980 820 2155 888 luippe
2187 837 2306 873 cum
2343 822 2538 874 malum
2566 822 2737 890 ipsum
2767 835 2865 874 nos
2894 825 3069 886 urget,
3095 827 3146 868 et
3171 823 3513 884 appetentem

270 924 363 960 νον
383 907 719 971 ἀποπνίξειν,
746 907 796 959 εί
823 908 888 977 δὴ
912 909 1191 973 παντελῶς
1224 912 1544 979 ἀποσταίη).
1586 912 1678 964 καὶ
1710 911 1849 980 πρὸς

1980 921 2160 983 laturis
2190 924 2388 967 nostrae
2419 925 2626 983 partem
2662 912 2983 965 exhortatur
3011 911 3074 961 ad
3109 906 3419 960 fruitiouem
3453 921 3516 959 ac

274 996 395 1067 βίαν
425 997 618 1067 ἡδονῆς
646 997 722 1063 (τί
748 998 858 1067 γὰρ
889 1000 1123 1069 ταυτησὶ
1162 1001 1465 1070 βιαιότερον
1488 1003 1549 1067 ;),
1583 1005 1677 1056 καὶ
1711 1003 1849 1069 πρὸς

1980 980 2421 1069 ιιιτῐίιῗίρειίοιιειιι
2473 1001 2703 1067 alicujus
2748 1012 3050 1066 eorumque
3085 996 3336 1049 videntur
3361 1008 3524 1062 expe-

274 1088 624 1159 παράκλησιν
656 1090 834 1142 καλῶν
866 1091 1206 1158 φαινομένων
1230 1091 1440 1161 (ὥσπερ
1470 1092 1579 1160 γάρ
1610 1092 1853 1159 αὐτόμα-

1980 1095 2135 1153 suda,
2174 1103 2228 1145 et
2254 1096 2318 1145 ad
2353 1108 2410 1159 se
2442 1092 2769 1159 pertrahunt
2823 1105 2884 1142 ac
2924 1089 3174 1148 invitant,
3207 1094 3259 1138 et
3305 1095 3519 1153 prater-

274 1196 342 1232 τα
375 1181 555 1233 πάντα
606 1178 744 1232 εῐκει
776 1182 843 1248 τῇ
883 1179 996 1231 τῶν
1035 1180 1216 1235 καλῶν
1247 1182 1392 1251 θέᾳ),
1441 1185 1535 1235 καὶ
1561 1182 1851 1234 συνελόντα

1980 1200 2016 1236 ιιι
2076 1184 2313 1237 dolorem
2352 1185 2637 1237 allaturum
2671 1199 2730 1238 se
2777 1183 3018 1235 minatur
3051 1180 3102 1233 ni
3152 1179 3381 1233 velimus
3425 1175 3516 1228 ad-

276 1273 474 1337 είπεῖν,
505 1272 643 1340 πρὸς
678 1270 859 1341 ὁρμὴν
882 1273 979 1337 τῆς
1016 1272 1230 1337 φύσεως
1258 1275 1362 1326 ὑπὸ
1390 1274 1662 1327 τοσούτων
1698 1275 1856 1339 ἐφελ-

276 1364 543 1434 κομένην,
573 1366 659 1426 τίς
687 1365 835 1417 οὕτω
866 1364 1151 1433 σιδηροῦς,
1192 1367 1278 1429 τίς
1324 1366 1540 1433 ἀδάμας
1562 1407 1576 1429 ,
1615 1366 1689 1428 ὡς
1723 1366 1852 1433 μέλ-

276 1455 392 1508 λειν
414 1457 627 1524 ἑδραῖος
650 1457 1012 1523 φανήσεσθαι,
1033 1456 1167 1509 ἀλλὰ
1195 1458 1268 1526 μὴ
1286 1456 1742 1517 καταπεσεῖσθαι,
1763 1456 1857 1508 καὶ

277 1545 570 1609 διαπαντὸς
602 1547 816 1598 κεῖσθαι
850 1545 1235 1614 βουλήσεσθαι,
1271 1549 1371 1613 τὴν
1398 1546 1690 1614 διόρθωσιν
1720 1563 1860 1597 παν-

278 1636 521 1687 τάπασιν
550 1636 861 1701 ἀπογνούςς
910 1636 1055 1688 Ἀλλ’
1085 1637 1113 1689 δ
1135 1638 1196 1702 δὴ
1225 1636 1609 1707 χαλεπώτερον
1640 1638 1731 1689 καὶ
1758 1654 1863 1688 πα-

286 1725 563 1793 ραμυθίας
598 1726 894 1796 ἀνώτερον,
925 1726 1021 1779 καὶ
1046 1726 1268 1780 ἀνίατον
1292 1726 1479 1790 κακὸν,
1504 1726 1558 1778 τί
1582 1726 1655 1796 μὴ
1680 1726 1857 1791 λέγως

284 1815 543 1869 Ἐπειδὰν
573 1818 683 1886 γάρ
712 1818 806 1871 καὶ
831 1816 1089 1886 τύχωμεν
1117 1817 1226 1870 τῶν
1256 1818 1449 1884 ἡδέων,
1480 1820 1574 1871 καὶ
1600 1818 1697 1884 τὴν
1720 1816 1860 1883 ἀγα-

1958 1288 2148 1334 nnere,
2188 1275 2320 1326 nihil
2353 1273 2499 1341 quod
2530 1288 2753 1339 agamus
2788 1272 2937 1325 aliud
2969 1278 3135 1323 restat
3162 1284 3322 1337 quam
3353 1277 3412 1320 ιιι
3443 1281 3524 1320 se-

1959 1375 2297 1432 quamur,et
2352 1364 2619 1416 ducamur
2679 1363 2893 1415 illorum
2939 1376 3199 1429 equorum
3252 1372 3403 1411 more
3436 1358 3526 1424 qui

1961 1451 2117 1507 labro
2147 1456 2595 1523 constringuntur
2635 1466 2688 1509 et
2729 1454 2878 1522 ligno
2909 1454 3145 1521 quodam
3186 1458 3524 1518 torquentur.

1960 1544 2095 1597 Nam
2125 1546 2190 1597 ad
2220 1546 2271 1597 id
2308 1546 2452 1614 quod
2478 1547 2588 1612 jam
2622 1559 2863 1615 praesens
2894 1544 3105 1597 mordet
3140 1542 3360 1612 (quippe
3388 1554 3535 1592 mor-

1948 1614 2082 1690 sum
2120 1640 2411 1706 quemdam
2440 1639 2598 1691 sentit
2628 1614 2704 1701 is,
2741 1637 2831 1703 qui
2863 1635 3095 1704 appetit,
3140 1649 3206 1687 eo
3238 1632 3357 1699 ipso
3387 1630 3533 1697 quod

1963 1730 2190 1797 appetit)
2228 1738 2282 1782 et
2310 1731 2378 1783 ad
2406 1731 2551 1798 ipsas
2587 1729 2846 1782 malormn
2875 1728 3057 1781 minas
3090 1729 3236 1794 (nam
3271 1732 3535 1777 enecatu-

1967 1836 2086 1874 rum
2128 1819 2451 1875 seminatur
2486 1819 2537 1872 id
2568 1821 2715 1887 quod
2754 1818 3046 1887 expetitur,
3080 1816 3124 1869 si
3162 1815 3384 1868 omnino
3426 1830 3532 1866 non

284 1905 384 1972 θὴν
415 1905 733 1974 νομίσωμεν
764 1907 937 1976 τύχην
987 1908 1135 1974 ἡμᾶς
1167 1906 1653 1975 ἐπιδεδημηκέναι,
1697 1906 1859 1975 μόγις

1990 1913 2308 1980 mpetretur)
2347 1923 2400 1965 et
2451 1912 2518 1964 ad
2554 1909 2855 1976 voluptatis
2904 1909 3009 1962 vim
3053 1907 3205 1976 (quid
3245 1896 3389 1960 enim
3445 1904 3531 1955 illa

184 2070 191 2073 ἦ
282 1993 366 2058 δὲ,
396 1997 491 2049 καὶ
519 1998 608 2050 διὰ
637 1998 853 2066 χρόνου,
884 1998 1088 2066 ταχέως
1116 1997 1258 2063 ἄγαν
1291 1998 1613 2064 ἀφίπταται,
1647 1999 1741 2051 καὶ
1766 1997 1861 2050 λυ-

284 2087 380 2137 πεῖ
402 2086 481 2154 τῷ
503 2087 808 2154 ἀφεστάναι
842 2087 1023 2156 πολλῷ
1059 2104 1123 2155 γε
1162 2087 1386 2154 μᾶλλον,
1412 2089 1443 2158 ἢ
1473 2088 1757 2157 εὐφραίνει
1785 2088 1864 2158 τῷ

283 2178 565 2244 παρεῖναι.
597 2177 659 2229 El
686 2178 732 2229 δ’
758 2178 1126 2246 ἐπιμήκιστον
1154 2177 1430 2254 διαρκέσει
1455 2178 1668 2246 χρόνον,
1698 2178 1863 2230 λυπεῖ

281 2266 361 2336 τῷ
392 2267 561 2335 κόρῳ.
596 2268 893 2336 Πλησμονὴ
921 2268 1055 2337 γὰρ,
1093 2267 1200 2338 ἔφη
1231 2285 1337 2330 τις,
1366 2269 1479 2320 τῶν
1506 2285 1570 2335 γε
1606 2269 1866 2322 τοιούτων

284 2359 570 2412 ἁπάντων.
596 2358 758 2422 Εἶκδς
788 2358 834 2410 δ’
863 2358 931 2410 ἂν
963 2359 1071 2426 εῐη,
1095 2362 1194 2425 τῆς
1242 2358 1397 2427 δόξης
1424 2361 1864 2428 μετατραπείσης

285 2451 366 2512 είς
394 2450 732 2511 τούναντίον,
786 2448 895 2500 ἀπὸ
928 2449 1028 2515 τῆς
1077 2450 1295 2517 πείρας,
1337 2448 1509 2517 μείζω
1562 2450 1663 2517 τὴν
1691 2449 1869 2518 λύπην

291 2536 437 2591 εἶναι
466 2539 569 2604 τῆς
595 2539 934 2607 εὐφροσύνης
957 2554 971 2568 σ
1003 2538 1097 2590 καὶ
1121 2537 1221 2606 τῆς
1248 2538 1537 2605 φθασάσης
1564 2539 1753 2608 ἡδονῆς
1779 2540 1870 2593 τὸν

214 2646 241 2669 κ
295 2628 654 2694 ιπιγεγονότα
687 2628 958 2695 κρατῆσαι
999 2627 1326 2694 μετάμελον,
1356 2629 1451 2679 καὶ
1472 2628 1872 2698 πλεονεκτηθῆ-

296 2735 387 2769 ναι
420 2719 508 2770 καὶ
529 2717 829 2786 ἡττηθῆναι
860 2716 1065 2787 ταύτην
1096 2717 1328 2772 ἐκείνου.
1355 2719 1428 2771 Τὸ
1457 2720 1566 2787 γὰρ
1605 2718 1703 2787 ἡδὺ
1734 2718 1872 2787 μετά

298 2809 393 2860 τὸν
421 2808 583 2878 κόρον
615 2809 863 2876 ἀνιαρὸν,
881 2809 955 2871 ὠς
985 2811 1289 2879 είρήκαμεν
1310 2828 1323 2841 ο
1360 2810 1455 2863 καὶ
1487 2808 1710 2877 ἀλγύνει
1738 2810 1872 2876 μᾶλ-

297 2901 389 2953 λον
420 2901 480 2953 τὸ
516 2900 859 2970 ὑπερϐάλλον
886 2902 985 2968 τῆς
1016 2901 1361 2971 πλησμονῆς,
1395 2901 1427 2971 ἦ
1461 2904 1872 2971 παραμυθεῖται

1962 2004 2278 2071 violentius)
2307 2013 2359 2058 ct
2394 2003 2459 2055 ad
2507 2002 2881 2056 invitationem
2913 2013 3101 2054 eorum
3130 2014 3251 2066 qua}
3297 1998 3533 2065 speciem

1964 2092 2232 2146 bonorum
2264 2091 2466 2143 habent
2491 2090 2695 2157 (omnia
2734 2104 2969 2157 namque
2995 2097 3189 2157 sponte
3216 2102 3312 2139 sua
3341 2087 3539 2139 cedunt

1965 2181 2033 2236 iis
2062 2197 2181 2249 qua:
2205 2181 2426 2249 pulchra
2455 2181 2747 2247 videntur),
2770 2192 2825 2237 ιιι
2853 2178 3172 2234 summatim
3199 2177 3432 2245 denique
3457 2176 3542 2229 di-

1967 2289 2110 2339 cam,
2146 2272 2213 2326 ad
2240 2273 2498 2338 impetum
2542 2282 2769 2336 naturae,
2801 2287 2963 2337 quem
2994 2278 3072 2322 tot
3102 2283 3189 2321 res
3226 2267 3541 2334 impellunt,

1968 2364 2091 2431 quis
2121 2365 2254 2415 adeo
2291 2362 2498 2416 ferreus
2546 2358 2711 2417 fuerit
2745 2362 2938 2431 quisve
2984 2371 3092 2414 tam
3130 2356 3537 2421 adamantinos,

1969 2464 2029 2507 ut
2060 2454 2307 2508 stabilem
2343 2469 2402 2508 se
2434 2454 2817 2508 declaraturus
2856 2453 2950 2513 sit,
2994 2467 3056 2504 ac
3087 2466 3192 2505 non
3221 2447 3413 2503 collabi
3442 2462 3545 2516 po-

1975 2546 2103 2608 tius,
2143 2556 2197 2598 et
2230 2555 2492 2612 perpetuo
2519 2545 2705 2612 jacere
2737 2544 2887 2603 velit,
2919 2543 3066 2595 omni
3100 2554 3326 2610 prorsus
3352 2532 3543 2591 einen?

1956 2636 2195 2689 ~datione
2218 2636 2503 2704 desperata
2526 2635 2549 2687 ?
2570 2633 2686 2687 1am
2720 2634 2865 2702 quod
2887 2635 3051 2686 etiam
3078 2630 3324 2699 gravius,
3348 2636 3401 2681 et
3426 2642 3549 2680 om—

1979 2742 2098 2780 nem
2133 2737 2288 2779 extra
2318 2724 2716 2776 correctionem
2744 2722 3003 2788 positum,
3038 2720 3349 2784 malumque
3381 2732 3547 2783 pror-

1977 2834 2073 2873 sus
2104 2816 2424 2877 insanabile,
2452 2831 2550 2868 cur
2580 2831 2686 2868 non
2726 2812 3045 2881 proferam?
3074 2828 3197 2864 nam
3228 2825 3347 2863 cum
3384 2810 3547 2861 rebus

1976 2907 2238 2979 jucuudis
2269 2907 2427 2974 potiti
2464 2918 2675 2967 sumus,
2709 2905 2930 2973 jamque
2962 2911 3212 2970 putamus
3246 2902 3443 2951 bonam
3480 2898 3547 2949 ad

296 2994 358 3045 τὸ
397 2992 616 3064 μέτριον
641 2993 742 3062 τῆς
794 2994 1037 3064 τρυφῆςο
1079 2996 1174 3046 καὶ
1204 2993 1366 3046 λυπεῖ
1404 2994 1464 3045 τὸ
1490 2993 1875 3061 διαρκέστερον

1980 3012 2081 3052 nos
2122 2997 2421 3050 accessisse
2457 2995 2754 3055 fortunam,
2805 2995 2889 3046 vix
2931 2993 2981 3046 id
3028 2991 3248 3059 quidem
3281 2999 3332 3043 et
3383 2989 3545 3055 longo

298 3083 399 3146 τῆς
426 3082 715 3146 ἀπουσίας,
746 3084 780 3153 ἢ
809 3083 1094 3153 χαρίζεται
1135 3085 1168 3153 ἠ
1204 3084 1502 3153 παρουσία,
1530 3084 1605 3145 ὡς
1642 3083 1875 3152 τάχιστα

1980 3089 2245 3157 temporis
2288 3072 2599 3148 intervallo,
2634 3086 2887 3139 celeriter
2929 3085 3217 3138 admodum
3261 3079 3459 3141 avolat.
3496 3087 3552 3131 et

300 3175 447 3243 ἡμᾶς
479 3174 935 3243 παρατρέχουσα.
966 3173 1127 3226 Ὥστε
1156 3175 1217 3226 τὸ
1246 3175 1471 3243 τέρπον,
1495 3175 1575 3227 ἐνί
1604 3193 1679 3245 τῳ
1720 3176 1875 3245 μέρει

1981 3182 2221 3235 discessu
2253 3195 2352 3233 suo
2388 3180 2564 3245 longe
2588 3177 2777 3241 majori
2823 3191 2919 3229 nos
2963 3174 3153 3228 dolore
3188 3169 3347 3224 allicit
3378 3186 3539 3237 quam

302 3265 669 3337 χαριζόμενον
708 3265 786 3335 τῷ
838 3267 1117 3333 παρεῖναι,
1180 3266 1371 3327 διττῶς
1412 3268 1559 3335 ἡμᾶς
1603 3266 1749 3336 ἀνιᾷ,
1800 3267 1878 3337 τῷ

1980 3286 2217 3338 ριάιεειιδ
2243 3256 2531 3323 exltilaret.
2554 3266 2704 3332 Quod
2728 3267 2770 3319 si
2792 3264 3108 3333 longissimo
3128 3260 3388 3329 temporis
3419 3275 3551 3327 spa-

307 3355 382 3425 μὴ
412 3356 846 3425 παραγεγονέναι
876 3357 1113 3426 ταχέως,
1164 3357 1258 3410 καὶ
1288 3356 1365 3426 τῷ
1398 3357 1560 3426 κόρον
1607 3360 1878 3426 ἐμποιεῖν,

305 3445 526 3499 ἐπειδάν
552 3445 707 3498 ὲλθδν
732 3446 991 3517 ἐπιμείνῃ
1010 3463 1026 3479 ο
1060 3447 1108 3499 εί
1138 3447 1195 3499 δὲ
1234 3447 1329 3517 μὴ,
1370 3448 1448 3516 τῷ
1476 3449 1688 3517 ταχέως
1711 3448 1882 3501 ἀπαλ-

1980 3362 2053 3412 tio
2076 3360 2256 3423 duret,
2307 3360 2419 3425 ipsa
2452 3358 2535 3411 sui
2572 3358 2829 3409 satietate
2882 3354 3108 3407 molesta
3149 3364 3255 3406 est.
3288 3350 3421 3404 Nam
3460 3349 3537 3400 uti

1979 3450 2202 3520 quidam
2240 3450 2397 3512 dixit,
2447 3447 2757 3517 bnjusmndi
2808 3461 2987 3497 rerum
3032 3446 3273 3497 omnium
3331 3442 3553 3494 satietas

307 3536 537 3603 λαγῆναι
582 3539 676 3589 καὶ
708 3538 1045 3605 ἀφεστάναι·
1086 3540 1178 3590 καὶ
1229 3540 1289 3589 ὲν
1341 3540 1558 3609 ἑκάστῳ
1587 3540 1644 3593 δὲ
1676 3541 1882 3593 τούτων

1980 3541 2538 3596 est.Cousetttaueum
2567 3548 2745 3591 autem
2784 3534 2967 3598 fuerit,
2996 3535 3251 3602 opinione
3282 3531 3549 3583 diversam

313 3623 474 3674 πλέον
500 3624 561 3675 τὸ
587 3623 784 3677 δάκνον
814 3626 847 3694 ἥ
875 3625 933 3678 ιν
968 3625 1046 3694 τῷ
1081 3628 1308 3695 τέρπειν
1331 3629 1390 3681 τὸ
1420 3630 1805 3699 χαριζόμενον.

1984 3632 2036 3685 in
2068 3642 2277 3700 partem
2317 3639 2544 3692 mutata,
2573 3643 2637 3681 ex
2676 3628 2789 3696 ipsa
2816 3625 3036 3694 quidem
3061 3621 3414 3691 experientia,
3450 3620 3550 3671 de-

318 3714 491 3767 lorem
530 3715 719 3769 laetitia
753 3716 1013 3785 majorem
1051 3733 1194 3785 esse,
1222 3733 1286 3785 ac
1319 3720 1593 3787 voluptate
1615 3735 1733 3784 quae
1796 3723 2094 3789 praecessit,
2154 3723 2494 3775 subsecutam
2563 3718 2928 3788 prenitemiam
2988 3731 3107 3771 esse
3197 3711 3553 3780 superio'cm.

318 3817 372 3861 et
402 3809 472 3863 ab
500 3809 600 3862 bac
631 3808 774 3862 illam
798 3809 955 3879 longo
982 3825 1047 3869 ex
1071 3812 1357 3867 intervallo
1376 3813 1544 3867 vinei.
1568 3813 1723 3876 Quod
1744 3815 1887 3866 enim
1920 3824 2003 3869 est
2028 3817 2241 3882 volupe,
2270 3824 2391 3883 post
2418 3815 2743 3875 satietatem,
2775 3826 2873 3864 ceu
2934 3812 3187 3871 diximus,
3254 3806 3542 3857 molestum

314 3912 380 3952 ac
411 3899 693 3953 tadiosum
721 3914 841 3954 esse
868 3900 1027 3964 solet,
1058 3902 1426 3970 majoremque
1456 3901 1699 3955 dolorem
1724 3902 1880 3954 aliert
1918 3902 2007 3955 illa
2032 3903 2196 3955 nimia
2227 3902 2487 3954 saturitas
2511 3915 2671 3966 quam
2696 3900 2941 3965 voluptas
2996 3897 3206 3950 modica
3270 3892 3542 3945 delectet:

315 3989 577 4044 absentiae
608 3990 841 4058 denique
886 3990 1213 4043 diuturnitas
1273 3990 1390 4059 plus
1466 3992 1701 4046 tristitia:
1753 3991 1909 4046 nobis
1986 3992 2181 4059 ingerit
2222 4006 2382 4059 quam
2431 3992 2555 4043 boui
2609 3990 2901 4056 prmsentia
2942 3987 3227 4055 largiatur,
3262 3983 3546 4037 celerrime

315 4097 416 4139 nos
446 4092 822 4150 praetervecta.
859 4081 978 4148 Quo
1013 4084 1090 4148 lit,
1146 4091 1203 4136 ut
1233 4083 1377 4151 quod
1422 4083 1670 4148 delectat,
1717 4084 1875 4138 unica
1916 4093 2121 4138 tantum
2148 4100 2204 4137 re
2230 4083 2365 4153 grati
2392 4083 2519 4151 quid
2550 4082 2705 4136 nobis
2736 4082 2966 4139 faciens.
2996 4081 3123 4133 dum
3190 4079 3364 4141 adest,
3436 4087 3555 4125 mo-

316 4177 471 4231 lestia
497 4177 735 4231 vicissim
764 4176 968 4243 duplici
1003 4176 1223 4239 alliciat,
1257 4185 1371 4227 tum
1402 4176 1544 4244 quod
1588 4176 1753 4231 citius
1808 4192 1912 4230 non
1987 4179 2303 4241 accesserit,
2340 4187 2450 4231 tum
2484 4175 2627 4242 quod
2656 4173 2737 4228 sui
2764 4172 3074 4227 satietatem
3109 4171 3310 4240 gignat,
3342 4170 3430 4223 ubi
3458 4170 3560 4223 de-

317 4277 480 4328 latum
515 4267 579 4321 ad
612 4281 732 4330 nos,
768 4266 978 4321 diutius
1004 4267 1163 4319 durat
1191 4283 1205 4320 :
1240 4268 1326 4321 sin
1354 4276 1557 4331 autem,
1588 4266 1751 4320 citius
1776 4267 1965 4321 saltem
2004 4268 2369 4323 abscedendo.
2401 4266 2580 4335 Atque
2611 4266 2666 4319 in
2736 4265 2978 4334 quolibet
3040 4264 3235 4317 borum
3301 4264 3422 4332 plus
3466 4272 3551 4315 est

315 4363 461 4432 quod
496 4362 735 4417 mordeat
772 4376 935 4430 quam
986 4360 1039 4412 in
1084 4360 1450 4414 delectatione
1483 4361 1625 4427 quod
1668 4370 1882 4428 gratum
1921 4361 2012 4415 sit.

387 4457 499 4509 καὶ
528 4454 702 4509 ταῦτα
731 4457 829 4525 μὶν
854 4456 1115 4525 περὶτῶν
1142 4454 1513 4524 ἐλπιζομένων
1536 4457 1668 4525 ἡμῖν
1700 4456 1882 4525 ἡδέων,

2074 4456 2141 4510 Et
2176 4458 2291 4510 lucc
2320 4455 2539 4524 quidem
2575 4453 2642 4508 de
2668 4455 2737 4509 iis
2766 4457 2926 4509 rebus
2945 4452 3202 4523 jucundis
3232 4468 3351 4521 qua:
3381 4452 3430 4504 in
3465 4468 3564 4505 ex-

318 4548 351 4616 ἢ
376 4548 483 4599 τῶν
521 4548 596 4616 μὴ
634 4547 810 4615 πάντη
848 4546 1104 4615 βεϐαίων,
1140 4548 1190 4599 εί
1243 4548 1339 4599 κα)⁸
1386 4549 1610 4615 παρεῖεν
1640 4564 1653 4577 ’
1688 4550 1815 4616 περὶ
1840 4547 1897 4599 δὲ

315 4637 428 4690 τῶν
454 4637 557 4705 ἤδη
595 4638 879 4706 παρόντων
916 4638 1107 4704 συχνόν
1137 4654 1200 4703 γε
1249 4638 1521 4707 δήπουθεν
1554 4639 1768 4707 χρόνον,
1803 4639 1896 4694 καὶ

316 4729 407 4781 διά
432 4726 589 4779 τοῦτο
618 4726 991 4795 νομιζομένων
1019 4729 1291 4796 μηδέποτε
1319 4730 1751 4800 μεταϐήσεσθαι,
1782 4730 1898 4782 ἀλλ’

320 4817 541 4870 ἔσεσθαί
588 4834 649 4883 γε
679 4816 909 4885 ὲδραίων
961 4819 1028 4886 τῇ
1060 4819 1395 4880 παρεκτάσει
1433 4820 1631 4882 παντὸς
1666 4820 1809 4888 βίου,
1837 4819 1893 4872 τί

322 4910 388 4968 ἄν
406 4924 489 4969 τις
518 4906 694 4972 εἴποι;
718 4907 781 4960 Et
807 4906 912 4976 γάρ
938 4924 989 4958 τι
1016 4907 1221 4960 τούτων
1247 4908 1539 4961 ἀποϐαλεῐν
1555 4911 1679 4972 τοὺς
1702 4928 1901 4979 κεκτη-

325 4996 519 5064 μένους
551 4995 791 5063 συμϐαίη
825 4995 1138 5063 (συμϐαίνει
1169 4994 1226 5047 δὲ
1259 4994 1545 5064 συνεχῶς),
1580 4982 1747 5066 βαϐαί
1772 4999 1898 5051 ὅσον

322 5086 622 5155 ἀφόρητον,
678 5087 771 5140 καὶ
831 5086 1041 5152 πεῖθον,
1098 5086 1195 5156 τὴν
1227 5086 1434 5155 ζημίαν
1468 5088 1544 5155 μὴ
1600 5087 1897 5157 φέρονταςο

321 5177 691 5247 διαφθαρῆναι
722 5180 791 5248 τῇ
816 5176 993 5247 λύπηί
1047 5177 1211 5229 Ὠστε
1245 5176 1306 5229 τὸ
1336 5177 1438 5239 τῆς
1470 5179 1666 5247 ἡδονῆς
1697 5178 1891 5248 χρῆμα

321 5275 404 5331 εἰς
428 5270 739 5322 τούναντίον
760 5271 895 5339 ἡμῖν
920 5268 1288 5338 περιίσταται,
1321 5270 1416 5322 καὶ
1445 5270 1513 5322 δι’
1540 5270 1709 5338 αὐτὴν
1731 5270 1805 5333 ὡς
1830 5270 1900 5323 τὰ

325 5361 501 5413 πολλὰ
545 5361 606 5413 τὸ
633 5360 986 5412 λελυπεῖσθαι
1028 5360 1351 5431 συμϐαίνει,
1378 5361 1454 5412 Οὐ
1494 5362 1600 5430 μὴν
1630 5361 1764 5414 ἀλλὰ
1805 5362 1900 5414 καὶ

320 5452 384 5505 τὺ
416 5452 630 5518 φθονεῖν
661 5450 980 5519 ἠδικηκόσιν
1013 5452 1187 5515 οὐδὲν,
1223 5450 1362 5520 πλὴν
1389 5453 1470 5504 ὅτι
1496 5452 1699 5519 μᾶλλον
1736 5453 1894 5523 ἡμῶν

325 5546 539 5615 τρυφᾷν
570 5543 844 5610 δύνανται,
876 5542 993 5611 εἴγε
1028 5543 1325 5612 βούλοιντο,
1349 5544 1464 5606 τοῖς
1501 5543 1652 5606 ἰδίοις
1671 5542 1899 5609 ἀγαθοῖς

328 5636 769 5708 καταχρώμενοι,
835 5634 1018 5701 σκφῶς
1077 5634 1287 5687 ἐκεῖθεν
1336 5634 1469 5705 ἡμῖν
1530 5633 1893 5699 ἐπιγίγνεται.

328 5730 536 5797 Σφόδρα
561 5729 668 5796 γάρ
699 5725 1000 5793 ζηλότυπον
1032 5724 1089 5775 τὸ
1114 5722 1416 5793 φιλήδονον,
1439 5724 1530 5776 καὶ
1555 5724 1766 5792 νομίζει
1798 5725 1896 5791 ζη-

333 5821 586 5892 μιοῦσθαι
604 5822 721 5883 ταῖς
754 5818 955 5887 ἑτίρων
980 5816 1337 5873 ἀπολαύσεσι.
1374 5818 1535 5870 Τουτὶ
1565 5816 1619 5871 δὲ
1643 5816 1700 5871 τὸ
1726 5818 1895 5880 πάθος

1998 4550 2338 4619 spectatione
2370 4547 2561 4616 posita:
2588 4554 2738 4612 sunt,
2777 4546 2857 4601 vel
2892 4547 2958 4599 de
2992 4560 3099 4599 non
3123 4545 3346 4599 omnino
3373 4542 3560 4603 certis,

1997 4639 2124 4693 licet
2149 4639 2349 4692 adsint.
2383 4639 2450 4689 At
2482 4650 2614 4689 vero
2647 4639 2712 4688 de
2748 4635 2814 4690 iis
2846 4650 2965 4703 qua:
2992 4633 3153 4701 longo
3179 4633 3289 4700 jam
3322 4641 3565 4699 tempore

1998 4727 2154 4783 nobis
2192 4727 2410 4788 adsunt,
2444 4726 2673 4792 ideoque
2712 4738 2985 4790 nunquam
3017 4726 3337 4776 abscessum
3374 4731 3537 4788 putat:

1998 4826 2107 4881 tur,
2143 4816 2237 4870 sed
2268 4814 2485 4869 stabilia
2518 4813 2723 4878 futura,
2758 4826 3047 4880 quousque
3077 4825 3135 4863 se
3168 4810 3275 4862 vita
3312 4824 3566 4877 porrexe-

1998 4908 2092 4973 rit,
2126 4907 2387 4976 quidnam
2414 4905 2612 4974 aliquis
2644 4903 2843 4958 dicat‘!
2873 4902 3075 4971 quippe
3106 4901 3151 4956 si
3186 4901 3483 4971 contingat,
3509 4910 3568 4953 ut

2002 5000 2193 5053 borum
2230 4997 2434 5067 aliquid
2471 4996 2743 5059 amittant,
2771 4996 2861 5063 qui
2892 4994 3208 5062 possident;
3240 4990 3316 5063 (et
3348 4991 3564 5045 coutin-

1998 5092 2076 5160 git
2106 5090 2206 5145 hoc
2241 5105 2371 5143 sane
2412 5087 2749 5157 frequenter)
2805 5070 2958 5140 babae
2988 5101 3151 5155 quam
3198 5099 3259 5139 ea
3316 5100 3402 5138 res
3437 5083 3570 5152 ipsis

2000 5180 2362 5235 intolerabilis
2387 5179 2606 5243 accidit,
2640 5192 2911 5247 quamque
2937 5175 3179 5246 graviter
3212 5177 3483 5237 hortatur,
3508 5186 3568 5227 ιιι

1998 5286 2119 5325 eam
2153 5272 2423 5340 jacturam
2457 5284 2563 5323 non
2602 5269 2862 5331 terentes,
2897 5267 3181 5321 interitum
3206 5266 3307 5319 sibi
3336 5264 3565 5317 dolendo

2000 5370 2305 5415 arcessant.
2338 5348 2456 5426 Quo
2494 5360 2552 5411 lit
2586 5366 2645 5412 ut
2679 5359 2928 5427 voluptas
2957 5358 3015 5412 in
3046 5356 3383 5412 contrarium
3414 5352 3570 5407 nobis

2000 5452 2178 5514 radat,
2208 5459 2261 5504 ct
2283 5465 2380 5518 per
2407 5465 2525 5504 eam
2555 5448 2877 5518 plerumque
2903 5447 3174 5517 contingit
3202 5455 3257 5497 ut
3285 5441 3565 5497 tristitiam

2000 5543 2370 5612 experiamur.
2419 5541 2562 5608 Quin
2604 5541 2765 5594 etiam
2820 5540 2998 5609 ipsum
3039 5536 3283 5592 invidere
3325 5528 3567 5584 mortalis

2000 5635 2122 5696 bus,
2158 5634 2249 5703 qui
2281 5633 2423 5686 nulla
2460 5614 2648 5686 re'nos
2681 5633 2961 5693 laeserunt,
2995 5629 3099 5682 nisi
3130 5624 3271 5693 quod
3301 5622 3564 5687 majorem

1999 5742 2161 5792 quam
2188 5738 2284 5777 ttos
2311 5722 2528 5777 deliciis
2562 5723 2748 5777 utendi
2789 5720 3102 5774 facultatem
3136 5714 3334 5775 habent
3395 5711 3439 5764 si
3476 5724 3571 5763 ve-

1998 5816 2117 5883 lint,
2153 5814 2309 5870 bonis
2334 5815 2449 5871 suis
2471 5814 2767 5882 abuteudo,
2792 5809 3079 5864 manifesto
3103 5802 3259 5859 uobis
3284 5816 3351 5859 ex
3375 5798 3568 5857 eodem
