4098 6272
633 377 734 438 44Ἷ

1819 393 1974 451 ΜΛΝ
1986 394 2034 452 U
2047 396 2210 454 ELIS
2250 399 2390 459 PAL
2402 403 2657 466 .EOLOG
2672 410 2696 468 Ι

3771 420 3894 485 44⁵3

636 492 786 544 fonte
815 493 1198 568 proficiscitur.
1240 496 1372 549 Nam
1401 499 1551 567 gravi
1579 499 1828 555 laborant
1853 505 2080 570 invidia,
2104 509 2192 576 qui

2302 515 2507 586 σφόδρα
2530 535 2592 583 γε
2624 519 2825 574 λυποῦν
2847 522 3014 588 ἐστιν,
3042 523 3100 576 δν
3132 523 3198 576 ἂν
3229 525 3476 594 σχέτλιον
3493 529 3627 584 ἕλοι.
3646 532 3878 600 Οίμὼτ-

633 581 920 644 voluptarii
987 591 1135 644 sunt,
1185 584 1526 656 aliorumque
1583 589 1808 646 delicias
1871 609 1969 662 pro
2022 597 2194 651 detri-

632 680 813 722 mento
840 687 937 725 suo
965 672 1188 731 ducunt.
1223 676 1336 732 lloc
1359 689 1538 736 autem
1567 683 1757 737 vitium
1788 687 2090 742 vehementi
2117 689 2194 744 af-

633 761 794 815 ﬁcere
819 761 1007 819 dolore
1043 768 1203 834 solet,
1237 771 1280 824 si
1309 786 1468 839 quem
1511 775 1770 830 miserum
1803 780 2077 835 hominem
2105 797 2198 836 oc-

627 853 928 914 cupaverit.
969 852 1140 907 Eﬂicit
1175 858 1317 910 enim
1345 859 1635 928 dupliciter
1661 872 1719 916 ut
1747 865 1940 934 ploret,
1977 882 2076 920 nec
2109 882 2195 922 res

627 940 862 992 aliorum
898 945 1167 998 secundas
1195 961 1350 1016 aequo
1397 951 1580 1006 animo
1616 953 1816 1019 ferens,
1853 964 1908 1010 et
1941 972 2066 1011 suas
2101 959 2194 1011 de-

629 1033 763 1085 llens
809 1049 1102 1090 a-rumnas.
1133 1037 1294 1115 ριίυίιί
1322 1042 1483 1096 etiam
1524 1046 1842 1115 sanguinem
1885 1049 2097 1104 illorum
2127 1051 2195 1104 li-

630 1119 819 1172 benter
844 1106 1153 1190 hauserint,
1196 1130 1405 1196 quibus
1435 1133 1697 1200 invident,
1731 1153 1831 1192 nec
1857 1138 2004 1206 ipsas
2038 1150 2196 1195 natu-

628 1225 702 1261 r:e
738 1211 882 1278 leges
917 1218 1156 1280 reveriti,
1195 1235 1293 1274 nec
1344 1223 1548 1289 ubique
1578 1227 1821 1294 gentium
1859 1227 2041 1293 latas;
2075 1246 2195 1300 qua:

627 1303 992 1357 communiter
1024 1308 1239 1360 unicum
1282 1311 1538 1378 quiddam
1579 1319 1924 1386 pra'cipiunt,
1956 1336 2194 1376 amorem

627 1389 836 1444 scilicet
892 1396 1303 1466 proximorum,~
1343 1403 1467 1457 licet
1526 1406 1646 1460 aliis
1699 1409 2024 1476 quibusdam
2087 1428 2193 1466 non

629 1484 818 1548 paucis
844 1486 1008 1540 rebus
1037 1489 1178 1543 inter
1203 1505 1261 1544 se
1292 1494 1618 1564 discrepent.
1646 1497 1783 1563 Quin
1811 1503 1972 1572 etiam
2003 1503 2049 1557 si
2074 1504 2196 1572 quis

633 1587 820 1627 amore
849 1588 1046 1643 motus,
1078 1582 1364 1649 cupiditati
1399 1601 1461 1639 ac
1494 1588 1700 1642 libidini
1732 1571 1932 1647 nostra
1958 1609 2062 1648 non
2095 1596 2194 1650 ad-

632 1664 853 1717 modum
885 1667 1123 1723 honestre
1154 1673 1452 1740 obstiterit,
1510 1678 1560 1730 ei
1611 1667 1731 1733 cum
1789 1685 2042 1738 maximae
2087 1687 2197 1740 sint

639 1755 898 1810 habenda:
927 1761 1134 1824 gratias,
1183 1778 1281 1815 nos
1323 1766 1627 1822 maledictis
1656 1774 1867 1828 molesti
1899 1792 2108 1842 sumus,
2142 1788 2197 1833 et

635 1844 908 1899 hominem
935 1850 1242 1919 discerpere
1263 1854 1533 1921 volumus,
1569 1861 1809 1928 adeoque
1835 1880 2020 1930 parum
2045 1868 2201 1921 abest

635 1935 763 1999 quin
799 1935 1060 1993 devorare
1087 1942 1372 2009 cupiamus
1395 1961 1520 2000 vere
1541 1949 1876 2019 diligentem,
1909 1965 1960 2007 et
1989 1971 2105 2010 eam
2132 1960 2199 2011 ob
2228 1968 2240 1978 '

632 2042 856 2080 causam
910 2030 1077 2083 multa
1111 2048 1236 2109 erga
1276 2051 1372 2089 nos
1425 2037 1676 2094 libertate
1707 2052 1972 2108 utentem,
2020 2047 2198 2101 diver-

631 2134 773 2189 supt,
804 2135 968 2188 quam
1009 2137 1108 2190 par
1135 2138 1558 2202 erat,pagentes.
1605 2132 1983 2191 Consimiliter
2014 2149 2067 2192 et
2115 2139 2192 2192 illi

631 2211 724 2277 qui
758 2212 924 2265 libere
955 2227 1052 2267 nos
1084 2200 1359 2282 admonet,
1393 2235 1577 2274 amore
1609 2222 1894 2290 impulsus,
1927 2238 1979 2280 et
2013 2229 2101 2296 qui
2130 2229 2196 2282 ti-

634 2303 951 2356 midiuseule
989 2305 1090 2378 hoc
1125 2308 1265 2384 idem
1301 2309 1448 2373 facit,
1486 2312 1796 2377 irascimur,
1827 2318 1970 2384 quod
2000 2319 2198 2372 admo-

635 2395 870 2447 t-itiones
916 2394 1150 2450 fortasse
1177 2379 1285 2452 non
1316 2399 1551 2470 libenter
1590 2390 1966 2459 admittamus.
2009 2407 2122 2460 lmo
2149 2408 2194 2461 si

632 2483 753 2550 q'nis
801 2485 958 2538 nobis
1008 2487 1274 2542 duntaxat
1313 2498 1599 2558 suspectus
1649 2491 1744 2554 sit,
1778 2495 1929 2562 quasi
1979 2495 2192 2549 libidini

521 2584 532 2599 κ
631 2583 829 2643 nostra:
855 2577 1098 2640 resistat,
1125 2579 1253 2644 quid
1279 2593 1382 2631 non
1417 2579 1504 2634 ille
1525 2581 1690 2633 miser
1717 2597 1746 2634 a
1781 2583 1937 2636 nobis
1970 2585 2093 2636 mali
2122 2584 2198 2637 fe-

632 2677 732 2724 ret.
774 2667 929 2719 modo
953 2668 1002 2719 id
1038 2667 1295 2732 perﬁcere
1319 2671 1614 2736 possimus,
1635 2672 2056 2740 "maximumque
2087 2685 2191 2727 tam

631 2761 728 2825 ipsi
765 2774 927 2823 tutam
965 2759 1124 2813 rebus
1151 2758 1266 2828 ejus
1289 2762 1544 2814 damnum
1577 2762 1750 2814 dare?
1774 2762 2040 2818 Perfacile
2069 2781 2195 2818 vero

627 2858 912 2912 suspectus
945 2848 1180 2901 habetur
1219 2848 1384 2902 etiam
1443 2851 1487 2902 is
1539 2853 1627 2919 qui
1663 2868 2008 2920 nequaquam
2069 2853 2193 2907 talis

630 2946 735 2996 est.
768 2951 865 2989 nec
891 2938 1160 3004 ejusmodi
1194 2940 1268 2993 rei
1303 2941 1405 2994 sibi
1433 2945 1706 3006 conscius,
1743 2945 1812 2998 ob
1843 2961 2002 3012 quam
2038 2945 2194 2998 volu-

631 3034 751 3094 ptas
780 3027 871 3081 illa
898 3029 1152 3096 suspicax
1190 3032 1330 3096 apud
1363 3047 1460 3086 nos
1491 3047 1612 3086 eum
1640 3037 1961 3089 criminatur
1995 3046 2049 3090 et
2081 3045 2194 3090 tra-

2295 624 2408 662 τειν
2441 610 2548 679 γὰρ
2574 612 2733 683 διπλῇ
2767 615 3036 684 προξενεῖ,
3061 617 3160 678 τάς
3185 634 3244 669 τε
3270 619 3378 670 τῶν
3403 619 3580 674 ἄλλων
3603 623 3877 692 εὐτυχίας

2295 699 2354 752 ού
2388 701 2642 769 φέροντα,
2672 705 2762 756 καὶ
2808 705 2907 768 τὰς
2939 706 3146 769 οἰκείας
3175 705 3508 778 ὀδυρόμενον
3543 712 3870 782 δυστυχίας.

2297 792 2489 846 Πολλοὶ
2507 795 2600 846 καὶ
2633 796 2740 848 τῶν
2758 797 3006 864 αἱμάτων
3029 799 3140 851 τῶν
3159 799 3250 852 ὑπ’
3273 802 3455 853 αὐτῶν
3477 803 3874 873 φθονουμένων

2297 883 2468 952 ἡδέως
2490 885 2553 936 ἂν
2587 886 2787 952 πίοιεν,
2808 887 2940 940 οὕτε·
2958 889 3086 950 τοὺς
3112 890 3210 958 τῆς
3243 892 3459 958 φύσεως
3477 895 3872 965 αἰσχυνόμενοι

2296 974 2513 1041 νόμους,
2545 975 2668 1028 οὔτε
2704 978 2846 1039 τοὺς·
2869 979 3178 1049 ἅπανταχοῦ
3231 981 3336 1048 γῆς
3367 983 3688 1052 κειμένους,
3719 985 3781 1037 ἓν
3813 1003 3872 1036 τι

2297 1063 2491 1124 κοινῶς
2523 1064 2931 1132 ἐπιτάττοντας,
2951 1067 3050 1134 τὴν
3081 1069 3188 1120 τῶν
3221 1070 3456 1138 πλησίον
3472 1071 3718 1140 ἀγάπην,
3756 1074 3870 1125 κᾶν

2297 1153 2507 1214 πολλοῖς
2540 1171 2682 1208 τισιν
2731 1156 2938 1226 ἑτέροις
2979 1157 3116 1226 πρὸς
3158 1158 3422 1229 ἀλλήλους
3475 1161 3865 1230 διαφέρωνται.

2299 1242 2406 1293 Καὶ
2429 1243 2536 1312 μὴν
2566 1243 2714 1306 εἴτις
2749 1245 2956 1317 φίλτρῳ
2984 1246 3322 1315 κινούμενος,
3342 1251 3596 1319 ἐμποδὼν
3620 1253 3757 1320 ἡμῖν
3777 1253 3873 1316 γέ·-

2297 1349 2441 1384 νοιτο
2470 1335 2568 1398 τῆς
2591 1335 2987 1404 ἐπιθυμίας,ού
3019 1339 3163 1391 πάνυ
3201 1356 3284 1392 τοι
3316 1341 3490 1408 καλῆς
3520 1340 3704 1410 οὔσης,
3740 1343 3867 1394 δέον

2297 1424 2444 1494 αὐτῷ
2476 1427 2738 1496 μεγίστην
2787 1427 2991 1481 εἰδέναι
3023 1431 3125 1500 τὴν
3169 1433 3332 1500 χάριν
3355 1433 3548 1502 ’ἡμεῖς
3576 1433 3632 1485 δὲ
3663 1433 3860 1486 τοῦτον

2297 1513 2616 1584 κακίζομεν,
2658 1517 2752 1568 καὶ
2809 1517 3096 1589 διαρρῆξαι
3157 1519 3714 1590 ζητοῦμεν,·μικροῦ
3771 1524 3865 1574 καὶ

2298 1603 2607 1657 κατεσθίειν
2655 1605 3039 1676 ἐπιθυμοῦμεν
3077 1609 3169 1662 τδν
3205 1609 3281 1672 ὡς
3331 1609 3548 1680 άληθῶς
3578 1613 3861 1682 φιλοῦντα,

2298 1693 2392 1745 καὶ
2422 1693 2508 1746 διὰ
2551 1696 2708 1749 τοῦτο
2741 1698 3024 1767 χρώμενον
3069 1701 3238 1770 πολλῇ
3269 1705 3335 1771 τῇ
3373 1703 3510 1773 πρὸς
3540 1706 3691 1774 ἡμᾶς
3717 1708 3865 1776 παρ-

2305 1784 2487 1854 metu,
2515 1787 2825 1842 τούναντίον
2857 1790 2887 1859 ἢ
2923 1792 3200 1860 προσῆκεν
3231 1795 3362 1864 ἡμῖν
3401 1794 3702 1858 ποιοῦντες.
3740 1797 3863 1865 Ὀρ-

2302 1877 2566 1944 γιζόμεθα
2589 1880 2647 1931 δέ
2673 1880 2875 1948 ὁμοίως
2901 1883 2994 1935 καὶ
3019 1883 3096 1950 τῷ
3131 1885 3415 1954 παρρησίᾳ
3441 1884 3623 1953 πολλῷ
3643 1885 3724 1954 τῷ
3749 1886 3866 1953 φίλ-

2299 1985 2442 2037 τρῳ.
2466 1969 2559 2021 καὶ
2593 1968 2668 2037 τῷ
2702 1969 2820 2038 μεθ’
2848 1972 3151 2042 ὑποστολῆς
3185 1974 3575 2041 παραινοῦντιο
3615 1976 3748 2037 ἴσως
3785 1977 3862 2044 τῷ

2303 2059 2378 2127 μὴ
2405 2059 2656 2127 δέχεσθαι
2691 2060 2788 2122 τὰς
2813 2063 3164 2131 παραινέσεις
3204 2065 3352 2132 ἡμᾶς
3380 2065 3573 2133 ἡδέως.
3617 2066 3731 2119 Καὶ
3757 2069 3858 2134 μὴν

2299 2147 2348 2198 εί
2381 2149 2540 2215 μόνον
2565 2136 2934 2220 ὑποπτευθείη
2968 2152 3368 2219 προσίστασθαί
3397 2171 3480 2216 τις
3499 2153 3611 2206 τῶν
3643 2154 3861 2209 πάντων

2296 2235 2394 2303 τῆς
2425 2237 2719 2306 ἐπιθυμίας
2750 2240 2904 2308 ἡμῖν,
2957 2240 3008 2292 τί
3069 2242 3169 2294 οὐκ
3215 2241 3280 2295 ἂν
3338 2243 3366 2294 ὁ
3395 2242 3668 2313 δυστυχὴς
3733 2245 3861 2310 παρ’

2299 2326 2457 2394 ἡμῶν
2489 2327 2672 2392 πάθοι,
2722 2329 2839 2380 ἐνὸν
2869 2329 3004 2398 ἡμῖν
3039 2329 3196 2382 τοῦτο
3231 2330 3462 2399 πρᾶξαι,
3515 2333 3614 2384 xa‘t
3668 2331 3854 2401 κομιδῆ

2298 2417 2483 2478 κακῶς
2514 2417 2675 2470 αὑτὸν
2721 2419 2815 2472 καὶ
2849 2418 2918 2470 τὰ
2949 2419 3114 2472 αὐτοῦ
3162 2420 3472 2486 διαθεῖναι,
3516 2421 3785 2489 Εὑχερῶς
3809 2420 3855 2472 δέ

2298 2508 2663 2561 ὑποπτεύεται
2688 2509 2783 2561 καὶ
2805 2510 2833 2560 ό
2864 2510 3126 2579 μηδαμῶς
3151 2511 3226 2564 ὣν
3245 2511 3504 2576 τοιοῦτος,
3529 2513 3667 2582 μηδέ
3693 2529 3857 2565 συνει-

2297 2599 2401 2660 δὼς
2418 2599 2566 2667 αὑτῷ
2599 2617 2648 2651 τι
2670 2599 2933 2665 τοιοῦτον,
2964 2602 3147 2655 ὁποῖον
3177 2602 3238 2654 τὸ
3265 2605 3361 2671 τῆς
3395 2603 3589 2671 ἡδονῆς
3623 2601 3856 2655 ὕποπτον

2298 2688 2461 2739 αὑτὸν
2493 2690 2630 2756 ἡμῖν
2654 2688 2952 2742 διαϐάλλει.
2981 2690 3072 2758 Τῷ
3116 2689 3224 2760 γάρ
3259 2692 3396 2760 πρὸς
3423 2693 3523 2752 τὰς
3547 2691 3748 2759 ἡδονάς
3771 2707 3856 2743 κε-

2297 2778 2484 2846 χηνότι
2517 2777 2823 2839 εὐδιάϐολος
2846 2779 2937 2830 καὶ
2973 2779 3146 2847 φίλος,
3185 2780 3278 2831 καὶ
3309 2778 3364 2832 εί
3388 2797 3473 2841 τις
3520 2781 3702 2832 πάντα
3729 2785 3854 2846 ἀγα-

2297 2867 2386 2928 θὸς
2420 2865 2610 2935 ἐκείνῳ
2642 2867 2932 2934 νομίζοιτο.
2987 2867 3191 2936 Τυφλοῖ
3224 2867 3332 2937 γὰρ
3381 2868 3529 2935 μάλα
3559 2869 3623 2920 τὸ
3666 2869 3851 2929 πάθος.

2297 2959 2386 3010 καὶ
2413 2960 2513 3010 οὐκ
2545 2960 2609 3028 ἐᾷ
2653 2959 2742 3010 τὸν
2781 2959 3044 3028 λογισμὸν
3093 2959 3261 3030 ὀρθὴν
3319 2959 3630 3026 ἐξενεγκεῖν
3657 2959 3844 3028 ψῆφον.

2297 3049 2408 3101 Καὶ
2465 3051 2565 3118 μὲν
2593 3049 2656 3117 δὴ
2704 3050 2801 3101 καὶ
2831 3050 3056 3118 χρυσίον
3107 3049 3380 3119 ἀθροίζειν
3427 3051 3849 3119 καταδεχόμεθα,

629 3119 799 3174 ducit.
829 3117 961 3173 Nam
997 3121 1089 3190 qui
1122 3120 1490 3189 voluptatibus
1529 3125 1724 3192 inhiat,
1760 3129 1898 3196 apud
1927 3144 2050 3183 eum
2088 3144 2191 3198 pu-

2299 3117 2494 3201 ἀδίκως
2519 3155 2578 3191 τε
2609 3139 2704 3191 καὶ
2735 3117 2972 3206 ἀγεννῶς
2995 3139 3140 3194 ἐστιν
3166 3117 3277 3203 δτε,
3304 3141 3380 3202 ὠς
3402 3117 3712 3211 δυνηθῆναι
3729 3143 3852 3210 xvi;-

634 3211 734 3262 tari
758 3211 916 3264 debet
948 3219 1001 3265 et
1024 3214 1282 3277 amicum,
1313 3227 1367 3269 et
1397 3218 1657 3285 optimum
1691 3219 1849 3288 plane
1879 3220 2052 3275 virum
2087 3223 2198 3290 peti

633 3301 920 3357 calumniis
957 3302 1114 3358 facile
1148 3320 1314 3373 posse
1363 3323 1378 3372 ;
1411 3309 1612 3377 quippe
1648 3312 1870 3365 morbus
1905 3311 1994 3366 hic
2027 3313 2202 3366 homi—

635 3407 754 3444 nem
787 3409 1112 3462 magnopere
1154 3407 1410 3461 exraacat,
1446 3414 1622 3464 neque
1657 3403 1923 3467 permittit
1971 3411 2028 3457 ut
2062 3407 2200 3460 rati'o

636 3493 838 3546 rectam
889 3489 1211 3542 sententiam
1263 3490 1420 3544 ferat.
1484 3490 1750 3546 Przeterea
1807 3510 2196 3566 nonnunquam

635 3579 793 3633 nobis
839 3579 1066 3634 minime
1097 3597 1260 3650 grave
1289 3593 1392 3645 est,
1427 3599 1616 3636 aurum
1649 3594 1700 3638 et
1730 3585 1933 3655 injuste
1963 3599 2016 3641 et
2046 3599 2198 3642 extra

636 3671 856 3724 virtutis
881 3671 1256 3739 praescriptum
1282 3673 1555 3742 colligere,
1586 3690 1691 3742 quo
1716 3693 1906 3743 parare
1936 3678 2196 3746 voluptati

621 3759 990 3814 'accomodata
1025 3764 1318 3828 possimus.
1349 3761 1481 3816 Nam
1514 3766 1601 3831 qui
1641 3766 1968 3834 voluptatum
1998 3770 2199 3823 manci-

632 3851 798 3916 piunt
824 3863 926 3916 est,
957 3856 1267 3910 necessarie
1322 3859 1568 3924 pecuniis
1601 3860 1837 3929 indiget;
1871 3871 1924 3915 et
1963 3865 2046 3917 cui
2083 3863 2197 3918 col-

633 3939 798 3994 lectio
831 3944 1182 4008 pecuniarum
1227 3947 1277 3999 iu
1308 3950 1498 4015 primis
1524 3959 1607 4002 est
1637 3967 1801 4016 curm,
1829 3955 2008 4006 omnia
2046 3955 2196 4023 cupi-

631 4036 784 4088 ditati
822 4036 1116 4090 ditescendi
1154 4039 1467 4106 postponit;
1501 4042 1646 4109 quod
1679 4044 1929 4111 equidem
1959 4045 2202 4098 infinito-

628 4142 756 4187 ,rum
793 4128 1054 4182 malorum
1089 4119 1348 4201 originem
1377 4148 1497 4187 esse
1521 4136 1777 4188 arbitror.
1807 4136 1947 4200 Quin
1983 4145 2036 4191 et
2065 4138 2195 4192 illud

633 4217 830 4271 malum
880 4220 1035 4274 nobis
1078 4224 1298 4278 accidit.
1347 4223 1612 4288 Pleraque
1663 4228 1945 4294 mancipiis
1999 4245 2196 4282 conve-

631 4309 834 4362 nientia
890 4309 1352 4366 facimus-corum
1389 4315 1812 4368 'ohtiuemlorum
1865 4333 2023 4372 causa
2075 4334 2197 4386 quae

625 4397 858 4466 jucunda
910 4408 1070 4464 sunt;
1106 4399 1403 4467 itidemque
1437 4403 1707 4455 mordacia
1742 4406 1984 4472 qumdam
2020 4410 2194 4472 perfe-

2303 3231 2500 3283 σασθαι
2532 3230 2599 3281 τὰ
2619 3229 2754 3298 πρὸς
2789 3230 2981 3300 ἡδονὴν
3015 3231 3320 3300 ἐπιτήδεια.
3353 3231 3424 3285 Ὅ
3447 3248 3506 3283 τε
3535 3233 3645 3304 γὰρ
3677 3231 3851 3294 δοῦλος

2299 3320 2409 3373 τῶν
2439 3320 2640 3388 ἡδονῶν
2671 3318 2986 3384 ἀναγκαίως
3016 3320 3191 3372 δεῖται
3247 3321 3568 3400 χρημάτων,
3601 3321 3689 3372 καὶ
3723 3323 3752 3372 ό
3797 3319 3856 3372 τὸ

2301 3410 2734 3482 χρηματίζεσθαι
2757 3408 3035 3480 προῦργου
3069 3411 3296 3479 θέμενος
3325 3411 3502 3468 πάντα
3522 3411 3748 3478 δεύτερα
3773 3428 3857 3462 νο-

2303 3501 2448 3570 μίζει
2478 3501 2571 3553 τοῦ
2616 3500 2864 3553 πλουτεῖν
2885 3516 2899 3530 ·
2931 3502 3072 3577 ᾗπερ.
3103 3502 3274 3555 αἴτιόν
3303 3503 3454 3554 ἐστιν
3484 3501 3738 3568 ἀπείρων,
3771 3495 3852 3552 οἷ-

2302 3606 2424 3659 μαι,
2452 3589 2658 3644 κακῶν.
2692 3592 2766 3642 οὐ
2798 3591 2903 3661 μὴν
2933 3591 3069 3643 ἀλλὰ
3101 3593 3320 3645 κάκεῖνο
3356 3593 3630 3662 πάσχομεν
3656 3592 3720 3643 τδ
3741 3591 3856 3644 δει-

2300 3681 2411 3733 νόν.
2468 3681 2654 3734 Πυκνὰ
2687 3683 2754 3733 τὰ
2813 3682 3021 3746 δούλοις
3079 3683 3359 3758 πρέποντα
3393 3684 3727 3754 πράττομεν,
3763 3686 3855 3736 καὶ

2298 3771 2565 3825 δάκνοντά
2588 3790 2710 3824 τινα
2733 3773 2972 3841 φέρομεν
3001 3772 3109 3825 τῶν
3143 3774 3320 3840 ἡδέων»
3342 3774 3528 3828 ἕνεκα.
3560 3776 3670 3827 Ka‘t
3709 3775 3856 3826 άναι-

2301 3862 2633 3931 σχυντοῦμεν
2665 3861 2949 3926 πολλάκις,
2974 3863 3054 3925 είς
3088 3861 3183 3924 οὓς
3211 3864 3322 3916 οὐδ’
3355 3864 3660 3932 ἀναϐλέψαι
3688 3882 3849 3935 προσ-

2297 3954 2450 4022 ῆκεν,
2480 3951 2590 4004 οὐδ’
2623 3951 2686 4004 ἂν
2727 3952 2981 4004 οὐδέποτε
3016 3952 3336 4024 ἐτολμῶμεν
3391 3955 3500 4021 πρὸ
3541 3957 3639 4006 τοῦ
3666 3956 3855 4008 δουλω-

2300 4045 2458 4112 θῆναι
2480 4043 2556 4111 τῷ
2584 4043 2767 4096 πάθει.
2801 4043 2908 4095 Καὶ
2934 4045 3038 4112 μὴν
3065 4043 3242 4112 πάντη
3275 4060 3370 4096 που
3392 4043 3553 4112 δῆλον
3577 4046 3668 4097 τὸν
3693 4045 3854 4113 θυμὸν

2298 4136 2362 4186 ἐκ
2387 4134 2482 4201 τῆς
2509 4132 2808 4201 ἀποτυχίας
2855 4133 2964 4185 τῶν
2990 4133 3297 4202 ἐπιθυμιῶν
3337 4133 3593 4202 φύεσθαι.
3627 4137 3737 4190 Καὶ
3777 4137 3857 4190 ἵνα

2303 4225 2377 4293 μή
2412 4241 2522 4276 τισι
2548 4224 2729 4292 δῶμεν
2772 4223 2905 4291 ὓλην
2937 4223 3280 4290 φιλονεικεῖν,
3313 4226 3475 4293 ἀρκεῖ
3507 4227 3758 4278 τοσοῦτον
3788 4229 3856 4278 εἰ·

2299 4316 2439 4377 πεῖν,
2472 4314 2546 4376 ῶς
2597 4315 2628 4384 ἢ
2661 4315 2722 4366 τὸ
2756 4316 2862 4367 πᾶν
2893 4315 2986 4366 τοῦ
3021 4314 3218 4384 θυμοῦ,
3265 4315 3296 4385 ἢ
3323 4316 3383 4367 τὸ
3415 4315 3601 4379 πλέον,
3634 4317 3723 4368 διὰ
3766 4317 3858 4376 τὰς

2297 4405 2492 4472 ἡδονὰς
2523 4405 2792 4472 γίγνεται.
2843 4405 2954 4458 Kal.
2983 4407 3144 4458 ταυτὶ
3181 4409 3277 4474 μὲν
3314 4406 3530 4472 ἅπαντα
3574 4408 3857 4477 ἀσύμφορα

629 4489 822 4542 rimus.
849 4487 1068 4554 Saepius
1095 4499 1151 4542 et
1189 4491 1526 4555 impudenter
1560 4496 1822 4546 adversus
1841 4509 1935 4547 eos
1964 4497 2195 4563 agimus,

2304 4497 2504 4558 πάντες
2543 4495 2721 4563 ἴσμεν,
2765 4495 3033 4547 ἀκόλουθα
3091 4495 3136 4547 δ’
3170 4494 3261 4547 οὖν
3305 4499 3417 4558 τοῖς
3468 4498 3854 4566 ἡγησαμένοις.

623 4593 760 4646 quos
786 4593 855 4630 ne
889 4577 1101 4644 quidem
1134 4578 1331 4632 intueri
1379 4581 1766 4644 conveniebat,
1827 4599 1925 4637 nec
1962 4601 2192 4654 unquam

625 4671 679 4723 id
706 4669 822 4721 ausi
855 4667 1146 4724 fuissemus
1181 4668 1363 4723 facere
1398 4671 1548 4739 prius
1584 4689 1744 4742 quam
1786 4675 1888 4728 iste
1922 4692 2018 4728 nos
2051 4694 2196 4730 mor-

628 4765 724 4815 bus
750 4762 802 4813 in
833 4763 1150 4814 servitutem
1178 4762 1490 4829 redegisset.
1515 4761 1633 4816 .lam
1689 4776 1743 4819 et
1775 4766 1910 4818 illud
1975 4769 2196 4820 omnino

625 4862 859 4910 coastat,
897 4851 1234 4905 iracundiam
1287 4868 1352 4904 ex
1411 4852 1764 4908 frustratione
1831 4858 2192 4924 cupiditatum

631 4939 804 4993 nasci.
835 4942 1012 5008 Atque
1039 4944 1113 4995 uti
1149 4943 1672 5014 rixmuliqmatericm
1718 4947 1922 4998 nemini
1953 4949 2194 5012 przebea-

631 5043 770 5090 mus,
808 5032 908 5082 hoc
942 5041 1146 5084 tantum
1175 5034 1355 5102 dicere
1391 5036 1610 5099 sullicit,
1653 5037 1733 5088 vel
1771 5037 2105 5089 iracundiam
2143 5039 2193 5089 iu

631 5119 966 5182 universum,
1004 5122 1086 5175 vel
1122 5125 1309 5190 majori
1341 5140 1402 5176 ex
1445 5133 1594 5193 parte
1640 5137 1858 5193 propter
1893 5126 2197 5193 voluptates

630 5211 910 5264 exsistere.
933 5211 993 5262 Et
1026 5213 1367 5281 hat-equidem
1397 5218 1570 5268 oumia
1605 5217 1904 5284 perniciosa
1931 5232 2049 5269 esse
2089 5216 2198 5270 sri-

633 5321 753 5358 tnus
775 5319 984 5367 omnes,
1020 5302 1228 5373 illisque
1248 5318 1612 5361 consentanea
1643 5323 1759 5376 qua:
1785 5317 2198 5375 przrccsserunt.

636 5397 845 5451 Etenim
877 5396 1074 5464 quibus
1125 5399 1376 5465 voluptas
1414 5417 1510 5466 pro
1570 5402 1675 5454 line
1705 5401 1948 5466 ducitur,
1988 5400 2052 5453 iis
2113 5401 2200 5452 illa

633 5490 794 5543 facile
829 5487 1138 5558 persuadet,
1175 5498 1230 5543 ut
1257 5491 1490 5545 absurda
1537 5491 1740 5558 quaevis
1774 5494 2056 5558 audentes,
2082 5508 2201 5544 om-

635 5581 723 5635 nia
748 5585 978 5635 molesta
1009 5579 1304 5650 gravisque
1341 5581 1639 5648 perferant,
1679 5583 1893 5636 tametsi
1924 5585 2082 5635 value
2113 5599 2204 5635 uo-

640 5677 726 5730 aia
758 5679 867 5733 sint
895 5687 949 5732 ct
973 5677 1281 5746 opinionem
1317 5678 1620 5746 famamque
1659 5693 1762 5732 non
1795 5679 1987 5732 bonam
2019 5679 2202 5732 conci-

640 5769 788 5832 lieut.
827 5772 982 5838 Quod
1023 5772 1310 5844 simquutu
1364 5781 1468 5839 est,
1525 5772 1788 5841 potiorem
1847 5772 2044 5840 ubique
2091 5771 2192 5826 vim

2297 4584 2391 4649 υῖς
2426 4586 2534 4655 γάρ
2567 4585 2632 4653 δὴ
2671 4583 2822 4647 τέλος
2858 4586 2890 4654 ἡ
2939 4585 3124 4654 ἡδονὴ,
3171 4584 3370 4656 ῥᾳδίως
3402 4602 3463 4652 γε
3495 4586 3717 4649 τούτους
3747 4588 3860 4638 πεί-

2298 4678 2402 4741 θει,
2429 4677 2606 4730 πάντα
2635 4675 2946 4744 τολμῶντας
2969 4676 3035 4727 τὰ
3067 4675 3266 4741 ἄτοπα,
3298 4677 3478 4728 πάντα
3529 4678 3596 4729 τὰ
3623 4677 3857 4745 δυσιερῆ

2299 4769 2504 4836 φέρειν,
2531 4767 2630 4819 xiv
2656 4763 2760 4820 ὦσι
2783 4767 2915 4818 λίαν-
2935 4767 3234 4834 ἐπιϐλαὸἦ,
3286 4770 3379 4819 καὶ
3411 4767 3568 4837 δόξης
3603 4769 3703 4820 οὐκ
3729 4757 3860 4834 ἁγα-

2300 4861 2397 4929 θῆς
2422 4861 2675 4930 πρόξενα.
2703 4861 2812 4911 Καὶ
2851 4860 2957 4928 μὴν
2999 4859 3048 4911 εί
3079 4859 3287 4912 δίκαιόν
3318 4860 3432 4913 ἐστι
3461 4860 3741 4930 πανταχοῦ
3767 4861 3860 4912 τά·

2300 4953 2460 5021 ληθὲς
2494 4953 2738 5020 κρατεῖν,
2767 4951 2886 5002 οὐδὲ
2934 4953 3108 5002 ἐκεῖνο
3139 4952 3466 5020 σιωπητέον.
3507 4952 3581 5003 Τὸ
3611 4950 3741 5019 γοῦν
3765 4953 3862 5021 ἡδύ

2300 5059 2357 5094 τε
2391 5044 2485 5094 καὶ
2520 5043 2710 5110 χάριεν
2769 5041 2827 5091 ἐν
2861 5043 2982 5102 ταῖς
3022 5039 3234 5092 ἐλπίσιν
3290 5040 3505 5109 ἔχομεν.
3543 5040 3713 5092 Τοῦτο
3755 5043 3861 5110 γὰρ

2301 5132 2372 5194 ὡς
2399 5133 2465 5184 τὰ
2501 5132 2669 5184 πολλὰ
2691 5129 2958 5197 γίγνεται.
2997 5129 3106 5192 Τὰς
3136 5130 3191 5181 δὲ
3225 5130 3316 5182 διὰ
3346 5131 3442 5192 τὰς
3475 5130 3666 5201 ἡδονὰς
3690 5129 3860 5191 λύπας

2302 5227 2483 5286 αὐτοῖς
2537 5221 2896 5293 καρπούμεθα
2941 5222 3052 5283 τοῖς
3118 5221 3432 5291 πράγμασι.
3483 5222 3859 5286 Συμόαίνειδὲ

2307 5319 2399 5370 καὶ
2432 5316 2589 5368 τοῦτο
2615 5315 2897 5375 πολλάκις.
2924 5313 3141 5366 Μᾶλλον
3169 5314 3272 5387 γὰρ
3301 5312 3706 5383 εὐφραινόμεθα
3747 5314 3861 5378 τίείς

2305 5409 2538 5468 ἐλπίσιν,
2639 5403 2854 5457 ἐπὶτῶν
2877 5385 3220 5471 πραγμάτων
3252 5403 3432 5454 αὐτῶν
3471 5402 3735 5463 ἐλθόντες.
3777 5402 3862 5464 Ὠς

2305 5502 2356 5552 εἰ
2376 5517 2456 5560 τις
2495 5498 2637 5548 εἴποι
2665 5494 3002 5564 ματαιότητα
3035 5494 3127 5545 καὶ
3158 5493 3417 5562 λογισμὸν
3461 5493 3694 5546 οὑτωσὶν
3725 5489 3861 5548 εἶναι

2307 5590 2463 5643 τοῦτο
2493 5589 2556 5656 δὴ
2601 5588 2661 5639 τὸ
2696 5585 2825 5656 παρ’
2867 5585 3025 5654 ἡμῶν
3059 5586 3411 5651 διωκόμενον,
3447 5585 3509 5636 οὑ
3551 5584 3858 5638 παντάπασι

2307 5682 2402 5749 τῆς
2436 5677 2719 5749 ἀκριϐείας
2748 5677 3092 5728 ὲκπέπτωκε.
3126 5675 3198 5727 Τδ
3221 5675 3278 5727 δὲ
3313 5675 3554 5726 ἐναντίον
3579 5673 3677 5743 οὑχ
3707 5674 3861 5727 οὕτω.

2308 5775 2380 5827 Τὸ
2423 5772 2520 5843 μὲν
2549 5771 2656 5838 γὰρ
2694 5766 2787 5838 ἡδύ
2814 5785 2916 5820 που
2951 5767 3396 5838 παραγενόμενον
3425 5765 3519 5834 ὀψὲ
3547 5766 3642 5820 καὶ
3677 5767 3864 5835 χρόνον
