4098 6272
251 347 356 419 ιιι
449 307 453 312 ’

1649 350 1931 411 ORATIO
1977 351 2074 414 IV.

3385 341 3494 409 450

257 468 478 534 μήκεσι,
506 465 598 518 καὶ
627 462 898 532 περιόδοις
927 461 1344 529 ἐκτεταμέναις,
1383 459 1605 529 μονονοὺ
1655 475 1822 528 προσ-

1937 456 2176 510 veritatis
2211 469 2352 520 esse,
2386 469 2454 509 ne
2487 456 2538 508 id
2571 455 2785 524 quidem
2820 455 3029 509 silentio
3061 453 3493 524 praetereundqu

256 556 588 628 αγορεῦσαν,
639 556 829 623 ὥσπερ
863 555 1104 624 ἀπέπτη.
1139 555 1247 607 Καὶ
1280 554 1340 605 τὸ
1374 551 1824 621 προσδοκώμενον

260 648 572 709 σϐέννυται,
604 647 710 716 πρὸ
731 645 826 698 τοῦ
849 647 1083 713 φανῆναι
1110 645 1328 706 τελέως.
1357 643 1514 696 Οὕτω
1535 641 1825 711 ταχὺ-πρὸς

257 740 603 807 ἀπαλλαγὴν,
635 739 729 791 καὶ
760 737 914 791 οὐδὲν
937 738 1107 807 ἱερὸν,
1143 737 1294 806 φασί.
1326 735 1399 788 Τὸ
1422 736 1480 787 δέ
1512 735 1744 800 ἁλγύνον
1765 747 1825 783 τε

257 832 353 882 καὶ
385 828 590 880 λυποῦν
626 828 863 895 νιφάδων
894 829 992 894 μέν
1033 827 1116 879 ὕει
1141 827 1319 893 δίκην,
1347 825 1564 878 σύνεστι
1592 824 1650 876 δέ
1679 823 1830 890 διαρ-

261 920 541 988 κέστερον,
573 917 842 970 εἰσδύεται
879 917 936 970 δὲ
993 917 1315 987 βαρύτερον,
1370 915 1725 984 προσίσχεται
1769 913 1828 965 δέ

259 1008 670 1076 ἀκριῦέστερον,
701 1007 796 1057 καὶ
817 1005 1072 1058 τοσοῦτον
1105 1005 1298 1057 ἔπειτα
1328 1005 1462 1072 μετὰ
1491 1003 1829 1073 δριμύτητος

263 1099 321 1148 τὸ
347 1097 541 1148 ἐαυτοῦ
571 1095 965 1160 ἐπιδείκνυται,
1000 1097 1094 1148 καὶ
1123 1099 1184 1147 τὸ
1218 1094 1412 1148 ἐαυτοῦ
1445 1096 1608 1158 ποιεῖ,
1633 1094 1830 1145 ὁπόσον

258 1188 602 1238 οὐδεπώποτε
637 1185 693 1236 τὸ
725 1188 946 1247 πάκτων
996 1186 1215 1255 ἥδιστον
1250 1186 1573 1256 ἐχαρίσατο.
1612 1185 1686 1236 Οὐ
1719 1183 1828 1251 μὴν

265 1276 376 1327 ἀλλ’
404 1278 452 1327 εἰ
487 1275 560 1344 μὴ
592 1275 894 1344 παράδοξον
923 1275 1136 1341 λέγειν,
1187 1279 1294 1328 κὰν
1325 1275 1474 1344 αὐτῷ
1499 1274 1578 1344 τῷ
1604 1263 1831 1343 ἥδεσθαι

262 1365 426 1418 αὑτοῦ
448 1382 511 1433 γε
551 1366 713 1418 πάλιν
742 1366 908 1419 ’ἑνεκα
937 1366 1030 1418 τοῦ
1056 1367 1210 1435 ἡδέος
1236 1367 1392 1428 ἀνίας
1430 1369 1564 1434 ὅσης
1600 1365 1832 1434 μετέχο-

265 1475 383 1528 μεν,
410 1457 478 1528 ἢν
508 1457 752 1525 ἀκριϐῶς
789 1457 1190 1528 θεωρήσωμεν;
1225 1460 1363 1512 Ούδέ
1393 1458 1502 1528 γὰρ
1547 1453 1720 1524 οἶμαι
1748 1458 1834 1508 λε-

261 1520 485 1618 ληθένᾷι
536 1520 634 1619 τήν
678 1549 859 1619 ψυχὴν
883 1520 1004 1612 ,ώς
1165 1553 1280 1620 ἡδεῖ
1309 1550 1370 1602 τὸ
1392 1520 1637 1618 λυπηρὸν
1663 1549 1831 1614 ἀναγ-
1877 1520 1879 1522 ί

263 1641 432 1703 καίως
477 1640 783 1707 ἀκολουθεῖ,
836 1641 978 1694 κατὰ
1039 1641 1130 1692 τὸν
1168 1642 1490 1709 Ἀρίστωνος
1548 1639 1828 1691 Πλάτωναζ

265 1731 423 1784 Οὕτω
467 1735 579 1794 τοῖς
617 1733 763 1795 ὅλοις
823 1733 1142 1784 πλεονεκτεῖ
1201 1733 1308 1785 τῶν
1363 1732 1458 1800 τῆς
1515 1731 1706 1798 ἡδονῆς
1762 1731 1828 1782 τὰ

263 1824 368 1890 τῆς
435 1824 632 1894 λύπης.
683 1825 789 1876 Καὶ
844 1824 1256 1891 φενακιζόμενοι
1303 1824 1502 1885 πάντες
1549 1824 1598 1875 οἱ
1668 1821 1831 1891 ῥαθυ-

224 1947 228 1950 -
269 1916 499 1985 μότερον
529 1916 627 1986 ζῇν
654 1917 992 1985 αἱρούμενοι,
1033 1914 1169 1968 ἄλλα
1202 1915 1300 1983 μὲν
1329 1914 1620 1981 διώκομεν,
1648 1912 1832 1974 ἄλλοις

263 2008 319 2060 δέ
353 2008 717 2077 ἁλισκόμεθαο
763 2009 898 2078 ὅπερ
941 2008 1155 2077 ὁρῶμεν
1191 2011 1497 2076 πάσχοντας
1534 2007 1661 2067 τοὺς
1694 2005 1834 2071 ἄγαν

262 2099 477 2166 λίχνους
533 2099 644 2151 τῶν
703 2085 1086 2169 θηρευομένων
1136 2100 1356 2166 ἰχθύων.
1413 2099 1689 2167 Εὐφρᾶναι
1725 2099 1835 2168 γὰρ

261 2190 507 2242 ἐθέλουσι
526 2193 591 2259 τῇ
613 2193 795 2259 τρυφῇ
834 2191 895 2242 τὺ
929 2192 1106 2260 στόμα
1136 2191 1342 2243 καὶτὸν
1382 2191 1604 2260 λαιμὸν,
1635 2192 1754 2242 ἀντὶ
1781 2191 1837 2243 δέ

261 2284 453 2337 τούτου
508 2283 928 2353 περιπείρουσιν
983 2282 1124 2336 αὐτὰ
1164 2285 1240 2351 τῷ
1287 2284 1506 2352 σιδήρῳ.
1571 2283 1836 2336 Τοσοῦτον

261 2380 395 2447 ἡμῖν
428 2377 775 2446 περιίσταται
836 2376 973 2445 πρὸς
1020 2376 1331 2428 τούναντίον
1369 2377 1402 2444 ἦ
1437 2374 1620 2444 ἡδονή.
1653 2373 1838 2435 Οὕτως

261 2468 351 2522 διὰ
387 2469 606 2521 πάντων
642 2471 778 2536 ἡμῖν
803 2468 1130 2536 λυμαίνεται
1172 2469 1233 2520 τδ
1281 2469 1416 2538 πρὸς
1472 2468 1570 2536 τὴν
1628 2469 1839 2537 τρυφὴν

265 2560 580 2628 κεχηνέναι.
618 2560 729 2611 Καὶ
764 2559 851 2610 ἵνα
901 2561 963 2612 τὸ
1018 2562 1126 2613 πᾶν
1170 2561 1405 2628 εἴποιμι,
1461 2561 1604 2627 ὑπὲρ
1639 2559 1839 2627 συχνῆς

265 2650 459 2718 ἡδονῆς
490 2650 582 2702 καὶ
610 2649 803 2702 παθεῖν
831 2652 938 2703 πᾶν
991 2651 1188 2716 ὁτιοῦν,
1222 2651 1316 2702 καὶ
1368 2651 1528 2703 πάνθ’
1557 2649 1692 2716 ὁμοῦ
1723 2651 1839 2702 δια-

267 2741 579 2811 πράξασθαι
614 2741 885 2811 πρόθυμοι
922 2743 1119 2814 πάντες
1155 2744 1342 2810 ἐσμὲν,
1397 2742 1532 2811 μηδέ
1562 2742 1622 2793 τὸ
1678 2742 1840 2810 τυχὸν

267 2833 408 2901 ὑπὲρ
437 2833 544 2884 τῶν
573 2832 802 2884 δεόντων
833 2831 1258 2901 καταδεχόμενοι
1292 2831 1500 2900 φέρειν.
1529 2831 1638 2884 Καὶ
1662 2831 1839 2896 τέλος,

264 2925 314 2975 εί
338 2923 426 2976 διὰ
456 2922 729 2975 τοσούτων
749 2921 990 2992 ἀνιαρῶν
1012 2923 1104 2972 καὶ
1136 2919 1478 2990 τηλικούτων
1501 2919 1686 2971 κακῶν
1715 2918 1840 2988 χρό-

263 3032 340 3084 νῳ
371 3015 464 3068 καὶ
492 3014 651 3082 μόγις
672 3014 843 3082 αὐτὴν
868 3012 1233 3081 κτησαίμεθα,
1261 3013 1527 3082 λαμπράς
1556 3028 1619 3078 γε
1643 3011 1708 3080 δὴ
1738 3011 1836 3071 τὰς

1858 1795 1906 1852 Β

1933 547 2100 602 venit.
2139 546 2732 616 Quidquidjucundum
2763 556 2818 602 et
2870 557 3084 616 gratum
3138 557 3243 610 est,
3302 547 3356 599 in
3401 561 3498 613 spe

1927 646 2138 694 tantum
2169 638 2466 704 habemus;
2498 653 2624 691 nam
2655 639 2757 693 hoc
2810 639 3132 707 plerumque
3196 637 3334 691 solet
3365 652 3501 690 usu-

1928 732 2160 788 venire:
2195 730 2414 785 dolores
2467 739 2676 794 autem,
2743 741 2882 798 quos
2933 729 3274 797 voluptatum
3333 743 3498 780 causa

1931 827 2244 886 toleramus,
2276 823 2450 889 reipsa
2485 821 2836 890 percipimus.
2875 822 3264 888 Saepenumero
3289 827 3342 870 et
3365 817 3496 869 illud

1929 917 2163 980 accidit;
2202 917 2321 985 plus
2355 916 2498 968 enim
2537 928 2600 967 ex
2633 929 2727 980 spe
2757 913 2938 982 gaudii
3006 912 3280 979 capimus,
3339 924 3500 976 quant

1929 1023 2052 1062 cum
2078 1010 2144 1060 ad
2175 1009 2318 1075 ipsas
2370 1022 2457 1061 res
2498 1006 2862 1074 pervenimus.
2892 1004 3257 1067 Quamobrem
3289 1001 3334 1054 si
3381 1001 3502 1068 quis

1931 1100 2151 1162 dixerit,
2185 1109 2237 1153 et
2268 1100 2561 1152 vanitatem
2606 1107 2658 1150 et
2685 1098 2882 1152 nudam
2941 1098 3043 1149 hoc
3083 1096 3241 1147 modo
3299 1095 3503 1160 cogita-

1936 1191 2138 1242 tionem
2168 1205 2315 1253 esse,
2377 1191 2520 1258 quod
2581 1199 2867 1255 tantopere
2929 1188 3330 1254 persequimur,
3391 1200 3500 1238 non

1932 1283 2154 1336 omnino
2193 1283 2259 1334 ab
2308 1292 2557 1333 accurata
2589 1280 2664 1333 rei
2735 1278 3084 1332 discussione
3137 1277 3495 1330 aberraverit.

1931 1372 2087 1439 Quod
2126 1382 2303 1425 autem
2331 1371 2459 1423 huic
2503 1385 2533 1424 e
2564 1370 2842 1422 contrario
2882 1369 3191 1435 respondet,
3260 1367 3332 1418 ita
3395 1380 3499 1417 non

1934 1467 2118 1520 habet.
2152 1464 2288 1517 Nam
2317 1462 2460 1528 quod
2493 1460 2687 1527 volupe
2722 1469 2826 1520 est,
2863 1473 2986 1512 cum
3019 1471 3140 1511 sero
3170 1456 3412 1518 tandem,
3447 1463 3502 1506 et

1931 1565 2055 1624 post
2083 1556 2237 1621 longa
2284 1552 2544 1619 temporis
2583 1552 2780 1616 spatia,
2811 1550 3188 1617 quosdamque
3229 1547 3318 1598 diu
3377 1561 3504 1612 pro-

1932 1655 2134 1698 tractos
2166 1644 2450 1704 ambitus,,
2477 1643 2731 1702 accessit,
2768 1641 2928 1693 nobis
2957 1649 3180 1690 tantum
3206 1652 3308 1688 non
3340 1636 3500 1703 quasi

1934 1736 2289 1800 rompellatis,
2363 1734 2574 1790 avolat:
2633 1733 2852 1800 etquod
2917 1739 3288 1797 exspectatur,
3353 1728 3502 1794 prius

1933 1827 2474 1894 exstinguiturquam
2501 1823 2740 1892 perfecte
2761 1823 3157 1891 conspiciatur.
3187 1819 3359 1873 Tanta
3386 1818 3503 1882 ejus

1933 1920 1988 1972 in
2022 1918 2361 1974 abscedendo
2395 1917 2669 1979 celeritas,
2721 1917 2852 1968 adeo
2884 1915 3015 1967 nihil
3040 1924 3123 1968 est
3157 1913 3324 1972 sacri,
3356 1910 3502 1977 quod

1936 2013 2108 2067 aiunt.
2145 2010 2212 2064 At
2243 2009 2504 2078 quidquid
2525 2008 2762 2061 dolorem
2790 2007 2948 2061 affert
2979 2016 3144 2074 atque
3175 2004 3504 2064 molestiam,

1937 2117 1990 2162 et
2023 2107 2327 2159 nimborum
2361 2103 2537 2157 instar
2565 2102 2720 2169 pluit,
2757 2108 2809 2153 et
2845 2099 3001 2152 adest
3067 2097 3404 2158 diuturnius,
3451 2105 3505 2146 et

1938 2201 2154 2270 gravius
2180 2205 2443 2266 penetrat,
2487 2205 2538 2248 et
2571 2194 2810 2246 adhaeret
2842 2190 3176 2251 accuratius,
3237 2197 3500 2251 tantaque

1937 2291 2193 2355 deinceps
2217 2304 2338 2341 cum
2363 2285 2661 2341 acerbitate
2715 2284 2821 2335 vim
2855 2297 3008 2337 suam
3043 2280 3286 2334 declarat
3307 2287 3359 2332 et
3389 2277 3505 2330 olli-

1939 2383 2081 2436 cium
2123 2381 2279 2442 facit,
2327 2389 2584 2443 quantum
2620 2390 2686 2427 ne
2714 2373 3108 2442 jucundissitna
3145 2370 3371 2440 quidem.
3419 2383 3507 2420 res

1941 2485 2176 2537 unquam
2203 2465 2577 2520 delectationis
2596 2464 2812 2518 obtulit.
2845 2461 2980 2524 lmo,
3021 2463 3065 2515 si
3114 2461 3329 2530 quidem
3397 2473 3506 2526 non

1941 2563 2045 2615 hoc
2078 2558 2321 2612 insolens
2348 2567 2432 2611 est
2463 2556 2694 2622 prolatu,
2729 2556 2779 2606 iu
2805 2554 2920 2622 ipsa
2955 2553 3317 2605 delectatione
3337 2565 3512 2617 quan-

1944 2661 2059 2716 tam,
2089 2665 2280 2702 rursus
2332 2650 2507 2716 ipsius
2553 2647 2806 2715 jucundze
2859 2645 2934 2697 rei
2983 2659 3146 2696 causa
3201 2643 3506 2694 molestiam

1943 2715 2298 2810 percipimus,
2331 2739 2373 2791 si
2432 2749 2686 2790 accurata
2751 2737 3191 2788 consideratione
3252 2734 3513 2786 utamur?

1940 2833 2051 2887 Nec
2073 2833 2242 2896 enim,
2267 2832 2482 2898 Opinor,
2528 2831 2768 2897 ignotum
2794 2839 2876 2882 est
2933 2830 3138 2884 animo.
3197 2830 3511 2881 necessario

1939 2921 2232 2991 voluptatis
2261 2921 2514 2974 comitem
2556 2935 2676 2973 esse
2711 2919 2973 2982 dolorem,
3030 2915 3331 2970 secundum
3382 2912 3511 2966 Pla-

1941 3022 2145 3076 tonem,
2214 3010 2479 3065 Aristonis
2533 3009 2943 3075 filium.'Usque
2999 3008 3136 3060 adeo
3177 3005 3509 3074 voluptatem

264 3105 499 3174 ἀμοιϐὰς
522 3104 684 3166 εὐθὺς
709 3105 841 3173 ἡμῖν
871 3103 1188 3156 ἀποδίδωσι.
1222 3103 1472 3172 Γίγνεται
1499 3102 1608 3171 γὰρ
1638 3103 1834 3171 παραί-

1941 3107 2106 3161 rebus
2128 3103 2381 3158 omnibus
2413 3112 2632 3168 superat
2665 3100 2840 3153 dolor.
2875 3099 3094 3153 Necnon
3130 3099 3392 3163 universi,
3418 3098 3510 3166 qui

263 3215 377 3260 τιος
403 3197 498 3250 xui.
526 3196 910 3266 φθόνου-παρὰ
955 3197 1062 3250 τῶν
1091 3196 1292 3261 ἄλλων,
1354 3197 1447 3249 καὶ
1513 3199 1835 3265 νοσημάτων

266 3291 398 3357 ἡμῖν
431 3288 710 3352 πολλάκις,
769 3291 868 3341 καὶ
892 3287 961 3340 τὰ
1024 3289 1190 3358 μυρία
1217 3289 1386 3341 δεινά.
1420 3289 1494 3342 Ού
1532 3289 1641 3358 γὰρ
1699 3288 1834 3356 πρὸς

264 3384 324 3434 τὸ
348 3381 624 3451 βέλτιστον
657 3381 870 3450 ἀφορᾷν
933 3381 1085 3449 ἡμᾶς
1132 3382 1389 3444 συνωθεῖ,
1420 3375 1558 3434 ἀλλὰ
1599 3381 1736 3451 πρὸς
1773 3381 1834 3434 τὸ

265 3471 460 3537 θέλγον
489 3471 698 3534 ἁπλῶς.
733 3469 986 3522 Τοσαῦτά
1013 3485 1074 3521 τε
1131 3470 1226 3522 καὶ
1280 3469 1452 3522 πλείω
1480 3471 1642 3539 τυχὸν
1682 3471 1834 3533 παρὰ

265 3562 376 3613 τῶν
405 3562 618 3622 πολλοῖς
644 3578 754 3612 τισι
789 3560 973 3630 βέλεσι
1011 3559 1358 3631 βεϐλημένων
1386 3560 1477 3628 ὑφ’
1503 3562 1694 3630 ἡδονῆς
1721 3561 1836 3612 δια-

270 3649 579 3701 ίαλλόντων
609 3650 778 3719 αὐτὴν
811 3649 958 3702 ἐστιν
993 3650 1213 3704 ἀκούειν
1242 3666 1254 3680 ·
1311 3651 1360 3702 οἳ
1393 3651 1518 3712 τοὺς
1559 3652 1833 3712 ἐναντίους

267 3739 560 3802 ἀκούοντες
593 3741 802 3805 λόγους,
818 3741 1158 3802 παντοδαπὰς
1188 3722 1489 3807 ἐπάγουσιν
1511 3739 1833 3801 ἀντιθέσεις,

265 3831 740 3901 τυραννικώτατον
777 3832 946 3893 πάθος
1007 3832 1175 3900 αὐτὴν
1220 3830 1532 3891 καλοῦντες,
1567 3833 1660 3881 καὶ
1698 3846 1835 3880 παν-

264 3923 494 3977 τοδαπὸν
522 3921 734 3992 θηρίον,
771 3922 865 3976 καὶ
901 3922 1019 3990 ἅμα
1045 3921 1270 3990 ὕφαλον,
1305 3922 1382 3983 ὼς
1411 3920 1520 3973 οὐδ’
1553 3919 1619 3972 ἂν
1649 3919 1706 3970 ἐν
1728 3919 1836 3970 τῶν

253 4016 546 4069 ¹ἁπάντων.
585 3992 785 4076 Δόλοις¹
809 4012 919 4080 γὰρ
947 4013 1059 4065 αίεὶ
1083 4013 1288 4081 χαίρει,
1319 4013 1377 4065 ἐν
1403 4006 1482 4072 οἷς
1507 4012 1600 4062 καὶ
1635 4009 1837 4079 μᾶλλον

226 4093 400 4160 ’πᾶσι
455 4105 825 4174 λυμαίνεται·
888 4103 1132 4172 ὡσπερεὶ
1179 4103 1287 4172 γὰρ
1331 4101 1838 4170 διαζωγραφοῦντες

266 4199 452 4268 αὐτὴν,
541 4197 885 4259 Ὑποδύεται,
943 4195 1102 4262 φασὶ,
1165 4195 1225 4246 τὸ
1283 4199 1632 4264 προσωπεῖον
1691 4194 1834 4250 πάνυ

265 4292 447 4344 πυκνὰ
494 4289 586 4342 τοῦ
620 4287 785 4341 καλοῦ
824 4304 881 4339 τε
931 4288 1022 4339 καὶ¹
1084 4287 1439 4348 συνοίσοντος.
1502 4287 1611 4338 Καὶ
1655 4285 1708 4336 τί
1770 4285 1836 4337 ἂν

264 4383 481 4449 πρῶτον
511 4380 756 4448 εἴποιμεν
781 4395 798 4444 ;
823 4378 875 4429 τί
904 4377 962 4428 δέ
1014 4375 1248 4441 ὕστατον
1275 4397 1292 4450 5
1316 4377 1367 4429 τί
1414 4377 1470 4429 δὲ
1520 4377 1682 4444 μέσον
1723 4374 1834 4427 τῶν

1942 3199 2244 3251 molliorem
2276 3201 2442 3248 vitam
2478 3194 2752 3257 eligimus.
2799 3193 3100 3259 impostura
3134 3191 3371 3257 quadam
3425 3191 3509 3243 Iu-

1942 3289 2288 3354 dificati,al-ia
2329 3286 2548 3355 quidem
2575 3285 2976 3354 persequimur,
2997 3294 3052 3337 at
3088 3283 3209 3337 aliis
3237 3286 3512 3350 capimur.

1941 3385 1992 3436 id
2021 3382 2165 3450 quod
2203 3381 2452 3434 accidere
2471 3377 2716 3432 videmus
2755 3378 2805 3431 in
2836 3377 3144 3444 piscatione
3198 3375 3404 3442 gulmis
3457 3389 3510 3426 et

1942 3475 2111 3526 avidis
2161 3471 2486 3541 quibusdam
2517 3470 2802 3537 piscibus:
2833 3470 3035 3524 etenim
3096 3469 3218 3521 cibo
3277 3468 3510 3520 delicato

1940 3576 1988 3618 et
2015 3580 2076 3618 os
2113 3574 2164 3618 et
2200 3564 2378 3632 gulam
2403 3562 2680 3616 oblectare
2704 3561 2916 3623 volunt,
2969 3558 3062 3613 sed
3096 3559 3212 3610 vice
3231 3572 3386 3610 versa
3416 3573 3513 3627 gn-

1940 3655 2044 3708 lam
2093 3655 2312 3723 adigunt
2337 3654 2520 3706 hamo.
2553 3651 2862 3718 Tantopere
2897 3650 3052 3703 nobis
3112 3648 3386 3702 diversam
3455 3648 3507 3700 in

1940 3757 2149 3814 partem
2195 3745 2446 3810 voluptas
2500 3743 2712 3795 recidit.
2771 3742 2862 3795 Sic
2903 3756 2998 3808 per
3037 3741 3219 3794 omnia
3282 3739 3506 3794 noxium

1941 3837 2097 3891 nobis
2123 3836 2465 3900 est,dcliciis
2501 3835 2735 3886 inhiare.
2803 3835 2979 3902 Atque
3041 3835 3114 3885 uti
3169 3848 3280 3884 rem
3341 3840 3509 3884 totam

1943 3927 2209 3996 aperiam,
2239 3927 2620 3994 plerarumque
2659 3938 2821 3976 causa
2889 3925 3225 3991 voluptatum
3281 3925 3346 3976 ad
3391 3939 3515 3991 per-

1943 4014 2257 4085 petiendmn
2282 4014 2514 4081 quidvis,
2553 4012 2842 4082 Omniaque
2870 4014 3242 4079 suscipienda,
3275 4015 3507 4084 promp:i

1943 4117 1996 4161 et
2027 4106 2234 4160 alacres
2267 4119 2452 4156 sumus
2481 4118 2693 4169 omnes,
2731 4118 2854 4158 cum
2892 4120 2988 4172 pro
3020 4104 3084 4158 iis
3103 4120 3222 4174 quae
3247 4114 3391 4159 recta
3454 4126 3464 4152 ι
3491 4116 3512 4160 ι

1941 4212 2090 4265 aequa
2112 4203 2237 4250 sunt
2268 4211 2332 4249 ne
2364 4195 2636 4248 tantillum
2680 4196 2896 4263 quidem
2955 4198 3196 4265 perferre
3238 4199 3512 4252 sustinen—

1943 4301 2084 4341 mus.
2128 4285 2373 4352 Denique
2397 4287 2440 4338 si
2475 4285 2638 4338 tantis
2700 4285 2966 4339 molestiis
3013 4288 3293 4356 tantisque
3352 4290 3512 4344 malis

1944 4371 2612 4444 tandem,etvix'quidem
2653 4392 2770 4431 eam
2827 4379 3305 4447 acquisiverimns,
3372 4399 3514 4452 pra:-

264 4474 452 4547 ἐκείνῃ
501 4472 636 4542 πρὸς
688 4473 836 4541 ἡμᾶς
885 4471 1260 4540 γιγνομένων;
1319 4469 1443 4532 Πῶς
1484 4468 1550 4520 ἄν
1584 4485 1668 4529 τις
1719 4467 1834 4530 ὅλος

1944 4471 2120 4524 claras
2142 4469 2351 4523 scilicet
2375 4470 2523 4523 vices
2557 4470 2846 4524 conifestim
2896 4472 3053 4529 nobis
3077 4475 3273 4528 reddit.
3304 4463 3435 4529 Nam
3456 4487 3510 4530 et

263 4562 483 4630 γλῶσσα
503 4563 812 4629 γενόμενος,
837 4562 964 4621 τοὺς
995 4561 1211 4629 ἐκείνης
1232 4560 1490 4630 τρόπους,
1526 4558 1624 4621 τὰς
1661 4576 1840 4628 μηχα-

263 4654 499 4716 νὰ;,τὰς
529 4650 755 4713 πλοκὰς,
783 4651 882 4712 τὰς
908 4649 1187 4712 ποικιλίας
1220 4649 1426 4715 ἐξείποι
1456 4666 1470 4714 ;
1523 4650 1699 4718 Πειρᾷ
1742 4649 1839 4719 μέν

198 4782 208 4795 .
263 4746 438 4798 ἆπασι
469 4743 688 4810 τρόποις
715 4743 747 4809 ἠ
767 4741 1036 4809 δυσμενὴς
1065 4743 1083 4808 (
1115 4742 1191 4802 ὡς
1222 4743 1330 4815 nep
1383 4740 1627 4810 ἔμψυχον
1669 4741 1838 4809 αὐτὴν

263 4836 362 4888 νῦν
387 4851 502 4894 πως
521 4833 600 4893 είς
621 4832 787 4900 μέσον
806 4830 1088 4900 ἐξοίσομεν
1113 4836 1155 4893 )’
1179 4831 1429 4900 γοητεύει
1457 4831 1513 4882 δὲ
1539 4831 1654 4893 πῶς
1695 4831 1795 4883 οἴει
1820 4850 1835 4895 ;

262 4922 598 4987 Δελεάζειδέ
639 4921 941 4990 κακοηθείᾳ
997 4922 1199 4992 ἐσχάτῃ
1227 4938 1242 4954 ·
1294 4921 1390 4975 καὶ
1455 4923 1589 4975 πᾶσι
1629 4921 1838 4990 γίνεται

263 5017 472 5076 πάντα,
504 5012 640 5082 πρὸς
697 5012 1012 5079 ἀνατροπὴν
1061 5010 1167 5062 τῶν
1235 5012 1614 5080 χρηστοτέρων
1666 5009 1834 5078 ἠθῶν.

220 5141 224 5158 .
263 5103 583 5170 Σύμδουλος
629 5101 961 5170 αὐτόκλητος
1014 5103 1212 5166 ἔπεισι,
1242 5104 1338 5155 καὶ
1397 5103 1497 5172 τὴν
1551 5102 1838 5172 ῥᾳστώνην

258 5193 646 5263 θαυμάζουσα,
677 5192 895 5254 κακίζει
926 5192 1087 5244 πάνθ’
1127 5192 1163 5244 ὃ.
1191 5192 1410 5245 δίδωσιν
1437 5193 1626 5260 ἀγῶνα
1652 5191 1839 5257 σώμα-

258 5303 316 5339 σι
345 5283 440 5335 καὶ
470 5282 692 5351 ψυχαῖς,
735 5282 996 5335 νοσοποιὰ
1027 5285 1184 5334 ταυτὶ
1231 5282 1492 5336 καλοῦσα.
1638 5300 1696 5335 τε
1727 5284 1836 5353 γὰρ

257 5376 450 5445 σαρκὶ,
481 5373 558 5441 τῷ
592 5390 650 5425 τε
681 5372 975 5440 πνεύματι,
1007 5376 1206 5442 συχνήν
1246 5391 1368 5428 τινα
1395 5374 1565 5439 ζάλην
1588 5377 1684 5427 καὶ
1739 5391 1835 5428 τα-

255 5463 437 5534 ραχὴν
489 5463 735 5530 ἐμποιεῖν
782 5462 923 5513 αὐτὰ
957 5462 1130 5528 λέγει,
1171 5463 1268 5514 καὶ
1303 5462 1503 5531 μυρίαν
1535 5465 1835 5531 τρικυμίαν

251 5554 508 5619 ἐπάγειν,
542 5551 636 5602 καὶ
683 5549 908 5618 διηνεκῆ
945 5552 1234 5620 μαρασμδν
1287 5551 1645 5620 ἐργάζεσθαι.
1677 5554 1836 5607 Δοκεῖ

251 5644 315 5696 δὲ
353 5642 496 5694 πάνυ
529 5639 750 5709 πιθανὴ,
788 5640 896 5692 ἀπὸ
929 5641 1020 5694 τοῦ
1045 5645 1114 5695 τὰ
1149 5643 1350 5714 εὐχερῆ
1415 5646 1701 5714 παραινεῖν
1735 5645 1832 5712 τὴν

257 5736 413 5804 ἰσχὺν
443 5732 657 5801 ἔχουσα.
683 5732 985 5798 Κολακεύει
1021 5733 1168 5804 μάλα
1198 5736 1601 5807 δουλοπρεπῶς.
1636 5739 1828 5791 Atax:-

1942 4560 2201 4623 invidiam
2242 4561 2398 4613 nobis
2427 4560 2656 4612 aliorum
2704 4564 2981 4629 conciliat,
3021 4574 3072 4618 et
3108 4566 3326 4622 morbos
3373 4582 3511 4634 quo.

1939 4664 2044 4718 que
2075 4663 2486 4716 nonnunquam,
2519 4659 2573 4702 et
2613 4649 2820 4701 infinita
2857 4651 3107 4716 quaedam
3167 4653 3328 4706 mala.
3392 4653 3510 4707 Non

1939 4742 2082 4791 enim
2121 4739 2188 4790 ad
2222 4739 2270 4790 id
2297 4739 2442 4805 quod
2479 4737 2742 4806 eptimum
2787 4750 2882 4792 est
2915 4741 3186 4807 respicere
3241 4756 3338 4794 nos
3363 4757 3514 4794 cum-

1943 4828 2114 4896 pellit,
2143 4827 2238 4879 sed
2273 4827 2596 4896 simpliciter
2658 4829 2724 4881 ad
2761 4830 2810 4881 id
2863 4832 3005 4896 quod
3059 4831 3316 4885 delectat.
3375 4833 3508 4886 'l‘am

1939 4919 2106 4972 multa
2137 4933 2270 4973 sane
2306 4927 2468 4987 atque
2486 4919 2636 4986 plura
2664 4919 2786 4973 licet
2821 4920 2888 4973 ab
2920 4920 2986 4973 iis
3014 4924 3221 4986 audire,
3255 4925 3344 4992 qui
3373 4927 3510 4977 ιιιιιΙ-

1943 5010 2008 5064 tis
2051 5025 2079 5063 a
2115 5011 2390 5078 voluptate
2427 5011 2578 5077 petiti
2617 5011 2836 5078 laesique
2865 5011 3004 5078 telis,
3038 5028 3158 5067 eam
3209 5017 3511 5069 criminan-

1941 5111 2045 5156 tur.
2086 5101 2252 5156 lidem
2283 5101 2327 5154 si
2389 5101 2630 5155 ratioaes
2677 5105 2982 5157 contrarias
3030 5107 3278 5171 audiant,
3329 5100 3510 5161 varias

1938 5192 2181 5246 vicissim
2210 5191 2546 5258 obiectiones
2579 5194 2838 5256 inferunt,
2872 5197 2996 5247 dum
3039 5211 3158 5249 eam
3226 5197 3507 5251 violentis-

1939 5285 2136 5338 simum
2166 5286 2410 5338 morbum
2445 5287 2739 5352 appellant,
2781 5288 3106 5356 variamque
3162 5290 3417 5354 bellum",
3454 5303 3508 5342 et

1941 5377 2010 5426 ita
2042 5375 2350 5440 subdolam,
2393 5386 2452 5429 ut
2475 5379 2703 5429 aliarum
2731 5381 2974 5433 omnium
3001 5383 3168 5434 nulla.
3208 5383 3340 5444 Nam
3366 5396 3508 5432 scut-

1939 5481 2032 5534 pcr
2064 5464 2345 5522 fraudibus
2376 5480 2428 5521 et
2460 5470 2776 5537 imposturis
2810 5473 3029 5538 gaudet,
3056 5473 3256 5539 quibus
3307 5472 3361 5523 iu
3399 5476 3509 5536 pri-

1938 5559 2041 5610 mis
2072 5573 2190 5612 esse
2224 5561 2384 5614 noxia
2419 5562 2630 5615 cunctis
2682 5563 2846 5616 solet.
2879 5563 3087 5616 Etenim
3144 5576 3260 5613 eam
3329 5565 3505 5630 pictu-

1939 5663 1995 5700 t‘a
2028 5651 2182 5717 quasi
2209 5653 2444 5718 quadam
2481 5653 2881 5721 exprimentes,
2946 5655 3266 5720 frequenter
3321 5651 3508 5701 adum-

1935 5739 2086 5805 dum,
2117 5742 2388 5813 inquiunt,
2421 5744 2641 5800 honesti
2663 5753 2825 5813 atque
2849 5745 2996 5799 utilis
3028 5745 3233 5796 larvam
3290 5739 3505 5807 induit;
