4098 6272
574 305 674 371 851

1767 300 2166 361 MANUELIS
2200 300 2648 362 PALxEOLOGl

3718 301 3829 364 452

577 434 634 479 et
652 421 778 491 quid
800 420 1058 490 primum,
1094 418 1223 486 quid
1250 416 1526 482 ultimum,
1547 415 1682 484 quid
1709 418 1944 471 medium
1972 416 2151 486 profe-

2269 417 2471 469 tstistau.
2512 415 2759 483 φιλικῶς.
2789 414 3138 477 Δεσποτικῶς
3178 414 3491 469 ἐπιτάττειν
3530 415 3633 469 οὐκ
3663 416 3832 471 ἔπαι-

580 529 773 570 remus
801 528 866 567 ex
904 512 970 566 iis
996 525 1114 579 qua:
1140 509 1297 563 nobis
1327 509 1394 563 ab
1422 523 1484 577 ea
1510 508 1869 576 proveniunt?
1892 507 2141 574 Quonam

580 607 779 675 aliquis
811 613 990 673 pacto,
1028 611 1175 655 totus
1210 602 1263 655 in
1287 602 1527 667 linguam
1555 610 1818 664 mutatus,
1874 609 1931 654 et
2000 609 2146 652 artes

578 698 720 765 ejus,
753 703 806 749 et
826 694 1158 756 molitiones,
1195 702 1250 747 et
1288 692 1461 757 dolos,
1499 701 1555 745 et
1585 692 1852 745 versutias
1882 705 2147 759 exposue-

583 789 694 839 rit?
730 784 900 838 Modis
927 783 1183 837 omnibus
1206 782 1405 837 infesta
1450 782 1624 836 bellua
1682 781 1916 836 sollicita
1979 779 2148 850 (lubet

580 874 724 925 enim
753 874 898 925 illam
928 874 1071 926 velut
1121 873 1419 925 animatam
1483 872 1534 925 in
1570 872 1807 926 medium
1854 870 2146 939 proferre),

580 946 884 1031 eademque
919 964 1117 1029 quibus
1171 978 1276 1015 non
1328 963 1617 1031 prmstigiis
1668 961 1883 1015 utitur?
1944 960 2147 1015 Malitia

583 1056 819 1119 quadam
852 1065 1093 1108 extrema
1127 1055 1357 1109 inescat.
1398 1055 1480 1109 Fit
1508 1056 1765 1110 omnibus
1793 1054 1996 1113 omnia.
2030 1068 2148 1106 mo-

585 1164 673 1203 res
696 1159 751 1200 ttt
775 1149 944 1203 bonos
967 1158 1196 1203 evertat.
1221 1149 1422 1217 Sponte
1443 1164 1558 1213 sua,
1578 1156 1803 1201 vocante
1835 1148 2074 1211 nemine,
2092 1162 2151 1200 se

583 1240 953 1293 consiliariam
983 1240 1179 1306 θεῖσι-ις
1205 1241 1579 1306 admirataque
1606 1240 1914 1303 mollitiem,
1939 1242 2150 1307 probris

587 1330 816 1384 incessit
848 1330 1029 1384 omnia
1064 1346 1184 1397 quze
1216 1332 1541 1398 corporibus
1564 1339 1619 1383 ct
1648 1329 1844 1382 animis
1874 1338 2149 1383 certamen

586 1421 807 1490 aliquod
833 1421 1136 1490 imponunt,
1162 1422 1289 1474 dum
1325 1436 1386 1474 ea
1431 1421 1723 1475 morbifera
1750 1429 2045 1489 nuncupat.
2065 1420 2157 1474 Ait

584 1514 734 1565 enim
762 1512 848 1565 illa
870 1522 976 1564 tam
1004 1513 1331 1580 carni-quam
1361 1511 1835 1579 spirituicrebram
1861 1511 2153 1581 quamdam

588 1610 967 1668 tempestatem
998 1617 1063 1654 ac
1086 1601 1551 1669 perturbationem
1585 1603 1875 1663 suscitare.
1909 1616 2156 1670 peneque

590 1696 697 1747 vim
732 1693 998 1746 infinitam
1026 1691 1283 1745 fluctuum
1321 1693 1541 1754 inferre,
1575 1702 1952 1760 perpetuzeque
2013 1694 2154 1746 tabis

590 1801 809 1842 causam
831 1801 971 1840 esse.
989 1785 1157 1839 Simul
1185 1787 1249 1836 ad
1274 1782 1709 1853 persuadendum
1738 1798 1860 1837 esse
1878 1784 2156 1850 aptissima

592 1883 831 1944 videtur,
874 1894 995 1933 cum
1032 1893 1097 1932 ex
1140 1891 1204 1931 eo
1233 1877 1396 1930 robur
1424 1877 1623 1931 haheat
1677 1876 1824 1945 quod
1875 1877 1943 1930 ad
1979 1875 2155 1930 facilia

590 1958 1095 2028 factttcohortetur.
1144 1972 1447 2023 Admodum
1507 1969 1767 2024 servilem
1822 1969 1875 2021 in
1939 1969 2157 2023 modum

589 2067 867 2130 adulatur,
893 2072 1073 2117 monet
1110 2063 1307 2125 amice,
1344 2075 1450 2129 quo
1484 2060 1662 2115 minus
1720 2060 1963 2114 lteriliter
1994 2062 2161 2130 impe-

592 2167 695 2222 ret,
723 2160 926 2226 pudore
953 2156 1101 2210 nullo
1133 2156 1483 2224 praepeditur.
1518 2152 1659 2206 Nihil
1681 2166 1764 2207 est
1801 2153 2161 2221 itnpedimen-

593 2249 655 2310 ti,
677 2249 805 2302 nihil
833 2250 974 2318 quod
998 2256 1204 2307 arceat,
1225 2245 1356 2297 nihil
1386 2248 1528 2314 quod
1560 2245 1738 2299 obstet
1765 2286 1781 2309 ,
1818 2261 1927 2314 quo
1976 2246 2154 2301 minus

592 2340 661 2393 ad
703 2340 1076 2393 diversissima
1123 2338 1281 2391 facile
1328 2337 1621 2390 transiliat.
1656 2336 1994 2390 Erubescere
2054 2354 2160 2391 non

593 2433 766 2490 novit,
805 2431 1147 2484 verecundiae
1180 2444 1244 2483 ne
1268 2431 1484 2497 quidem
1521 2429 1767 2481 meminit
1800 2445 1813 2480 :
1848 2429 1975 2495 quid
2014 2430 2158 2481 enim

593 2523 942 2590 impudentiae
971 2536 1258 2575 commune
1289 2535 1411 2574 cum
1450 2518 1820 2572 verecundia?
1866 2518 2162 2584 Qttiescere

593 2616 807 2682 nequit,
845 2629 945 2668 nec
968 2615 1111 2667 enim
1140 2613 1245 2667 hoc
1279 2612 1398 2681 ejus
1439 2621 1633 2665 natura
1671 2611 1794 2665 fert.
1829 2611 2042 2666 Nullam
2065 2629 2164 2668 nec

593 2708 856 2774 quietem,
881 2720 980 2760 nec
1011 2707 1206 2771 otium,
1234 2720 1336 2759 nec
1370 2704 1844 2772 tranquillitatem,
1887 2722 1986 2760 nec
2018 2692 2163 2761 aliud

597 2801 705 2854 tale
742 2799 989 2869 agnoscit
1017 2814 1031 2851 :
1058 2797 1193 2851 nihil
1222 2797 1372 2852 enim
1402 2799 1631 2852 omnino
1662 2799 1873 2853 didicit.
1904 2798 2167 2854 Crocodi-

597 2890 700 2955 los,
720 2890 921 2955 leones,
948 2884 1212 2958 quidquid
1245 2890 1338 2941 ira:
1370 2903 1474 2941 non
1515 2889 1849 2953 moderatur,
1871 2890 1951 2943 vel
1982 2890 2167 2945 furore

600 2981 873 3035 detinetur
896 3020 912 3043 ,
937 2995 1176 3045 omnem,
1206 2980 1612 3048 sanguinariam
1653 2980 1910 3043 belluam,
1948 2983 2165 3037 stimulo

2250 505 2523 573 σχύνεται.
2566 507 2731 558 Οὐδὲν
2758 505 2893 576 αὐτῇ
2921 504 3173 574 κώλυμα,
3197 507 3298 559 ούκ
3320 502 3530 575 εῐργον,
3562 507 3626 560 ού
3658 525 3831 575 7:950-

2248 598 2560 665 ιστάμενον,
2590 598 2666 660 ὡς
2711 597 2787 664 μὴ
2838 596 3040 665 ῥᾳδίως
3074 598 3131 659 ἐς
3162 598 3229 649 τά
3259 596 3625 651 ἐναντιώτατα
3661 615 3831 667 μετα-

2248 687 2445 757 πηδᾷν.
2471 689 2584 740 Ούκ
2607 684 2748 740 οἶδεν
2775 688 3051 757 ἐρυθριᾷν.
3077 687 3343 757 Αἰσχύνης
3368 686 3490 739 οὐδὲ
3510 688 3783 757 μέμνηται
3816 708 3829 718 ·

2247 777 2299 828 τί
2325 778 2435 845 γὰρ
2465 778 2708 848 ἀναιδείᾳ
2742 780 2879 845 πρὸς
2945 777 3212 846 αἰσχύνην
3251 779 3430 830 κοινόν
3458 793 3474 841 ;
3545 778 3830 847 Ἀτρεμεῐν

2247 868 2348 936 οὐχ
2386 869 2476 919 οἵα
2506 885 2566 919 τε
2599 884 2614 899 ·
2647 869 2904 937 οὐδὲγὰρ
2938 868 3209 937 πέφυκεν.
3250 868 3545 937 Ἥρεμίαν,
3571 870 3825 938 ἡσυχίαν,

2249 956 2517 1029 γαλήνην,
2543 959 2597 1010 εί
2618 957 2951 1019 τιτοιοῦτον,
2996 958 3247 1026 οὐδαμῶς
3307 959 3599 1011 ἐπίσταται
3632 973 3646 987 ·
3677 958 3830 1010 οὐδὲν

2250 1050 2360 1119 7&9
2419 1049 2555 1111 ὅλως
2604 1051 2911 1118 μεμάθηκε.
2966 1050 3379 1121 Κροκοδείλους,
3432 1049 3671 1115 λέοντας,
3721 1054 3829 1103 πᾶν

2254 1139 2411 1207 θυμῷ
2442 1140 2838 1210 κρατούμενον,
2875 1140 2908 1209 ἢ
2948 1140 3116 1212 λύττῃ
3144 1140 3537 1209 κατεχόμενον,
3579 1143 3688 1193 πᾶν
3736 1143 3825 1194 αἱ-

2255 1230 2509 1298 μοόόρον,
2551 1230 2699 1283 ἅπαν
2739 1230 3137 1301 κεντρότυπον,
3183 1231 3411 1293 ἰοϐόλον,
3438 1230 3637 1283 δάκνον
3670 1232 3826 1282 ἀνία-

2253 1338 2341 1385 τα,
2376 1324 2441 1392 τῇ
2479 1304 3161 1393 θηριωδίᾳκπαρήνεγκεν.
3230 1321 3514 1375 Ἀτίθασόν
3545 1324 3687 1387 ἐστι,
3733 1322 3829 1374 καὶ

2255 1413 2551 1481 ἀνήμερον,
2579 1414 2670 1464 καὶ
2693 1412 3042 1480 καταλλαγὰς
3069 1414 3382 1466 ἀποσείεται
3405 1428 3419 1443 ·
3460 1415 3520 1465 ού
3552 1413 3661 1481 γὰρ
3688 1416 3822 1481 ἀγα-

2258 1504 2336 1573 πᾷ
2368 1504 2427 1555 τὸ
2478 1504 2591 1556 ἴσον
2623 1504 2821 1572 ἔχουσα
2851 1505 3204 1558 σπείσασθαι.
3243 1504 3389 1558 Ἀνθ’
3414 1499 3489 1560 ὧν
3525 1505 3824 1576 βιαζομένῃ

2256 1594 2397 1646 κατά
2424 1595 2590 1647 ταυτὸ
2631 1596 2723 1646 καὶ
2779 1593 3133 1660 ἐξαπατῶσα,
3173 1596 3403 1658 πολλοὺς
3450 1592 3590 1650 εἷναί
3646 1613 3696 1647 τι
3740 1596 3827 1648 δο-

2260 1684 2489 1744 κοῦντας
2522 1685 2663 1751 μέγα
2702 1686 2782 1746 είς
2832 1687 3208 1755 γενναιότητα,
3263 1687 3359 1741 καὶ
3411 1688 3563 1755 παρά
3612 1688 3823 1739 πάντων

2260 1774 2711 1844 θαυμαζομένους
2735 1776 2825 1827 ἐπ’
2844 1770 3036 1846 ἀρετῇ,
3059 1777 3395 1847 κατήνεγκεν
3424 1778 3560 1848 αὐτῇ
3594 1780 3822 1848 προσδο-

2258 1865 2347 1935 λῇ,
2403 1866 2496 1919 καὶ
2530 1866 2807 1936 ἐξήλεγξε.
2857 1867 2973 1921 Κᾶν
3001 1868 3060 1919 ού
3110 1870 3462 1941 καταστρέψῃ
3515 1874 3582 1941 τῇ
3628 1872 3830 1944 πρώτῃ

2262 1960 2447 2027 πείρᾳ,
2491 1961 2585 2012 καὶ
2614 1960 2911 2032 παρασύρῃ
2952 1964 3260 2033 χει.μὰρῤου
3311 1964 3491 2032 δίκην,
3524 1964 3642 2017 ἀλλ’
3680 1965 3824 2034 ναύτὴ

2261 2052 2355 2102 καὶ
2379 2051 2683 2121 καρτερίαν
2737 2053 2946 2121 πολλὴν
2990 2054 3347 2122 ἐνδείκνυται,
3386 2057 3482 2109 καὶ
3512 2058 3589 2126 τῷ
3645 2061 3826 2111 πονεῖν

2259 2140 2403 2208 ἄγαν
2442 2143 2729 2210 τέρπεται.
2761 2144 2871 2195 Καὶ
2900 2144 3038 2205 ὅλως
3061 2161 3125 2213 γε
3156 2145 3305 2199 δοκεῖ
3326 2164 3409 2210 τις
3439 2143 3577 2201 εἶναι
3610 2149 3826 2217 ἀκάμα-

2264 2249 2357 2295 τος
2391 2235 2474 2296 εἰς
2513 2234 2584 2286 τὰ
2619 2234 2747 2287 καθ’
2779 2236 2963 2304 ἡμῶν.
3007 2238 3083 2290 Τὸ
3112 2238 3221 2307 γὰρ
3255 2240 3317 2309 δὴ
3361 2240 3570 2309 σφόδρα
3620 2244 3828 2296 ἐθέλειν

2262 2327 2323 2377 ού
2349 2326 2536 2379 δίδωσι
2571 2327 2684 2378 τῶν
2718 2328 2899 2380 πόνων
2934 2328 3310 2384 αἰσθάνεσθαι.
3369 2333 3543 2399 Μόγις
3574 2350 3678 2387 που
3737 2337 3825 2390 καὶ

2264 2416 2352 2468 διὰ
2390 2417 2585 2486 χρόνου
2626 2420 2741 2481 τοῖς
2768 2412 3175 2484 γενναιοτάτοις
3202 2421 3309 2473 τῶν
3336 2423 3585 2492 ἀθλητῶν
3613 2427 3829 2480 ύπενδί-

2261 2508 2453 2562 δωσιν.
2490 2509 2733 2579 Ἑώρακέ
2767 2529 2850 2573 τις
2877 2514 3049 2584 αὐτὴν
3076 2516 3367 2582 πρωτείων
3398 2518 3631 2583 πύκταις
3658 2537 3832 2590 παρη-

2263 2600 2619 2668 χωρήσασαν,
2664 2601 2902 2664 πύκταις
2938 2602 3197 2667 ἐκείνοις,
3227 2600 3311 2667 οἷς
3361 2606 3583 2675 ίδρὼτές
3630 2626 3689 2662 τε
3738 2612 3831 2664 καὶ

2266 2693 2417 2744 πόνοι
2455 2694 2588 2762 παρ’
2641 2692 2795 2745 οὐδὲν
2845 2694 3158 2762 νομίζονται
3215 2695 3707 2768 διηγωνισμένοιςο
3769 2702 3830 2754 ού

2265 2782 2345 2852 τῷ
2374 2783 2581 2853 ταύτην
2608 2784 2927 2854 αἰδεσθῆναι
2964 2786 3064 2857 τὴν
3103 2787 3327 2857 ἀνδρίαν
3357 2789 3465 2841 τῶν
3530 2794 3835 2861 κρατησάν-

2265 2892 2375 2928 των
2404 2875 2425 2946 (
2451 2876 2505 2928 τί
2546 2878 2651 2944 γὰρ
2684 2876 2749 2946 δὴ
2798 2877 2977 2929 κοινὸν
3036 2879 3178 2931 αἰδοῖ
3234 2882 3835 2954 πρὸς-ἀπηρυθριακὸς

2267 2986 2320 3021 τι
2375 2970 2471 3021 καὶ
2517 2969 2911 3039 ἀναίσχυντον;
2972 2971 3016 3039 ),
3059 2971 3135 3041 τῷ
3177 2972 3234 3025 δὲ
3296 2979 3603 3043 παρασχεῖν
3650 2981 3837 3049 καιρὸν

601 3081 949 3140 pungentem,
986 3084 1333 3133 venenosam,
1357 3070 1643 3125 insanabili
1667 3086 1852 3127 morsu
1885 3072 2165 3128 lmdentem

2272 3059 2457 3122 αὐτοῖς
2481 3060 2778 3131 ῥᾳθυμίας,
2803 3062 2931 3114 ὅσον
2980 3063 3352 3134 ἀμελέστερον
3386 3068 3454 3119 τὰ
3483 3070 3605 3122 κατ’
3643 3072 3838 3133 αὐτοὺς

602 3160 817 3213 feritate
841 3167 1082 3228 superat.
1113 3158 1220 3212 Nec
1253 3158 1625 3223 mansuefieri,
1650 3174 1759 3213 nec
1800 3161 2033 3215 cicurari
2067 3178 2167 3232 po-

602 3260 731 3313 test,
763 3259 819 3304 et
850 3250 1320 3303 reconciliationes
1350 3258 1654 3303 aversatur.
1691 3250 1806 3304 Non
1846 3254 1992 3305 enim
2024 3255 2170 3322 paci-

601 3341 682 3395 sci
711 3340 1110 3393 eonditionibus
1139 3340 1309 3408 aequis
1340 3348 1506 3395 amat.
1559 3339 1897 3408 Quapmpter
1944 3341 2070 3395 dum
2100 3343 2172 3396 si-

604 3434 714 3486 mul
752 3442 807 3486 et
832 3432 879 3485 vi
916 3441 970 3485 et
1001 3430 1286 3484 fraudibus
1350 3431 1544 3495 utitur,
1619 3430 1816 3484 multos
1839 3430 1932 3498 qui
1990 3431 2167 3499 magni

605 3540 725 3579 esse
759 3534 975 3591 propter
1005 3521 1169 3574 animi
1227 3521 1648 3591 generositatem
1695 3520 1965 3585 videntur,
1993 3531 2045 3574 et
2101 3524 2170 3576 ob

608 3616 860 3667 sirtutetn
885 3613 1136 3666 omnibus
1170 3612 1515 3665 admirationi
1545 3620 1695 3673 sunt,
1748 3612 1947 3679 impetu
1995 3611 2171 3678 primo

605 3706 743 3773 dejet
762 3708 803 3758 it
833 3720 896 3757 ac
925 3705 1074 3757 vicit.
1097 3704 1247 3770 Quod
1278 3702 1322 3755 si
1357 3718 1458 3755 non
1478 3704 1740 3757 everterit
1768 3713 1965 3758 conatu
1999 3704 2172 3772 primo

605 3814 705 3851 nec
733 3799 782 3849 in
815 3812 1015 3850 morem
1052 3796 1308 3849 torrentis
1369 3795 1692 3861 abripuerit,
1758 3810 2006 3863 magnam
2058 3795 2172 3864 ipsa

606 3887 951 3940 tolerantiam
986 3894 1226 3954 praestat,
1272 3892 1328 3940 et
1379 3885 1642 3954 singulari
1702 3885 1996 3955 diligentiae
2049 3886 2170 3939 nisu

610 3978 904 4046 plurimum
955 3978 1290 4043 delectatur;
1338 3979 1581 4046 adeoque
1613 3978 1663 4031 in
1698 3977 1766 4032 iis
1813 3992 1933 4045 qua:
1982 3988 2172 4031 contra

610 4083 711 4122 nos
748 4069 985 4131 molitur.
1034 4067 1359 4121 imlefessam
1396 4083 1453 4123 se
1496 4084 1701 4136 sgerere
1750 4069 1985 4123 videtur.
2037 4069 2171 4123 Nam

609 4162 783 4225 ipsum
819 4158 949 4212 illud
985 4161 1329 4213 vehementer
1364 4161 1502 4213 velle
1528 4176 1633 4214 non
1684 4161 1971 4229 permittit,
2030 4161 2172 4216 ullus

609 4254 687 4303 uti
721 4251 935 4304 labores
971 4252 1187 4306 sentiat.
1212 4252 1309 4306 Vix
1371 4252 1611 4315 tandem,
1659 4261 1716 4306 et
1767 4252 1953 4319 elapso
2004 4254 2173 4308 multo

610 4356 873 4411 tempore,
913 4342 1231 4397 fortissimis
1254 4342 1474 4396 athletis
1504 4342 1669 4396 cedit.
1703 4341 1849 4396 Vidit
1879 4344 2173 4412 aliquando

2269 3152 2537 3206 διαθεῖναι
2590 3156 3033 3225 παρασκευάσαι,
3064 3157 3159 3209 ἅτε
3210 3158 3275 3227 δὴ
3333 3160 3443 3212 τῶν
3478 3162 3836 3233 ἐνοχλούντων

2269 3246 2675 3316 ἠφανισμένων.
2722 3247 2886 3299 Ὅθεν
2943 3250 3106 3301 ταυτὶ
3160 3250 3628 3325 διαπραττομένη,
3667 3258 3834 3309 ἔπειτ’

2271 3338 2331 3402 ἐξ
2363 3339 2602 3407 ἀφανοῦς
2623 3366 2629 3371 -
2650 3339 3027 3406 είσὸἀλλουσα,
3059 3343 3188 3413 ῥᾷον
3233 3344 3386 3398 ἀνύει
3415 3348 3483 3399 τά
3513 3349 3648 3399 κατά
3687 3351 3831 3402 νοῦν.

2270 3432 2444 3500 Δῆλον
2470 3432 2526 3484 δὲ
2557 3434 2666 3485 ἀπὸ
2697 3433 2800 3502 τῆς
2835 3436 3050 3505 πείρας.
3086 3436 3239 3490 Μετά
3285 3443 3393 3509 γάρ
3420 3440 3512 3506 τὴν
3540 3441 3828 3509 ἀναγωχήν

2271 3525 2365 3577 τοῦ
2391 3525 2630 3594 πολέμου
2658 3528 2676 3594 (
2706 3524 3004 3596 ἀνθέξομαι
3033 3526 3091 3579 δὲ
3130 3528 3228 3598 τῆς
3254 3531 3461 3595 εἰκόνος
3499 3531 3577 3583 ῐτι
3600 3532 3641 3601 ),
3668 3533 3828 3597 δόξαν

2271 3614 2531 3684 εύκαιρον
2581 3615 2912 3684 προσϐαλεῖν
2959 3618 3051 3671 καὶ
3099 3620 3598 3690 ἀποπειράσασθαι,
3643 3625 3840 3693 ἀπριιό.

2277 3724 2430 3769 πτως
2461 3708 2624 3771 εὐθὺς
2664 3708 2957 3776 ἐφίσταται
2982 3726 2997 3740 ο
3033 3712 3126 3763 καὶ
3160 3714 3565 3768 ἐπεισπεσοῦσα
3594 3717 3842 3786 δριςιύτε-
3922 3700 3925 3701 ν

2274 3802 2365 3870 ρόν
2392 3818 2507 3864 πως
2541 3802 2636 3854 καὶ
2663 3803 3059 3873 μανικώτερον,
3085 3806 3144 3859 τό
3193 3823 3253 3871 γε
3308 3810 3387 3871 είς
3423 3811 3639 3880 ἐκείνην
3686 3807 3839 3879 ἧκον,

2274 3890 2742 3958 πάντίργάζεται
2774 3892 2842 3967 τὰ
2890 3894 3038 3947 δεινά
3063 3911 3080 3926 ο
3115 3896 3295 3967 ἐκείνη
3350 3897 3479 3966 γὰρ,
3517 3901 3592 3964 ὡς
3647 3902 3841 3962 ἔοικεν.

2272 3982 2334 4035 ού
2360 3983 2568 4035 δέδοικε
2596 3983 2725 4046 τοὺς
2776 3984 3039 4048 πολλάκις
3089 3986 3258 4056 αὐτῆς
3289 3991 3692 4060 κρατήσαντας.
3732 3996 3847 4047 Οὐκ

2272 4072 2651 4143 ὀρῤωδεῖτοὺς
2708 4078 3082 4144 νενικηκότας,
3145 4078 3207 4130 ού
3262 4079 3387 4142 τοὺς
3448 4083 3671 4151 μακράν
3724 4100 3850 4137 τινα

2272 4165 2430 4234 δίκην
2460 4165 2663 4236 ταύτην
2698 4166 3103 4237 εἰσπράξαντας
3134 4170 3234 4239 τῆς
3292 4171 3373 4233 είς
3429 4173 3674 4237 ἐκείνους
3716 4176 3853 4227 ταύο

2274 4272 2373 4323 της
2412 4256 2615 4325 μανίας
2641 4272 2654 4286 ⁶
2682 4257 2818 4310 ἀλλά
2860 4259 2914 4312 τὸ
2948 4261 3172 4313 πίπτειν
3206 4264 3447 4332 συνεχῶς
3501 4267 3725 4319 παιδιὰν
3757 4268 3851 4318 λοο

2277 4346 2566 4415 γιζομένη,
2616 4346 2754 4417 ὀρθὴ
2803 4349 3022 4417 ταχέως
3058 4350 3449 4423 εύρισκομένη,
3506 4358 3617 4418 τοῖς
3669 4358 3853 4422 αὐτοῖς

607 4407 738 4503 quis
758 4450 877 4487 eam
913 4433 1117 4501 primas
1139 4433 1481 4486 concessisse
1521 4431 1815 4500 pugilibus,
1846 4407 2023 4485 etillis
2056 4433 2165 4500 qui.

2285 4407 2380 4491 καὶ
2628 4407 2917 4510 ἐπιχειρεῖ,
2964 4407 3155 4513 (bam-:9
3223 4407 3486 4516 μηδαμώς
3541 4407 3852 4518 ἡττηθεῖσαῖ

612 4530 732 4577 dum
765 4524 1033 4594 pugilibus
1067 4526 1156 4592 qui
1181 4524 1413 4577 sudores
1447 4533 1499 4575 et
1523 4523 1737 4577 labores
1774 4524 1825 4576 in
1866 4526 2181 4578 certamini-

612 4619 713 4670 bus
743 4625 1025 4683 susceptos
1051 4615 1206 4667 nihili
1230 4615 1531 4681 penderent
1564 4632 1579 4667 :
1617 4630 1721 4666 non
1754 4616 1891 4683 quod
1927 4616 2039 4684 ipsa
2075 4618 2182 4671 for-

618 4709 900 4762 titudinem
973 4708 1199 4760 victoria
1244 4706 1539 4774 potiturum
1597 4710 1898 4761 reverentia
1945 4710 2180 4778 quadam

618 4811 1047 4868 prosequeretur
1077 4797 1225 4866 (quid
1261 4798 1404 4849 enim
1449 4812 1736 4852 commune
1804 4801 1995 4867 pttdori
2057 4814 2179 4853 cmn

616 4906 684 4944 eo
712 4893 851 4959 quod
881 4892 1094 4953 ruboris
1116 4898 1170 4944 et
1203 4889 1424 4958 pudoris
1448 4905 1642 4958 expers
1671 4900 1753 4944 est
1778 4891 1843 4962 ?),
1866 4893 1973 4945 ‘scd
2005 4902 2062 4945 ut
2101 4892 2181 4946 eis

617 4986 957 5037 Occasionem
996 4985 1220 5053 ignavia:
1265 4987 1551 5053 praeberet,
1593 4986 1658 5037 ad
1713 4985 2043 5038 reddendum
2094 5002 2184 5038 ne-

618 5067 972 5141 g'tigentiores
1006 5076 1056 5126 in
1090 5073 1486 5128 constituendis
1529 5074 1689 5127 rebus
1722 5075 1863 5133 suis.
1897 5075 2180 5142 quasijam

619 5164 722 5214 ιιιν
747 5165 893 5232 prius
924 5165 1161 5219 molesta:
1191 5181 1275 5218 res
1306 5174 1486 5217 essent
1507 5180 1536 5217 e
1566 5166 1744 5218 medio
1769 5166 2012 5221 sublatm.
2047 5168 2179 5231 Qui-

619 5258 718 5310 bus
749 5254 1109 5333 ila‘peraCIis,
1141 5272 1259 5309 mox
1298 5259 1362 5309 de
1397 5259 1687 5324 improviso
1721 5259 1957 5323 irruens,
1986 5261 2183 5313 mentis

618 5362 731 5400 sua:
761 5347 995 5415 cogitata
1032 5345 1245 5399 faetlius
1268 5348 1573 5414 perlicitJd
1601 5362 1663 5400 ex
1696 5348 1807 5412 ipsa
1833 5348 2181 5420 manifestum

617 5448 704 5490 est
730 5437 1061 5506 experientia
1096 5454 1108 5488 :
1135 5437 1332 5505 quippe
1369 5450 1487 5505 pust
1520 5438 1635 5491 Illas
1666 5440 1913 5492 inducias
1941 5441 2061 5492 belli
2100 5443 2186 5510 (li-

622 5528 713 5580 bet
735 5539 910 5581 autem
934 5528 1152 5596 imagini
1177 5529 1340 5581 semel
1383 5529 1646 5583 institutae
1681 5530 1860 5585 adhuc
1900 5533 2185 5597 inita-rere,

620 5620 665 5671 si
695 5619 866 5672 visum
898 5620 945 5672 ei
973 5620 1045 5673 sit
1075 5629 1437 5686 opportunum
1464 5635 1585 5675 esse
1626 5631 1839 5691 tempus
1875 5625 1939 5675 ad
1975 5625 2155 5677 faciutt
2177 5656 2188 5665 -

619 5709 750 5765 dum
790 5710 1292 5781 impctumretnquc
1351 5713 1687 5780 tentandam,
1716 5715 1897 5769 statim
1956 5729 2018 5769 ex
2085 5716 2186 5769 im-

2286 4531 2397 4582 Καὶ
2421 4530 2676 4599 καθάπερ
2705 4533 2799 4583 ἐπὶ
2825 4533 2932 4585 τῶν
2962 4534 3294 4604 ἀθυρμάτων
3320 4538 3369 4587 οἱ
3397 4538 3606 4604 παῖδες,
3638 4541 3687 4591 εί
3724 4540 3858 4593 ώοι-

2289 4620 2413 4689 σμῷ
2439 4621 2546 4673 τῶν
2582 4622 2996 4693 συναθυρόντων
3021 4627 3441 4696 καταϐληθετεν,
3491 4631 3627 4697 πρὸς
3676 4634 3860 4702 πάλην

2286 4708 2446 4774 αὖθις
2472 4714 2816 4778 ἀνίστανται,
2849 4716 2939 4768 καὶ
2967 4717 3199 4787 ἑτοίμως
3254 4720 3439 4790 ἔχουσι
3470 4725 3861 4792 συμπλακῆναι

2288 4806 2399 4868 τοῖς
2426 4810 2817 4873 κατενεγκοῦσι
2848 4810 3107 4874 πολλάκις
3133 4827 3149 4844 ο
3178 4812 3271 4864 καὶ
3293 4813 3388 4884 ἥδε
3420 4813 3572 4866 οὐδὲν
3605 4815 3863 4882 κορέννυο

2288 4912 2379 4949 ται
2440 4896 2925 4969 καταϐεϐλημένη,
2986 4900 3103 4952 ἀλλ’
3156 4903 3264 4955 αἰεὶ
3323 4905 3445 4965 ταῖς
3515 4906 3865 4971 συμπλοκαῖς

2289 4989 2653 5055 ὲπαγάλλεται
2729 4991 2840 5041 τῶν
2891 4994 3132 5061 συνεχῶς
3197 4995 3704 5050 καταπαλαιόντων.
3774 4998 3865 5060 Ὠς

2288 5080 2482 5147 ὄφελόν
2516 5097 2578 5146 γε
2600 5082 2697 5133 καὶ
2720 5083 2878 5150 ἡμεῖς
2916 5084 3008 5136 τὸν
3037 5086 3151 5137 ἴσον
3204 5087 3404 5154 τρόπον
3451 5087 3689 5155 ἠνύομεν
3733 5106 3865 5151 τους

2291 5171 2428 5238 πρὸς
2453 5173 2670 5241 ἐκείνην
2702 5173 2945 5239 ἀγῶνας.
3004 5175 3160 5227 Οὕτω
3212 5178 3321 5245 γὰρ
3377 5177 3671 5243 φιλονεικεῖ
3726 5182 3868 5247 πρὸς

2290 5262 2808 5332 τάκαθ’ὴμῶν,ώς
2866 5266 3001 5334 μηδὲ
3055 5266 3249 5335 βιωτὸν
3307 5269 3579 5337 ἡγεῖσθαι,
3638 5269 3732 5320 ἐὰν
3793 5271 3869 5338 μὴ

2293 5351 2387 5421 ἐξῇ
2445 5356 2537 5407 καὶ
2595 5357 2718 5417 τοὺς
2770 5359 3056 5425 κρείττους
3106 5360 3261 5425 ἄγειν
3304 5360 3624 5427 περιφανῶς
3674 5358 3870 5427 ὥσπερ

2293 5446 2621 5516 ἀνδράποδα.
2658 5448 2775 5499 Κᾶν
2808 5449 3020 5519 ύπενδῷ
3046 5466 3129 5514 τις
3154 5450 3352 5520 μικρὸν
3412 5450 3548 5516 πρὸς
3576 5449 3674 5511 τὰς
3718 5450 3872 5500 ὲκεί-

2293 5555 2390 5606 νης
2424 5538 2625 5607 ὁρμὰς,
2654 5538 2687 5608 ἢ
2720 5538 2905 5592 νεῦσαί
2934 5556 2986 5594 τι
3024 5542 3157 5611 πρὸς
3190 5540 3537 5607 καταλλαγὰς
3564 5539 3713 5610 δόξῃ,
3739 5557 3872 5592 του-

2292 5629 2345 5678 τὶ
2377 5628 2431 5679 τὸ
2470 5628 2666 5696 μικρὸν
2700 5629 3017 5699 ἁρπάσασα,
3054 5631 3116 5683 τὸ
3147 5632 3254 5682 πᾶν
3288 5629 3449 5689 εὐθὺς
3506 5630 3871 5699 ὀνειροπολεῖ,

2298 5721 2389 5774 καὶ
2418 5721 2618 5790 μελετᾷ
2659 5739 2781 5776 τινα.
2820 5722 2972 5775 δόλον
3006 5723 3139 5794 πρὸς
3192 5722 3290 5792 τὴν
3343 5720 3455 5773 τῶν
3498 5720 3874 5791 ⁸’ἠμεληκότων
