4098 6272
286 329 391 390 453

1702 327 1986 388 ORATIO
2016 330 2111 390 IV.

3430 327 3538 395 454

286 438 631 509 καθαίρεσιν,
664 433 893 489 καὶτῶν
923 436 981 488 ἐν
1014 435 1263 496 σπονδαῖς
1325 434 1629 501 γεγονότων
1662 436 1870 506 κρατῆ-

1976 439 2193 504 proviso
2219 439 2458 503 advenit,
2493 448 2549 494 et
2604 438 2783 494 acrius
2813 452 2880 494 ac
2943 426 3198 493 furiosius
3256 440 3531 504 iri-uendo,

291 548 379 582 σαι
416 528 584 582 θέλει.
617 527 730 580 Καὶ
763 527 895 595 περὶ
921 525 1016 579 τοῦ
1045 526 1187 590 πῶς,
1215 528 1243 579 ὁ
1271 525 1430 593 λόγος
1459 526 1593 594 αὐτῇ
1630 526 1859 596 βραχύς.

290 622 457 675 Ὅθεν
493 620 674 672 πάντα
694 618 759 687 δὴ
789 619 992 683 κάλων,
1020 617 1237 671 ἅπαντα
1263 609 1432 670 ’λίθον
1465 633 1479 647 ’
1521 619 1620 671 καὶ
1680 618 1867 671 τοιαύ-

286 729 388 782 την
417 710 636 765 ἃπασαν
662 709 967 778 παροιμίαν
998 710 1144 764 εῐπσι
1188 726 1275 772 τις
1308 709 1375 762 ἂν
1426 704 1578 777 οἶμαι
1636 710 1865 774 δικαίως

288 802 555 874 περὶτῶν
595 801 813 871 ἐκείνης
870 801 1304 872 μηχανημάτων.
1373 802 1692 869 Παρήνεγκε
1754 803 1864 871 γὰρ

289 895 553 964 ἀτεχνῶς,
588 894 713 947 ὅτου
747 894 812 947 ἄν
836 909 919 956 τις
950 893 1063 964 ἔχοι
1121 892 1431 963 μνησθῆναι
1460 892 1768 963 δυστρόπου
1801 910 1863 945 τε

290 988 387 1039 καὶ
425 987 735 1055 εὐμηχάνου
781 985 916 1055 πρὸς
946 986 1306 1057 κακουργίαν.
1377 985 1717 1054 ’Ᾱκήρυκτον
1766 984 1864 1052 μὲν

291 1080 424 1145 ἡμῖν
452 1077 645 1144 ἐπάγει
669 1075 760 1147 τὸν
787 1075 1047 1143 πόλεμον,
1082 1074 1291 1145 τρῶσαι
1315 1075 1617 1146 βουλομένη
1639 1076 1747 1144 πρὸ
1768 1076 1862 1128 τοῦ

289 1167 532 1236 ’φανῆναι
565 1183 582 1199 ο
612 1166 988 1235 νυκτομαχίαν
1030 1166 1089 1220 δὲ
1124 1167 1289 1233 φιλεῖ,
1325 1158 1399 1231 ὥς
1428 1168 1860 1236 καταδαρθάνου-

291 1276 380 1312 ’σιν
409 1258 725 1326 ἐπιστῆναι,
747 1257 820 1320 ὡς
851 1258 1057 1326 φθάσαι
1093 1259 1186 1311 τὸν
1221 1259 1483 1328 πολέμιον
1516 1260 1621 1327 πρὸ
1646 1259 1740 1311 τοῦ
1769 1275 1869 1327 γυ-

290 1348 510 1417 μνῶσαι
544 1348 605 1399 τὸ
636 1346 810 1414 ξίφος.
842 1347 968 1409 Πῶς
1005 1348 1113 1419 γὰρ
1152 1349 1218 1402 ἂν
1243 1349 1458 1416 ἐκείνην
1480 1349 1715 1410 διέλαθε,
1771 1349 1869 1401 πό·

290 1458 391 1495 σου
431 1443 597 1512 τιμᾷν
621 1441 771 1506 ἄξιον
793 1440 853 1493 τὸ
891 1441 1223 1495 καταλαϐεῖν
1252 1442 1535 1511 αίφνιδῐως
1567 1458 1583 1507 ;
1621 1441 1731 1494 ιςάι
1757 1442 1867 1511 γάρ

288 1535 408 1590 ἐστι
429 1533 588 1586 τοῦτο
613 1533 787 1586 δεινὸν
816 1533 911 1585 καὶ
944 1532 1553 1601 γενναιοτάτωννψυχάς
1584 1531 1864 1592 κλονῆσαι.

294 1622 475 1698 Κάνῇ
513 1644 565 1679 τι
595 1624 797 1692 κοῦφον
813 1625 875 1678 τὸ
909 1625 1250 1696 προσπεσὸν,
1284 1624 1487 1693 μᾶλλον
1525 1624 1590 1676 ἂν
1627 1625 1866 1694 ίσχύσειε

294 1718 529 1786 θροῆσαι
552 1718 648 1770 καὶ
676 1719 803 1780 τοὺς
840 1718 941 1770 οὐκ
972 1717 1040 1770 ἂν
1087 1716 1289 1786 ῥᾳδίως
1318 1716 1479 1768 τοῦτο
1509 1715 1781 1777 παθόντας
1832 1715 1866 1785 ἡ

297 1824 352 1859 τι
376 1810 776 1878 γινωσκόμενον
807 1809 934 1869 τοὺς
962 1807 1404 1876 ἀγεννεστέρους.
1452 1806 1525 1858 Τὸ
1577 1806 1687 1875 γὰρ
1719 1806 1868 1875 παρά

297 1899 627 1968 προσδοκίαν
664 1899 861 1969 μικρδν
887 1898 1399 1968 ἐκπληκτικὼτερον
1424 1898 1665 1967 μεγάλου
1697 1914 1866 1968 προσ-

291 1990 631 2059 δοκωμένου.
687 1991 816 2063 Ἐρᾷ
845 1991 937 2043 τοῦ
987 1992 1235 2057 σκότους,
1275 1992 1470 2055 νυκτὸς
1520 1991 1697 2060 αὐτῆς
1738 1993 1867 2044 ἀσε·

298 2078 484 2149 λήνου.
542 2081 772 2153 Ὀμίχλῃ
806 2082 985 2152 χαίρει
1019 2083 1242 2154 παχείᾳ,
1274 2083 1506 2152 ἀόρατον
1555 2083 1780 2153 όράσεσι
1807 2082 1869 2135 τὺ

295 2171 490 2240 ὁρατόν
508 2186 570 2237 γε
603 2173 856 2242 ποιούσῃ.
894 2172 1143 2236 Συνόδοις
1178 2170 1335 2242 οἶμαι
1374 2173 1583 2242 ταύτην
1635 2171 1869 2241 ἀγάλλε-

294 2262 422 2315 σθαι
457 2263 685 2316 τουτωνὶ
714 2263 823 2316 τῶν
855 2263 1262 2334 λαμπροτάτων
1295 2248 1563 2335 ἀστέρων,
1588 2266 1663 2328 ὼς
1692 2264 1866 2335 ταύτῃ

296 2370 361 2421 γε
392 2353 486 2405 τοῦ
519 2354 772 2423 σώματος
806 2354 905 2421 τῆς
962 2355 1222 2424 σελήνης,
1264 2355 1374 2408 τῶν
1422 2357 1717 2426 ὀφθαλμῶν
1774 2359 1869 2410 καὶ

294 2446 391 2498 τοῦ
412 2445 563 2516 ἡλίου
592 2445 1047 2514 μεσολαϐοῦντος,
1093 2446 1168 2515 μὴ
1205 2446 1469 2500 δύνασθαι
1501 2449 1562 2500 τό
1613 2450 1746 2501 ῐδιον
1768 2449 1868 2511 τὰς

291 2539 524 2599 ἀκτῖνας
556 2538 692 2605 πρὸς
719 2538 871 2608 ἡμᾶς
921 2538 1281 2607 ἐργάζεσθαι.
1338 2541 1678 2611 Συλλήῦδην,
1731 2544 1868 2613 ὅπερ

298 2627 475 2680 αῐτιον
506 2628 599 2680 τοῦ
628 2628 931 2695 λεληθότως
960 2628 1221 2682 δύνασθαι
1252 2629 1456 2700 βλάϐην
1488 2633 1618 2702 ἡμῖν
1641 2634 1873 2702 ἐμποιῆο

304 2737 395 2771 σαι
433 2720 532 2789 τὴν
563 2719 779 2789 ἡδονὴν,
814 2719 967 2793 φίλον
1008 2721 1169 2790 αὐτῇ.
1207 2722 1409 2785 Είωθδς
1444 2722 1554 2793 γὰρ
1585 2722 1726 2791 μάλα
1779 2726 1872 2777 καὶ

298 2808 606 2879 σύντροφον
628 2811 849 2878 ἀφεῖναι
877 2810 976 2880 μὲν
998 2810 1178 2881 λάθρα
1216 2812 1392 2882 βέλος,
1423 2816 1643 2880 ἀφεῖναι
1674 2814 1730 2866 δὲ
1764 2816 1872 2868 πᾶν

302 2901 364 2952 τὸ
401 2901 602 2969 πλῆξον
626 2915 642 2931 '
664 2901 881 2970 ἀφεῖναι
915 2902 993 2965 δὲ,
1024 2902 1289 2957 δδίδωσιν
1316 2904 1563 2968 ἐλπίζειν
1595 2905 1737 2973 μάλα
1778 2906 1872 2958 δυ-

296 2992 566 3064 νήσεσθαι
604 2993 829 3063 καιρίαν
850 2995 1063 3064 τρῶσαι
1092 2994 1330 3066 πληγήν.
1368 2997 1476 3048 Καὶ
1521 2997 1657 3060 ὅλως
1712 2998 1869 3053 πάντ⁹

1968 530 2110 595 quod
2144 528 2315 596 ipsam
2342 530 2556 594 attinet,
2581 531 2761 585 omnia
2782 531 2895 583 dira
2926 540 3219 598 perpetrat.
3241 530 3357 586 Non
3390 532 3532 587 enim

1969 618 2056 673 illa
2089 620 2284 674 metuit
2318 636 2435 685 eos,
2464 622 2539 674 uti
2568 621 2787 689 quidem
2807 621 3044 683 videtur,
3080 624 3169 687 qui
3194 622 3387 687 sepius
3413 636 3532 674 eam

1966 719 2312 778 superarunt.
2341 708 2459 764 Non
2494 711 2729 765 victores
2778 710 3123 774 reformidat,
3150 725 3252 762 non
3284 724 3379 763 eos
3438 711 3532 775 qui

1966 798 2034 853 de
2063 798 2521 867 ipsadiuturnum
2552 816 2834 868 sumpsere
2866 801 3188 869 supplicium
3223 799 3425 853 furoris
3476 800 3531 853 in

1966 905 2024 944 se
2055 891 2205 960 prius
2232 894 2479 957 exerciti,
2511 896 2608 949 sed
2631 884 2803 961 ipsum
2824 893 2957 946 illud
2994 892 3253 945 continuo
3277 906 3531 945 succum-

1966 979 2093 1034 bere
2125 996 2220 1050 pro
2258 981 2385 1037 ludo
2414 984 2637 1047 ducens,
2669 985 2856 1038 statim
2887 990 3067 1037 erecta
3095 998 3282 1037 rursus
3313 986 3528 1036 eosdem

1968 1073 2237 1141 adoritur,
2286 1077 2442 1145 quasi
2472 1076 2516 1131 si
2552 1092 2891 1145 nequaquam
2924 1077 3058 1129 victa
3090 1076 3300 1129 fuisset.
3328 1078 3403 1128 Ac
3438 1092 3535 1127 ve-

1966 1166 2048 1219 lut
2074 1167 2125 1218 in
2157 1166 2389 1222 ludicris
2413 1169 2592 1238 pueri,
2619 1169 2663 1221 si
2722 1166 3113 1223 colludcntium‘
3148 1168 3377 1235 impulsu
3408 1182 3534 1235 pro-

1968 1265 2280 1310 sternautur
2308 1257 2482 1323 humi,
2514 1274 2708 1313 rursus
2740 1261 2809 1312 ad
2838 1260 3036 1313 luctam
3090 1268 3405 1328 resurgunt,
3436 1273 3534 1326 pa-

1969 1347 2183 1415 ratique
2223 1350 2489 1404 Suntcum
2519 1350 2588 1404 iis
2622 1366 2836 1405 manum
2873 1365 3181 1415 conserere,
3215 1352 3304 1420 qui
3335 1351 3535 1420 satpius

1969 1448 2064 1488 eos
2097 1449 2312 1504 quoque
2342 1446 2686 1503 prostrarunt
2718 1457 2733 1491 :
2772 1441 2855 1494 sic
2911 1451 2964 1494 et
2985 1440 3085 1491 ista
3125 1439 3352 1492 minime
3403 1453 3533 1506 pru-

1974 1534 2146 1580 strata
2176 1528 2432 1594 satiatur,
2466 1529 2558 1582 sed
2617 1544 2803 1583 eorum
2866 1530 3243 1598 congressibus
3277 1532 3369 1601 qui
3414 1546 3535 1583 eam

1970 1618 2222 1672 continua
2275 1620 2653 1675 colluctatione
2706 1630 2986 1687 superant,
3041 1637 3259 1689 semper
3291 1621 3536 1673 oblecta-

1973 1719 2085 1767 tur.
2129 1708 2347 1763 Utinam
2411 1710 2628 1779 quidem
2679 1726 2777 1764 nos
2826 1706 3036 1779 q'uoque
3077 1713 3418 1767 consimilem
3481 1713 3534 1765 in

1974 1803 2193 1856 modum
2231 1803 2498 1856 adversus
2524 1804 2695 1872 ipsam
2715 1813 2965 1871 suscepta
3030 1805 3327 1857 certamina
3375 1805 3538 1874 perii-

1968 1906 2237 1946 eeremus.
2271 1892 2403 1946 Nam
2432 1907 2494 1945 ea
2529 1895 2882 1949 contentione
2932 1904 3119 1948 contra
3191 1910 3290 1949 nos
3344 1897 3538 1963 utitur,

1970 1990 2028 2035 ut
2052 1997 2117 2036 ne
2138 1976 2423 2038 vivendum
2458 1985 2685 2053 quidem
2706 1993 2945 2049 ,statuat,
2973 1988 3015 2041 si
3055 2002 3157 2041 n0u
3194 1987 3360 2041 etiam
3398 2004 3538 2055 prm-
3566 2038 3571 2047 ,

1968 2075 2261 2130 stantiores
2285 2075 2405 2128 aliis
2429 2077 2821 2145 mancipiorum
2851 2079 2902 2131 in
2938 2093 3145 2132 morem
3198 2080 3414 2132 trahere
3440 2093 3539 2147 pa-

1967 2167 2071 2221 lam
2102 2168 2291 2235 possit.
2329 2168 2481 2234 Quod
2509 2170 2551 2223 si
2582 2170 2705 2239 quis
2758 2171 2825 2223 ad
2862 2171 2979 2237 ejus
3010 2171 3249 2225 assultus
3297 2171 3381 2226 vel
3407 2187 3542 2240 pau-

1968 2255 2076 2310 lum
2104 2258 2353 2322 cesserit,
2383 2262 2476 2312 aut
2505 2260 2753 2312 nonnihil
2788 2260 3032 2314 adimere
3057 2263 3205 2316 visus
3242 2262 3312 2315 sit
3355 2262 3544 2329 pacifi-

1969 2351 2197 2417 cationi;
2233 2353 2336 2405 hoc
2363 2352 2482 2419 ipso
2510 2352 2705 2420 pusillo
2731 2366 2971 2419 arrepto.
3032 2356 3214 2408 statim
3268 2370 3539 2409 summam

1968 2442 2047 2495 rei
2078 2445 2334 2506 somniat,
2363 2457 2417 2496 et
2447 2443 2687 2499 fraudem
2709 2445 2943 2513 aliquam
2977 2448 3270 2501 meditatur
3296 2449 3361 2501 ad
3390 2464 3545 2503 ever-

1972 2533 2177 2587 sionem
2215 2536 2551 2604 negligenter
2585 2552 2644 2590 se
2691 2540 3036 2605 gerentium;
3072 2541 3272 2607 quique
3303 2557 3423 2593 cum
3479 2556 3543 2594 ea

1971 2624 2112 2689 pacti
2139 2631 2265 2676 sunt
2298 2624 2570 2688 inducias,
2620 2641 2715 2680 eos
2745 2617 2891 2693 ips'os
2917 2629 2968 2680 iu
3016 2620 3337 2695 potestatem
3400 2632 3545 2685 redi-

1973 2730 2103 2784 gere
2135 2716 2360 2783 cogitat.
2398 2715 2506 2769 Nec
2548 2717 2729 2786 magni
2762 2726 2919 2785 putat
2968 2718 3170 2774 referre
3200 2734 3307 2787 quo
3347 2720 3399 2774 id
3452 2736 3548 2790 pa-

1974 2816 2060 2861 cto
2095 2805 2204 2858 (lat.
2234 2806 2386 2861 Unde
2415 2807 2619 2861 nullum
2666 2822 2771 2860 non
2804 2810 3114 2873 rudentem,
3176 2810 3384 2864 nullum
3437 2827 3543 2864 nou

1974 2897 2208 2967 lapidem
2245 2909 2422 2953 movet
2453 2900 2644 2965 :cujus
2674 2900 2891 2968 quidem
2917 2903 3138 2970 generis
3190 2902 3371 2956 oumia
3422 2917 3547 2971 pro-

1976 2991 2157 3045 verbia
2195 3002 2341 3044 recte
2367 2991 2509 3061 quis,
2556 2993 2770 3060 opinor,
2815 2994 2881 3047 de
2941 2994 3318 3049 molitionibus
3370 2996 3545 3065 ipsius

301 3083 599 3154 ἐργάζεται
629 3085 815 3155 κρύφα
844 3088 912 3139 τά
942 3088 1064 3139 καθ’
1093 3087 1275 3156 ἡμῶν,
1302 3086 1520 3141 ἐπειδὰν
1549 3087 1642 3159 ἐξῇ
1674 3092 1869 3154 ποιεῖν,

1976 3084 2280 3153 protulerit.
2312 3084 2541 3151 Superat
2564 3085 2708 3138 enim
2737 3086 2920 3152 procul
2980 3088 3143 3141 dubio
3174 3089 3432 3158 quidquid
3486 3090 3542 3143 in

300 3177 398 3231 καὶ
450 3178 605 3230 οὐδὲν
644 3178 1027 3248 προσίσταται.
1067 3181 1163 3232 Ἂν
1228 3179 1285 3232 δὲ
1332 3180 1562 3250 φωραθῇ
1626 3182 1731 3250 πρὸ
1779 3182 1873 3234 τοῦ

303 3270 527 3346 πρᾶξαι,
552 3273 689 3341 πρὸς
722 3272 1035 3325 τούναντίον
1059 3272 1265 3326 αὐτίκα
1287 3274 1569 3341 τρέπεται,
1606 3274 1699 3326 καὶ
1723 3273 1878 3327 ἀναί-

302 3361 399 3432 δην
467 3362 647 3415 πάντα
697 3364 867 3425 ποιεῖ,
920 3364 1016 3415 καλ⁵
1075 3364 1426 3434 ἀναισχυντεῖ
1467 3364 1737 3433 φανερῶς,
1782 3365 1878 3418 καὶ

303 3452 742 3522 ἀναισχυντοῦσα
791 3454 1312 3526 παρρησιάζεται,ῆ
1350 3456 1405 3507 εί
1430 3472 1512 3519 τις
1560 3458 1650 3508 ἐπὶ
1684 3457 1878 3527 πράγ-

309 3560 441 3609 μασι
475 3542 677 3613 πολλὴν
706 3543 893 3613 ἔχουσι
929 3545 1267 3614 φιλοτιμίαν.
1296 3548 1408 3599 Καὶ
1435 3547 1622 3600 λοιπὸν
1651 3552 1793 3600 κινεῖ
1813 3547 1873 3600 τὸ

306 3632 431 3699 δόρυ
458 3635 611 3703 παρά
635 3636 853 3688 πάντων
883 3638 1157 3705 ὁρωμένη,
1200 3636 1293 3689 καὶ
1324 3638 1509 3691 κοντὸν
1531 3639 1755 3707 ἀφίησιν
1779 3639 1873 3691 ἐπὶ

310 3722 503 3792 στόμα,
529 3724 621 3777 καὶ
640 3724 817 3786 λίθους
840 3729 959 3780 ταῖν
1011 3730 1193 3798 χεροῖν
1224 3729 1588 3797 ἀμφοτέραιν,
1640 3729 1734 3782 καὶ
1774 3731 1876 3798 τὴν

317 3813 657 3881 Ἡρακλέους
704 3815 933 3869 ἐπισείει
962 3818 1219 3887 κορύνην.
1252 3820 1408 3871 Ἔστι
1431 3819 1477 3870 δ’
1507 3819 1640 3871 ὅπου
1667 3818 1876 3885 ταύτην

307 3901 401 3953 καὶ
423 3901 719 3970 καταφέρει
747 3904 988 3974 κεφαλῆς
1032 3907 1382 3960 παντάπασιν
1418 3907 1753 3975 ἀφυλάκτου.
1788 3902 1882 3959 Εἶ-

304 3991 374 4044 τά
410 4007 512 4045 που
558 3995 651 4045 καὶ
677 3994 775 4055 τὰς
809 3995 963 4063 ἡνίας
981 3994 1195 4063 ἐφεῖσα,
1231 3996 1475 4065 θρασέως
1509 3996 1650 4064 ἄγαν
1674 4001 1879 4064 ἐπιπηο

305 4084 394 4157 δᾷ,
422 4086 518 4135 καὶ
549 4085 812 4152 πειρᾶται
840 4085 1043 4153 φθάσαι
1078 4085 1179 4156 τὴν
1209 4086 1551 4157 συμπλοκὴν,
1604 4088 1700 4139 καὶ
1735 4087 1877 4140 ἑλεῖν

294 4174 581 4229 ηαύτοόοεί.
627 4175 784 4228 Οὕτω
829 4192 891 4242 γε
945 4176 1165 4245 τρόπων
1214 4176 1313 4230 οὒκ
1346 4179 1563 4246 ἀπορεῖ,
1598 4179 1737 4247 πρὸς
1788 4178 1880 4231 τὸν

309 4267 508 4319 σκοπὸν
538 4266 708 4333 αὐτῆς
734 4266 1140 4319 συντεινόντων.
1176 4267 1284 4319 Καὶ
1302 4267 1363 4320 τὸ
1397 4267 1459 4336 δὴ
1500 4268 1877 4338 φοϐερώτερον

309 4357 553 4418 πάντων,
594 4356 688 4408 καὶ
711 4356 936 4423 μονονοὺ
954 4357 1072 4417 ταῖς
1093 4354 1294 4424 ψυχαῖς
1323 4356 1634 4424 ἀπόγνωσιν
1684 4360 1879 4427 ἐμποι-

309 4446 406 4498 οῦν
427 4464 441 4476 ·
474 4448 617 4499 νῶτα
649 4448 757 4516 γὰρ
784 4445 954 4500 δοῦσά
986 4462 1141 4513 ποτε,
1170 4446 1471 4515 ἀπράκτων
1493 4449 1602 4499 τῶν
1625 4450 1880 4519 ἐγχειρη-

315 4537 500 4605 μάτων
529 4528 665 4603 αὑτῇ
693 4536 967 4603 φανέντων
997 4536 1123 4605 ἑξῆς
1151 4536 1409 4589 ἀπάντων
1439 4539 1457 4606 (
1483 4539 1646 4607 μόνου
1678 4540 1786 4604 γάρ
1815 4540 1879 4593 ἂν

313 4624 402 4692 εἴη
434 4624 568 4676 Θεοῦ
596 4625 656 4676 τὸ
689 4626 988 4687 ’παντελῶς
1036 4627 1307 4694 ἀήττητον
1342 4627 1385 4695 ),
1414 4628 1477 4680 οὐ
1522 4614 1878 4695 καταπίπτει,

310 4716 414 4768 οὐκ
449 4714 657 4780 ἀμελεῖ,
688 4716 788 4765 οὐκ
818 4715 1175 4783 ἀπαγορεύει,
1222 4716 1342 4770 οὐδὲ
1396 4718 1617 4787 μακρὰν
1652 4718 1884 4788 ἀφίστα-

309 4821 429 4867 ται,
459 4801 594 4854 ἀλλα
629 4806 965 4871 περινοστεῖ,
1029 4805 1122 4855 καὶ
1158 4804 1522 4868 ἐπιὸουλεύει,
1565 4807 1684 4869 πῶς
1736 4809 1879 4875 aiat;

310 4898 455 4965 πόσῃ
480 4894 687 4963 σπουδῇ
713 4910 727 4957 ;
748 4892 807 4944 οὐ
835 4893 899 4962 δὴ
924 4893 1083 4962 λήγει
1116 4896 1394 4963 ράπτουσα
1411 4897 1615 4963 δόλους,
1643 4899 1763 4951 οὐδὲ
1786 4900 1884 4967 λή-

310 4988 393 5053 ξει
422 4985 482 5052 γέ
514 5001 664 5047 ποτε,
689 4981 951 5052 οῦμενουν
974 4985 1082 5037 οὐδ’
1104 4986 1425 5041 ὁπωστιοῦν.
1449 4989 1583 5040 Οὐδὲ
1614 4990 1718 5060 γὰρ
1746 4994 1885 5044 ἀπο-ι

308 5074 711 5143 γινώσκει,κᾶν
758 5075 787 5129 ὅ
818 5093 871 5128 τι
902 5076 1065 5130 πάθοι
1087 5094 1101 5108 ο
1126 5077 1233 5131 οὐδ’
1272 5080 1477 5149 ἰλιγγιᾷ
1526 5084 1644 5143 ταῖς
1679 5085 1884 5135 ἀποτυ-

306 5166 481 5238 χίαις,
507 5166 608 5223 κᾶν
632 5166 869 5237 ἀριθμοῦ
888 5169 1171 5238 κρείττους
1200 5170 1458 5237 γένοιντο.
1491 5158 1810 5242 Παρατηρεῖ
1828 5175 1884 5228 δὲ

307 5258 441 5318 τοὺς
460 5259 704 5326 καιροὺς,
721 5259 838 5322 καὶ,
854 5260 982 5311 ὅταν
1007 5259 1244 5329 θύραθεν
1264 5279 1314 5315 τι
1335 5262 1506 5315 δεινὸν
1522 5265 1759 5329 ἐπέλθοι,
1790 5266 1882 5318 τό-

306 5364 371 5401 τε
393 5349 484 5399 καὶ
505 5348 599 5418 ἥδε
628 5352 881 5415 κινεῖται,
904 5351 1134 5419 ἕρμαιον
1160 5354 1487 5423 ἡγησαμένη
1502 5354 1563 5406 τὸ
1581 5356 1881 5424 συμπεσόν.

318 5440 479 5493 Ἐπεὶ
510 5442 603 5492 ira}.
637 5439 788 5509 μῦες,
817 5442 913 5496 καὶ
937 5442 1194 5512 αἴλουροι,
1229 5447 1323 5495 καὶ
1360 5445 1470 5496 πᾶν
1489 5437 1730 5499 τοιοῦτον
1755 5447 1879 5499 κλε-

306 5531 625 5597 πτίστατον,
642 5532 795 5586 λύκοι
810 5549 867 5585 τε
892 5536 981 5587 καὶ
1001 5536 1147 5588 ἅπαν
1166 5536 1528 5605 ἁρπακτικὸν,
1546 5540 1759 5608 ταραχῇ
1786 5539 1881 5590 καὶ

307 5624 448 5695 ζάλῃ
472 5623 671 5695 χαίρει,
690 5625 783 5678 καὶ
802 5626 1080 5695 ραγδαίοις
1098 5627 1288 5689 ὑετοῖς,
1320 5628 1411 5681 καὶ
1436 5629 1766 5697 ἀστραπαῖς,
1790 5630 1882 5681 καὶ

310 5715 563 5787 βρονταῖς
594 5714 869 5785 ἐξαισίοις,
905 5719 1001 5771 καὶ
1028 5718 1126 5771 ὅσα
1160 5720 1459 5791 τρικυμίαν
1487 5720 1682 5790 ψυχαῖς
1723 5722 1881 5792 ἐντή-

1988 3185 2221 3228 mentem
2254 3175 2413 3249 alieni
2448 3176 2633 3230 venire
2660 3190 2977 3245 perversum
3025 3177 3197 3245 possit
3228 3186 3280 3231 et
3309 3180 3375 3233 ad
3434 3195 3549 3233 ina-

1981 3267 2153 3320 litiam
2179 3267 2537 3335 ingeniosum.
2581 3266 2711 3322 Siue
2737 3268 3157 3324 denuntiatione
3190 3271 3389 3326 bellum
3448 3289 3548 3327 no-

1983 3358 2065 3412 bis
2094 3357 2277 3421 infert,
2316 3358 2608 3412 vulnerare
2642 3358 2794 3427 prius
2835 3360 3023 3414 volens
3049 3376 3210 3429 quam
3240 3363 3547 3431 conspicia-

1981 3458 2090 3503 tur.
2116 3450 2362 3503 Praelium
2396 3463 2720 3505 nocturnum
2773 3460 2943 3519 amat,
2977 3464 3033 3505 ut
3078 3455 3287 3521 sopitos
3351 3469 3547 3524 aggre—

1983 3542 2183 3605 diatur,
2218 3553 2274 3595 ut
2303 3541 2545 3609 hostem,
2581 3545 2731 3612 prius
2768 3560 2929 3613 quam
2963 3545 3169 3614 gladius
3199 3549 3428 3601 nudatus
3456 3549 3546 3612 sit,

1982 3643 2309 3688 antevertat.
2374 3636 2492 3700 Quo
2514 3637 2655 3689 enim
2694 3635 2785 3689 illa
2816 3646 2975 3704 pacto
2994 3638 3327 3707 ignoraverit
3352 3641 3543 3707 quanti

1981 3726 2241 3781 1e3timari
2272 3727 2464 3779 debeat
2509 3726 2828 3794 anticipatio
2890 3740 3111 3795 repente
3168 3728 3351 3783 facta?
3409 3728 3545 3783 Nam

1982 3816 2099 3881 ejus
2133 3814 2447 3867 admiranda
2474 3814 2553 3867 vis
2585 3825 2668 3867 est
2696 3815 2749 3867 iu
2806 3818 3167 3882 percellendis
3231 3822 3395 3873 etiam
3440 3821 3548 3874 ἔοι-ο
3640 3854 3643 3855 ν

1981 3905 2317 3959 tissimorum
2348 3904 2566 3957 animis.
2602 3903 2841 3960 Tametsi
2873 3908 2988 3960 leve
3022 3909 3280 3977 quiddam
3312 3912 3544 3974 accidat,

1983 3994 2102 4063 plus
2132 3984 2309 4045 tan‘en
2340 3994 2561 4047 habebit
2587 3995 2785 4048 virium
2823 4002 2887 4049 ad
2917 3998 3032 4052 illos
3084 4016 3297 4069 quoque
3340 4012 3550 4058 terren-

1983 4085 2079 4137 dos
2109 4083 2196 4150 qui
2225 4096 2333 4135 non
2362 4083 2520 4137 facile
2560 4084 2752 4136 terreri
2784 4086 2989 4146 solent.
3017 4072 3177 4157 quam
3215 4093 3358 4161 quod
3411 4109 3547 4160 prat-

1981 4174 2155 4227 visum
2181 4182 2285 4235 est,
2314 4174 2566 4227 recordes
2600 4174 2802 4230 turbet.
2831 4174 2965 4228 Nam
3025 4162 3547 4250 parvum'quiddam
3588 4173 3594 4179 ’

1984 4274 2181 4333 praeter
2229 4265 2691 4332 exspectationem
2772 4265 3168 4322 formidabilius
3210 4283 3295 4324 est
3353 4289 3551 4340 magno

1984 4359 2125 4423 quod
2152 4363 2527 4423 exspectatur.
2561 4357 2842 4412 Tenebras
2870 4369 3035 4423 amat,
3094 4360 3425 4430 illnnemque
3452 4383 3550 4415 uu-

1983 4456 2149 4501 ctem.
2187 4447 2431 4517 Caligine
2464 4462 2644 4501 crassa
2680 4449 3004 4512 delectatur.
3072 4468 3190 4521 qua:
3250 4456 3427 4507 oculis
3470 4456 3550 4508 in-

1982 4539 2280 4607 spectabile
2310 4537 2484 4592 reddit
2535 4541 2677 4608 quod
2745 4543 3078 4610 aspectabile
3131 4552 3237 4597 est.
3282 4543 3549 4611 E-tuidem

1984 4630 2125 4682 illam
2159 4629 2819 4698 delectaricongressibus
2839 4633 3076 4686 siderum
3114 4635 3546 4689 clarissimorum

1983 4712 2247 4784 arbitror,
2281 4729 2337 4771 ut
2367 4721 2469 4773 hoc
2515 4724 2673 4773 modo
2706 4738 2941 4792 corpore
2996 4725 3138 4777 hune
3167 4725 3310 4778 inter
3363 4726 3551 4780 oculos

1982 4818 2036 4863 et
2060 4810 2228 4862 solem
2258 4820 2430 4862 semet
2468 4811 2855 4889 interjiciente,
2892 4814 3026 4866 radii
3066 4819 3173 4867 vim
3209 4831 3360 4867 suam
3417 4830 3546 4885 erga
3641 4831 3644 4834 ’

1983 4915 2081 4953 nos
2114 4915 2369 4954 exercere
2391 4912 2688 4967 nequeunt.
2722 4903 2801 4956 Ad
2828 4920 3120 4965 summam.
3178 4906 3403 4959 charum
3467 4922 3551 4962 est

1985 4992 2243 5058 voluptati
2287 4992 2546 5061 quidquid
2583 4994 2632 5045 in
2670 5010 2833 5047 causa
2864 5009 2948 5048 est
2984 5007 3042 5049 ut
3103 4997 3242 5050 clam
3282 5014 3381 5052 nos
3435 5000 3554 5054 affi-

1986 5096 2110 5135 cere
2140 5083 2463 5137 detrimentu
2488 5086 2679 5153 possit.
2706 5086 3008 5140 Admodum
3036 5092 3178 5143 enim
3205 5092 3252 5145 ei
3286 5092 3555 5149 familiare

1983 5183 2088 5241 est,
2123 5176 2389 5245 quasique
2419 5193 2539 5230 cum
2568 5179 2653 5232 illa
2694 5181 2792 5233 hoc
2827 5182 3084 5248 adolevit,
3117 5197 3173 5237 ut
3205 5188 3342 5241 clam
3377 5190 3545 5242 telum

1985 5268 2198 5322 emittat
2227 5284 2289 5323 ac
2338 5271 2598 5338 quidquid
2667 5275 3033 5328 saueiaturum
3084 5276 3181 5338 sit,
3228 5279 3277 5331 id
3331 5282 3549 5346 quidem

1986 5364 2221 5439 emittat,
2255 5380 2364 5433 quo
2397 5365 2553 5419 letale
2578 5382 2634 5419 se
2667 5368 2860 5420 vulnus
2888 5366 3135 5430 infligere
3164 5383 3321 5435 posse
3345 5377 3547 5436 speret.

1974 5454 2132 5507 (llam
2184 5456 2419 5524 denique
2476 5468 2663 5511 co:.tra
2726 5475 2822 5511 nos
2877 5460 3101 5511 ornuino
3155 5458 3285 5511 facit
3342 5461 3546 5515 omnia.

1984 5561 2105 5597 cum
2137 5545 2319 5600 facere
2353 5556 2551 5614 potest,
2586 5564 2687 5601 nec
2715 5546 2932 5616 aliquod
2967 5548 3413 5616 impedimentum
3440 5558 3545 5600 eSI.

1980 5632 2049 5683 At
2098 5632 2149 5684 in
2215 5635 2453 5689 facinore
2483 5636 2526 5689 si
2591 5637 3030 5704 deprehendatur
3084 5644 3373 5700 antequam
3428 5648 3541 5685 rem

1982 5724 2270 5793 peregerit,
2301 5741 2420 5780 mox
2454 5726 2507 5780 iu
2541 5727 2875 5781 contrarium
2909 5741 3029 5780 sese
3060 5723 3240 5789 vertit,
3263 5732 3315 5775 et
3368 5722 3549 5791 palam
