4098 6272
345 366 451 433 ἱὸτ

1755 360 2042 421 ORATIO
2088 363 2186 429 IV.

3489 364 3592 427 458

341 478 421 521 τις
458 456 719 527 ἡταύτης
755 455 911 523 ἰσχὺς
944 452 1067 506 καθ’
1121 450 1279 522 ἡμῶν
1315 450 1465 503 ἐστιν
1502 449 1582 513 εἰς
1649 449 1708 501 τὸ
1762 450 1906 503 ἀπα-

2015 451 2439 522 dera,‘quodque
2466 452 2540 507 sit
2563 451 2723 521 hujus
2748 452 3035 506 adversum
3063 465 3159 506 nos
3189 452 3238 504 in
3269 452 3594 521 decipienda

340 550 462 616 τᾷν,
490 550 572 609 εἰς
602 547 662 597 τὸ
691 545 926 606 πείθειν,
966 544 1048 605 εἰς
1099 543 1158 595 τὸ
1192 540 1502 610 βιάζεσθαι.
1557 539 1745 611 Πολλῷ
1802 541 1910 610 γὰρ

343 636 488 691 εἶναι
516 636 913 707 χαλεπωτέραν
967 636 1113 704 φημὶ
1164 638 1301 703 πρὸς
1349 635 1497 704 ἡμᾶς
1550 632 1719 702 ἦδηῆ
1776 633 1914 699 πρὸς

343 732 472 794 τοὺς
504 730 861 800 προπάτορας
906 727 1093 781 παλαι.
1159 728 1229 779 Ἢ
1281 725 1390 795 γὰρ
1434 724 1690 778 τοσοῦτον
1720 723 1911 793 εἰργά-

347 840 479 877 σατο
507 821 643 890 πρὸς
670 821 795 883 τοὺς
836 820 1104 890 μηδαμῶς
1144 817 1506 888 μηδεπώποτε
1549 816 1641 869 ὑπ’
1696 817 1917 883 ἐκείνης

344 913 746 983 κρατηθέντας,
782 912 855 973 ὡς
877 912 941 979 δὴ
983 912 1076 963 καί¹
1106 913 1256 979 σχεῖν
1305 909 1640 979 ἡττηθέντας
1691 908 1912 971 αὐτοὺς,

344 1005 537 1072 ὥσπερ
573 1005 737 1074 ἡμεῖς
772 1004 837 1055 τὰ
872 1002 1200 1073 ἀνδράποδα,
1230 1002 1284 1052 τί
1316 1001 1438 1051 ποτ’
1463 1000 1529 1052 ἂν
1575 1003 1670 1054 καὶ
1695 998 1915 1067 δράσειε

347 1096 486 1165 πρὸς
518 1096 687 1163 ἡμᾶς,
720 1093 844 1155 τοὺς
878 1093 983 1145 ὑπὸ
1012 1093 1120 1145 τῶν
1146 1093 1337 1162 αὐτῆς,
1363 1092 1439 1153 ὡς
1474 1092 1673 1155 εἰπεῖν,
1707 1091 1913 1159 αἰχμα-

340 1188 528 1240 λώτων
552 1186 777 1254 φύντας,
811 1186 906 1237 καὶ
938 1185 1072 1254 πρὸς
1094 1185 1153 1236 τὺ
1185 1184 1460 1254 χείριστον
1485 1184 1824 1252 ἐληλακότας
1844 1186 1910 1252 τῇ

340 1280 492 1348 παρὰ
524 1250 632 1330 τίύν
665 1250 957 1346 ᾧυσάντων
982 1250 1247 1346 -διαδοχῇής
1272 1250 1284 1254 ⁷
1311 1275 1466 1328 ’⁷Ωσθ’
1522 1250 1799 1345 ἡνταύτης
1826 1250 1916 1328 δύξ

338 1386 525 1439 ναμις.
566 1369 662 1421 καί¹
693 1370 725 1434 ἡ
752 1368 861 1421 τῶν
883 1367 1096 1430 παθῶν,
1123 1366 1362 1438 ὲξαρχῆς
1424 1368 1755 1435 κρατήσασα
1805 1366 1914 1419 τῶν

340 1462 572 1532 πρώτως
596 1461 904 1529 γεγονότων
934 1460 1263 1527 ἀνθρώπων,
1292 1460 1495 1512 ἔπειτα
1543 1459 1630 1511 διὰ
1661 1458 1771 1509 τῶν
1818 1459 1920 1526 μὲ-

288 1532 300 1544 ‘
338 1572 447 1607 σων
475 1552 742 1606 κατιοῦσα
772 1553 911 1623 πρὸς
943 1553 1068 1614 τοὺς
1100 1552 1393 1621 ἐσχάτους,
1457 1552 1586 1621 ῥᾷον
1639 1552 1754 1620 ἔχει
1793 1549 1918 1603 τού-

337 1661 450 1706 τοις
493 1643 794 1713 ἐμπαίζειν
825 1644 856 1708 ἣ
888 1643 1001 1705 τοῖς
1032 1642 1140 1710 πρὸ
1163 1641 1349 1695 αὐτῶν
1379 1642 1657 1710 γεγονόσι.
1697 1643 1778 1695 Τὰ
1805 1643 1915 1711 γὰρ

339 1736 659 1805 ἀνθρώπεια
689 1735 837 1805 πάθη
860 1734 1139 1804 πολεμίων
1172 1734 1408 1799 σώζουσι
1467 1736 1677 1803 σχῆμα,
1709 1732 1792 1796 οἷς
1847 1734 1910 1787 τὸ

340 1829 611 1898 κρατῆσαι
641 1829 924 1898 καταρχὰς
954 1828 1060 1880 τῶν
1089 1827 1503 1897 ἀνθισταμένων
1551 1827 1690 1896 μετὰ
1750 1828 1910 1896 μεγίο

284 1978 289 1985 ,
340 1933 484 1973 στων
514 1920 726 1988 γίνεται
766 1921 872 1973 τῶν
898 1918 1183 1973 κινδύνων.
1220 1919 1281 1971 Εί
1312 1918 1356 1971 δ’
1386 1914 1481 1970 οὖν
1522 1917 1668 1982 ἅπαξ
1695 1917 1910 1985 γένοιτο

334 2011 444 2062 τῶν
479 2012 791 2066 ἀντιπάλων
833 2010 1248 2080 περιγενέσθαι,
1281 2012 1468 2064 οὐκέτι
1521 2012 1774 2078 φαίνεται
1808 2027 1907 2080 χα-

266 2152 269 2159 ,
333 2101 501 2155 λεπὸν
521 2104 648 2165 τοὺς
679 2104 879 2166 αὐτοὺς
902 2103 1111 2169 φοϐεῖν,
1148 2105 1242 2157 καὶ
1276 2104 1525 2174 τρέπειν,
1558 2103 1654 2156 καὶ
1695 2103 1909 2157 δεικνύ-

333 2212 418 2248 ναι
444 2195 587 2247 νῶτα
632 2195 896 2260 διδόντας,
957 2195 1051 2248 καὶ
1107 2195 1209 2264 τὴν
1241 2194 1450 2248 δειλίαν
1488 2195 1721 2263 ταυτηνὶ
1770 2195 1907 2263 μετά

333 2285 658 2356 προσθήκης
687 2287 1166 2356 παραπέμπεσθαι
1199 2287 1313 2347 τοῖς
1369 2286 1634 2354 ἐκγόνοις.
1670 2287 1826 2339 Ὤσθ’
1871 2288 1903 2355 ἡ

326 2379 533 2449 ταύτης
565 2379 690 2432 καθ’
730 2379 888 2448 ἡμῶν
936 2380 1166 2447 δύναμις
1205 2376 1407 2448 μείζων
1456 2379 1575 2431 ἐστὶ
1639 2379 1735 2431 καὶ
1771 2378 1906 2448 δρα-

248 2477 251 2481 ’
327 2470 701 2540 στικωτέραῆ
746 2471 886 2538 πρὸς
919 2472 1043 2533 τοὺς
1071 2469 1372 2538 ἡμετέρους
1428 2470 1750 2539 προγόνους,
1814 2471 1909 2523 καὶ

332 2564 416 2615 ἔτι
446 2561 583 2632 πρὸς
615 2563 742 2624 τοὺς
772 2561 1025 2625 ἐκείνων,
1047 2560 1153 2622 ἓως
1184 2560 1252 2612 ἂν
1278 2561 1358 2622 είς
1388 2561 1519 2641 τοὺς
1550 2562 1907 2630 προπάτορας

334 2650 675 2713 ἐπανέλθοις.
717 2651 879 2703 Ἀλλὰ
918 2649 1022 2720 μὴν
1048 2648 1231 2719 ἐκείνη
1264 2665 1327 2716 γε
1357 2649 1493 2718 πρὸς
1516 2651 1630 2712 τοῖς
1681 2650 1909 2719 εἰρημέ-

334 2762 467 2809 ιοις,
519 2742 664 2810 λέγω
692 2742 749 2795 δὲ
798 2742 898 2813 τὴν
958 2740 1152 2811 ἡδονὴν
1186 2740 1303 2811 (καὶ
1351 2741 1432 2793 ἔτι
1470 2741 1576 2810 γὰρ
1608 2741 1907 2810 ἀντέχομαι

332 2838 431 2908 τῆς
473 2836 725 2904 εἰκόνος),
758 2838 883 2899 τοὺς
918 2836 1025 2889 τῶν
1052 2834 1254 2905 ἰατρῶν
1286 2834 1646 2904 ὑποκρίνεται
1685 2835 1904 2897 παῖδας.

335 2932 603 3000 Παραινεῖ
638 2932 705 2985 τὰ
731 2930 866 3000 πρὸς
897 2927 1135 2996 ὑγίειαν,
1177 2925 1263 2979 ἵνα
1287 2924 1362 2996 δῷ
1384 2924 1463 2995 τῷ
1500 2924 1715 2995 σώματι
1739 2942 1903 2994 σφρι-

329 3027 456 3096 γᾷν,
494 3025 705 3078 καὶτὸν
731 3024 832 3093 τῆς
858 3022 1041 3093 ψυχῆς
1078 3019 1372 3090 παραλύσῃ
1406 3019 1579 3072 τόνον.
1611 3019 1729 3071 Κᾶν
1766 3020 1904 3070 ἀπο-

2015 528 2416 611 persitadendo,
2440 545 2682 612 cogendo
2709 543 2894 597 robur.
2915 543 3119 612 Quippe
3140 546 3293 600 nobis
3312 547 3453 599 illam
3475 566 3595 603 esse

2019 634 2353 689 infestiorem
2386 637 2473 689 aio
2509 652 2671 705 quam
2708 636 2834 689 olim
2870 638 3166 705 majoribus
3212 641 3312 693 illis
3368 646 3593 697 nostris.

2019 721 2151 777 Nam
2204 740 2322 793 quae
2359 734 2565 779 tantum
2601 725 2814 780 efficere
2850 730 3022 797 potuit
3062 730 3321 783 adversns
3361 748 3453 786 eos
3501 740 3594 803 qui

2016 820 2085 871 ab
2112 818 2227 885 ipsa
2262 820 2490 873 necdum
2520 834 2753 887 unquam
2782 820 2908 874 victi
2941 821 3175 887 fuerant,
3208 834 3263 876 ut
3294 837 3388 877 eos
3413 827 3593 880 itidem

2015 908 2068 962 in
2124 918 2442 974 potestatem
2505 912 2754 967 redactos
2814 914 3063 980 haberet,
3120 916 3195 969 uti
3251 927 3436 970 nostra
3500 936 3596 971 nos

2016 1002 2311 1069 mancipia,
2380 1004 2506 1070 quid
2542 1021 2642 1055 non
2680 1005 2927 1073 designet
2958 1008 3008 1060 in
3039 1023 3156 1073 nos,
3192 1010 3280 1076 qui
3319 1025 3384 1064 ex
3429 1003 3637 1076 ipsius}

2022 1094 2101 1162 (ιιι
2128 1095 2196 1147 ita
2233 1096 2486 1164 dixerim)
2521 1099 2753 1166 captivis
2792 1101 2900 1152 nati
2970 1117 3177 1169 sumus,
3214 1112 3269 1157 et
3301 1106 3594 1173 pessimam

2017 1184 2082 1236 ad
2117 1186 2509 1252 conditionem,
2549 1203 2613 1242 ex
2672 1205 2859 1244 eorum
2895 1188 2988 1260 qui
3024 1208 3122 1246 nos
3158 1208 3592 1263 progenuerunt,

2025 1278 2371 1331 successione
2431 1281 2680 1335 redacti?
2719 1283 2836 1349 Quo
2872 1284 2951 1347 fit,
2999 1295 3057 1340 ut
3094 1296 3196 1338 lam
3231 1288 3400 1351 ipsius
3431 1305 3594 1358 quam

2017 1362 2273 1417 vitiorum
2329 1368 2432 1432 vis,
2466 1369 2533 1422 ab
2589 1370 2743 1424 initio
2800 1377 3067 1442 superatis
3128 1378 3436 1432 hominibus
3491 1381 3595 1435 illis

2018 1455 2249 1523 primum
2289 1460 2543 1525 conditis,
2575 1461 2768 1517 deinde
2818 1480 2910 1532 per
2944 1468 3291 1523 intermedios
3318 1473 3381 1524 ad
3412 1482 3594 1527 extre—

2018 1561 2134 1601 mos
2186 1550 2562 1606 descendendo
2620 1569 2928 1626 progressa,
2979 1559 3193 1613 facilius
3237 1563 3319 1617 his
3373 1564 3598 1619 illudere

2020 1637 2191 1705 possit
2237 1653 2394 1706 quam
2435 1643 2670 1711 ipsorum
2708 1648 3025 1715 majoribus.
3060 1649 3302 1707 Humana
3361 1672 3595 1724 namque

1942 1777 1986 1836 Β
2017 1725 2145 1779 vitia
2172 1731 2403 1796 speciem
2437 1735 2726 1800 quamdam
2779 1738 3010 1792 hostium
3038 1743 3417 1809 przeseferuut,
3455 1764 3594 1815 quo-

2019 1830 2135 1870 rum
2174 1819 2239 1872 de
2269 1820 2594 1877 adversariis
2627 1826 2852 1880 victoria
2906 1844 3012 1884 non
3044 1833 3146 1885 nisi
3201 1837 3453 1891 maximis
3500 1855 3595 1905 pe—

2018 1907 2202 1963 riculis
2230 1922 2463 1968 constat.
2498 1912 2695 1969 Verum
2727 1919 2771 1971 si
2805 1921 2970 1975 semel
3006 1927 3292 1981 usureniat
3326 1939 3385 1983 ut
3431 1945 3592 1997 supe-

2015 1999 2189 2054 riores
2236 2003 2473 2061 inimicis
2532 2008 2790 2073 evadant,
2834 2027 2940 2065 non
2976 2013 3082 2082 jam
3115 2018 3328 2074 dillieile
3378 2022 3594 2077 videtur

2015 2093 2248 2159 amplius
2273 2095 2491 2150 eosdem
2537 2108 2589 2152 et
2634 2102 2910 2167 territare,
2943 2114 2995 2158 et
3021 2116 3287 2171 avertere,
3317 2117 3371 2164 et
3397 2128 3592 2182 cogere

2015 2196 2164 2252 terga
2219 2187 2369 2251 dare,
2422 2199 2587 2259 atque
2646 2192 2787 2248 hanc
2844 2195 3185 2253 formidinem
3238 2203 3304 2254 ad
3344 2215 3593 2272 posteros

2011 2276 2174 2329 etiam
2210 2294 2329 2332 cum
2362 2283 2680 2339 accessione
2707 2289 2940 2355 quadam
2976 2293 3368 2348 transmittere.
3399 2296 3594 2361 Qaam-

2013 2368 2202 2423 obrem
2247 2372 2327 2427 vis
2364 2374 2506 2429 illius
2543 2377 2802 2432 adversus
2844 2396 2940 2434 nos
2990 2382 3160 2450 major
3191 2394 3275 2439 est
3304 2397 3358 2441 et
3411 2388 3592 2443 effica-

2013 2462 2151 2528 cior,
2200 2479 2363 2532 quam
2410 2468 2672 2525 adversus
2711 2482 2924 2527 nostros
2974 2491 3227 2544 proavos,
3286 2490 3339 2533 et
3375 2483 3590 2536 illorum

2015 2552 2200 2606 itidem
2232 2556 2494 2625 majores,
2527 2564 2699 2617 donec
2738 2565 2802 2616 ad
2829 2565 2977 2632 ipsos
3003 2571 3221 2637 generis
3251 2573 3459 2639 primos
3489 2591 3588 2628 au-

2013 2653 2196 2699 ctores
2268 2650 2615 2708 ascendendo
2676 2659 2984 2723 pervenias.
3055 2661 3343 2716 Enimvero
3396 2677 3591 2731 praeter

2012 2751 2073 2789 ea
2106 2753 2227 2805 quae
2254 2739 2395 2795 dieta
2423 2753 2569 2809 sunt,
2617 2746 2855 2802 medicos
2890 2748 2999 2814 illa,
3059 2752 3304 2822 voluptas
3366 2757 3590 2826 inquam

2011 2826 2213 2895 (adhuc
2261 2833 2401 2885 enim
2457 2834 2677 2904 imagini
2716 2849 2912 2894 nostra:
2944 2842 3267 2913 ,inhtereo),
3325 2850 3590 2905 imitatur.

2011 2919 2241 2988 Operam
2275 2925 2571 2980 valetudini
2617 2930 2847 2985 dandam
2888 2945 3090 3001 mouet,
3137 2948 3193 2991 ut
3247 2944 3463 3009 corpori
3497 2960 3589 2999 oc-

2011 3016 2290 3068 caslonem
2330 3016 2644 3075 laseiviendi
2684 3025 2922 3092 prmbeat
2966 3028 3242 3099 animique
3285 3038 3594 3092 contentio-

334 3120 568 3189 σοὸηθῇ,
599 3116 701 3170 κᾶν
738 3114 1122 3187 ἀποκρουσθῇ,
1149 3113 1254 3166 κᾶν
1288 3112 1485 3184 ῥάϐδον
1513 3110 1734 3180 δέξηται
1762 3111 1904 3163 κατὰ

2018 3122 2141 3160 nem
2170 3108 2397 3164 relaxet.
2430 3110 2693 3177 Quamvis
2737 3117 3012 3188 abigatur,
3043 3124 3309 3192 'quamvis
3342 3132 3561 3197 'repella
3584 3162 3597 3172 -

333 3210 605 3280 κορυφῆς,
638 3210 729 3261 καὶ
759 3210 941 3273 ταυτὶ,
982 3208 1077 3259 καὶ
1126 3206 1196 3259 τά
1231 3204 1458 3258 τοιαῦτα
1514 3205 1678 3274 λῆρος
1722 3205 1899 3273 αὐτῇ·

332 3304 434 3356 κᾶν
458 3302 763 3372 διαπτύσῃς
804 3300 1002 3370 αὐτὴν,
1036 3301 1131 3352 καὶ
1168 3299 1328 3351 τοῦτο
1368 3297 1651 3366 μυριάκις,
1686 3298 1905 3364 συχνοῖς

329 3412 442 3447 τισι
488 3396 715 3456 πάττεις
748 3393 944 3461 ῥόδοις.
974 3393 1149 3455 ’Ὀλως
1180 3393 1371 3456 ὁσάκις
1404 3392 1661 3463 ὑϐρισθῇ,
1705 3409 1904 3445 τοσαυ-

328 3488 487 3549 τάκις
547 3486 685 3539 αὐτὴ
733 3485 1087 3555 προσϐάλλει.
1142 3487 1519 3553 Φιλοτιμεῖται
1572 3486 1674 3554 τὴν
1736 3485 1904 3554 ὕδραν

332 3578 696 3646 παρενεγκεῖν
718 3593 731 3607 ’
765 3576 860 3627 καί.
890 3574 1050 3628 τοῦτό
1080 3593 1144 3643 γε
1186 3576 1309 3645 μεθ’
1349 3579 1482 3645 ὅσης
1536 3576 1851 3646 ὑπερϐολῆς
1887 3594 1902 3642 ;

341 3670 439 3719 Ἂν
466 3668 650 3737 τμηθῇ
691 3668 792 3737 τὴν
843 3669 1109 3738 κεφαλὴν,
1145 3668 1525 3738 πολυκέφαλος
1552 3670 1714 3732 εὐθὺς
1774 3672 1907 3723 ἀνα-

334 3758 610 3823 φαίνεται.
643 3759 762 3812 Κᾶν
791 3760 1005 3831 ἡττηθῇ
1041 3762 1412 3830 κατακράτος,
1447 3763 1542 3815 καὶ
1566 3762 1831 3831 τρόπαιόν
1852 3779 1904 3813 τι

333 3849 392 3913 ἐξ
427 3849 599 3916 αὐτῆς
624 3850 812 3921 ἐγείρῃ
856 3851 1002 3919 μάλα
1053 3851 1309 3921 λαμπρὸν
1366 3851 1628 3922 (εἰρήσθω
1658 3852 1766 3921 γάρ
1816 3868 1906 3919 μοι

330 3939 614 3993 καὶτοῦτο
644 3941 705 3992 τὸ
752 3940 1142 4011 ὑπερϐάλλον),
1183 3942 1368 4010 ἐκείνη
1399 3943 1456 3994 δέ
1490 3942 1549 3992 τὸ
1580 3942 1705 3993 καθ’
1735 3942 1907 4011 αὐτὴν

329 4033 700 4102 χαλεπωτέρα
733 4033 993 4102 πειρᾶται
1016 4032 1324 4100 φαίνεσθαι.
1352 4032 1474 4085 Κᾶν
1504 4033 1714 4101 ἀλήτης
1748 4033 1908 4101 γένη-

328 4141 418 4175 ται
453 4125 547 4175 καί.
576 4124 777 4191 φυγὰς,
805 4123 906 4176 κᾶν
927 4127 1067 4193 πρὸς
1099 4124 1370 4201 ἀνύδρους
1403 4124 1646 4193 πορευθῇ
1678 4126 1902 4187 τόπους,

329 4215 492 4268 πάλιν
516 4214 878 4284 ἐπανέρχεται
911 4216 1115 4282 ἑαυτῆς
1156 4215 1601 4279 πολλαπλασίων,
1634 4215 1775 4268 κατά
1806 4214 1906 4283 τὴν

328 4307 513 4359 εἰκόνα
543 4309 767 4375 ἐκείνην
798 4305 892 4359 τοῦ
946 4308 1267 4373 ἀκαθάρτου
1306 4307 1640 4375 πνεύματος.
1692 4306 1905 4360 Οὔκουν

331 4417 394 4465 γε
416 4399 769 4469 διαλιμπόινει
797 4402 957 4451 ταυτὶ
994 4401 1247 4466 ποιοῦσα,
1279 4402 1369 4453 καὶ
1396 4401 1477 4454 ἐτι
1497 4401 1688 4471 χείρω.
1712 4400 1902 4464 Οὕτως

329 4488 559 4549 ἀναιδὲς,
592 4492 686 4543 καὶ
719 4490 1100 4560 ἀναίσχυντον,
1130 4493 1226 4544 καὶ
1274 4493 1530 4561 μανικὸν,
1566 4495 1659 4548 καὶ
1692 4495 1901 4563 κακόη-

329 4579 438 4642 θες.
482 4581 668 4633 Πάντα
723 4581 953 4649 πράττει
986 4584 1082 4634 σὺν
1115 4583 1427 4652 ἰταμότητι.
1466 4584 1644 4647 Κυνὸς
1692 4574 1899 4654 ὀμματ’

330 4668 465 4736 ἔχει,
514 4670 743 4738 κραδίην
774 4671 818 4721 δ’
849 4671 948 4723 οὐκ
976 4672 1224 4739 ἐλάφοιο,
1267 4674 1383 4727 ἀλλ’
1409 4669 1491 4738 οἷς
1526 4676 1697 4739 πολὺς
1726 4680 1753 4729 ό
1811 4678 1905 4730 aed-

328 4776 420 4818 τος
456 4759 536 4809 ἐνὶ
596 4758 856 4829 στήθεσσι
888 4761 1061 4814 πέλει.
1096 4764 1239 4832 Πρὸς
1297 4765 1355 4816 ἐν
1401 4784 1454 4818 τι
1492 4765 1705 4835 βλέπει,
1762 4768 1901 4838 πρὸς

330 4845 390 4896 ἐν
422 4847 541 4915 ὁρᾷ,
594 4845 654 4898 τὸ
705 4848 1112 4901 καταπαλαῖσαι
1166 4850 1291 4912 τοὺς
1352 4854 1584 4923 ταυτησί
1635 4856 1905 4923 φανέντας

330 4937 614 5005 ἀμείνους.
651 4936 959 4990 Φιλονεικεῖ
987 4940 1085 5008 τὴν
1109 4933 1283 5009 ἧτταν
1315 4943 1785 5010 ἀνακαλέσασθαι,
1808 4946 1903 5000 καὶ

329 5028 514 5098 πολλῷ
544 5028 621 5098 τῷ
650 5030 895 5098 περιόντι
928 5032 1187 5099 γενέσθαι
1243 5032 1515 5102 κρείττων
1555 5036 1805 5100 ἐκείνων,
1855 5037 1912 5089 οἵ

325 5136 389 5184 γε
443 5120 737 5187 κρείσσους
799 5123 1004 5190 ταύτης
1067 5124 1341 5190 ἐγένοντο.
1399 5125 1619 5179 Τούτων
1669 5127 1903 5197 δεύτερα

324 5213 503 5265 πάντα
534 5212 739 5280 τίθησι,
774 5214 870 5265 καὶ
899 5216 943 5266 εί
964 5213 1332 5284 κατορθώσειε
1363 5216 1544 5287 μόνον,
1580 5220 1734 5271 οὐδὲν
1770 5221 1903 5271 ὑπο-

323 5304 601 5373 λογίζεται
638 5305 746 5358 τῶν
785 5304 1001 5370 δεινῶν,
1029 5307 1091 5359 ού
1124 5306 1234 5358 τῶν
1264 5309 1536 5378 φοϐερῶν,
1570 5310 1630 5362 ού
1674 5310 1784 5362 τῶν
1811 5313 1902 5364 λυ-

324 5395 544 5467 πηρῶν,
572 5396 633 5447 ού
658 5395 765 5448 τῶν
798 5396 1097 5465 αἰσχίστων
1148 5399 1368 5453 πάντων
1400 5400 1561 5470 ὁμοῦ.
1600 5404 1793 5455 Καίτοι
1844 5405 1898 5455 τί

321 5487 468 5556 λέγω
505 5486 809 5557 αἰσχίστων
839 5505 852 5553 ;
890 5488 1029 5540 ὅπου
1059 5506 1121 5557 γε
1172 5490 1268 5543 καὶ
1310 5489 1521 5553 τούτοις
1555 5491 1897 5556 ἐγκαλλωπί-

322 5580 497 5646 ζεται,
534 5582 629 5632 καὶ
659 5579 863 5649 μᾶλλον
898 5580 1081 5650 χαίρει
1110 5581 1176 5633 δι’
1203 5583 1383 5636 αὐτῶν
1418 5584 1449 5653 ἢ
1507 5584 1714 5637 τούτων
1762 5587 1894 5639 ἄνευ

323 5674 617 5743 κρατῆσαι.
654 5672 841 5737 ’Ἄξιον
865 5674 922 5726 δὲ
965 5676 1186 5728 κάκεῖνο
1241 5675 1537 5745 λεχθῆναι·
1587 5678 1896 5746 τηνικαῦτα

324 5763 499 5833 λύπην
554 5766 792 5836 ἐντίθησι
848 5769 969 5829 ταῖς
1026 5766 1249 5838 ψυχαῖς,
1309 5771 1546 5838 ὁπηνίκα
1615 5788 1677 5842 γε
1729 5772 1898 5843 ἐχρῆν

649 5864 923 5923 Parnm.
971 5863 1015 5923 G
1031 5883 1089 5923 [ι.
1139 5861 1332 5927 CLVI.

1938 4451 1981 4506 D

2015 3211 2121 3261 tur.
2155 3204 2405 3271 quamvis
2462 3206 2513 3258 in
2544 3217 2709 3276 caput
2737 3208 2900 3266 fustis
2932 3213 3287 3285 impingatur,
3328 3229 3513 3277 tamen
3539 3232 3595 3278 et

2015 3294 2129 3347 hmc
2171 3304 2225 3349 et
2288 3296 2388 3349 alia
2420 3299 2553 3352 talia
2611 3300 2765 3355 nihili
2801 3302 2950 3359 facit.
2990 3305 3248 3373 Quamvis
3296 3327 3412 3366 eam
3461 3331 3594 3370 con-

2013 3402 2199 3455 spuas,
2253 3399 2308 3443 et
2355 3390 2553 3445 millies
2602 3395 2845 3462 quidem,
2898 3399 3031 3453 nihil
3078 3400 3196 3471 agis
3240 3404 3385 3460 aliud
3429 3420 3589 3476 quam

2012 3478 2157 3545 quod
2194 3495 2347 3535 rosas
2383 3483 2433 3536 in
2460 3498 2578 3537 eam
2614 3487 2840 3543 crebras
2870 3493 3101 3562 spargis.
3138 3493 3363 3559 Quoties
3389 3511 3588 3554 contn-

2014 3570 2211 3624 mehiis
2242 3572 2433 3628 alTecta
2478 3574 2663 3641 fuerit,
2720 3579 2882 3633 toties
2936 3582 3194 3649 impetum
3242 3586 3294 3638 in
3347 3602 3443 3641 nos
3479 3591 3592 3658 ipsa

2011 3657 2163 3714 facit.
2213 3662 2444 3734 llydram
2509 3669 2680 3737 ipsam
2730 3671 2953 3728 vincere
3000 3676 3212 3741 nititur,
3272 3687 3327 3731 at
3382 3657 3589 3748 quanta

2011 3764 2195 3817 quaeso
2220 3767 2340 3805 cum
2371 3762 2804 3835 exsuperantia?
2835 3760 2888 3815 Si
2927 3775 3092 3831 caput
3130 3767 3176 3819 ei
3238 3770 3587 3835 pra:cidatnr,

2014 3838 2303 3893 confestim
2363 3830 2654 3914 municeps
2715 3852 3071 3919 conspicitur.
3134 3854 3189 3908 Si
3246 3858 3483 3914 maxima
3540 3863 3590 3915 vi

2012 3944 2264 3998 superata
2289 3933 2470 4001 fuerit,
2506 3953 2568 3993 ac
2614 3948 2877 4010 tropaeum
2920 3945 2988 3999 de
3043 3962 3105 4002 ea
3143 3950 3297 4004 valde
3345 3954 3611 4022 splendi-'

2013 4023 2138 4077 dum
2175 4034 2448 4081 statuatur
2495 4028 2678 4095 (liceat
2733 4033 2877 4087 enim
2922 4035 3025 4091 hoc
3058 4055 3277 4107 quoque
3326 4045 3457 4098 mihi
3498 4062 3591 4115 per

2013 4116 2434 4183 superlationem
2466 4120 2643 4191 ell‘ari)
2674 4162 2688 4187 ,
2738 4132 2923 4181 tamen
2965 4135 3108 4198 quod
3146 4133 3317 4200 ipsam
3373 4139 3585 4203 attinet,

2014 4206 2353 4265 infestiorem
2377 4226 2436 4265 se
2467 4213 2745 4270 declarare
2778 4230 3030 4274 conatur.
3071 4224 3223 4279 Licet
3270 4231 3587 4299 vagalmnda

2012 4299 2105 4352 fiat
2167 4310 2220 4355 et
2280 4301 2526 4372 fugitiva,
2583 4305 2708 4360 licet
2763 4311 2829 4363 ad
2895 4313 3154 4381 inaquosa
3194 4317 3314 4371 loca
3377 4332 3587 4387 pergat,

2014 4399 2192 4445 tamen
2229 4393 2301 4446 ita
2329 4396 2645 4463 revertitur,
2681 4407 2738 4454 ιιι
2766 4415 2825 4455 se
2869 4402 3042 4472 ipsam
3098 4423 3327 4461 numero
3376 4412 3582 4474 vincat,

2013 4484 2319 4539 secundum
2358 4486 2503 4542 illam
2539 4490 2803 4546 immundi
2827 4496 3053 4563 spiritus
3079 4499 3586 4572 itnagiuem.Neque

2012 4583 2194 4630 tamen
2242 4587 2297 4631 et
2342 4578 2458 4633 haec
2490 4590 2545 4634 et
2591 4581 2865 4640 deteriora
2899 4604 3119 4659 quoque
3152 4590 3332 4647 facere
3363 4596 3583 4661 desinit,

2011 4669 2148 4723 adeo
2194 4671 2449 4738 quiddam
2484 4675 2907 4733 inverecundum
2942 4692 2996 4735 et
3034 4684 3341 4751 impudens.
3396 4696 3451 4741 et
3506 4688 3588 4743 fu-

2010 4760 2237 4823 riosum,
2272 4771 2327 4814 et
2363 4764 2657 4833 malignum
2692 4780 2794 4823 est.
2830 4767 3130 4826 Insolenter
3187 4775 3369 4828 omnia
3428 4775 3583 4831 facit.

2009 4849 2249 4906 Caninos
2298 4853 2517 4921 quidem
2570 4860 2760 4912 oculos
2794 4860 2977 4926 habet,
3011 4873 3064 4917 at
3099 4878 3194 4938 cor
3251 4866 3357 4921 no'n
3405 4870 3589 4924 cervi-
3637 4894 3677 4923 ,μγ

2011 4960 2159 5006 num.
2193 4946 2287 5000 sed
2314 4961 2502 5003 eorum
2525 4952 2722 5019 quibus
2752 4952 2843 5008 irae
2875 4956 2955 5009 vis
2993 4956 3182 5027 ingens
3208 4971 3289 5014 est
3314 4962 3365 5015 in
3398 4975 3587 5030 pecto-

2009 5048 2091 5089 re.
2128 5033 2306 5089 Unum
2352 5038 2455 5094 hoc
2488 5040 2756 5107 intuetur,
2794 5060 2957 5099 unum
3010 5046 3109 5103 hoc
3163 5051 3405 5119 respicit,
3440 5063 3498 5107 ut
3530 5070 3591 5109 se

2010 5128 2264 5183 fortiores
2293 5145 2358 5184 ac
2397 5126 2709 5202 superiores
2738 5148 3074 5203 prosternat.
3129 5139 3392 5197 Damnum
3425 5161 3586 5201 acce-

1978 5226 2159 5288 ,ptum
2221 5222 2595 5294 redintegrare
2630 5229 2929 5295 contendit,
2970 5241 3024 5285 et
3059 5232 3164 5288 illis
3222 5234 3377 5305 longe
3429 5251 3593 5305 supe-

2013 5312 2125 5364 rior
2151 5314 2383 5369 evadere
2417 5318 2506 5386 qui
2534 5318 2684 5385 prius
2709 5335 2828 5375 eam
2872 5323 3213 5380 devicerunt.
3250 5326 3345 5381 His
3404 5331 3587 5381 omnia

2011 5408 2305 5490 postponit,
2340 5424 2461 5479 quas
2488 5410 2532 5465 si
2566 5411 2833 5468 duntaxat
2891 5416 3121 5473 feliciter
3155 5421 3419 5482 obtineat,
3453 5421 3588 5476 nihil

2007 5500 2232 5555 omnino
2270 5503 2446 5558 dirum
2519 5517 2754 5576 reputat,
2813 5510 2947 5565 nihil
3028 5514 3393 5578 formidabile,
3443 5515 3581 5568 nihil

2009 5592 2185 5653 triste,
2216 5596 2351 5650 nihil
2383 5598 2461 5653 vel
2501 5599 2869 5655 fmdissimum
2930 5615 3170 5658 veretur.
3207 5604 3265 5655 Et
3322 5604 3449 5671 quid
3485 5621 3586 5674 ego

2006 5681 2073 5736 de
2110 5681 2425 5745 foedissimis
2458 5691 2652 5761 loquor
2678 5692 2700 5745 ?
2726 5695 2942 5762 quando
2985 5696 3036 5747 in
3074 5694 3154 5747 eis
3188 5698 3300 5761 ipsa
3334 5694 3435 5746 sibi
3467 5696 3589 5762 pla-

1958 5818 1973 5829 .
2008 5783 2113 5841 cel,
2169 5780 2453 5853 magisque
2511 5797 2607 5852 per
2660 5798 2722 5839 ca
2807 5799 2966 5852 quam
3024 5782 3225 5851 absque
3281 5785 3362 5839 eis
3426 5788 3590 5856 potiri

3196 5876 3267 5936 15
