4098 6272
364 273 452 292 "
553 301 663 365 459

1745 295 2145 358 MANUELIS
2181 295 2632 356 PALIEOLOGI

3697 291 3812 355 460

553 415 782 472 victoria
846 415 1060 486 gaudet.
1121 412 1254 468 Illud
1321 413 1486 468 etiam
1568 410 1810 467 mere’tur
1867 412 2126 490 indicari.

2265 409 2717 479 στεφανωμένους
2771 407 2920 477 ἡμᾶς
2971 405 3238 476 χορεύειν.
3285 405 3650 476 Ἠττηθείσης
3693 413 3811 475 γὰρ

553 509 710 564 Tunc
740 509 935 562 animis
991 506 1229 559 dolerem
1290 503 1451 569 indit,
1502 518 1629 558 cum
1691 519 1788 560 nos
1834 514 2129 560 coronatos

556 602 856 672 tripudiare
885 615 983 669 par
1043 611 1182 651 erat.
1215 597 1350 652 Cum
1393 599 1535 652 enim
1596 599 1708 667 ipsa
1771 606 2024 668 superata
2078 606 2132 650 ct

552 708 718 748 orare
746 707 844 746 nos
875 706 1087 760 :cquum
1114 691 1202 755 sit,
1239 699 1436 745 etcum
1470 689 1655 745 laetitia
1685 689 1976 760 exsultare,
2031 704 2133 743 nos

555 805 583 843 e
609 787 823 841 diverso
849 784 1035 837 tristes
1064 798 1275 848 sumus;
1309 782 1554 850 adeoque
1585 798 1780 837 novum
1810 791 1863 836 et
1892 780 2134 836 insolens

555 877 811 946 quiddam
832 874 1000 928 'nobis
1039 875 1310 939 usuvenit,
1373 876 1462 943 qui
1507 889 1797 929 maerorem
1861 889 1962 928 ceu
2017 872 2133 927 fru-

554 981 699 1024 ctum
750 968 1039 1037 quemdam
1087 967 1326 1022 victoriaa
1381 977 1745 1035 reportemus.
1807 964 1901 1023 Vel
1956 967 2134 1037 potius

556 1062 682 1116 novi
720 1060 856 1113 nihil
909 1060 1065 1114 nobis
1131 1059 1353 1112 accidit.
1412 1057 1805 1129 Corrigendum
1858 1067 1944 1114 est
1989 1057 2135 1113 enim

558 1156 704 1223 quod
754 1153 1013 1206 diximus.
1073 1151 1284 1218 Quippe
1344 1165 1450 1203 non
1520 1159 1811 1220 propterea
1890 1150 2137 1206 dolemus

559 1235 704 1313 quod
746 1242 975 1296 victoria
1023 1241 1178 1309 potiti
1210 1241 1384 1295 simus
1419 1242 1565 1312 (nam
1623 1241 1725 1296 hoc
1768 1241 1928 1296 modo
1979 1242 2138 1296 nobis

559 1337 717 1406 plane
751 1344 1119 1389 monstrosum
1170 1334 1422 1403 quiddam
1477 1332 1877 1405 contingeret),
1913 1333 2008 1389 sed
2050 1333 2137 1386 fu-

562 1443 740 1483 rorem
785 1429 950 1498 hujus
982 1437 1174 1482 contra
1229 1441 1349 1488 nos,
1387 1437 1440 1481 et
1474 1441 1714 1482 atrocem
1767 1426 1926 1490 iram,
1966 1435 2022 1480 et
2056 1426 2140 1479 itt-

562 1520 982 1590 comparabilcm
1015 1518 1342 1574 simultatem
1379 1519 1674 1582 intuentes,
1733 1518 1986 1587 quodque
2025 1516 2140 1572 fieri

564 1614 632 1667 de
669 1628 727 1667 se
767 1612 1004 1679 quidvis,
1047 1609 1261 1678 quidvis
1297 1609 1455 1664 facile
1487 1611 1593 1679 pati
1637 1608 1819 1673 vellet,
1874 1610 2000 1664 dum
2044 1626 2141 1666 no-

563 1713 738 1754 strum
774 1709 982 1770 spectat
1004 1699 1306 1762 interitum,
1339 1713 1444 1751 nou
1479 1708 1586 1752 tam
1621 1698 1728 1753 ἱλειὶ
1764 1715 1954 1754 sumus
1976 1715 2139 1768 quam

561 1795 683 1860 jure
744 1791 1028 1861 ringimur.
1073 1788 1288 1843 Scimus
1342 1789 1509 1855 enim,
1547 1789 1748 1844 scimus
1807 1804 1927 1844 eam
1981 1789 2140 1844 linem

565 1899 763 1954 pugna!
819 1891 1009 1937 contra
1071 1897 1172 1936 nos
1245 1881 1470 1936 minime
1529 1880 1814 1936 facturam.
1872 1880 2140 1936 Nimirum

566 1991 782 2041 semper
818 1976 907 2031 illa
942 1975 1088 2030 bello
1119 1989 1218 2030 nos
1241 1983 1405 2044 petet,
1447 1984 1499 2030 et
1533 1985 1720 2045 aperte
1759 1984 1920 2044 atque
1957 1976 2136 2032 acrius

567 2083 788 2122 manum
822 2068 963 2122 victa
1007 2075 1279 2122 censeret.
1321 2065 1510 2135 Itaque
1553 2081 1662 2135 pra‘.
1699 2066 1989 2121 formidine
2050 2081 2142 2120 su-

565 2171 874 2228 spectarum
920 2175 1123 2220 rerum,
1175 2174 1312 2227 quas
1365 2159 1522 2214 mbis
1559 2160 1706 2213 illam
1745 2169 2007 2228 perpetuo
2037 2159 2147 2214 sci-

2238 502 2431 571 αὐτῆς,
2466 501 2706 564 παιᾶνας
2738 499 2889 570 ᾄδειν
2913 499 3213 570 προσῆκον,
3249 500 3346 552 καὶ
3399 499 3636 568 σκιρτᾷν
3666 499 3810 566 μετά

2236 591 2614 662 φαιδρότητος.
2660 591 2854 659 Ἡμεῖς
2887 589 2943 642 δὲ
2965 589 3102 650 τέως
3159 588 3499 656 λυπούμεθα,
3555 590 3652 642 καὶ
3682 589 3812 642 ’ἀτο-

2237 687 2337 738 πόν
2373 702 2424 737 τι
2454 685 2740 754 πάσχομεν
2770 681 2963 744 πάθος,
2997 681 3178 750 λύπην
3212 681 3321 734 ἀπὸ
3370 681 3529 751 νίκης
3559 680 3810 751 καρπού-

2242 795 2414 848 μενοι.
2445 777 2669 830 Μᾶλλον
2706 776 2764 828 δὲ
2791 775 2891 828 οὐκ
2938 775 3140 830 ἄτοπον
3190 774 3492 843 πάσχομεν.
3547 776 3641 826 Δεῖ
3696 773 3810 843 γὰρ

2233 867 2640 938 διορθώσασθαι
2670 865 2730 919 τὸ
2777 866 2964 937 ῥηθέν.
2999 866 3073 918 Οὐ
3105 866 3214 936 γὰρ
3237 867 3325 918 διά
3357 865 3417 917 τὸ
3457 866 3680 933 νικῆσαι
3712 865 3810 918 λυ-

2241 957 2493 1027 πούμεθα
2518 953 2614 1028 ’(ἦν
2643 956 2751 1028 γὰρ
2787 956 2854 1011 ἂν
2882 956 3058 1028 ταύτῃ
3081 957 3141 1008 τὸ
3170 956 3342 1018 πάθος
3374 956 3694 1026 περιφανῶς
3716 957 3812 1009 ἀλ.

2239 1048 2506 1119 λόκοτον),
2564 1049 2685 1101 ἀλλ’
2749 1049 2832 1110 είς
2888 1047 2988 1116 τὴν
3042 1047 3246 1115 ταύτης
3303 1046 3506 1100 λύτταν
3539 1047 3638 1113 τὴν
3684 1045 3808 1099 καθ’

2241 1143 2420 1213 ἡμῶν,
2469 1142 2563 1196 καὶ
2618 1141 2709 1194 τὸν
2743 1141 3066 1194 ἀνείκαστον
3113 1139 3307 1211 θυμὸν,
3351 1140 3442 1193 καὶ
3473 1139 3572 1210 τὴν
3598 1139 3812 1208 ἅπαρά-

2245 1235 2433 1306 μιλλον
2486 1232 2602 1303 ἔριν
2653 1231 2910 1300 ὁρῶντες,
2956 1231 3049 1284 καὶ
3089 1230 3164 1292 ὡς
3201 1230 3399 1284 πάντα
3459 1230 3528 1283 ἂν
3577 1231 3809 1298 γένοιτο.

2243 1329 2338 1380 καὶ
2365 1327 2542 1380 πάντα
2581 1325 2747 1379 πάθοι
2786 1325 3010 1395 ῥᾳδίως,
3067 1323 3206 1392 πρὸς
3255 1323 3354 1389 τὴν
3399 1321 3680 1392 ἡμετέραν
3710 1337 3813 1374 κα·

2245 1422 2493 1492 θαίρεσιν
2529 1419 2819 1489 ἀφορῶσα,
2853 1420 2915 1473 οὐ
2947 1417 3149 1488 μᾶλλον
3180 1414 3615 1486 εὐφραινόμεθα,
3669 1415 3704 1483 ἧ
3731 1415 3812 1467 δι-

2246 1513 2416 1573 καίως
2441 1512 2806 1581 ἁσχάλλομεν.
2851 1509 3038 1580 ἰσμεν
3068 1509 3199 1579 γὰρ,
3225 1508 3384 1578 ἴσμεν
3421 1507 3592 1577 αὐτὴν
3640 1506 3811 1575 μηδα-ι

2252 1604 2365 1675 μῶς
2391 1621 2456 1673 γε
2491 1603 2762 1674 λήξουσαν
2794 1601 2974 1673 μάχης
3010 1601 3108 1671 τῆς
3145 1602 3282 1670 πρὸς
3335 1601 3505 1670 ἡμᾶς.
3548 1598 3666 1652 Ἀεὶ
3707 1599 3815 1668 γὰρ

2248 1697 2419 1768 δήπου
2446 1697 2539 1750 καὶ
2575 1695 2902 1766 πολεμήσει,
2935 1697 3033 1749 καὶ
3065 1692 3524 1765 συμπλακήσεται
3563 1689 3814 1758 φανερῶς

2255 1791 2396 1862 μετὰ
2421 1789 2520 1861 τὴν
2549 1784 2721 1861 ἧτταν
2773 1789 3102 1858 δεινότερον.
3157 1787 3458 1858 Ἀλγοῦμεν
3512 1785 3692 1840 τοίνυν
3740 1786 3815 1855 τῷ

2249 1882 2358 1936 δέει
2381 1881 2491 1935 τῶν
2523 1881 2891 1953 ὑφορωμένων
2940 1880 3306 1950 πραγμάτων,
3341 1879 3375 1932 ἃ
3403 1878 3466 1949 δὴ
3495 1878 3700 1948 ταύτην
3728 1879 3816 1945 εγ-

2249 1992 2428 2044 νωμεν
2460 1973 2844 2044 παρεξομένην
2877 1973 3162 2044 διηνεκῶς,
3195 1972 3228 2042 ἢ
3273 1973 3541 2042 χαίρομεν
3570 1972 3650 2040 τῷ
3682 1988 3820 2024 νενιο

2248 2069 2502 2136 πηκέναι.
2539 2067 2751 2129 Πάντες
2785 2067 2895 2136 γὰρ
2938 2068 3051 2128 τοῖς
3082 2065 3323 2132 φθάσασι
3384 2064 3445 2117 τὸ
3505 2063 3697 2132 μέλλον
3754 2078 3815 2127 γε

2255 2160 2483 2222 δικαίως
2512 2159 2933 2230 τεκμαίρονται.

565 2269 688 2307 unus
731 2251 1122 2316 exhibituram,
1160 2251 1214 2304 in
1243 2251 1430 2305 dolore
1451 2250 1644 2318 majori
1694 2265 1979 2306 versamur
2006 2266 2170 2321 quam
2211 2251 2394 2306 lzetitia
2428 2252 2499 2307 sit
2533 2267 2600 2306 ex
2650 2251 2877 2307 victoria
2918 2259 3095 2322 parta.
3149 2247 3283 2304 Nam
3321 2263 3477 2305 nemo
3528 2263 3641 2307 non
3704 2249 3808 2321 iure

583 2349 649 2401 de
682 2348 748 2402 iis
785 2361 903 2416 quae
933 2345 1082 2414 prius
1147 2360 1377 2401 evenere
1415 2349 1556 2415 quod
1593 2345 1830 2401 futurum
1881 2355 1965 2404 est
1999 2348 2241 2417 conjicit.

641 2440 916 2495 llactenus
956 2440 1018 2493 de
1048 2438 1323 2510 voluptate
1355 2441 1560 2495 dictum
1616 2450 1756 2509 esto,
1805 2442 2148 2514 quandoqui-

567 2536 689 2585 dem
726 2533 952 2586 ultcrius
987 2531 1238 2599 progredi
1272 2538 1377 2585 non
1410 2543 1645 2602 oportet.
1674 2533 1817 2589 Nam
1853 2536 1984 2590 mihi
2021 2536 2143 2606 qui-

566 2631 690 2678 dem
750 2626 983 2689 videtur,
1037 2639 1134 2678 uec
1171 2640 1294 2678 cum
1353 2627 1442 2692 qui
1481 2624 1546 2680 de
1588 2625 1689 2681 hac
1749 2626 1909 2681 verba
1965 2627 2146 2690 faciat,

569 2714 729 2769 facile
757 2713 860 2768 huc
901 2716 1113 2784 assequi
1149 2730 1332 2784 posse,
1360 2725 1416 2770 ut
1453 2727 1710 2772 accurate
1741 2731 1852 2771 rem
1878 2719 2144 2787 perficiar,

569 2825 670 2862 nec
708 2808 1077 2877 prolixitatem
1113 2811 1284 2863 vitare
1314 2811 1606 2875 volentem,
1651 2827 1772 2881 qua:
1806 2813 1872 2867 de
1904 2813 2008 2868 hac
2064 2813 2148 2868 di-

569 2901 736 2954 cenda
781 2899 1027 2963 veniunt,
1091 2900 1364 2969 explicare
1419 2901 1656 2958 dilucide
1693 2919 1876 2973 posse.
1939 2903 2148 2959 Saltem

573 2995 678 3046 hoc
731 3005 896 3044 unum
961 2992 1176 3045 caeteris
1231 2992 1596 3061 adjiciendum
1649 3004 1752 3049 est.
1817 2993 2150 3050 Multiforme

571 3083 842 3151 quoddam
915 3083 974 3136 lit
1031 3093 1358 3150 monstrum,
1405 3085 1571 3141 variis
1626 3086 1864 3143 vultibus
1921 3088 2148 3142 nimium

572 3183 835 3242 quantum
863 3172 1059 3228 fallens
1094 3189 1156 3228 ac
1193 3189 1394 3229 nocens
1425 3193 1437 3228 :
1471 3185 1632 3245 atque
1661 3177 1736 3230 uti
1771 3178 1981 3232 minora
2015 3193 2150 3246 prae-

2330 2443 2476 2508 Ἔως
2501 2435 2611 2497 ὦδε
2638 2441 2707 2496 τά
2742 2443 2871 2513 περὶ
2897 2441 2996 2514 τῆς
3026 2442 3224 2514 ἡδονῆς
3256 2443 3432 2510 ἔσται,
3469 2443 3598 2496 ἐπεὶ
3643 2441 3718 2514 μὴ
3745 2440 3814 2494 δεῖ

2257 2534 2590 2605 περαιτέρω.
2613 2535 2752 2589 Οῠτε
2783 2535 2892 2605 γὰρ
2923 2536 2978 2598 ἐς
3030 2535 3293 2605 τάκριϐὲς
3324 2534 3505 2587 ἐλθεῖν
3559 2553 3650 2601 μοι
3679 2535 3817 2589 δοκεῖ

2256 2628 2442 2699 ῥᾴδιον
2473 2624 2616 2681 εἶναι
2647 2628 2738 2681 τὸν
2765 2627 2896 2698 περὶ
2926 2626 3134 2699 ταύτης
3166 2626 3418 2695 λέγοντα,
3461 2623 3588 2679 οὔτε
3631 2627 3692 2680 τὸ
3726 2629 3819 2698 μῆ-

2253 2728 2349 2783 κος
2381 2719 2609 2773 θέλοντα
2636 2719 2886 2787 φεύγειν,
2911 2719 2981 2773 τὰ
3009 2721 3128 2773 κατ’
3158 2718 3331 2789 αὐτὴν
3358 2719 3623 2786 καθαρῶς
3653 2721 3819 2772 εἰπεῖν

2255 2812 2580 2882 δυνηθῆναι.
2613 2811 2762 2884 Πλὴν
2795 2813 2972 2865 ἐκεῖνό
3031 2829 3093 2879 γε
3128 2812 3289 2882 μόνον
3340 2811 3695 2866 ἐπιλεκτέονο
3728 2830 3818 2866 πο-

2257 2905 2538 2976 λύμορφόν
2587 2923 2640 2958 τι
2693 2904 2941 2973 γίγνεται
2985 2905 3179 2975 τέρας,
3226 2903 3600 2967 παντοδαπαῖς
3663 2904 3822 2968 ἰδέαις

2259 2996 2612 3066 παράγουσα,
2665 2995 2759 3050 καὶ
2815 2994 3198 3065 λυμαινομένη
3247 2996 3415 3050 πόσον
3465 2995 3682 3062 δοκεῖς;
3722 2999 3822 3051 Καὶ

2260 3090 2350 3142 ἴνα
2376 3088 2446 3142 τὰ
2475 3087 2693 3142 ἐλάσσω
2727 3087 2911 3158 παρῶ,
2933 3088 3116 3158 εὕροις
3147 3087 3212 3142 ἂν
3243 3089 3343 3158 τὴν
3369 3090 3589 3158 ἡδονὴν,
3621 3091 3682 3142 τὸ
3707 3090 3820 3143 κατ’

2260 3178 2430 3248 αὐτὴν
2461 3177 2669 3233 ἀνωθεν
2716 3177 3000 3245 ἐξετάσας,
3030 3179 3310 3242 ἀπωλείας
3364 3181 3528 3233 ἕνεκα
3566 3182 3822 3234 παντοδα-

575 3276 893 3340 termiltam,
930 3273 1176 3326 invenias
1209 3271 1559 3340 voluptatem,
1594 3272 1641 3324 si
1683 3271 1750 3325 ab
1803 3271 2014 3346 origine
2057 3286 2151 3324 ua-

2259 3272 2366 3342 πὴν
2395 3274 2708 3339 γεγονυῖαν.
2742 3271 2895 3340 Αὕτη
2927 3271 3026 3335 τὰς
3073 3272 3306 3342 νιφάδας
3367 3273 3462 3326 τοῦ
3521 3273 3688 3342 πυρὸς
3727 3265 3818 3325 ὗσέ

577 3364 751 3423 turam
776 3367 893 3436 ejus
921 3362 1314 3432 exploraveris,
1339 3362 1598 3417 interitus
1630 3363 1958 3431 procurandi
1985 3376 2151 3417 causa

575 3463 726 3516 varie
767 3457 1239 3513 transformatam.
1279 3454 1404 3510 Haec
1440 3455 1639 3510 nimbis
1669 3453 1848 3525 igneis
1875 3455 2004 3510 olim
2054 3455 2154 3511 So-

533 3619 536 3622 ,
577 3553 794 3609 domitis
825 3552 994 3622 pluit;
1030 3551 1144 3604 haec
1180 3547 1389 3619 telluris
1422 3548 1647 3618 abyssos
1675 3550 1910 3617 aperuit,
1943 3551 2151 3616 ipsum-

577 3655 684 3715 que
711 3645 934 3707 cmlum,
975 3652 1033 3695 ut
1071 3643 1236 3695 etiam
1268 3649 1463 3694 natura
1500 3639 1731 3694 rationis
1759 3655 1956 3709 expers
1994 3642 2155 3694 inun-

577 3745 800 3792 daretur
819 3749 1086 3804 aquarum
1111 3733 1337 3797 diluvio,
1360 3731 1630 3801 quamvis,
1657 3740 1717 3786 ut
1737 3743 1926 3786 natura
1946 3740 2152 3798 nostra,

582 3840 669 3879 rea
697 3840 805 3877 non
841 3832 1010 3878 esset.
1050 3820 1306 3891 Expende
1341 3820 1496 3886 mihi,
1533 3835 1738 3890 quaeso,
1774 3820 1993 3878 Iudaeos
2029 3823 2153 3881 illos

578 3917 748 3986 qui'ilt
809 3915 1103 3969 solitudine
1162 3913 1425 3982 prostrati
1477 3915 1893 3981 occubuerunt;
1955 3917 2156 3986 ubique

582 4007 882 4061 facinorum
911 4005 1030 4073 ejus
1061 4005 1287 4072 vestigia
1323 4006 1510 4061 videre
1542 4006 1690 4069 licet,
1727 4023 1792 4061 ne
1845 4024 2033 4062 rursus
2069 4008 2154 4063 his

582 4099 930 4155 recensendis
958 4100 1328 4154 immorentur.
1355 4097 1467 4154 Hoc
1492 4110 1675 4154 autem
1702 4099 1753 4153 in
1777 4114 1837 4154 ea
1862 4103 2153 4168 pessimum

582 4191 747 4261 quod,
789 4205 911 4243 cum
947 4190 1060 4244 haec
1091 4199 1218 4244 nota
1247 4190 1406 4244 nobis
1435 4190 1565 4252 sint,
1599 4200 1776 4244 tamen
1825 4205 1944 4244 eam
1991 4192 2157 4246 relin-

583 4299 750 4351 quere
786 4297 891 4336 non
943 4281 1238 4352 possimus,
1278 4281 1406 4335 licet
1471 4282 1524 4336 id
1562 4281 1715 4336 valde
1753 4281 2022 4350 velimus;
2073 4285 2155 4338 vel

583 4394 614 4427 «ι
659 4375 980 4436 contrario,
1049 4388 1173 4428 cum
1237 4371 1469 4427 fortasse
1525 4374 1818 4441 possimus,
1877 4373 2154 4430 nolumus.

584 4469 926 4536 Quapropter
951 4477 1010 4517 ea
1040 4473 1234 4518 natura
1276 4462 1575 4532 voluptatis
1606 4473 1718 4527 est,
1757 4473 1815 4518 ut
1846 4465 1898 4519 in
1949 4473 2156 4520 utram-

584 4573 690 4626 que
720 4561 930 4625 partem
961 4555 1158 4606 malum
1189 4553 1332 4607 silet
1356 4552 1740 4607 detrimentum
1768 4553 2153 4618 certissimum,

586 4652 691 4704 illis
716 4651 959 4717 inquam,
994 4645 1085 4714 qui
1115 4661 1219 4700 non
1248 4643 1459 4713 praediti
1492 4653 1619 4699 sunt
1657 4645 1839 4698 animo
1895 4641 2050 4698 firmo
2098 4659 2162 4699 ac

585 4741 764 4795 stabili
801 4748 854 4795 et
883 4739 1158 4794 variarum
1191 4751 1372 4790 rerum
1430 4735 1792 4806 experientia,
1851 4743 1907 4790 et
1940 4734 2160 4791 institu-

588 4833 731 4884 tione
757 4830 1038 4899 prmelara,
1073 4838 1128 4882 et
1158 4837 1337 4882 mente
1391 4826 1538 4881 vitiis
1573 4825 1721 4879 haud
1771 4825 2071 4895 inquinata,
2109 4839 2164 4881 et

588 4920 770 4973 indole
808 4921 991 4988 gloriae
1022 4918 1239 4988 cupida,
1295 4926 1349 4971 et
1400 4917 1678 4972 voluntate
1716 4921 1951 4984 seipsam
2015 4916 2166 4972 exci-

589 5023 756 5073 tante,
799 5025 862 5063 ac
892 5024 1110 5079 semper
1165 5013 1231 5065 ad
1265 5009 1634 5080 pulcherrima
1665 5009 1872 5077 quaevis
1929 5017 1982 5063 et
2021 5010 2164 5075 opti-

589 5123 676 5160 ma
729 5104 974 5175 proclivi,
1010 5120 1237 5174 qumque
1272 5106 1409 5161 satis
1468 5107 1694 5161 omnino
1741 5086 1938 5159 virium
1969 5104 2163 5158 habeat

588 5202 653 5252 ad
693 5197 1093 5267 intelligendum
1127 5212 1462 5266 quaecunque
1517 5197 1754 5253 divinam
1803 5199 1867 5251 ad
1910 5197 2163 5249 virtutem

587 5309 686 5346 ceu
747 5291 1022 5359 principes
1077 5305 1259 5345 causa:
1321 5305 1421 5346 nos
1471 5291 1788 5358 deducunt;
1827 5304 1925 5345 nec
1986 5289 2166 5342 minus

586 5384 921 5454 cupiditatis,
951 5384 1016 5438 ad
1044 5383 1498 5451 perseverandum
1525 5384 1574 5436 in
1613 5382 1680 5437 iis
1711 5397 1832 5451 quia:
1866 5381 2167 5450 pulcherri-

587 5493 671 5529 ma
707 5490 830 5528 esse
861 5482 1020 5540 atque
1062 5472 1266 5541 optima
1299 5480 1690 5540 cognoverunt.
1753 5471 1983 5535 Quinam
2038 5484 2167 5538 ergo

587 5568 719 5621 tanti
735 5567 836 5620 viri
863 5565 1088 5631 fuerint,
1110 5574 1165 5617 ut
1195 5578 1315 5632 qua;
1339 5563 1503 5617 nimia
1525 5573 1673 5627 sunt,
1699 5573 1849 5617 recte
1871 5561 2164 5630 voluptatis

582 5675 682 5712 usu
704 5661 873 5713 vitare
913 5655 1230 5726 potuerint?
1263 5653 1570 5724 Perpaucos
1594 5653 1903 5724 hujusmodi
1950 5667 2049 5706 nos
2080 5653 2161 5705 iu-

583 5762 841 5806 ταωνι-οε
877 5752 1130 5819 arbitror,
1150 5750 1238 5820 qui
1261 5749 1475 5830 quidem
1499 5748 1599 5818 ipsi
1616 5758 1842 5830 «cteros
1863 5746 2021 5812 longo
2041 5755 2162 5822 post

2262 3380 2390 3416 ποτε
2444 3363 2805 3434 Σοδομίταις,
2847 3362 3120 3426 ἀϐύσσους
3171 3365 3272 3430 γῆς
3329 3364 3546 3432 ἀνέῳξε,
3594 3363 3682 3416 καὶ
3713 3363 3810 3414 αὑο

2258 3456 2350 3508 τὸν
2392 3455 2488 3508 τὸν
2514 3437 2768 3526 οὐρανὸν,
2803 3453 2878 3517 ὡς
2916 3455 3366 3524 κατακλυσθῆναι
3398 3455 3485 3508 καὶ
3513 3453 3664 3521 φύσιν
3688 3453 3811 3505 ἀλοι-

2259 3563 2376 3614 γον,
2409 3547 2509 3599 οὗκ
2565 3545 2915 3616 ὲνεχομένην,
2961 3545 3151 3616 ὥσπερ
3183 3549 3216 3617 ἠ
3247 3549 3514 3616 ἡμετέρα.
3546 3545 3616 3597 Σὺ
3647 3544 3702 3597 δέ
3731 3561 3823 3613 μοι

2259 3637 2480 3705 λογίζου
2530 3638 2657 3701 τοὺς
2697 3640 2755 3690 ἐν
2796 3640 2992 3707 ἐρήμῳ
3051 3639 3320 3702 πεσόντας
3365 3639 3475 3692 τῶν
3534 3637 3824 3691 Ἰουδαίων.

2260 3731 2341 3782 Τὰ
2394 3731 2603 3800 ταύτης
2665 3729 2946 3799 πανταχοῦ
3010 3729 3442 3799 κατορθώματα,
3480 3729 3570 3781 ἵνα
3615 3732 3689 3798 μὴ
3737 3729 3831 3779 καὶ

2259 3816 2415 3884 αὖθις
2471 3819 2844 3890 διατρίϐωμεν
2899 3821 3319 3889 καταλέγοντες.
3375 3820 3449 3872 Τὸ
3492 3820 3550 3873 δὲ
3602 3820 3831 3888 ταυτησὶ

2261 3913 2556 3983 χείριστον,
2592 3914 2673 3965 ὅτι
2704 3912 3277 3983 ταῦταὲινὼσκοντες
3310 3913 3360 3965 οἱ
3383 3911 3696 3982 ἄνθρωποι,
3735 3913 3834 3965 οὐκ

2261 3929 2556 3983 χειριστον,
2592 3930 2673 3965 οτι
2704 3929 2876 3966 ταυτα
2953 3929 3277 3976 ινωσκοντες
3310 3930 3360 3965 οι
3383 3929 3696 3982 ανυρωποι,
3735 3929 3834 3965 ουκ

2259 4004 2644 4074 ἀπαλλαγῆναι
2675 3929 2982 4074 δυνάμεῇ,
3045 4005 3253 4076 σφόδρα
3293 4004 3543 4066 θέλοντες
3571 4020 3586 4035 ·
3637 4005 3670 4072 ἢ
3715 4004 3838 4056 τοὺ-

2260 4096 2474 4150 ναντίον
2521 4099 2652 4159 ἴσως
2705 4097 3018 4166 δυνάμενοι,
3053 4098 3114 4150 οὐ
3159 4096 3487 4166 βουλόμεθα.
3516 4095 3673 4149 Ὣσθ’
3715 4096 3843 4149 ἑκα-

2258 4189 2499 4258 τέρωθεν
2529 4189 2724 4255 κακὸν,
2758 4191 2853 4262 καὶ
2891 4190 3275 4259 ἀπαραίτητον
3310 4189 3576 4258 βλαϐερόν
3606 4191 3638 4258 ἡ
3671 4190 3839 4258 ἡδονὴ

2260 4283 2506 4349 πέφυκεν
2535 4277 2716 4336 εἶναι·
2749 4282 2893 4349 λέγω
2923 4284 2979 4335 δὲ
3027 4285 3248 4346 πάντως
3287 4282 3547 4348 ἐκείνοις,
3597 4283 3716 4345 τοῖς
3774 4280 3846 4350 μὴ

2262 4374 2496 4443 βεϐηκός
2520 4390 2577 4426 τε
2604 4375 2701 4427 καὶ
2732 4375 2933 4444 πάγιον
2973 4376 3340 4446 κεκτημένοις
3403 4376 3685 4447 φρόνημα,
3753 4373 3844 4428 καὶ

2261 4468 2464 4535 πεῖραν
2512 4468 2858 4536 πραγμάτων
2891 4468 3284 4534 παντοδαπῶν,
3317 4471 3410 4523 καὶ
3435 4468 3690 4521 παιδείαν
3718 4469 3849 4534 ἀγα·

2263 4559 2392 4628 θὴν,
2433 4560 2532 4613 καὶ
2557 4558 2682 4612 νοῦν
2717 4559 2992 4615 ἀθόλωτον
3033 4561 3257 4627 πάθεσι,
3288 4560 3380 4614 καὶ
3431 4561 3632 4631 τρόπον
3689 4560 3852 4625 δόξης

2268 4649 2502 4718 ἐρῶντα,
2539 4652 2634 4703 καὶ
2664 4651 2801 4713 ὅλως
2835 4669 2899 4719 γε
2943 4653 3164 4722 θέλησιν
3193 4651 3578 4721 αὐτοκίνητον,
3625 4654 3726 4704 καὶ
3766 4652 3853 4704 ἀεὶ

2269 4739 2368 4809 τὴν
2404 4741 2578 4811 ῥοπὴν
2624 4743 2973 4814 κεκτημένην
3007 4743 3142 4813 πρὸς
3168 4745 3194 4796 ὃ
3229 4761 3283 4797 τι
3317 4742 3606 4797 κάλλιστόν
3636 4759 3702 4794 τε
3763 4745 3853 4794 xat

2271 4833 2575 4902 βέλτιστον,
2619 4833 2678 4887 εὖ
2720 4834 2817 4901 μὲν
2848 4833 3137 4904 δυνάμεως
3169 4837 3401 4906 ἔχουσαν
3463 4835 3699 4902 γνῶναι,
3752 4838 3852 4888 ὅσα

2273 4925 2573 4978 αἰτιώτατα
2610 4925 2750 4994 πρὸς
2795 4926 2892 4994 τὴν
2929 4925 3083 4980 θείαν
3117 4927 3320 4998 ἀρετὴν
3369 4927 3503 4980 δντα
3557 4927 3849 4997 τυγχάνει,

2273 5016 2333 5071 εὗ
2392 5018 2449 5071 δὲ
2501 5017 2813 5088 βουλήσεως
2863 5020 3050 5087 μένειν
3109 5022 3196 5089 ἐφ’
3251 5014 3334 5084 οἷς
3382 5019 3703 5084 καλλίστοις
3761 5021 3856 5072 καὶ

2273 5111 2523 5178 ἀρίστοις
2556 5110 2809 5177 ἔγνωσαν
2837 5110 2978 5166 οὖσι.
3017 5111 3177 5174 Τίνες
3210 5110 3305 5165 οὖν
3339 5113 3404 5166 ἂν
3431 5109 3541 5164 εἷεν
3578 5112 3854 5172 τοσοῦτοι,

2273 5201 2348 5262 ὡς
2383 5199 2673 5269 διαφυγεῖν
2702 5202 2800 5270 τῆς
2835 5200 3031 5269 ήδονῆς
3065 5202 3160 5264 τὰς
3192 5199 3503 5270 ὑπερϐολάς
3553 5201 3852 5269 δυνηθῆναι

2279 5293 2344 5361 τῇ
2387 5292 2688 5362 γιγνομένῃ
2748 5308 2811 5359 γε
2843 5292 3050 5362 ταύτης
3099 5293 3339 5363 χρήσεις
3374 5292 3578 5359 Ὀλίγοι
3638 5308 3737 5362 μοι
3769 5291 3854 5344 δο-

2280 5384 2470 5437 κοῦσιν
2495 5383 3041 5456 εύρεθήσεσθαι,καὶ
3091 5379 3239 5439 οὗτοί
3297 5403 3359 5454 γε
3415 5385 3856 5456 παρενεγκόντες

2279 5479 2406 5539 τοὺς
2436 5477 2628 5540 ἄλλους
2661 5477 2944 5548 πολλῷτῷ
2971 5478 3142 5548 μέσῳ.
3173 5478 3305 5546 Ὅτε
3332 5480 3439 5550 γὰρ
3459 5480 3552 5531 τὸν
3573 5477 3856 5546 ὀφθαλμὸν

2279 5569 2377 5637 τῆς
2405 5567 2583 5637 ψυχῆς
2613 5569 2822 5638 τυφλοῖ,
2871 5569 2967 5623 καὶ
3012 5569 3305 5639 μαλακίζει
3335 5570 3428 5623 τὸν
3459 5568 3663 5639 ταύτης,
3702 5568 3857 5621 τόνον

2273 5663 2306 5731 ἠ
2339 5662 2438 5730 τῆς
2471 5660 2667 5730 ἡδονῆς
2698 5659 2842 5729 ῐυγξ,
2875 5661 2993 5725 πῶς
3027 5661 3089 5715 οὐ
3131 5663 3193 5714 τὸ
3233 5660 3437 5730 ταύτης
3483 5659 3779 5730 ἐπαγωγόν
3802 5675 3857 5712 τε

2270 5750 2369 5806 καὶ
2401 5749 2591 5822 θέλγον
2626 5751 2854 5824 μονονοὺ
2879 5753 2985 5833 Ἰκαὶ
3019 5751 3237 5820 φύσεως
3303 5751 3663 5824 ἰσχυρότερον
3689 5771 3704 5818 ;
3763 5769 3855 5806 κα·
