4098 6272
317 361 421 425 tibi

1722 336 2016 401 ORATIO
2062 338 2128 398 ιτ.

3468 327 3573 392 4θὲ

312 480 364 530 εἰ
391 477 509 537 ταῖς
542 470 871 541 ὑπερϐολαῖς
902 467 1011 521 τῶν
1039 467 1273 538 ἡδῖστων
1333 464 1589 517 κάκιστοι
1619 461 1883 529 γινόμεθα

2021 473 2048 511 e
2078 454 2362 509 intervallo
2393 452 2748 521 reliquerunt.
2772 450 2907 506 Nam
2939 467 3059 507 cum
3113 452 3361 508 illecebra
3410 449 3573 504 volu-

318 568 522 629 πάντες
545 565 825 633 ἄνθρωποι
852 563 935 632 (οὑ
962 561 1070 629 γὰρ
1112 560 1279 621 ἔστιν,
1335 558 1436 609 οὐκ
1492 555 1637 607 ἐστιν
1670 554 1889 616 ἀὐταῖς

314 659 657 730 χρωμένους,
690 656 931 722 ἀγαθοὺς
970 650 1155 721 εἶναι),
1185 652 1245 704 τὸ
1274 650 1331 703 δὲ
1389 649 1612 719 μέτριον
1654 647 1878 717 ἄροτον

317 747 619 816 πανταχοῦ,
662 749 915 798 τοσοῦτον
968 744 1022 796 δὲ
1063 744 1325 812 χαλεπὸν,
1363 740 1460 794 καὶ
1522 738 1759 810 μάλιστά
1819 754 1886 804 γε

318 839 577 903 ἐνταῦθα,
610 838 805 890 ὁπόσον
851 836 979 907 ἄρτι
1017 834 1326 903 δεδήλωκεν
1355 834 1489 903 ἡμῖν
1518 835 1545 884 ὁ
1578 831 1705 899 λόγο
1731 847 1744 862 ⁶
1773 830 1893 892 πῶς

317 935 419 985 οὐκ
444 932 703 1000 ἄντικρυς
738 930 908 980 κακον
948 928 1024 996 τῷ
1060 928 1162 994 βίῳ
1194 927 1226 995 ἡ
1269 926 1456 996 ἡδονὴ,
1483 924 1550 978 δι’
1591 925 1652 993 ἣν
1708 939 1894 991 παρα-

322 1020 639 1091 καλούμεθά
671 1037 728 1072 τε
751 1022 842 1073 καὶ
866 1019 1165 1089 βιαζόμεθα
1193 1018 1331 1086 πρὸς
1358 1018 1456 1079 τὰς
1475 1014 1693 1081 ἐκείνης
1723 1015 1824 1067 ὐπε
1838 1031 1896 1083 ρ-

325 1116 506 1181 6ολὰς,
542 1115 609 1167 δι’
639 1115 703 1176 ἇς
743 1130 805 1181 γε
835 1114 1008 1182 δήπου
1037 1113 1145 1164 τῶν
1171 1113 1357 1165 καλῶν
1386 1112 1480 1165 καί⁸
1503 1111 1612 1164 τῶν
1648 1110 1894 1177 ἀγαθῶν,

325 1209 434 1260 τῶν
466 1225 523 1259 τε
554 1206 670 1269 νῦν,
719 1207 828 1258 τῶν
865 1223 923 1257 τε
973 1205 1282 1273 μελλόντων
1330 1206 1672 1273 ἐκπίπτομεν
1720 1205 1897 1257 ἄπαν-

321 1318 413 1360 τες
436 1321 447 1365 ;
472 1298 580 1352 Ἤν
608 1301 715 1368 ἄρα
737 1301 990 1369 κρεῖττον
1022 1298 1281 1367 τοιαύτην
1335 1297 1501 1352 οὖσαν
1549 1296 1648 1366 τὴν
1677 1296 1898 1365 ἡδονὴν.

324 1392 512 1444 ὁποίαν
571 1410 634 1457 γε
669 1394 804 1461 ἡμῖν
854 1391 1165 1460 διαγράψας
1204 1394 1231 1443 ό
1300 1372 1461 1457 λόγος
1510 1389 1735 1453 ἔδειξεν,
1797 1388 1898 1440 οὐκ

323 1483 569 1552 ἀκριϐῶς
611 1483 708 1552 μὲν
743 1474 900 1550 οἶμαι
931 1483 1300 1545 παντάπασιν,
1337 1480 1412 1542 ῶς
1468 1479 1511 1531 δ’
1547 1475 1640 1531 οὖν
1672 1475 1783 1530 οἷόν
1838 1495 1899 1530 τε

326 1566 813 1642 ὑπῆρξεννὲκείνην
844 1571 1320 1632 διατυπώσασθαι,
1381 1570 1653 1638 μηδαμῶς
1695 1569 1901 1637 ταύτην

306 1662 491 1728 μεῖναι,
530 1664 664 1733 μηδὲ
697 1666 955 1730 παρεῖναι
981 1663 1119 1731 τῷδε
1151 1662 1229 1731 τῷ
1258 1662 1383 1731 βίῳ.
1412 1661 1547 1730 μηδὲ
1583 1662 1680 1730 τὴν
1720 1660 1897 1731 ἀρχὴν

330 1757 654 1824 ὑφεστάναι,
691 1756 997 1825 καθαπερεὶ
1029 1756 1318 1824 καταρχὰς
1357 1755 1594 1822 εἴρηται.
1632 1754 1788 1805 Οὕτω
1819 1770 1903 1804 τι-
1934 1795 1977 1850 Β

334 1850 420 1908 ve;
446 1848 552 1900 τῶν
586 1849 837 1914 σοϐαρῶν
872 1848 970 1916 μὲν
1001 1849 1181 1908 ἄλλως
1245 1846 1337 1898 καὶ
1374 1845 1723 1915 ὑπερόγκων,
1764 1845 1903 1911 πρὸς

334 1939 389 1990 δὲ
440 1942 538 2007 τὴν
562 1940 803 2008 ἄκοσμον
831 1940 1045 2008 τρυφὴν
1096 1944 1314 1991 πάντων
1363 1936 1490 2003 ἑξῆς
1544 1935 1906 1989 ἐπιλανθανό-

336 2046 513 2094 μενοι,
549 2030 779 2091 ἑαυτούς
806 2046 869 2097 γε
904 2028 1175 2097 κρύπτειν
1235 2028 1539 2090 ἐθέλοντες,
1598 2027 1732 2095 μηδὲ
1788 2029 1909 2095 κρί·

331 2136 446 2170 νειν
477 2120 834 2186 ἐπιστάμενοι
864 2120 1186 2189 πρεπόντως
1249 2112 1406 2185 οἶμαι
1477 2118 1545 2169 τὰ
1603 2118 1904 2186 πρέποντα,

327 2212 430 2279 τὴν
462 2211 659 2281 ἡδονὴν
699 2213 1075 2277 διαϐάλλουσι,
1135 2212 1331 2278 λόγους
1379 2226 1439 2262 τε
1503 2210 1904 2280 προτείνοντες,
1947 2253 1957 2265 κ

330 2305 425 2355 καὶ
458 2304 677 2367 εἰκόνας
713 2305 1067 2367 πλάττοντες,
1101 2304 1272 2357 τᾶλλα
1319 2304 1419 2372 μὲν
1452 2303 1582 2366 ἴσως
1618 2304 1717 2354 οὐκ
1743 2305 1907 2371 ἀγεν-

331 2396 459 2462 νῶς,
490 2398 626 2465 προς
661 2397 720 2449 ἓν
750 2416 804 2449 τι
836 2398 891 2450 δὲ
924 2397 1232 2468 βλαϐερῶς,
1262 2397 1338 2459 ὡς
1379 2399 1444 2450 ἂν
1476 2398 1655 2466 ἔγωγε
1714 2396 1906 2464 φαίην.

333 2489 445 2558 Τῆς
468 2489 579 2559 γὰρ
618 2491 771 2557 σφῶν
797 2490 978 2543 αὐτῶν
1005 2490 1210 2551 κακίας
1245 2489 1530 2543 αἰτιῶνται
1576 2491 1675 2559 μὲν
1714 2488 1912 2546 αὐτοὺς

336 2582 611 2651 οὐδαμῶς,
670 2583 703 2651 ἦ
765 2582 964 2651 μικρόν
1018 2600 1094 2645 τι,
1133 2580 1299 2649 σοφὸν
1347 2581 1660 2641 ποιοῦντες,
1704 2580 1804 2645 τὴν
1856 2577 1912 2629 δὲ

338 2670 534 2741 ἡδονὴν
553 2672 694 2724 κατὰ
720 2672 922 2735 πάντα,
944 2671 1076 2740 μηδὲ
1095 2669 1233 2724 Θεοῦ
1252 2669 1582 2738 φειδόμενοι,
1610 2668 1684 2730 ὡς
1706 2668 1913 2736 προῖὼν

339 2764 368 2814 ὁ
407 2763 561 2829 λόγος
624 2762 877 2829 δηλώσει.
915 2761 1090 2815 Τοῦτό
1146 2780 1235 2831 μοι
1266 2762 1419 2814 δοκεῖ
1477 2760 1741 2813 κάκιστον
1776 2755 1914 2812 εἶναι

342 2854 452 2907 τῶν
486 2854 672 2918 αὐτοῖς
727 2855 1061 2923 εἰρημένων.
1134 2853 1294 2907 Οὕτω
1350 2853 1557 2916 πάντες
1595 2853 1695 2921 μὲν
1758 2852 1916 2921 σοφοὶ

344 2944 482 3012 πρὸς
508 2945 606 3015 τὴν
642 2942 924 3014 ἡμετέραν
988 2944 1170 2998 αὐτῶν
1213 2943 1520 3009 ἀπώλειαν,
1568 2944 1682 2995 ὅσοι
1721 2943 1785 3014 δὴ
1816 2941 1917 3012 τὴν

343 3036 478 3108 ρᾳθυ
489 3037 640 3107 μίαν,
674 3039 791 3091 ὅσοι
819 3038 919 3107 τὴν
952 3038 1242 3108 ῥᾳστώνην
1260 3036 1433 3105 αὐτὴν
1463 3035 1560 3089 τοῦ
1589 3036 1760 3088 καλοῦ
1782 3052 1917 3106 προ-

1990 545 2154 615 ptatis
2194 543 2419 598 oculum
2473 542 2637 595 animi
2689 547 2947 601 excaecat,
2984 541 3210 609 ejusque
3272 538 3580 592 contentio-

1997 650 2119 688 nem
2168 633 2458 688 molliendo
2493 632 2716 701 frangit,
2749 634 2837 700 qui
2883 630 2996 683 fleri
3033 640 3209 699 potest
3246 639 3300 682 ut
3349 628 3581 698 insignis

2000 727 2121 795 ejus
2181 726 2238 779 in
2289 724 2614 793 pelliciendo
2664 723 3131 789 demulcendoque
3185 722 3267 774 vis
3323 736 3426 773 non
3463 721 3578 787 ipsa

1998 831 2165 888 prope
2216 827 2410 871 natura
2448 817 2520 870 sit
2562 814 2753 868 fortior
2783 813 2805 864 ?
2830 812 2907 866 Ac
2937 813 2981 866 si
3036 810 3253 880 pessimi
3288 808 3586 862 evadimus

2003 909 2241 963 universi
2270 909 2527 962 mortales
2552 923 2644 976 per
2670 923 2729 961 ea
2758 922 2879 976 qua:
2901 904 3317 974 iucundissimis
3351 902 3399 955 in
3426 901 3585 955 rebus

2001 1001 2171 1054 nimia
2230 1009 2355 1054 sunt
2389 1000 2602 1069 (nequit
2633 1000 2804 1065 enim,
2864 998 3050 1065 nequit
3096 995 3318 1048 omnino
3379 992 3493 1046 ﬁeri
3527 1001 3588 1044 ut

2000 1095 2090 1163 qui
2134 1093 2249 1150 hzec
2306 1102 2585 1148 sectamur
2614 1092 2740 1147 boni
2799 1092 2955 1161 sint),
2988 1101 3041 1142 et
3073 1091 3117 1144 si
3153 1087 3297 1158 quod
3350 1086 3588 1140 medium

2003 1197 2107 1249 est,
2138 1187 2399 1256 optimum
2432 1186 2486 1240 id
2519 1186 2738 1254 quidem
2765 1194 2849 1239 est
2882 1185 3103 1251 ubique,
3143 1183 3236 1237 sed
3276 1189 3427 1234 tanta
3463 1193 3587 1232 cum

2003 1272 2325 1327 difficultate
2369 1273 2737 1341 conjunctum,
2775 1275 3071 1342 praesertim
3104 1272 3155 1324 in
3196 1286 3253 1323 re
3288 1270 3590 1338 preposim.

2006 1374 2207 1433 quanta
2250 1380 2356 1418 non
2410 1366 2481 1418 ita
2535 1366 2741 1433 pridem
2784 1379 2811 1416 a
2862 1364 3016 1417 nobis
3064 1369 3154 1416 est
3194 1361 3454 1424 indicata,
3486 1374 3594 1427 quo

2008 1462 2164 1523 pacto
2194 1468 2298 1506 non
2343 1468 2472 1508 vere
2526 1454 2683 1508 noxia
2720 1453 2842 1507 vitae
2866 1454 3113 1521 voluptas
3146 1462 3253 1515 est,
3305 1467 3403 1521 per
3432 1466 3595 1519 quam

2006 1555 2064 1599 et
2119 1545 2414 1598 invitamur
2444 1554 2501 1599 ct
2566 1546 2813 1615 cogimur
2843 1546 2907 1598 ad
2936 1560 3000 1599 ea
3038 1559 3159 1611 qua:
3201 1544 3252 1597 iu
3286 1545 3386 1598 hac
3426 1544 3596 1597 nimia

2006 1649 2156 1703 sunt,
2196 1639 2263 1691 ob
2294 1653 2411 1706 quae
2442 1639 2658 1707 quidem
2693 1638 2805 1706 ipsa
2839 1648 2945 1690 tam
2998 1639 3279 1706 praesentis
3305 1653 3462 1703 quam
3508 1636 3595 1690 fu-

2007 1737 2141 1782 turae
2167 1732 2288 1783 vitae
2326 1732 2463 1783 bona
2517 1713 2707 1785 omnes
2743 1732 3086 1784 amittimus?
3131 1730 3397 1784 Nimirum
3450 1731 3600 1783 volu‘

2008 1830 2233 1889 ptatetn,
2260 1837 2379 1889 quae
2420 1823 2544 1875 talis
2573 1823 2641 1876 sit
2668 1823 2880 1891 qualem
2910 1824 3065 1876 nobis
3088 1839 3205 1876 catn
3232 1824 3388 1891 quasi
3424 1821 3601 1889 pictu-

2010 1928 2069 1967 ra
2100 1915 2333 1981 quadam
2370 1914 2481 1968 hac
2504 1914 2751 1969 exhibuit
2769 1915 2966 1979 oratio,
2996 1930 3099 1968 non
3124 1915 3348 1969 omnino
3369 1914 3587 1983 quidem
3662 1904 3665 1907 ⁷

2009 2015 2288 2071 accurate,
2349 2007 2607 2071 arbitror,
2634 2016 2905 2077 quatenus
2950 2014 3132 2060 tamen
3216 2007 3363 2061 illam
3416 2009 3602 2073 expri«

2009 2113 2158 2153 ntere
2217 2101 2390 2162 licuit,
2428 2102 2587 2169 plane
2647 2117 2752 2154 non
2819 2115 2939 2155 esse
2992 2102 3304 2169 prmstabat,
3342 2116 3440 2153 nec
3474 2100 3602 2153 huic

2021 2191 2213 2245 adesse
2251 2192 2391 2252 vitae,
2429 2206 2525 2245 nec
2559 2205 2780 2259 prorsus
2805 2193 3093 2254 exsistere,
3140 2192 3599 2259 quemadmodum

2012 2284 2079 2337 ab
2118 2284 2273 2336 initio
2309 2283 2512 2336 dictum
2566 2283 2685 2336 fttit.
2726 2282 2837 2337 Hoc
2895 2285 3054 2337 modo
3116 2284 3385 2347 nonnulli,
3423 2284 3602 2337 severi

2023 2376 2243 2445 quidem
2296 2360 2439 2430 alias
2477 2386 2533 2430 et
2584 2376 2774 2441 innati,
2810 2376 2902 2431 sed
2965 2392 3087 2431 cum
3144 2380 3211 2430 ad
3251 2376 3602 2431 inhonestam

2014 2466 2352 2535 voluptatem
2416 2477 2634 2520 ventum
2690 2477 2793 2531 εει,
2851 2466 3092 2519 omnium
3156 2465 3548 2518 oblivisceutes
3582 2503 3598 2527 ,

2018 2559 2144 2611 dum
2217 2558 2495 2611 occultare
2552 2572 2674 2612 sese
2731 2558 2979 2626 cupiunt,
3042 2571 3140 2610 nec
3199 2566 3406 2609 rectum
3460 2554 3606 2608 ferre

2017 2648 2278 2717 judicium
2308 2657 2531 2711 norunt,
2575 2638 2901 2715 voluptatem
2939 2647 3332 2708 criminantur,
3366 2657 3418 2698 et
3438 2647 3609 2700 ratio-

2016 2752 2113 2792 nes
2135 2738 2559 2806 praetexendo,“
2579 2738 2838 2807 imagines
2865 2738 3017 2805 quasi
3044 2737 3301 2804 quasdam
3328 2734 3605 2803 tingendo:

2018 2830 2179 2898 idque
2227 2832 2520 2899 caateroqui
2599 2830 2831 2885 fortasse
2895 2844 3001 2884 non
3054 2831 3331 2883 instrenue
3367 2868 3381 2889 ,
3414 2842 3604 2881 verum

2021 2923 2185 2978 unius
2224 2925 2304 2980 rei
2364 2934 2608 2993 respectu
2672 2933 2954 2984 nocenter,
2979 2930 3035 2975 nt
3064 2921 3314 2990 equidem
3376 2920 3606 2975 sentio:

2021 3019 2221 3088 quippe
2254 3020 2468 3086 seipsos
2515 3017 2827 3071 vitiositatis
2866 3030 2975 3069 Suae
3011 3014 3230 3068 nomine
3265 3028 3609 3084 nequaquam

339 3130 628 3199 κρίνομεν,
664 3129 757 3181 καὶ
783 3130 842 3180 τὸ
871 3128 1073 3182 αὐτίκα
1096 3129 1305 3181 ἄλυπον
1332 3127 1441 3181 τῶν
1482 3126 1774 3195 ἐσύστερον
1826 3142 1915 3192 με-

2025 3111 2109 3166 vel
2161 3112 2380 3180 paulum
2425 3110 2615 3165 saltem
2648 3108 2893 3177 culpent,
2931 3116 3109 3161 astute
3150 3107 3201 3161 id
3249 3106 3469 3175 quidem
3498 3122 3512 3158 :
3538 3105 3607 3157 ad

342 3222 552 3287 γίστων
628 3220 852 3293 ἀγαθῶν
907 3219 1272 3289 προτιμῶμεν
1304 3235 1317 3249 ·
1379 3220 1429 3271 οἱ
1477 3218 1533 3271 δὲ
1571 3218 1761 3270 πολλοὶ
1807 3216 1917 3268 τῶν

341 3313 599 3367 τοιούτων
625 3312 746 3365 οὐδὲ
793 3311 1004 3364 πείθειν
1038 3314 1266 3374 ἑαυτοὺς
1292 3312 1568 3374 δύνανται,
1621 3310 1697 3372 ὡς
1754 3308 1914 3378 ὤφθη

343 3404 406 3469 γέ
432 3422 515 3466 τις
539 3402 865 3474 ἀνθρώπων,
898 3403 1169 3464 κρείττων
1218 3404 1329 3455 τῶν
1362 3403 1587 3471 ἡδονῶν.
1638 3401 1770 3453 Ἀπὸ
1800 3400 1913 3470 γὰρ

343 3495 450 3547 τῶν
468 3495 751 3563 ἡμετέρων
772 3495 846 3555 ὡς
864 3495 1161 3547 ὲπιτοπολὺ
1184 3494 1499 3564 τάλλότριον
1517 3493 1802 3563 κρίνομεν,
1824 3492 1918 3545 καὶ

348 3584 407 3634 τί)
437 3585 575 3651 ὑπὲρ
613 3587 710 3643 τὴν
741 3585 899 3653 ἡμῶν
923 3584 1146 3654 ἀνδρίαν
1177 3584 1449 3654 ἀναφανὲν
1482 3583 1621 3653 ὑπὲρ
1658 3584 1758 3653 τὴν
1809 3581 1919 3636 τῶν

348 3674 486 3725 ὅλων
506 3669 645 3727 εἶναι
676 3675 993 3743 νομίζομεν.

2025 3204 2354 3273 voluptatem
2391 3217 2523 3256 vero
2580 3200 2821 3254 referunt
2866 3201 3070 3263 omnia,
3100 3213 3166 3251 ne
3228 3198 3339 3253 Deo
3386 3198 3608 3267 quidem

2024 3305 2330 3366 parcentes,
2357 3294 2431 3347 uti
2464 3308 2753 3361 progressa
2781 3292 3004 3345 ulterius
3033 3290 3211 3345 oratio
3229 3290 3466 3344 docebit.
3498 3286 3610 3339 Hoc

2025 3388 2155 3442 mihi
2185 3388 2482 3455 pessimum
2504 3402 2623 3441 esse
2639 3386 2849 3439 videtur
2872 3399 2934 3438 ex
2964 3383 3217 3437 omnibus
3244 3396 3364 3452 qum
3385 3382 3450 3434 ab
3480 3378 3610 3447 ipsis

2027 3482 2233 3551 prolata
2276 3489 2420 3535 sunt.
2467 3477 2522 3531 lu
2561 3479 2705 3531 hunc
2747 3476 2963 3530 modum
3010 3490 3199 3529 omnes
3251 3484 3487 3528 nostrum
3541 3473 3608 3523 ad

2030 3573 2323 3642 perniciem
2361 3571 2536 3641 arguti
2570 3584 2782 3630 sumus,
2820 3576 3087 3637 quotquot
3126 3567 3424 3633 ignaviam,
3451 3574 3612 3634 quot—

2028 3676 2160 3737 quot
2188 3666 2359 3733 ipsam
2391 3663 2657 3716 desidiam
2707 3662 2938 3715 honesto
2969 3659 3371 3726 anteponimus,
3408 3667 3461 3711 et
3497 3670 3611 3709 mo-

353 3777 690 3820 mentaneum
721 3769 916 3824 doloris
943 3770 1264 3824 vacuitatem
1318 3772 1583 3837 potiorem
1630 3783 1795 3838 quam
1836 3774 2090 3821 secutura
2143 3760 2404 3826 deinceps
2453 3757 2685 3810 maxima
2743 3756 2882 3810 bona
2926 3755 3199 3808 ducimus.
3270 3753 3345 3807 Ex
3390 3768 3613 3810 eorum-

350 3862 474 3915 dem
537 3874 761 3913 numero
826 3862 1133 3929 complures
1186 3877 1251 3915 ne
1308 3861 1642 3930 persuadere
1703 3858 1921 3927 quidem
1964 3853 2066 3909 sibi
2102 3860 2351 3918 possunt,
2422 3848 2586 3901 ullutn
2638 3862 2871 3915 unquam
2947 3847 3222 3899 hominem
3258 3856 3613 3913 conspectum

348 3947 550 4017 fuisse,
607 3953 697 4021 qui
750 3954 1082 4021 voluptatum
1141 3953 1249 4005 vim
1301 3953 1616 4021 pervicerit.
1666 3950 1801 4004 Nam
1859 3950 1924 4004 de
1964 3946 2166 4001 nostris
2204 3943 2382 3997 aliena
2423 3942 2743 4010 plerumque
2822 3941 3153 4009 iudicamus,
3192 3940 3446 4010 quodque
3513 3956 3611 3995 su-

346 4064 443 4118 pra
477 4048 853 4104 fortitudinem
892 4058 1130 4102 nostram
1183 4049 1418 4112 exsistit,
1462 4049 1704 4101 omnium
1757 4058 2015 4115 superare
2045 4038 2416 4096 fortitudinem
2472 4048 2743 4106 putamus.

952 4164 1170 4217 ΛΟΓΟΣ
1213 4164 1287 4218 IL'.

351 4258 488 4327 Περί
542 4253 771 4325 ἡδονῆς
802 4268 817 4284 ο
866 4255 1175 4378 ἀντίὲἓσις
1232 4257 1322 4320 εἰς
1380 4254 1489 4308 τὸν
1558 4253 1671 4324 πρὸ
1749 4253 1925 4309 τοῦδε

1086 4342 1213 4378 γον.

1086 4342 1213 4393 γον.

423 4422 591 4489 Ταυτὶ
620 4422 717 4490 μὲν
741 4413 834 4471 οὗν
859 4418 926 4472 τὰ
948 4417 1097 4487 παρὰ
1122 4416 1233 4470 τῶν
1279 4418 1647 4488 μεμφομένων
1680 4418 1779 4488 τὴν
1806 4417 1929 4487 ἡδο-

2627 4152 2884 4209 ORATIO
2924 4153 2987 4208 V.

2108 4258 2182 4312 De
2211 4256 2515 4322 voluptate;
2547 4264 2652 4320 qua
2696 4245 2992 4315 praecedens
3043 4248 3213 4300 oratio
3256 4246 3537 4315 refellitur.

2117 4429 2243 4469 nate
2275 4426 2404 4481 ergo
2435 4418 2709 4479 suntquae
2751 4408 2801 4461 in
2832 4405 3070 4461 medium
3109 4419 3136 4457 a
3173 4404 3500 4472 voluptatem
3532 4404 3611 4457 vi-

354 4515 474 4582 νὴν·
520 4512 629 4580 ἐγὼ
653 4512 709 4563 δὲ
734 4510 907 4581 ταύτῃ
930 4510 1270 4579 πειράσομαι
1308 4510 1547 4580 βοηθεῖν,
1597 4511 1786 4564 δίκαια
1842 4527 1915 4563 νο-

2033 4505 2406 4575 tuperantibus
2446 4503 2766 4557 afferuntur.
2820 4497 2931 4566 Ego
2981 4512 3110 4553 vero
3162 4511 3321 4565 opem
3380 4495 3426 4548 ei
3469 4494 3614 4549 ferre

362 4606 533 4673 μίζων
563 4605 738 4655 ποιεῖν
758 4620 771 4633 ·
800 4603 894 4654 καὶ
918 4602 1091 4664 ὅπως,
1119 4604 1224 4672 ἡδη
1246 4604 1523 4671 φανεῖται.
1578 4602 1801 4673 Ἐπειδὴ
1821 4602 1929 4672 γὰρ

362 4696 609 4764 περὶτῆς
635 4694 829 4763 ἡδονῆς
857 4696 906 4745 οἱ
933 4695 1029 4763 μὲν
1061 4693 1235 4755 οὕτως
1285 4693 1473 4763 ἔχουσι
1490 4693 1739 4764 γνώμης,
1798 4696 1848 4747 οἰ
1872 4694 1931 4747 δὲ

363 4784 537 4844 ἄλλως
563 4796 576 4810 ·
637 4781 730 4833 καὶ
771 4781 916 4840 τινες
970 4781 1170 4843 τελέως
1200 4783 1563 4851 ἐκτρέπονται
1616 4783 1718 4853 τῆς
1751 4783 1931 4854 ὀρθῶς

365 4873 454 4925 ἐπὶ
480 4870 712 4938 τάληθὲς
732 4868 1029 4938 φερούσης,
1054 4869 1225 4921 κακόν
1256 4887 1307 4921 τι
1331 4870 1428 4922 καὶ
1459 4872 1783 4940 ἀσύμφορον
1801 4873 1934 4925 ταύ-

365 4980 465 5030 την
489 4957 629 5013 εἶναι
653 4958 968 5031 νομίζοντες
992 4975 1006 4988 ·
1038 4960 1187 5014 οὗτοι
1212 4961 1269 5014 δὲ
1299 4963 1637 5033 ἡπάτηνται,
1669 4967 1745 5029 ὡς
1764 4967 1931 5034 ἔγωγ’

365 5054 431 5106 ἂν
458 5055 847 5121 ἰσχυρισαίμην
889 5050 1029 5104 πάνυ
1065 5051 1410 5123 θαρρούντως
1432 5073 1445 5086 ·
1470 5056 1586 5119 πῶς
1618 5058 1720 5111 οὐκ
1778 5061 1933 5111 εἰσα-

368 5147 523 5198 κτέον
553 5146 734 5207 αὐτοῖς
764 5144 1039 5213 βοήθειαν,
1090 5145 1187 5215 ὅπη
1219 5145 1415 5215 δυνατὴ
1442 5166 1457 5213 ;
1495 5149 1554 5201 Εἰ
1597 5150 1697 5217 γὰρ
1718 5150 1779 5202 τὸ
1797 5150 1935 5203 πλα-

365 5236 563 5291 νᾶσθαι
603 5236 724 5288 λίαν
758 5236 949 5299 κακὸν,
979 5236 1038 5287 τὸ
1068 5236 1123 5289 δὲ
1168 5238 1558 5306 πλανωμένους
1587 5240 1784 5309 ὀρθοῦν
1816 5259 1935 5296 πει-

371 5331 594 5400 ρᾶσθαι,
649 5326 862 5397 βοηθεῖν
912 5328 1097 5389 αὐτοῖς
1150 5330 1286 5392 ἐστι,
1333 5330 1514 5383 καὶτὸ
1567 5330 1782 5399 βοηθεῖν
1821 5336 1934 5396 τοῖς

369 5419 694 5490 ὀμογενέσιν
721 5421 801 5480 εἰς
832 5417 1063 5486 δύναμιν
1098 5418 1272 5472 ἂπασι
1323 5421 1483 5489 χρέος
1518 5423 1699 5476 κοινόν
1721 5441 1733 5453 ·
1794 5425 1933 5478 καλὰ

368 5520 464 5564 καὶ
510 5509 696 5563 δίκαια
763 5511 907 5560 ποιεῖ
952 5511 980 5561 ὀ
1017 5511 1086 5562 τὰ
1142 5512 1328 5563 εἰκότα
1382 5511 1604 5579 ἀμύνων
1643 5516 1708 5583 τῇ
1747 5516 1931 5585 ἡδονῇ,

368 5599 492 5654 καθ’
520 5601 548 5652 ὅ
588 5617 651 5667 γε
689 5600 852 5668 μέρος
884 5599 982 5650 οὐκ
1004 5599 1110 5652 ἔδει
1136 5600 1543 5671 πολεμουμένη.
1588 5603 1646 5655 'O
1675 5605 1784 5675 γὰρ
1804 5606 1935 5657 ταύ-

366 5709 434 5761 τῃ
484 5690 693 5761 βοηθῶν
726 5688 915 5759 βοηθεῖ
942 5692 1057 5753 τοῖς
1087 5691 1488 5762 πλανωμένοις,
1523 5695 1618 5747 καὶ
1634 5696 1930 5749 ἀποδίδωσι

368 5782 524 5851 χρέος
564 5782 696 5834 πᾶσι
722 5783 835 5843 τοῖς
861 5780 1169 5852 ἀνθρώποις
1193 5784 1566 5854 ὀφειλόμενον.
1609 5787 1762 5840 Ἵλατ’
1803 5788 1928 5859 ἐμοὶ

2033 4597 2296 4661 conabor,
2326 4594 2469 4664 quod
2497 4594 2619 4662 jure
2654 4605 2739 4646 me
2775 4590 2826 4643 id
2861 4590 3041 4643 facere
3081 4596 3285 4656 putem,
3308 4584 3464 4654 cujus
3489 4584 3614 4651 qui-

2033 4690 2155 4743 dem
2186 4686 2421 4741 instituti
2457 4685 2596 4739 ratio
2646 4672 2771 4736 mOx
2812 4680 3113 4750 apparebit.
3158 4678 3298 4731 Cum
3349 4678 3492 4728 enitn
3549 4677 3614 4728 de

2034 4780 2310 4847 voluptate
2346 4778 2536 4830 horum
2566 4776 2637 4829 sit
2689 4772 2802 4826 haec
2848 4772 3138 4834 sententia,
3189 4768 3405 4822 illorum
3457 4766 3558 4818 alia
3597 4807 3611 4828 ,

2038 4888 2271 4941 cumque
2292 4871 2359 4925 de
2385 4878 2534 4922 recto
2560 4866 2626 4920 ad
2645 4866 2932 4920 veritatem
2963 4863 3153 4916 itinere
3183 4858 3427 4915 nonnulli
3455 4858 3614 4927 plane
3693 4853 3713 4867 "

2035 4962 2338 5023 deflectant,
2366 4959 2496 5013 dum
2537 4972 2653 5010 eam
2696 4968 2820 5009 esse
2852 4952 3050 5007 malum
3110 4950 3378 5019 quoddam
3410 4959 3464 5001 et
3500 4963 3613 5001 rem

2036 5056 2254 5110 noxiam
2280 5051 2637 5114 arbitrantur,
2664 5063 2802 5116 quos
2828 5044 3081 5115 equidem
3112 5044 3165 5096 in
3198 5057 3385 5097 errore
3404 5040 3611 5095 versari

2036 5146 2375 5211 confidenter
2426 5142 2717 5196 admodum
2779 5134 3190 5199 allirmaverim,
3249 5149 3348 5188 cur
3401 5147 3505 5185 non
3535 5133 3615 5184 eis

2037 5251 2442 5299 succurramus,
2489 5233 2705 5305 quantis
2776 5247 2907 5286 sane
2951 5227 3165 5283 viribus
3218 5225 3404 5280 licebit
3433 5224 3455 5275 ?
3483 5221 3613 5274 Nam

2036 5330 2081 5384 si
2126 5328 2279 5383 valde
2319 5325 2517 5378 malum
2567 5332 2651 5377 est
2689 5319 3035 5385 hallucinari,
3061 5327 3114 5372 et
3161 5312 3613 5369 hallucinantium

2037 5420 2432 5477 correctionem
2490 5416 2690 5480 moliri,
2726 5429 2882 5484 Opem
2940 5413 3020 5467 eis
3064 5419 3147 5464 est
3194 5409 3615 5472 ferre;proque

2035 5513 2239 5567 viribus
2270 5526 2426 5581 opem
2460 5510 2601 5565 ferre
2617 5508 2830 5577 generis
2847 5503 3223 5573 conjunctione
3247 5494 3533 5555 devinctis,
3570 5492 3616 5543 si

2037 5604 2279 5658 debitum
2353 5603 2621 5672 quoddam
2672 5608 2777 5664 est,
2833 5593 3202 5668 praestandum
3254 5585 3617 5640 communiter

2037 5695 2333 5758 universis,
2367 5694 2620 5747 nimirum
2670 5690 2897 5743 honeste
2921 5700 2984 5740 ac
3014 5684 3157 5751 jusle
3189 5675 3340 5737 fac“,
3371 5672 3462 5739 qui
3489 5685 3623 5725 0‘1“-

2035 5786 2308 5860 seutaueis
2356 5784 2657 5842 rationibus
2719 5792 2943 5837 eatenus
2977 5775 3299 5841 voluptatem
3364 5761 3617 5819 defendit
