4098 6272
355 425 462 488 6ῦῦ

1757 431 2042 493 ORATIO
2082 435 2142 493 ι’.

3448 427 3451 429 ’
3491 435 3596 497 466

321 544 509 622 κΘεοῦ,
541 542 618 606 ὡς
651 542 708 596 δὲ
726 543 826 596 καὶ
862 545 998 612 πᾶσι
1028 547 1139 608 τοῖς
1157 540 1298 613 οὖσι,
1327 547 1420 600 καὶ
1449 546 1605 601 τοῦτό
1628 565 1690 614 γε
1737 551 1912 620 δόγμα

2025 551 2231 620 quidem
2288 549 2354 604 de
2404 550 2504 605 liae
2557 558 2738 603 nostra
2793 547 3147 619 pollicebatur
3209 550 3403 606 oratio.
3465 551 3598 605 Esse

348 644 530 690 κοινόν
556 655 570 669 ·
605 637 785 690 κοινὸν
820 638 917 690 καὶ
952 638 1112 692 τοῦτο
1147 640 1343 706 γένοιτ’
1378 641 1466 705 ἂν,
1495 637 1673 711 οἶμαι,
1707 642 1908 712 δόγμα,

347 729 422 791 ὡς
450 731 483 798 ἡ
524 731 687 798 ἡδονὴ
711 730 896 793 καλὶν,
932 732 1026 784 καὶ
1056 732 1216 802 δῆλον
1273 735 1519 791 αὐτόθεν.
1559 735 1628 788 Ἢ
1663 735 1771 804 γὰρ
1815 737 1914 789 οὐκ

350 822 554 876 ἔστιτὸ
605 822 704 891 τῆς
753 823 946 892 ἡδονῆς
1001 825 1278 896 χρῆμα,ἤ
1330 830 1460 898 παρ’
1506 823 1568 884 οὗ
1613 832 1678 884 τὰ
1713 831 1912 896 πάντα,

353 913 603 983 κᾶκεὶνη.
640 913 782 967 Ἀλλ’
803 915 916 968 ἔστι
951 933 1013 984 γε
1039 919 1256 976 πάντων
1288 922 1320 990 ἡ
1351 922 1534 991 ἡδονή.
1565 922 1762 975 Θεόθεν
1781 923 1909 994 ἄρα.

355 1006 464 1057 Καὶ
510 1007 765 1076 τάκεῖθεν
804 1009 1002 1076 ἀγαθά.
1055 1011 1258 1082 Ἀγαθὴ
1309 1013 1438 1082 ἄρα.
1498 1015 1570 1068 Ού
1618 1016 1798 1069 τοίνυν
1833 1017 1942 1068 σοι¹

2021 658 2149 696 vero
2178 642 2504 710 voluptatem
2547 657 2576 696 a
2633 642 2761 705 Deo,
2802 640 3001 695 nullius
3037 655 3195 708 egere
3254 643 3592 708 probationis

2020 733 2272 787 arbitror.
2306 733 2440 790 Nam
2471 747 2590 787 cum
2620 734 2799 788 omnia
2827 732 3003 795 nobis,
3040 734 3179 787 sicut
3210 742 3264 787 et
3291 725 3450 789 rebus
3481 735 3598 789 uni-

2021 828 2264 888 versis,a
2312 826 2418 881 Deo
2442 827 2642 881 tributa
2676 829 2804 892 sint,
2859 828 2998 896 quod
3050 827 3265 895 quidem
3315 828 3590 881 communi

2019 929 2294 988 receptum
2328 930 2409 973 est
2438 920 2738 983 sententia,
2766 921 3030 989 sequitur,
3072 932 3123 974 et
3175 923 3274 974 hoc
3307 934 3598 974 commune
3685 942 3691 948 ν

2020 1010 2171 1078 quasi
2205 1009 2472 1079 quoddam
2507 1023 2629 1063 esse
2659 1009 2938 1078 placitura,
2969 1011 3298 1077 voluptatem
3333 1023 3454 1063 esse
3483 1023 3594 1062 rem

358 1096 623 1150 πλειόνων
653 1093 807 1166 οἶμαι
845 1099 1051 1168 δεήσει,
1080 1102 1216 1170 πρὸς
1260 1103 1359 1173 τὴν
1412 1107 1510 1174 τῆς
1567 1108 1916 1176 ὑποσχέσεως

2025 1102 2242 1168 bonam,
2281 1101 2438 1169 idque
2471 1102 2554 1155 vel
2611 1099 2737 1153 hinc
2775 1100 3118 1168 perspicuum
3173 1107 3256 1153 est
3297 1097 3424 1152 :vel
3455 1097 3600 1150 enim

355 1188 583 1241 ἔκτισιν.
626 1192 700 1243 Οὐ
731 1193 840 1260 γὰρ
873 1193 1042 1254 ἔστιν,
1080 1197 1180 1249 οὐκ
1216 1196 1362 1251 ἔστιν
1393 1199 1561 1269 ἄνδρα
1595 1202 1781 1254 πιστὸν
1801 1203 1916 1255 διᾶ-

356 1296 441 1344 ραι
477 1281 653 1350 στόμα
682 1282 958 1352 τολμῆσαι
988 1287 1122 1356 πρὸς
1149 1288 1481 1346 τούναντίον.
1514 1289 1681 1360 Οἶμαι
1707 1293 1764 1345 δὲ
1797 1294 1919 1362 μηδ’

354 1371 604 1434 ἄπιστον,
642 1373 836 1440 ἔχοντά
893 1391 956 1442 γε
1005 1377 1137 1434 ,νοῦν
1190 1380 1511 1451 διακρίνειν,
1557 1385 1648 1437 καί¹
1707 1386 1919 1453 λογιζό-

356 1480 540 1528 μενον,
580 1463 675 1525 τὰς
705 1465 1014 1534 ὑπερϐολὰς
1044 1470 1137 1521 καὶ
1169 1472 1270 1534 τὰς
1294 1475 1677 1542 παραχρήσεις
1725 1480 1838 1534 τοῖς
1858 1477 1919 1530 οὐ

352 1554 532 1615 καλῶς
565 1554 873 1623 χρωμένοις
896 1553 1038 1623 εἶναι
1067 1574 1080 1589 ⁸
1119 1562 1218 1628 τῆς
1237 1561 1293 1612 δὲ
1316 1563 1508 1632 ἡδονῆς
1532 1566 1631 1633 τὴν
1659 1567 1922 1620 σύστασιν

353 1644 510 1705 αὖθις
561 1643 701 1699 εἶναι
735 1651 796 1716 τῇ
843 1652 1162 1723 συμμετρίᾳ
1201 1655 1300 1719 τῆς
1336 1656 1719 1726 μεταλήψεως.
1753 1658 1920 1712 Ὥστε

364 1736 574 1800 ἔξεστιν
604 1739 801 1800 εἰπεῖν,
843 1741 955 1808 Πρὸ
1003 1742 1099 1796 τοῦ
1154 1744 1370 1812 βαδίσαι
1408 1747 1651 1813 ἔφθασας
1676 1765 1690 1781 ο
1721 1749 1750 1802 ὃ
1809 1767 1916 1804 τινι

364 1827 470 1878 τῶν
503 1829 672 1907 ’θείων
720 1831 932 1900 ἀνδρῶν
965 1835 1198 1902 εἴρηται,
1267 1836 1572 1906 ὑπερϐολὴν
1630 1841 1710 1900 είς
1757 1857 1920 1907 ταχυ-

357 1917 494 1987 τῆτα
518 1922 727 1975 θέλοντι
754 1924 947 1990 δεῖξαι.
979 1921 1149 1993 Οἶμαι
1206 1927 1261 1980 δέ
1305 1945 1456 1988 τινας
1497 1929 1607 1982 τῶν
1636 1931 1923 2000 παρόντων

358 2011 702 2082 σαφέστερον
738 2015 943 2068 ἐθέλειν
971 2017 1222 2081 ἀκοῦσαι,
1248 2019 1342 2072 καὶ
1366 2019 1559 2089 χρῆναι
1587 2023 1799 2084 τούτοις
1818 2040 1924 2077 παο

357 2103 780 2171 ρειμυθήσασθαί
810 2124 899 2173 μοι
927 2109 1092 2170 δοκεῖ,
1143 2111 1266 2164 ὅσον
1300 2113 1500 2166 ἱκανόν.
1553 2113 1717 2168 Ὅθεν
1741 2116 1804 2184 δὴ
1834 2116 1922 2169 διὰ

350 2194 612 2249 πλειόνων
640 2199 936 2268 ἐκθέμενος
967 2201 1059 2253 τὸν
1086 2202 1263 2269 λόγον,
1291 2203 1465 2274 ὀρθῶς
1496 2223 1556 2272 γε
1589 2206 1713 2275 ἔχον
1763 2208 1921 2274 δείξω

349 2289 410 2340 τὸ
463 2290 664 2360 δόγμα,
715 2293 1008 2361 ἀνάγκαις,
1049 2290 1225 2364 οἶμαι,
1291 2298 1655 2366 πρεπούσαις.
1727 2302 1920 2355 Καίτοι

349 2381 492 2433 δοκῶ
526 2400 615 2450 μοι
637 2383 759 2438 λίαν
788 2387 958 2453 σαφὲς
984 2389 1423 2454 κατασκευάζειν
1461 2393 1786 2462 ἐπιχειρεῖν.
1805 2397 1922 2448 Κα-

348 2474 442 2526 λὸν
465 2474 520 2526 δὲ
554 2476 704 2543 ὅμως
751 2479 929 2530 εἰπεῖν
960 2480 1050 2531 καὶ
1079 2480 1139 2531 to
1185 2480 1308 2532 καθ’
1345 2481 1480 2534 αὐτὸ
1521 2485 1921 2553 συνιστάμενον

351 2565 462 2617 ἀπὸ
497 2567 607 2618 τῶν
659 2567 760 2636 ἢδη
799 2569 1075 2637 ῥηθέντων
1102 2569 1191 2623 διὰ
1236 2571 1425 2636 κοινῆς
1460 2573 1556 2639 (ὡς
1607 2576 1806 2644 εἰπεῖν)
1840 2580 1923 2630 ὲν-

351 2658 498 2720 νοίας
535 2659 628 2712 καὶ
659 2659 989 2728 ἀξιώματος,
1030 2662 1108 2714 ἔτι
1140 2663 1235 2715 καὶ
1295 2665 1500 2732 μᾶλλον
1537 2668 1800 2737 συστῆσαι
1829 2671 1922 2723 καὶ

351 2752 418 2821 τῇ
482 2753 590 2804 τῶν
642 2752 818 2820 λόγων
875 2755 1168 2825 ἀκολουθίᾳ
1209 2758 1270 2810 ἐν
1332 2757 1610 2828 διαφόροις
1641 2761 1926 2830 ἐπιχειρή-

355 2862 516 2911 μασι.
557 2846 629 2896 Τὸ
657 2847 767 2916 γὰρ
789 2845 940 2899 δυοῖν
975 2848 1394 2916 συνιστάμενον,
1425 2849 1522 2902 δύο
1548 2851 1611 2918 δή
1645 2867 1800 2914 τινας
1828 2853 1922 2919 (ὡς

349 2937 551 2997 εἰπεῖν)
586 2937 709 3006 ἔχον
748 2939 934 3003 πόδας,
970 2939 1321 3009 ἐδραιότερόν
1353 2957 1455 2994 που
1482 2939 1576 2995 τοῦ
1605 2942 1674 2996 δι’
1709 2945 1826 3007 ἑνὸς
1847 2946 1923 3009 ὡς

349 3030 408 3094 ἐξ
443 3031 706 3098 ἡμισείας
763 3050 880 3094 πως
919 3031 1234 3102 βεϐηκότος,
1287 3033 1478 3104 ὥσπερ
1530 3036 1617 3100 ἐφ’
1663 3037 1746 3089 ἑνὶ
1780 3038 1920 3092 ποδί.

349 3123 409 3174 Εἰ
441 3123 496 3175 δὲ
532 3124 628 3175 καὶ
663 3123 911 3176 πλείοσιν
933 3125 1303 3194 ἐπερείδεται,
1339 3127 1476 3180 πολύ
1508 3146 1569 3196 γε
1595 3131 1922 3204 τοῦτ’ἄμει-

2022 1191 2168 1245 nulla
2196 1191 2442 1261 voluptas
2466 1200 2568 1256 est,
2591 1191 2675 1246 vel
2716 1207 2744 1246 a
2776 1207 2884 1259 quo
2914 1201 3104 1245 cuncta
3138 1199 3282 1254 sunt,
3310 1191 3376 1243 ab
3409 1190 3601 1242 eodem

2020 1293 2074 1338 et
2104 1286 2237 1353 ipsa.
2265 1284 2334 1337 At
2367 1299 2496 1337 vero
2522 1285 2762 1352 voluptas
2793 1292 2877 1339 est
2906 1284 3148 1355 omnium
3187 1301 3200 1335 :
3230 1301 3258 1337 a
3295 1286 3396 1336 [leo
3422 1283 3601 1348 igitur.

2024 1373 2152 1438 Quae
2186 1381 2364 1426 autem
2413 1386 2443 1426 a
2493 1370 2620 1436 Deo,
2669 1372 2806 1426 bona
2861 1380 3026 1427 sunt:
3064 1375 3203 1427 bona
3263 1373 3442 1442 igitur.
3486 1371 3601 1424 Non

2025 1477 2155 1532 ergo
2186 1463 2281 1516 tibi
2321 1463 2583 1530 pluribus,
2609 1465 2820 1531 opinor,
2869 1480 3003 1531 opus
3042 1467 3232 1519 critad
3271 1465 3597 1533 persolutio-

2028 1569 2146 1607 nem
2178 1553 2254 1606 rei
2281 1555 2580 1622 promissae.
2617 1552 2735 1608 Non
2759 1555 2904 1610 enim
2943 1556 3086 1619 licet,
3125 1571 3228 1608 non
3264 1556 3387 1609 licet
3430 1561 3604 1612 Ιιιηιιί·

2029 1645 2080 1699 ni
2113 1644 2253 1700 lideli
2291 1647 2558 1700 diversam
2589 1653 2645 1700 ut
2675 1647 2960 1714 in'partem
3012 1651 3207 1702 audeat
3231 1665 3290 1702 os
3324 1652 3534 1715 aperire
3586 1668 3603 1717 ;

2026 1737 2135 1791 imo
2167 1752 2267 1791 nec
2295 1737 2513 1802 infideli,
2549 1752 2666 1792 mea
2702 1739 2916 1807 quidem
2949 1739 3226 1807 Opinione,
3263 1741 3421 1793 modo
3450 1757 3604 1795 men-

2029 1840 2101 1895 te,
2171 1843 2294 1898 quae
2336 1828 2600 1896 judicium
2661 1828 2803 1883 ferre
2861 1831 3050 1898 possit,
3105 1831 3363 1897 praeditus
3405 1830 3474 1885 sit
3511 1839 3607 1896 ;et

2026 1919 2244 1990 cOgitet,
2276 1934 2396 1988 qua:
2441 1919 2606 1973 nimia
2639 1919 2768 1987 sint,
2808 1935 2913 1973 una
2960 1936 3082 1974 cum
3116 1922 3396 1983 abusibus,
3428 1924 3492 1975 ad
3511 1937 3606 1976 cos

2025 2028 2144 2066 csse
2183 2011 2470 2068 referenda
2500 2014 2594 2082 qui
2629 2027 2736 2066 non
2801 2023 2947 2066 recte
3004 2022 3229 2066 utantur
3263 2031 3277 2078 ;
3306 2013 3604 2082 voluptati-1

2031 2114 2212 2158 autem
2256 2105 2443 2175 ‘ipsius
2472 2105 2626 2172 quasi
2674 2103 3108 2171 fundamentum,
3154 2105 3205 2158 in
3243 2105 3607 2174 pcrceptionis

1995 2196 2393 2250 “moderamine
2445 2197 2770 2251 consistere.
2809 2195 2926 2262 Quo
2951 2194 3006 2248 ﬁt
3043 2205 3101 2249 ut
3134 2197 3312 2251 dicere
3362 2196 3492 2249 mihi
3540 2195 3608 2249 li-

2022 2299 2144 2344 ceat
2194 2307 2208 2342 :
2246 2290 2545 2360 Antequam
2599 2291 2701 2345 iter
2733 2292 3033 2360 occiperes,
3094 2291 3427 2361 pervenisti;
3467 2290 3608 2356 quod

2022 2380 2236 2436 divinus
2299 2382 2516 2451 quidam
2549 2387 2630 2436 vir
2658 2383 2814 2448 dixit,
2846 2384 3070 2437 nimiam
3106 2386 3392 2453 quamdam
3417 2384 3609 2438 celeri--

2027 2483 2190 2526 tatem
2225 2474 2415 2528 volens
2459 2476 2766 2530 ostendere.
2801 2476 3051 2529 Arbitror
3109 2486 3287 2528 autem
3344 2480 3609 2545 quosdam

2026 2565 2113 2618 hic
2143 2575 2438 2632 praasentes
2463 2565 2750 2620 dilucidius
2774 2567 2887 2622 [me
2913 2569 3100 2624 audire
3131 2583 3328 2635 cupere
3371 2586 3385 2634 ;
3419 2569 3612 2636 Quibus

2023 2657 2267 2724 equidem
2322 2658 2758 2724 gratiﬁcandum,
2815 2660 2941 2712 dum
2992 2660 3127 2714 satis
3175 2661 3256 2714 eis
3291 2662 3401 2725 fiat,
3463 2670 3610 2728 puto.

2023 2746 2384 2815 Quamobrem
2450 2747 2693 2817 pluribus
2741 2763 2957 2803 omnem
3017 2750 3280 2804 rationem
3337 2750 3614 2819 explicans

2025 2851 2171 2894 recte
2213 2849 2580 2906 comparatam
2632 2854 2774 2896 esse.
2816 2841 3177 2908 sententiam,
3211 2845 3536 2898 necessariis
3555 2833 3613 2896 et

2022 2931 2490 2995 convenientilms,
2543 2939 2603 2985 ut
2656 2931 2916 2997 arbitror,
2962 2935 3311 3000 argtunentis'
3350 2933 3608 3002 probabo-

2039 3021 2360 3092 Quanquam
2405 3039 2515 3078 rem
2566 3023 2724 3080 valde
2777 3026 3121 3095 perspicuam
3175 3037 3422 3080 astruere
3481 3025 3611 3079 milii

2024 3115 2159 3170 velle
2190 3117 2396 3182 videor,
2425 3116 2777 3172 nihilominus
2806 3119 3006 3173 lienum
3039 3128 3123 3173 est
3158 3120 3276 3173 [nec
3305 3119 3608 3188 explicare.

349 3231 459 3266 νον.
502 3216 610 3267 Καὶ
637 3215 698 3283 δὴ
726 3216 1022 3282 σκοπῶμεν
1067 3217 1187 3270 ὡδί.
1227 3219 1534 3290 Ἀρξόμεθα
1562 3223 1609 3276 δ’
1641 3220 1797 3288 αὖθις
1857 3229 1920 3280 ὲκ

2028 3207 2278 3276 quodque
2305 3222 2400 3277 per
2432 3223 2489 3263 se
2515 3209 2764 3263 consistit
2791 3224 2854 3262 ex
2895 3209 2960 3264 iis
2987 3225 3104 3280 qua:
3143 3211 3254 3280 jam
3291 3212 3433 3264 dicta
3463 3221 3608 3270 sunt,

349 3306 459 3357 τῶν
489 3307 792 3376 προτέρων.
843 3307 1111 3377 θεμέλιον
1145 3311 1253 3380 γὰρ
1303 3311 1463 3365 ἄλλον
1495 3315 1669 3379 οὐδεὶς
1700 3305 1921 3374 δύναται

349 3399 524 3452 θεῖναι
564 3402 714 3468 παρὰ
745 3401 836 3479 τὸν
867 3402 1147 3470 κείμενον,
1203 3403 1312 3472 ἔφη
1366 3405 1602 3469 Παῦλος.
1653 3410 1763 3463 Καὶ.
1814 3412 1918 3484 ὁδῷ

351 3492 584 3562 βαδίζων
622 3494 652 3544 ὀ
686 3493 868 3560 λόγος,
893 3492 1031 3546 Θεοῦ
1089 3498 1510 3567 συναιρομένου,
1547 3502 1828 3570 συντόμως
1861 3505 1921 3557 τὸ

350 3586 677 3652 γιγνόμενον
704 3585 1005 3650 ἀποδώσει,
1040 3587 1332 3653 ἀποδείξας
1364 3590 1464 3659 μὲν
1494 3592 1708 3658 ἐκεῖνα,
1747 3587 1822 3648 ὧν
1847 3598 1922 3664 μὴ

353 3675 695 3744 δειχθέντων,
731 3678 831 3730 οὐκ
856 3678 924 3731 ἂν
957 3679 1273 3748 ἀρκούντως
1300 3682 1445 3752 ἔχειν
1467 3684 1534 3737 τὰ
1565 3685 1920 3754 ῥηθησόμενα

350 3767 526 3831 δόξαν
557 3769 845 3836 σιωπήσας
874 3769 932 3822 δὲ
966 3771 1157 3838 πολλὰ,
1185 3772 1220 3826 ἃ
1254 3775 1347 3827 καὶ
1380 3773 1455 3845 μὴ
1488 3775 1749 3844 λεχθέντα
1769 3778 1918 3846 φυγῇ

348 3860 445 3912 τοῦ
465 3862 654 3930 κόρου,
687 3862 788 3914 οὐκ
820 3864 886 3919 ἂν
917 3866 1139 3932 ἐνέγκαι
1190 3867 1421 3936 ζημίαν,
1457 3863 1633 3938 οῐμαι,
1683 3869 1761 3937 τῷ
1794 3885 1925 3938 προ-

349 3952 590 4023 κειμένῳ
623 3953 834 4022 σκοπῷ.

2028 3316 2124 3370 per
2155 3315 2526 3365 communem.
2561 3311 2619 3356 ut
2677 3302 2750 3356 ita
2801 3303 3056 3369 dixerim,
3117 3305 3391 3358 notionem
3448 3315 3613 3373 atque

2027 3396 2374 3459 sententiam,
2430 3395 2600 3466 magis
2663 3399 2825 3452 etiam
2872 3399 3256 3452 consentaneis
3307 3399 3611 3452 rationibus

2029 3490 2282 3558 probare,
2315 3488 2529 3544 diversa
2581 3504 2676 3558 per
2713 3497 3050 3558 argumenta.
3086 3489 3218 3544 Nam
3270 3492 3410 3558 qunti
3444 3491 3610 3544 rebus

2027 3582 2240 3636 duabus
2268 3590 2505 3648 constat,
2532 3583 2669 3637 duos
2696 3583 2984 3652 quosdam,
3011 3593 3068 3635 ut
3103 3584 3173 3635 ita
3208 3583 3409 3645 dicam,
3441 3585 3609 3662 pedes

2027 3676 2250 3741 habens,
2306 3676 2703 3745 quodammodo
2766 3677 3017 3731 srabilius
3085 3686 3166 3730 est
3227 3689 3292 3730 eo
3340 3676 3479 3743 quod
3516 3689 3611 3743 per

2029 3785 2192 3823 unum
2224 3771 2452 3838 aliquid,
2479 3770 2622 3822 velut
2648 3785 2712 3822 ex
2736 3771 2983 3835 semisse,
3012 3771 3276 3839 quasique
3307 3770 3440 3839 pede
3466 3771 3611 3824 dun-

2032 3871 2184 3914 taxat
2215 3875 2324 3914 uno
2364 3859 2639 3914 consistit.
2681 3861 2832 3924 Quod
2863 3863 2908 3914 si
2945 3862 3108 3913 etiam
3147 3863 3390 3930 pluribus
3447 3860 3604 3928 fult-i-

2032 3964 2144 4016 tur,
2178 3954 2337 4020 longe
2378 3951 2428 4004 id
2478 3965 2694 4020 quoque
2727 3951 2919 4005 melius
2965 3963 3067 4008 est.
3120 3954 3184 4006 Et
3240 3953 3607 4009 consideratio

345 4062 478 4100 sane
528 4057 714 4101 nostra
767 4049 870 4101 hoc
909 4047 1139 4116 quodam
1177 4051 1335 4102 modo
1362 4049 1696 4104 instituatur.
1731 4048 2019 4103 Ordiamur
2085 4055 2266 4099 autem
2310 4057 2496 4097 rursus
2559 4059 2624 4098 ex
2688 4047 3179 4114 antecedentibus;
3224 4050 3420 4119 quippe
3484 4050 3609 4104 l'un-

347 4145 658 4196 «iumentum
689 4143 831 4196 aliud
860 4144 988 4213 poni
1021 4145 1205 4213 nequit
1228 4145 1549 4214 quamquod
1576 4145 1780 4211 iactum
1815 4155 1919 4207 est.

2000 4155 2058 4197 ut
2128 4140 2277 4194 Pauli
2326 4139 2509 4194 verbis
2557 4149 2697 4194 utar.
2732 4141 2797 4194 Et
2846 4144 2958 4211 ipsa
3007 4145 3191 4199 oratio
3249 4149 3331 4199 via
3375 4148 3606 4214 quadam

349 4236 664 4304 rationeque
713 4237 1115 4305 progrediente,
1154 4237 1456 4305 epitulante
1509 4237 1637 4302 Deo,
1706 4238 2107 4301 compendiario
2161 4235 2302 4304 quod
2373 4243 2586 4290 rectum
2665 4237 2770 4290 erit
2835 4248 3071 4309 exponet
3116 4257 3128 4292 :

349 4325 474 4390 illis,
505 4329 700 4394 quibus
727 4344 832 4381 non
875 4328 1139 4398 probatis,
1186 4329 1328 4383 battd
1366 4331 1500 4384 satis
1536 4330 1675 4384 bene
1725 4340 2021 4384 constituta
2063 4347 2184 4400 qua:
2222 4332 2473 4389 dicentur
2513 4336 2714 4390 videri
2761 4339 2984 4404 queant,

3214 4239 3608 4295 demonstratiS

3069 4333 3364 4400 multisque
3436 4333 3570 4386 silen
3587 4360 3606 4372 η

351 4418 424 4471 tio
461 4419 768 4487 praeteritis,
827 4433 948 4488 quae
999 4419 1209 4474 tametsi
1276 4420 1480 4474 vitandi
1537 4421 1679 4475 tacdii
1754 4435 1916 4476 causa
1958 4425 2170 4492 prdlata
2206 4442 2308 4479 non
2366 4428 2590 4494 fuerint,
2628 4428 2830 4482 nullum
2887 4434 3064 4480 tamen
3097 4427 3377 4496 proposito
3440 4439 3608 4495 scopo

349 4516 756 4581 detrimentum,
787 4519 1002 4586 opinor,
1056 4516 1360 4572 attulerint.

423 4609 482 4660 Εἰ
513 4610 644 4677 γοῦν
683 4611 715 4679 ἡ
752 4609 916 4677 φύσις
965 4611 1072 4663 τῶν
1101 4609 1272 4663 ὄντων
1309 4611 1462 4678 παρὰ
1517 4610 1678 4676 Θεοῖ»,
1737 4612 1831 4666 καὶ
1882 4612 1914 4680 ἡ

2099 4609 2153 4664 Si
2211 4625 2340 4682 ergo
2407 4623 2597 4666 natura
2643 4625 2827 4666 rerum
2861 4625 2889 4664 a
2921 4611 3033 4666 Deo
3091 4619 3195 4676 est,
3229 4621 3282 4666 et
3329 4612 3606 4696 appetitus

353 4699 622 4767 ³επιθυμία
655 4701 791 4751 πᾶσι
821 4701 934 4762 τοῖς
960 4698 1121 4763 ζώοις
1155 4701 1513 4770 ὲνέσπαρται,
1547 4703 1801 4773 καθάπερ
1834 4704 1930 4755 καὶ

354 4793 708 4858 προείρηται,
751 4790 848 4842 καὶ
887 4789 989 4842 οὐκ
1045 4789 1194 4842 ἐστιν
1256 4790 1453 4854 ἔξωθεν
1493 4791 1553 4844 τὸ
1601 4793 1920 4861 ἐπιθυμεῖν,

352 4883 474 4934 οὐδὲ
503 4883 531 4932 ὑ
545 4882 882 4949 στερογενὲς,
917 4879 1029 4934 οὐδ’
1059 4882 1375 4949 ἐπίκτητον,
1406 4883 1525 4934 ἀλλ’
1549 4885 1794 4953 ἔμφυτός
1838 4901 1924 4947 τις

354 4973 590 5042 δύναμις
631 4973 732 5040 τῆς
760 4973 966 5041 ψυχῆς,
997 4972 1091 5025 καὶ
1124 4971 1452 5042 ἀχώριστος,
1488 4975 1581 5026 καί
1645 4975 1812 5045 μέρος
1857 4975 1920 5042 γε

356 5082 409 5117 τι
444 5063 646 5132 ταύτης
682 5065 754 5132 (εἰ
793 5062 974 5131 βούλει
1011 5062 1215 5130 λέγειν)
1243 5062 1344 5130 τῆς
1385 5063 1685 5134 τριμεροῦς
1728 5053 1792 5117 τε
1825 5065 1920 5116 καὶ

355 5153 595 5225 ἀμεροῦς
634 5154 801 5224 (λέγω
833 5153 890 5205 δὲ
925 5153 1019 5205 νῦν
1045 5153 1174 5224 περὶ
1201 5153 1303 5218 τῆς
1335 5153 1560 5223 λογικῆς
1591 5172 1647 5207 τε
1671 5157 1766 5208 καὶ
1787 5157 1926 5226 ἡμε-

291 5282 296 5288 -
351 5246 567 5316 τέρας),
595 5246 840 5315 δηλονότι
868 5246 1074 5313 ἀγαθὸν
1101 5247 1135 5315 ἡ
1170 5246 1463 5315 ἐπιθυμία,
1522 5247 1618 5300 ἆτε
1657 5249 1720 5316 δὴ
1769 5249 1924 5318 παρὰ

352 5341 493 5394 Θεοῦ
538 5343 604 5411 τῇ
642 5339 790 5410 ψυχῇ
837 5339 1104 5409 δεδομένη
1154 5342 1252 5420 πῖιχ
1289 5333 1453 5410 ἦττον
1508 5341 1540 5409 ἢ
1583 5340 1650 5392 τὰ
1716 5340 1923 5409 ἀδελφά

354 5434 531 5503 αὐτῆς
597 5437 765 5503 μέρη,
799 5433 872 5486 ,τὸ
934 5432 1153 5500 λογικόν
1182 5449 1241 5484 τε
1280 5432 1374 5485 καὶ
1422 5432 1674 5500 θυμικόν.
1719 5433 1827 5484 Καὶ
1879 5437 1925 5486 εί

351 5527 513 5582 τοῦτο
534 5527 652 5598 δοίη
692 5545 796 5595 τις,
830 5527 1036 5596 ἀγαθὸν
1081 5523 1225 5580 εἶναι
1261 5527 1362 5594 τὴν
1390 5527 1687 5597 ἐπιθυμίαν
1734 5527 1920 5597 (δώσει

351 5625 409 5676 δέ
437 5640 498 5689 γε
529 5623 639 5686 πᾶς
663 5641 768 5688 τις,
795 5620 972 5691 οἶμαι,
998 5621 1098 5674 οὐκ
1130 5621 1206 5674 ὢν
1245 5622 1484 5692 αὐθάδης
1513 5639 1571 5674 τε
1615 5623 1710 5674 καὶ
1764 5621 1924 5675 ἀλλό-

356 5716 560 5782 κοτος),
601 5715 807 5784 ἀγαθον
833 5715 930 5768 καὶ
958 5716 990 5785 ἡ
1024 5714 1188 5783 ἡδονὴ
1219 5713 1494 5782 φαίνεται,
1523 5713 1592 5766 δι’
1613 5713 1678 5783 ἦν
1695 5730 1753 5764 τε
1773 5713 1920 5765 ἔστιν

359 5807 674 5876 ἐπιθυμεῖν,
716 5809 810 5860 καὶ
839 5800 905 5878 ἦς
933 5807 1101 5876 χωρὶς
1124 5807 1246 5860 οὐδὲ
1267 5807 1366 5876 τὴν
1406 5804 1703 5873 ἐπιθυμίαν
1750 5804 1920 5869 αὐτὴν

355 5900 510 5964 size;
539 5898 602 5968 ἦν
629 5901 802 5970 δήπου
826 5901 890 5970 τῇ
917 5899 1064 5971 ψυχῇ
1100 5899 1516 5971 ξυμπεφυκὲναι
1546 5898 1642 5969 τὴν
1675 5895 1921 5968 πρώτην.

2033 4703 2248 4757 curictis
2283 4703 2656 4759 animantibus
2683 4703 2904 4768 insitus,
2954 4703 3100 4758 sicut
3131 4713 3183 4758 et
3219 4715 3345 4758 ante
3400 4705 3604 4760 dictum

2027 4805 2131 4858 est,
2164 4811 2262 4850 uec
2294 4795 2579 4865 appetendi
2607 4796 2688 4850 vis
2719 4803 2814 4848 aut
2846 4798 3189 4871 extrinsecus
3212 4796 3460 4852 alicunde
3483 4814 3608 4866 pro-

2029 4885 2200 4949 Vettii,
2233 4894 2325 4939 aut
2353 4895 2473 4939 orta
2512 4886 2784 4953 pomerius
2815 4895 2918 4947 est,
2958 4898 3049 4940 aut
3081 4889 3346 4954 ascititia,
3399 4892 3489 4943 sed
3519 4890 3602 4943 in-

2027 4987 2150 5029 nata
2213 4976 2462 5045 qttmdatn
2512 4985 2565 5030 et
2633 4978 3013 5046 inseparabilis
3065 4981 3228 5034 animi
3274 4982 3507 5037 lacultas
3551 4994 3606 5036 et

2027 5084 2151 5135 pars
2187 5069 2429 5133 quaedam
2465 5059 2600 5135 ejus,
2631 5068 2676 5122 si
2701 5051 3026 5137 quidem’ita
3077 5069 3223 5141 loqui
3261 5074 3429 5133 voles,
3482 5089 3602 5142 qua:

2030 5159 2298 5224 tripartita
2357 5160 2562 5226 pariter
2614 5166 2668 5212 et
2708 5158 2965 5227 "partium
3023 5175 3220 5230 expers
3270 5173 3354 5238 est
3391 5164 3606 5236 (loquor

2029 5261 2210 5302 au:em
2238 5249 2397 5302 modo
2426 5249 2494 5302 de
2518 5250 2699 5303 anima
2734 5250 2961 5306 rationis
2996 5254 3261 5322 participe
3280 5271 3344 5310 ac
3365 5261 3601 5322 nostra),

2031 5341 2298 5408 sequitur,
2329 5342 2628 5409 appetitum
2657 5356 2778 5396 esse
2827 5359 2938 5398 rem
2971 5344 3190 5410 bonam,
3226 5346 3389 5399 veluti
3442 5344 3531 5412 qui
3568 5360 3601 5397 ιι

2031 5431 2140 5486 Deo
2184 5448 2287 5487 non
2327 5433 2504 5487 minus
2524 5435 2705 5488 animo
2734 5435 2974 5491 tributus
3003 5439 3097 5500 sit,
3133 5453 3195 5492 ac
3221 5448 3400 5506 partes
3433 5435 3602 5503 ipsius

2029 5538 2324 5593 germanae,
2354 5525 2730 5580 ratiocinatrix
2761 5535 2815 5580 et
2861 5527 3124 5584 irascens.
3165 5528 3242 5579 Ae
3302 5527 3344 5579 si
3381 5525 3597 5592 quidem

2029 5618 2227 5687 aliquis
2257 5619 2493 5686 dederit,
2541 5623 2841 5690 appetitum
2869 5637 2990 5676 esse
3028 5638 3137 5675 rem
3187 5621 3383 5673 bonam
3427 5618 3600 5688 (dabit

2027 5721 2207 5764 autem
2239 5711 2493 5780 quilibet,
2533 5715 2752 5782 Opinor,
2805 5713 2898 5781 qui
2943 5728 3116 5781 neque
3145 5723 3465 5773 contumax,
3496 5725 3596 5764 ne-

2029 5819 2132 5870 que
2159 5805 2405 5860 insolens
2445 5806 2592 5873 erit),
2633 5806 2845 5873 parebit
2870 5813 2925 5858 et
2963 5805 3288 5872 voluptatem
3335 5820 3454 5858 esse
3484 5821 3596 5860 rem

2029 5896 2250 5963 bonam,
2291 5908 2513 5969 propter
2555 5911 2717 5967 quam
2747 5898 3075 5966 appetimus,
3136 5906 3188 5950 ct
3227 5897 3432 5966 absque
3487 5912 3593 5967 qua
