4098 6272
546 412 654 473 467

1731 408 2129 471 MANUELIS
2160 406 2602 471 PAL/EOLOGI

3668 396 3801 462 46⁷8

544 540 612 578 ne
664 522 839 590 ipsum
908 518 1124 588 quidem
1190 516 1487 588 appetitum
1522 518 1589 572 ab
1634 518 1788 575 initio
1857 532 2138 577 naturam.

2241 521 2402 591 icitth
2428 522 2535 591 γὰρ
2572 520 2638 573 ἂν
2680 521 2831 589 παρὰ
2863 517 2961 587 τὴν
3018 517 3193 588 ἀρχὴν
3228 514 3289 570 te
3329 514 3613 587 ἐπιθυμεῖν
3655 517 3799 583 ἐγεο

544 615 727 667 animo
754 613 1048 666 indituram
1078 612 1265 676 fuisse,
1302 622 1726 666 consentaneum
1754 620 1855 666 est.
1884 610 2107 666 Frustra

550 707 693 761 enim
723 706 790 760 ab
820 706 976 760 initio
1009 706 1245 759 tributus
1299 706 1456 761 nobis
1493 706 1683 761 fuisset
1720 709 2013 776 appetitus,
2065 708 2111 763 si

551 813 657 852 non
687 808 739 851 et
793 796 921 851 illud
964 797 1286 861 exstitisset,
1315 798 1367 850 in
1410 812 1518 866 quo
1552 799 1763 853 animus
1810 799 1914 853 hac
1941 800 2109 854 etiam

548 889 602 942 in
631 897 783 956 parte
808 896 990 954 posset
1020 887 1072 939 in
1107 887 1266 941 nobis
1294 885 1483 940 eﬂicax
1515 902 1655 941 esse.
1702 890 1770 940 At
1796 887 1994 942 frustra
2032 888 2111 942 fa-

546 991 692 1034 ctum
729 979 931 1046 aliquid
963 993 1086 1048 esse
1114 996 1141 1032 a
1177 980 1305 1041 Deo.
1342 989 1452 1034 tam
1486 982 1639 1035 dictu
1662 996 1820 1049 quam
1852 982 2112 1051 cogitatu,

550 1072 819 1127 nefariqu
870 1071 1052 1127 fuerit.
1080 1071 1340 1140 Sequitur
1364 1087 1515 1140 ergo,
1546 1074 1631 1127 vel
1659 1075 1897 1129 animum
1940 1091 1966 1127 a
2003 1076 2114 1131 Deo

548 1179 657 1218 non
707 1178 830 1217 esse
865 1162 1092 1227 factum,
1139 1164 1281 1233 (quis
1313 1174 1489 1218 autem
1522 1173 1575 1217 et
1620 1166 1800 1219 animo
1835 1168 2114 1232 prmdilus,

550 1266 605 1310 et
640 1255 835 1309 mentis
876 1258 1164 1324 particeps,
1195 1257 1295 1310 hoc
1328 1256 1522 1310 dixerit
1550 1257 1595 1325 ?)
1626 1260 1705 1311 vel
1747 1272 1870 1313 esse
1893 1260 2119 1314 creden-

555 1348 705 1412 dum,
744 1347 1072 1415 voluptatem
1110 1348 1293 1402 animo
1329 1349 1591 1403 divinitus
1650 1350 1929 1404 tributam.
1980 1351 2115 1405 Cum

563 1440 707 1491 enim
736 1441 1020 1507 prolatum
1054 1439 1146 1504 sit,
1173 1455 1238 1492 ne
1277 1441 1571 1507 appetitum
1613 1443 1832 1509 quidem
1877 1458 1996 1497 esse
2025 1444 2118 1496 de-

557 1530 768 1593 buisse,
801 1530 844 1583 si
876 1532 1036 1598 plane
1073 1531 1204 1585 nihil
1242 1532 1553 1597 exsisteret,
1597 1532 1649 1587 in
1691 1550 1798 1602 quo
1853 1536 2122 1603 appetitus

560 1638 619 1677 se
646 1624 696 1677 id
728 1623 1026 1692 essequod
1052 1634 1136 1677 est
1160 1632 1303 1677 recte
1335 1624 1613 1679 declarare
1666 1635 1870 1695 posset,
1918 1628 2133 1695 perspi-’

561 1727 721 1766 cuum
759 1729 983 1781 prorsus
1012 1722 1093 1767 est
1128 1715 1407 1778 omnibus,
1431 1715 1577 1768 nulla
1597 1716 1641 1769 si
1671 1716 1919 1785 voluptas
1953 1730 2120 1783 esset,

559 1822 662 1862 nec
691 1809 988 1875 appetitum
1024 1808 1244 1861 omnino
1301 1810 1572 1863 exsistere
1607 1810 1879 1875 debuisse,
1924 1812 2123 1880 quippe

2214 616 2383 684 γάνει,
2422 616 2521 668 οὐκ
2584 615 2739 677 ὄντος
2806 612 3041 676 ἐκείνου,
3096 613 3156 664 ἐν
3224 604 3381 679 ᾧπερ
3441 608 3509 662 ἂν
3545 603 3695 677 εἶχεν
3756 608 3798 676 ἡ

2217 708 2362 776 ψυχὴ
2394 707 2655 760 καὶκατὰ
2686 705 2808 758 τόδε
2839 705 2898 756 τὸ
2941 705 3107 772 μέρος
3158 702 3381 770 ἐνεργὸς
3441 702 3574 769 ἡμῖν
3613 696 3794 751 εἶναι.

2214 800 2409 869 Μάτην
2432 799 2488 851 δέ
2523 816 2574 851 τι
2601 800 2755 867 παρὰ
2778 798 2912 850 Θεοῦ
2943 797 3226 865 γεγονέναι
3255 794 3573 863 βλάσφημον
3605 792 3801 842 εἰπεῖν

2217 891 2249 959 ἢ
2282 892 2491 959 νοῆσαι.
2522 890 2822 958 Συμϐαίνει
2862 888 2974 957 6ὲῆ
3011 887 3144 957 μηδέ
3178 887 3275 954 τὴν
3310 883 3492 954 ψυχὴν
3544 886 3606 935 ἐκ
3641 881 3800 934 Θεοῦ

2217 982 2529 1050 γεγονέναι,
2560 981 2608 1048 (ὃ
2636 981 2719 1042 τίς
2759 981 2826 1032 ἂν
2856 979 3025 1040 εἴποι,
3058 977 3241 1047 ψυχήν
3273 993 3334 1028 τε
3368 976 3531 1043 ἔχων,
3567 975 3663 1041 καὶ
3695 974 3799 1025 νοῦ

2221 1076 2467 1144 μετέχων
2509 1073 2548 1143 ;)
2579 1073 2610 1143 ἦ
2640 1073 2735 1126 καὶ
2766 1073 2865 1140 τὴν
2896 1070 3089 1141 ἡδονὴν
3120 1073 3188 1139 τῇ
3216 1070 3364 1137 ψυχῇ
3401 1068 3584 1119 θεόθεν
3640 1061 3799 1117 εἶναι

2219 1167 2525 1220 πιστεύειν.
2600 1163 2820 1233 Ἐπειδὴ
2872 1163 2983 1232 γὰρ
3041 1161 3334 1223 δέδεικται,
3382 1157 3454 1220 ὼς
3513 1157 3637 1209 οὐδὲ
3692 1156 3804 1225 τὴν

2220 1259 2519 1329 ἐπιθυμίαν
2555 1260 2725 1327 ἐχρῆν
2762 1252 2926 1320 εἶναι,
2975 1255 3191 1315 οὐδενός
3222 1270 3371 1314 τινος
3423 1252 3561 1314 ὅλως
3608 1251 3799 1312 ὄντος,

2222 1352 2308 1418 ἐφ’
2340 1348 2493 1419 ᾧπερ
2524 1351 2589 1403 ἂν
2618 1349 2799 1411 καλῶς
2822 1348 3174 1405 ἐπεδείκνυτο
3207 1345 3337 1399 αὑτό
3366 1360 3428 1411 γε
3460 1343 3619 1396 τοῦτο
3651 1338 3722 1395 οὗ
3736 1360 3800 1393 τα

2223 1442 2517 1509 ἐπιθυμία,
2548 1440 2709 1509 δῆλον
2741 1438 2808 1489 ἂν
2853 1441 2938 1507 εἴη
3001 1440 3167 1490 πᾶσιν
3228 1434 3380 1503 ἑξῆς,
3425 1433 3500 1500 ὡς
3534 1434 3630 1486 καὶ
3694 1433 3801 1500 τῆς

2224 1533 2419 1601 ἡδονῆς
2483 1530 2750 1598 μηδαμῶς
2807 1528 2992 1596 οὔσης,
3048 1527 3168 1579 οὑδέ
3218 1526 3318 1593 τὴν
3374 1525 3675 1593 ἐπιθυμίαν
3733 1541 3799 1591 γε

2225 1625 2331 1677 ἔδει
2379 1625 2707 1692 τοπαράπαν
2768 1622 3180 1689 συνεστηκέναι.
3248 1618 3525 1687 Πρόδηλον
3576 1616 3692 1685 γὰρ
3723 1617 3801 1679 ὡς

2226 1721 2258 1788 ἡ
2292 1717 2557 1784 ἐπιθυμία
2599 1717 2666 1769 δι’
2703 1714 3042 1785 εὐφροσύνην
3086 1714 3179 1765 καὶ
3208 1713 3399 1782 ἡδονὴν
3434 1712 3547 1780 ἔχει
3575 1710 3679 1779 τὴν
3710 1710 3799 1761 κίο

2226 1826 2402 1875 νησιν.
2436 1810 2509 1860 Οὐ
2538 1809 2645 1877 γὰρ
2680 1807 2829 1859 ἔστιν
2871 1805 3058 1875 ἔτερόν
3102 1821 3156 1855 τι
3194 1803 3303 1854 τῶν
3360 1802 3601 1863 πάντων,
3648 1801 3796 1867 ὑπὲρ

559 1896 905 1951 manifestum
963 1906 1069 1959 est,
1125 1899 1420 1966 appetitum
1459 1899 1659 1953 lmtitias
1723 1875 2122 1970 voluptatisque

2241 1900 2284 1953 >ὖ
2309 1901 2583 1970 δήπουθεν
2617 1875 2761 1965 αὕτη
2810 1898 2875 1951 ἂν
2910 1896 3183 1966 κινηθείη.
3219 1894 3377 1951 Οὕτω
3417 1893 3475 1945 δὲ
3528 1892 3627 1960 τῆς
3677 1893 3798 1942 ἐπε-

560 2002 723 2043 rausa
759 1988 985 2044 moveri.
1020 1987 1128 2043 Nec
1154 1990 1295 2043 enim
1340 2002 1423 2045 est
1455 1990 1596 2044 aliud
1632 1991 1934 2061 quidpiam,
1966 1992 2125 2060 cujus

560 2080 651 2133 hic
684 2095 844 2134 causa
904 2082 1109 2135 moveri
1166 2084 1358 2149 possit.
1412 2083 1749 2152 QuaprOpter
1785 2085 2023 2154 appetitu
2072 2086 2122 2139 in

558 2174 706 2226 hunc
741 2173 957 2227 modum
1015 2174 1238 2238 abolito,
1277 2175 1454 2243 deque
1516 2176 1695 2231 medio
1732 2178 1983 2243 sublato,
2025 2193 2126 2232 nec

565 2266 784 2319 animus
816 2266 929 2332 ipse
979 2266 1327 2320 remanserit.
1379 2266 1589 2323 Etenim
1650 2267 1761 2322 ﬁeri
1820 2270 2027 2337 nequit,
2071 2278 2129 2322 ut

561 2356 778 2410 animus
800 2354 974 2424 aliqua
1016 2371 1073 2409 re
1121 2372 1214 2409 sua
1278 2357 1563 2426 spoliatus,
1607 2360 1660 2411 in
1702 2374 1763 2412 eo
1814 2374 2130 2427 permanere

562 2454 726 2510 statu,
761 2462 864 2515 quo
898 2448 1144 2502 conditus
1162 2449 1284 2511 fuit,
1318 2450 1529 2515 possit;
1560 2452 1703 2518 quod
1734 2466 1869 2505 sane
1907 2453 1971 2505 de
1999 2467 2130 2505 con-

565 2538 736 2592 trario
766 2545 937 2606 paret.
968 2538 1100 2591 Nam
1130 2554 1305 2607 neque
1334 2550 1760 2596 consentaneum
1803 2550 1904 2606 est,
1956 2558 2130 2613 neque

566 2629 686 2684 ﬁeri
719 2640 913 2698 potest,
961 2639 1018 2685 ut
1046 2631 1260 2684 animus
1319 2628 1524 2701 aliquid
1576 2633 1914 2689 extrinsecus
1973 2651 2130 2689 astu-

568 2730 707 2785 mat,
737 2735 840 2789 quo
869 2722 1045 2790 magis
1078 2723 1147 2777 sit
1192 2723 1428 2778 animus.
1485 2723 1724 2794 Ideoque
1764 2741 1863 2781 nec
1902 2727 2131 2782 alterum

573 2811 690 2865 ﬁeri
726 2821 927 2880 potest,
959 2824 1012 2866 ut
1044 2814 1249 2882 aliquid
1275 2815 1483 2869 scilicet
1504 2818 1739 2872 amittat.
1776 2815 2133 2872 Namutrum-

571 2918 677 2970 que
707 2903 1069 2957 consimiliter
1096 2904 1390 2958 absurdum
1422 2915 1526 2960 est.
1568 2907 1781 2961 Etenim
1812 2908 1978 2962 animi
2009 2924 2135 2978 erga

571 3007 634 3050 se
701 2993 952 3052 invicem,
1012 2996 1154 3060 quod
1205 2996 1375 3062 ipsam
1431 2997 1621 3051 attinet
1673 3000 2028 3053 substantiam
2085 3006 2139 3054 et

574 3093 752 3135 ortum
809 3086 1068 3152 primum,
1122 3086 1411 3153 aequaliter
1472 3097 1525 3140 et
1554 3090 1741 3144 eodem
1792 3090 1973 3144 aﬂ‘ecti
2008 3099 2138 3145 sunt

2229 1992 2433 2060 θυμίας
2475 1990 2759 2058 ἀρθείσης,
2794 1987 2889 2041 καὶ
2922 1987 3207 2049 παντελῶς
3257 1986 3321 2037 εκ
3356 1984 3526 2050 μέσου
3557 1998 3794 2049 γεγενη-

2231 2083 2422 2150 μένης,
2473 2081 2592 2134 οὐδὲ
2626 2080 2688 2132 τὸ
2719 2080 2817 2148 τῆς
2866 2078 3044 2147 ψυχῆς
3081 2078 3270 2147 χρῆμα
3306 2078 3652 2144 παρέμεινεν
3709 2072 3790 2124 ἄν.

2228 2176 2302 2227 Οὐ
2338 2174 2446 2242 γὰρ
2474 2173 2588 2226 ἔστι
2617 2171 2717 2238 τὴν
2741 2170 2919 2239 ψυχὴν
2941 2168 3338 2237 ἀφαιρεθεῖσάν
3363 2184 3416 2219 τι
3466 2166 3574 2219 τῶν
3602 2166 3785 2232 αὐτῆς.

2231 2269 2289 2318 ἐν
2321 2260 2570 2336 γέγονε
2625 2261 2960 2315 καταστάσει
3002 2262 3210 2328 μεῖναι.
3255 2258 3426 2328 Δῆλον
3477 2259 3533 2310 δὲ
3594 2258 3659 2308 ἐκ
3708 2256 3786 2308 τοῦ

2231 2355 2500 2409 ἐναντίου.
2530 2354 2662 2405 Οὐδὲ
2696 2352 2803 2421 γὰρ
2844 2352 3016 2413 είκὸς,
3050 2349 3170 2401 οὐδὲ
3210 2346 3588 2416 ἐνδεχόμενον,
3627 2360 3773 2411 7:90:-

2231 2446 2417 2499 λαϐεῖν
2445 2463 2497 2498 τι
2529 2445 2767 2512 θύραθεν
2800 2442 2899 2511 τὴν
2929 2441 3130 2510 ψυχὴν,
3159 2439 3300 2491 ὥστε
3332 2442 3425 2491 καὶ
3471 2436 3681 2505 μᾶλλον
3699 2438 3774 2504 ἦν·

2232 2538 2333 2609 χὴν
2371 2536 2649 2603 γενέσθαι.
2682 2534 2892 2588 Οὐκοῦν
2946 2533 3067 2585 οὐδὲ
3121 2532 3346 2599 θάτερον
3388 2529 3619 2582 δυνατόν
3661 2529 3786 2591 ἐστι,

2233 2632 2293 2683 τὸ
2325 2629 2621 2682 ἀποϐαλεῖν
2652 2644 2818 2695 φημι.
2861 2625 3100 2695 Ὁμοίως
3134 2626 3242 2694 γὰρ
3276 2624 3540 2688 ἑκάτερον
3575 2623 3789 2675 ἄτοπον.

2234 2722 2299 2773 Αἱ
2322 2720 2431 2789 γὰρ
2467 2719 2636 2788 ψυχαὶ
2672 2717 2929 2786 καὶπρὸς
2964 2715 3219 2785 ἀλλήλας,
3255 2714 3348 2767 καὶ
3412 2714 3551 2783 πρὸς
3606 2712 3789 2773 αὐτὰς,

2240 2815 2367 2875 ῐσως
2412 2811 2703 2881 ἀειδήποτε
2737 2808 2832 2861 καὶ
2861 2806 3127 2867 ὡσαύτως
3160 2805 3378 2874 ἔχουσιν
3405 2804 3507 2856 ὃσα
3537 2801 3682 2856 κατὰ
3704 2801 3793 2870 τὴν

2237 2906 2430 2958 οὐσίαν
2490 2903 2686 2971 αὐτὴν,
2739 2902 2833 2955 καὶ
2868 2902 2929 2952 τὸ
2986 2900 3220 2968 ὲξσρχῆς
3270 2892 3432 2971 εἶναι,
3490 2895 3704 2951 Οὔκουν
3736 2910 3793 2961 γε

2238 2995 2475 3068 ψυχῆςῆ
2510 2995 2731 3065 χείρων,
2766 2994 2799 3062 ἢ
2825 2993 3074 3063 βελτίων,
3110 2991 3230 3043 οὐδὲ
3264 2992 3464 3058 ἑαυτῆς
3480 3006 3632 3053 ποτε,
3660 2988 3794 3041 κατὰ

2239 3091 2337 3158 τὴν
2362 3088 2523 3157 φύσιν
2557 3086 2810 3155 γενέσθαι
2840 3080 2947 3146 oio;
2981 3101 3062 3147 τε,
3097 3085 3157 3135 οὐ
3178 3083 3359 3135 τοίνυν
3396 3082 3517 3134 οὐδὲ
3547 3080 3792 3145 δέξασθαί

573 3175 757 3228 modo.
810 3175 1012 3244 Nequit
1064 3177 1226 3244 igitur
1250 3179 1460 3232 animus
1491 3180 1695 3245 animo,
1743 3183 1826 3235 vel
1867 3183 2029 3235 etiam
2081 3196 2138 3237 se

2242 3180 2432 3233 τιτῶν
2461 3178 2721 3244 θύραθεν,
2780 3177 2889 3228 οὐδ’
2948 3174 3249 3227 ἀποϐαλεῖν
3296 3173 3406 3226 τῶν
3462 3174 3694 3225 οἰκείων.
3734 3171 3791 3223 Ei

573 3267 715 3333 ipso,
753 3278 998 3321 naturam
1029 3269 1169 3336 quod
1202 3271 1416 3335 attinet,
1448 3282 1541 3325 aut
1585 3274 1850 3341 deterior,
1889 3285 1983 3329 aut
2026 3292 2141 3331 me-
2168 3299 2180 3302 ⁴

574 3358 677 3411 lior
709 3358 862 3425 fieri;
898 3360 1128 3429 ideoque
1158 3377 1257 3416 nec
1312 3380 1592 3419 assumere
1629 3366 1907 3436 quidpiam
1939 3370 2145 3422 extrin-

575 3468 754 3516 secus,
783 3466 883 3505 nec
923 3468 1078 3505 suum
1116 3454 1318 3521 aliquid
1376 3440 1627 3510 amittere
1688 3466 1884 3525 potest.
1937 3457 2068 3511 Nam
2100 3460 2141 3513 si

578 3553 729 3598 recte
756 3542 979 3597 allectus
1015 3546 1119 3597 erit
1149 3559 1243 3614 per
1268 3559 1324 3599 se
1348 3545 1585 3609 animus,
1624 3548 1715 3601 ubi
1752 3550 1835 3602 vel
1865 3564 2018 3603 suum
2045 3551 2145 3603 ali-

577 3637 705 3704 quid
739 3637 1006 3698 amiserit,
1059 3638 1142 3691 vel
1171 3640 1428 3707 quiddam
1460 3643 1804 3697 extrinsecus
1835 3656 2143 3708 assumpseo

577 3731 674 3792 rit,
707 3716 1045 3799 perspicuum
1090 3740 1190 3794 est,
1218 3746 1340 3785 eum
1376 3741 1522 3786 recte
1570 3733 1818 3788 all‘eetum
1850 3750 1955 3789 non
2004 3750 2144 3801 esse,

581 3821 627 3875 si
663 3838 758 3876 suo
795 3821 847 3875 in
884 3831 1027 3875 statu
1056 3833 1294 3876 maneat.
1324 3824 1392 3877 At
1419 3839 1547 3878 vero
1575 3826 1701 3879 dum
1753 3826 1803 3879 iu
1841 3841 1905 3881 eo
1948 3837 2144 3889 manet,

498 3924 503 3929 '
581 3915 637 3966 in
663 3928 772 3982 quo
792 3914 1049 3967 conditus
1086 3904 1152 3968 ab
1177 3915 1331 3969 initio
1366 3914 1487 3982 fuit,
1517 3917 1568 3969 in
1606 3931 1819 3972 summo
1844 3918 1986 3972 bono
2037 3935 2153 3972 ma-

586 4000 697 4058 net.
757 4003 897 4070 Ergo
931 4005 1286 4061 manifestum
1321 4015 1405 4060 est
1449 4008 1722 4072 Omnibus,
1786 4008 2047 4074 futttrum,
2093 4019 2151 4063 ut

588 4106 720 4147 tunc
748 4095 920 4164 magis
948 4096 1085 4148 male
1109 4097 1177 4149 sit
1215 4098 1441 4153 aﬂectus
1469 4099 1687 4168 (loquor
1718 4110 1898 4154 autem
1936 4117 2001 4154 ex
2053 4102 2151 4171 hy-

588 4187 849 4256 potbesi),
879 4202 999 4241 cum
1054 4189 1254 4258 aliquid
1295 4192 1636 4248 extrinsecus
1662 4196 2014 4263 assumpserit
2059 4204 2151 4247 aut

589 4294 747 4333 suum
776 4280 1041 4335 amiserit.
1084 4281 1219 4335 Nam
1286 4289 1610 4338 assumendo
1671 4285 1869 4340 nimius
1917 4286 2149 4352 evadet;

588 4372 887 4427 deiicienda
947 4373 1236 4442 quamdam
1268 4375 1419 4441 quasi
1472 4375 1865 4430 mutilationem
1920 4378 2151 4432 sustine-

587 4466 693 4520 bit.
747 4465 910 4533 Atqui
954 4467 997 4519 si
1050 4465 1265 4518 animus
1316 4465 1524 4533 integer
1579 4481 1643 4520 ac
1691 4469 1863 4521 bonus
1922 4469 2151 4522 inveniri

2245 3274 2357 3341 γὰρ
2390 3273 2556 3339 ὑγιῶς
2591 3270 2708 3334 seu
2744 3287 2806 3336 γε
2829 3269 2890 3322 τὸ
2923 3268 3044 3321 καθ’
3085 3265 3254 3334 αὐτὴν
3284 3267 3314 3333 ἡ
3345 3264 3515 3334 ψυχὴ,
3540 3264 3572 3335 ἦ
3597 3263 3792 3316 ἀποϐα-

2243 3363 2410 3415 λοῦσα
2443 3379 2494 3414 τι
2526 3362 2635 3413 τῶν
2668 3361 2862 3430 αὐτῆς,
2899 3359 2932 3429 ἢ
2983 3359 3077 3411 καὶ
3125 3357 3322 3421 ἔξωθεν
3380 3354 3738 3425 προσλαϐοῦσα
3766 3366 3785 3381 ο

2244 3452 2427 3522 δῆλον,
2460 3453 2535 3515 ὡς
2558 3455 2654 3521 οὐχ
2691 3453 2858 3520 ὑγιῶς
2900 3452 2967 3505 ἂν
3016 3446 3185 3520 εἶχεν,
3239 3452 3297 3503 ἐν
3334 3449 3414 3518 τῷ
3468 3447 3575 3501 καθ’
3620 3443 3775 3513 αὐτὴν

2249 3545 2511 3613 μένουσα.
2557 3542 2722 3595 Ἀλλά
2754 3542 2849 3593 νῦν
2870 3524 2934 3608 γε
2970 3541 3206 3609 μένουσα
3253 3540 3339 3607 ἐφ’
3380 3534 3529 3608 ᾧπερ
3564 3536 3654 3607 τὴν
3682 3535 3774 3603 ἀρ-

2246 3641 2349 3709 χὴν
2390 3639 2655 3706 ἐγεγόνει,
2681 3640 2737 3690 ὲν
2763 3637 2840 3707 τῷ
2870 3639 3024 3707 ἄκρῳ
3054 3638 3150 3690 τοῦ
3200 3634 3368 3690 καλοῦ
3431 3636 3605 3705 μένει.
3636 3633 3790 3685 Ὥστε

2248 3732 2383 3783 πᾶσι
2407 3730 2670 3799 φανερὸν,
2703 3733 2777 3792 ὡς
2806 3730 2928 3789 τότε
2959 3728 3161 3799 μᾶλλον
3200 3727 3384 3789 κακῶς
3432 3727 3547 3792 ἔξει
3575 3725 3655 3793 (ἐξ
3674 3725 3796 3778 ὑπο-

2250 3823 2451 3886 θέσεως
2482 3823 2537 3875 δέ
2563 3821 2751 3891 λέγω),
2785 3822 2914 3874 ὅταν
2962 3839 3017 3873 τι
3060 3821 3168 3875 τῶν
3204 3820 3436 3888 Θύραθεν
3476 3819 3797 3887 emacem“,

2248 3917 2281 3986 ἢ
2322 3914 2432 3967 τῶν
2459 3914 2602 3967 ἰδίων
2627 3913 2896 3983 ἀποϐάλῃ.
2933 3912 3011 3981 Τῇ
3050 3916 3146 3981 μὲν
3171 3913 3277 3983 γὰρ
3302 3911 3611 3979 προσλήψει
3644 3910 3800 3976 ὑπερ·

2251 4008 2408 4060 ϐαλεῖ
2431 4025 2446 4038 θ
2477 4009 2542 4077 τῇ
2564 4005 2620 4058 δὲ
2654 4004 2892 4073 ἐλλείψει
2921 4004 3162 4074 ὡσπερεί
3189 4022 3311 4058 τινα
3370 4005 3623 4075 πήρωσιν
3683 4003 3803 4054 ὕπο-

2253 4100 2535 4169 στήσεται.
2561 4099 2670 4150 Καὶ
2698 4096 2825 4167 μὴν,
2866 4097 2914 4148 εί
2950 4092 3018 4166 ἦν
3064 4096 3161 4166 τὴν
3199 4096 3375 4166 ψυχὴν
3418 4095 3689 4164 ἀκεραίαν
3718 4090 3805 4147 καὶ

2252 4193 2422 4262 καλὴν
2448 4193 2764 4265 εὑρεθῆναι,
2798 4193 2897 4260 τῆς
2942 4174 3238 4258 ἐπιθυμίας
3286 4188 3554 4256 ἀπούσης,
3590 4186 3805 4258 περιττή

2251 4300 2367 4345 πως
2402 4284 2493 4336 καὶ
2515 4284 2711 4352 αἰσχρὰ
2740 4282 2932 4349 γένοιτ’
2962 4282 3026 4336 ἂν
3074 4285 3141 4352 τῇ
3169 4283 3266 4349 τῆς
3297 4281 3602 4351 ἐπιθυμίας
3647 4296 3809 4349 προσ-

2255 4378 2418 4451 θήκῃ.
2486 4379 2546 4431 El
2579 4378 2636 4430 δὲ
2666 4378 2761 4430 νῦν
2795 4378 2962 4448 αὐτὴν
2996 4377 3166 4446 καλὴν
3214 4379 3307 4431 καὶ
3335 4377 3632 4446 ὁλόκληρον
3684 4375 3813 4447 ὁρῶ·

2262 4484 2382 4537 μεν,
2419 4467 2639 4536 εὔδηλον
2673 4468 2737 4520 ἂν
2760 4469 2843 4537 εἴη
2870 4468 3079 4536 σαφῶς,
3104 4468 3178 4529 ὡς
3210 4463 3278 4538 ἦν
3308 4469 3374 4520 ἂν
3411 4470 3665 4537 αἰσχίστη
3725 4466 3812 4520 καὶ

588 4566 791 4622 posset,
845 4556 1084 4625 appetitu
1160 4555 1471 4619 destitutus,
1520 4557 1821 4626 superﬂuus
1879 4567 1929 4612 et
1986 4558 2138 4628 turpi:

2257 4560 2482 4631 ἐλλιπὴς
2517 4563 2582 4630 τῇ
2609 4559 2701 4612 τοῦ
2739 4560 2935 4628 μέρους
2971 4560 3277 4629 ἀφαιρέσει.
3312 4559 3394 4612 Τὰ
3438 4560 3547 4629 γὰρ
3608 4558 3814 4612 ἐναντία

592 4658 736 4704 esset
784 4663 851 4703 ex
912 4646 1203 4715 appetitus
1245 4649 1590 4711 accessione;
1659 4649 1740 4703 sin
1810 4649 1959 4704 illum
2012 4667 2156 4705 nunc

598 4739 878 4806 pulchrum
919 4746 974 4791 et
1028 4736 1295 4806 integrum
1325 4737 1595 4799 videmus,
1657 4740 1942 4808 perspicue
1986 4739 2158 4794 mani-

594 4830 793 4884 festum
856 4832 981 4894 erit,
1048 4829 1421 4897 turpissimunt
1477 4840 1531 4883 et
1584 4830 1956 4897 imperfectum
2020 4832 2156 4898 fore,

598 4921 771 4988 partis
803 4919 1149 4988 ademptione
1180 4919 1344 4974 facta.
1384 4921 1591 4990 Quippe
1629 4924 1901 4976 contraria
1936 4933 2155 4977 contra-

600 5012 701 5063 riis
734 5026 843 5064 non
864 5012 1042 5065 minus
1071 5014 1519 5067 demonstrantur
1574 5027 1732 5082 quam
1773 5014 1967 5068 similia
1999 5017 2154 5069 simi-

600 5103 767 5156 libus.
805 5100 1068 5157 Neutrum
1135 5106 1300 5171 igitur
1332 5104 1525 5158 borum
1585 5105 1981 5159 contrariorum
2033 5122 2154 5160 cum

600 5198 746 5249 bono
822 5206 1109 5264 eongruet,
1168 5196 1234 5249 de
1272 5196 1567 5249 amissione
1628 5196 1818 5265 loquor
1854 5207 1906 5250 et
1948 5212 2159 5252 assum-

600 5286 801 5355 pliOlte.
864 5284 977 5338 lmo
1047 5285 1226 5353 potius
1302 5287 1583 5355 perspicue
1641 5289 2004 5342 necessarium
2054 5299 2158 5352 est,

603 5388 897 5445 utrumque
919 5376 1101 5429 animo
1130 5376 1387 5431 infestum
1422 5393 1562 5442 esse,
1623 5387 1731 5432 tam
1786 5381 2155 5435 accessionem

602 5467 809 5521 scilicet
843 5480 1002 5535 quam
1029 5466 1442 5530 detractionem,
1496 5477 1554 5520 ut
1613 5482 1787 5537 neque
1833 5454 2157 5539 superﬂuum

601 5560 807 5630 aliquid
837 5570 1102 5623 assumat,
1152 5573 1325 5629 neque
1373 5561 1650 5615 inutiletur
1696 5564 1837 5631 quod
1890 5564 2155 5633 integrum

602 5664 709 5708 est.
742 5654 1106 5718 Quamobrem
1141 5653 1244 5706 hoc
1277 5651 1569 5720 explicato,
1607 5654 1720 5708 ﬁeri
1764 5655 1974 5709 scilicet
2018 5656 2157 5711 baud

603 5757 761 5809 posse
791 5753 847 5797 ut
869 5744 1084 5798 animus
1116 5742 1407 5797 incolumis
1435 5742 1505 5797 sit
1529 5743 1732 5812 absque
1772 5748 2031 5814 appetitu,
2064 5760 2161 5800 ea-

605 5830 727 5883 dem
780 5832 991 5889 ratione
1052 5836 1337 5900 probatum
1386 5833 1644 5900 arbitror,
1712 5822 1810 5889 nec
1863 5836 2160 5905 appetitum

2256 4653 2367 4705 τῶν
2399 4654 2656 4706 ἐναντίων
2689 4652 2963 4716 ἀπόδειξις
2992 4651 3090 4721 οὐχ
3122 4647 3287 4722 ἦττον
3319 4652 3349 4720 ἢ
3383 4650 3451 4704 τὰ
3508 4652 3668 4717 ὅμοια
3714 4651 3815 4701 τῶν

2259 4746 2483 4813 ὁμοίων.
2520 4741 2825 4811 Τοιγαροῦν
2851 4743 2958 4794 τῶν
2987 4743 3241 4795 ἐναντίων
3273 4742 3554 4811 οὖδέτερον
3571 4742 3649 4809 τῷ

2262 4834 2640 4903 συμϐήσεταιο
2668 4834 2765 4901 τὴν
2808 4833 3084 4900 ἀποϐολήν
3150 4850 3291 4901 φημι
3326 4833 3430 4895 καὶ,
3449 4832 3547 4902 τὴν
3587 4832 3817 4901 πρόσλη-

2259 4928 2374 4997 ψιν.
2426 4926 2645 4980 Μᾶλλον
2699 4927 2743 4979 δ’
2790 4927 3086 4993 ἀναγκαῖον
3140 4926 3327 4992 σαφῶς
3362 4926 3479 4977 ἐστι
3543 4926 3633 4976 καὶ
3670 4924 3819 4975 πολε-

2264 5016 2398 5086 μίως
2420 5017 2564 5087 ἔχειν
2597 5016 2857 5085 ἑκάτερον
2883 5018 2947 5086 τῇ
2977 5017 3147 5084 ψυχῇ,
3177 5014 3378 5085 δηλαδὴ
3409 5015 3502 5067 καὶ
3531 5014 3629 5081 τὴν
3655 5027 3817 5082 προσ-

2263 5109 2459 5177 θήκην,
2497 5107 2594 5161 καὶ
2648 5105 2745 5175 τὴν
2794 5106 3124 5175 ἀφαίρεσιν
3171 5105 3261 5157 ἵνα
3292 5105 3426 5174 μήτε
3485 5105 3742 5172 περιττόν
3773 5118 3817 5153 τι

2266 5198 2574 5272 προσλάϐῃ,
2629 5201 2764 5267 μήτε
2797 5196 3027 5267 πηρωθῇ
3061 5198 3121 5250 τὸ
3148 5196 3471 5263 ὁλόκληρον.
3507 5195 3722 5247 Οὐκοῦν
3751 5196 3819 5253 ὡς

2264 5292 2422 5344 τοῦτο
2449 5292 2643 5359 γέγονε
2674 5290 2858 5361 δῆλον,
2924 5290 3015 5367 μὴ⁴
3043 5283 3156 5341 οἷον
3212 5303 3269 5340 τε
3328 5284 3467 5339 εἶναι
3501 5287 3598 5356 τὴν
3649 5285 3818 5354 ψυχὴν

2264 5382 2538 5451 διαμένειν
2579 5382 2876 5451 ἐπιθυμίας
2910 5380 3101 5450 χωρὶς,
3144 5378 3239 5431 τὸν
3270 5380 3405 5441 ἴσον,
3450 5375 3629 5445 οἶμαι,
3657 5378 3818 5430 δέδει-

2264 5488 2389 5523 κται
2416 5472 2639 5543 τρόπον,
2669 5472 2804 5542 μηδὲ
2833 5471 2931 5541 τὴν
2958 5469 3254 5538 ἐπιθυμίαν
3289 5469 3640 5520 συνίστασθαι
3672 5468 3822 5519 δυνα-

2264 5561 2356 5613 τὸν
2386 5559 2674 5629 εἶναι,τῆς
2714 5561 2909 5631 ἡδονῆς
2954 5558 3220 5628 μηδαμῶς
3270 5556 3459 5624 οὗσης.
3505 5555 3658 5608 "ﬂat‘
3706 5554 3821 5607 οὖδέ

2264 5653 2468 5721 ταύτης
2524 5652 2770 5721 ἀπούσης
2820 5647 2933 5705 οἷόν
2965 5651 3026 5704 τέ
3074 5652 3192 5703 ἐστι
3236 5647 3601 5711 διασώζεσθαι
3630 5648 3694 5699 τδ
3728 5646 3820 5712 τῆς

2264 5744 2443 5813 ψυχῆς
2474 5743 2684 5813 χρῆμα,
2718 5742 2879 5813 εἴπερ
2902 5745 2966 5812 τῇ
3020 5741 3119 5808 μὲν
3155 5741 3314 5810 ἡδονῇ
3351 5738 3451 5806 τὴν
3505 5737 3819 5803 ἐπιθυμίαν,

2264 5836 2436 5907 ταύτῃ
2470 5836 2527 5889 δὲ
2552 5837 2646 5904 τὴν
2677 5834 2856 5906 ψυχὴν
2902 5838 2928 5889 ὁ
2958 5834 3116 5901 λόγος
3155 5850 3217 5901 γε
3250 5833 3380 5901 ἡμῖν
3419 5830 3590 5894 ἔδειξε
3646 5844 3820 5884 συναι-
