4098 6272
316 387 423 453 469

321 593 443 671 ῖν“ῇ
476 596 631 650 τουτὶ
666 598 925 667 φανερὸν,
954 599 1028 662 ὡς
1063 600 1153 668 ἄρ’
1204 602 1493 671 ἐμπέφυκε
1523 603 1587 671 τῇ
1618 602 1764 672 ψυχῇ
1794 602 1882 655 διὰ

244 757 251 763 ι
319 690 413 743 τοῦ
434 688 834 760 ἐπιθυμητικοῦ
867 691 1068 761 μέρους
1102 694 1134 763 ἡ
1175 694 1363 764 ἡδονὴ,
1399 694 1538 750 οῦσά
1570 697 1634 763 γέ
1663 711 1749 757 τις
1793 695 1884 749 δύ-

236 798 239 803 ·
324 800 489 852 ναμις
549 782 717 837 αἰτοῦ
772 784 1037 854 οὐσιώδης
1085 787 1178 838 καὶ
1234 786 1536 861 ἀχώριστος
1584 787 1877 850 παντελῶς.

327 873 477 926 Ὣστ’
526 876 669 944 ὅπερ
710 875 1131 945 ὑπισχνούμεθα¹
1178 875 1397 941 δείξειν,
1448 876 1651 945 ἀγαθὸν
1693 878 1885 947 εἴληφε

325 967 498 1032 τέλος,
530 967 665 1020 Θεοῦ
696 969 1110 1038 συναιρομένου,
1144 970 1371 1040 βραχέσι
1391 970 1590 1038 λόγοις.
1625 972 1686 1024 Εἰ
1720 972 1776 1024 δέ
1797 971 1893 1023 καὶ

329 1059 593 1113 πλειόνων
627 1055 696 1129 ἦν
735 1060 917 1131 χρεία,
948 1060 1077 1130 ἐξῆν
1116 1079 1181 1127 γε
1210 1062 1381 1129 δήπου
1434 1062 1531 1116 καὶ
1561 1062 1720 1116 τοῦτο
1753 1063 1893 1131 μετᾶ

329 1152 535 1219 πολλῆς
565 1152 663 1221 τῆς
703 1151 989 1222 ῥᾳστώνης
1015 1152 1297 1219 γενέσθαι.
1331 1154 1551 1221 Πέφυκε
1584 1155 1691 1224 γὰρ
1725 1154 1894 1223 τάλη-

228 1308 231 1313 .
329 1243 420 1304 θὲς
448 1242 660 1295 οἴκοθεν
690 1244 965 1310 πηγάζειν
997 1246 1094 1307 τὰς
1118 1244 1376 1315 ἀφορμὰς
1414 1246 1517 1314 τῆς
1571 1246 1766 1298 ἐαυτοῦ
1803 1264 1900 1298 συ-

331 1334 597 1393 στάσεως.
640 1333 797 1385 Ἐπεὶ
825 1334 882 1386 δὲ
908 1334 1028 1397 ἆλις
1050 1334 1163 1404 ἔχει
1191 1336 1261 1388 τὰ
1286 1336 1415 1405 περὶ
1436 1334 1659 1402 τούτου,
1690 1336 1785 1389 καὶ
1810 1335 1895 1388 at-

326 1420 537 1475 δεικται
569 1424 601 1489 ή
646 1423 809 1493 ἡδονὴ
834 1423 1230 1493 ξυμπεφυκυῖα
1265 1424 1367 1495 μὲν
1406 1428 1474 1494 τῇ
1503 1424 1674 1494 ψυχῇ,
1705 1423 1896 1477 θεόθεν

326 1512 383 1569 δὲ
415 1513 552 1581 αὐτὴ
588 1513 877 1583 δεδομένη,
912 1514 1094 1585 ἀγαθὴ
1125 1516 1182 1568 δὲ
1228 1515 1546 1585 ἀναχκαίως
1580 1515 1669 1584 (τὰ
1700 1516 1807 1585 γὰρ
1832 1516 1897 1568 ἐκ

327 1602 464 1658 Θεοῦ
492 1605 767 1675 τοιαῦτα)’
804 1606 940 1674 φέρε
973 1608 1149 1672 καλὴν
1178 1608 1350 1674 αὐτὴν
1386 1606 1761 1675 ἀποδείξωμεν
1801 1607 1893 1659 καὶ

327 1698 433 1749 ἀπὸ
468 1696 578 1750 τῶν
605 1698 952 1767 πραγμάτων
975 1699 1159 1752 αὐτᾶν
1194 1700 1329 1769 μετὰ
1354 1698 1655 1768 λογισμῶν,
1695 1697 1760 1767 ἢν
1791 1692 1896 1749 οἷοί

329 1806 385 1841 τε
419 1788 710 1860 γενώμεθα
744 1791 903 1843 τοῦτο
926 1793 1174 1858 ποιῆσαι.

1710 389 1991 452 ORATIO
2028 394 2103 452 ν.-

212 569 219 576 ’
321 504 613 575 ρουμένην.
640 503 813 585 Ταυτὶ
846 504 901 559 δέ
941 505 1154 578 εἴρηταί
1183 524 1275 579 μοι
1306 508 1402 563 καὶ
1420 509 1879 573 κατεσκεύασται,

2004 512 2282 567 :onsistere
2324 525 2503 582 posse,
2527 511 2569 564 si
2606 508 2749 563 nulla
2784 506 3029 576 voluptas
3081 506 3180 568 sit;
3231 504 3460 570 ideoque
3492 502 3537 553 si

3448 352 3551 443 4:0

1991 618 2053 658 ea
2094 603 2233 657 nulla
2270 605 2362 668 sit,
2399 618 2497 657 nec
2542 602 2752 656 animus
2790 600 2901 667 ipse
2956 597 3134 651 salvus
3174 610 3291 649 esse
3330 595 3548 662 poterit,

1993 694 2430 763 quandoquidem
2463 691 2757 762 appetitum
2792 703 2915 742 cum
2953 687 3248 754 voluptate,
3304 699 3424 737 cum
3460 697 3553 749 ap-

1993 786 2163 854 petitu
2189 786 2428 839 animum
2463 796 2679 853 quoque
2713 779 2826 835 tolli
2884 793 2914 834 e
2948 776 3126 832 medio
3174 774 3548 844 probavimus.

1995 879 2122 933 Haec
2158 887 2337 932 autem
2384 893 2412 930 a
2453 891 2538 929 me
2566 875 2709 929 dicta
2743 882 2872 928 sunt
2918 880 2972 924 et
3004 871 3320 929 constituta,
3356 877 3409 921 ut
3440 882 3553 918 ma-

1995 970 2251 1026 nifestum
2282 970 2372 1035 sit,
2432 968 2673 1023 innatam
2719 980 2839 1021 esse
2872 964 3200 1032 voluptatem
3235 960 3415 1013 animo
3462 973 3555 1024 per

1994 1065 2114 1135 ejus
2136 1072 2344 1133 partem
2379 1069 2742 1132 appetentem,
2793 1074 2914 1128 quae
2950 1056 3324 1112 substantialis
3374 1061 3427 1106 et
3477 1053 3558 1105 iu-

1996 1155 2315 1225 scparabilis
2345 1155 2567 1208 omnino
2603 1152 2836 1207 facultas
2870 1150 3015 1205 illius
3045 1149 3135 1202 sit.
3178 1149 3434 1215 Adeoque
3458 1145 3556 1198 bo-

1994 1263 2125 1301 num
2176 1248 2239 1300 ad
2286 1246 2448 1300 ﬁnem
2513 1244 2836 1313 perductum
2922 1253 3026 1305 est,
3083 1238 3377 1303 adiurante
3426 1236 3559 1297 Deo.

1996 1337 2186 1407 paucis
2215 1351 2349 1392 sane
2378 1335 2579 1399 verbis,
2604 1334 2749 1402 quod
2786 1344 3099 1386 ostensurus
3139 1344 3236 1383 nos
3260 1329 3558 1397 polliceba-

1999 1443 2142 1481 mur.
2166 1426 2320 1493 Quod
2353 1426 2395 1480 si
2424 1424 2667 1494 pluribus
2684 1438 2819 1492 opus
2844 1429 3007 1485 esset,
3038 1420 3200 1473 etiam
3228 1419 3280 1471 id
3302 1432 3559 1489 perquam

2000 1518 2157 1574 facile
2187 1527 2447 1589 praestare
2470 1532 2776 1587 possemus.
2818 1516 2889 1571 Ea
2927 1528 3162 1582 namque
3190 1512 3433 1567 veritatis
3482 1522 3565 1564 est

2003 1621 2219 1675 natura,
2245 1618 2301 1663 ut
2334 1609 2649 1664 occasiones
2680 1617 2733 1662 et
2759 1622 2954 1662 causas
2988 1604 3300 1661 stabiliendi
3326 1606 3560 1673 seipsam

2000 1711 2066 1752 ex
2098 1711 2158 1751 se
2188 1698 2340 1765 quasi
2379 1695 2524 1750 fonte
2553 1697 2786 1765 quodam
2822 1694 3132 1764 profundat.
3170 1695 3277 1749 Sed
3308 1697 3430 1763 quia
3477 1709 3565 1747 res

2001 1787 2136 1843 satis
2175 1797 2258 1841 est
2289 1787 2585 1853 explicata,
2621 1786 3038 1855 probatumque,
3086 1786 3417 1854 voluptatem
3443 1787 3565 1835 ani.

331 1900 418 1939 mo
438 1900 475 1938 -a
512 1897 701 1940 natura
729 1886 953 1941 inditam
986 1901 1050 1941 ac
1081 1885 1344 1940 divinitus
1368 1885 1535 1940 nobis
1551 1898 1889 1950 concessam,
1932 1887 2169 1952 adeoque
2240 1880 2552 1936 necessario
2612 1881 2808 1934 bonam
2843 1895 2963 1934 esse
2998 1880 3144 1932 (sunt
3212 1879 3356 1932 enim
3416 1878 3565 1946 ejus-

329 1978 472 2033 modi
556 1994 673 2047 quae
723 1994 751 2032 a
815 1980 923 2032 Deo
975 1976 1440 2046 proficiscuntur),
1486 1991 1603 2047 age,
1660 1962 1729 2031 de
1793 1976 1922 2045 ipsis
1996 1976 2155 2028 etiam
2214 1974 2375 2028 rebus
2440 1986 2558 2025 eam
2650 1972 2844 2025 bonam
2922 1972 3390 2037 demonstremus,
3457 1985 3564 2023 non

324 2073 447 2122 sine
481 2070 1011 2133 ratiocinationibus,
1053 2069 1097 2122 si
1158 2068 1376 2138 quidem
1432 2068 1482 2121 id
1516 2069 1695 2123 facere
1744 2066 2063 2137 poterimus.

360 2148 363 2153 ’
395 2160 733 2229 Πολλαχόθεν
766 2160 865 2229 μέν
893 2154 988 2212 οῦν
1018 2161 1166 2212 ἐσται
1190 2160 1523 2229 καταφανὲς,
1556 2160 1631 2223 ὡς
1666 2159 1887 2212 δύναται

2070 2158 2141 2213 De
2172 2156 2356 2213 multis
2383 2171 2511 2228 ergo
2553 2157 2782 2226 parebit,
2817 2171 2981 2228 posse
3037 2157 3372 2223 voluptatem
3414 2154 3568 2207 iuve-

321 2258 359 2324 ἠ
394 2255 554 2324 ἡδονὴ
586 2252 967 2325 καθαρεύουσα
1013 2252 1203 2307 κακῶν
1248 2252 1565 2323 εὑρεθῆναι,
1611 2254 1664 2306 ετ
1707 2254 1793 2315 τίς
1830 2268 1895 2319 γε

323 2347 507 2417 ἐκείνῃ
526 2344 727 2416 χρῷτο,
757 2346 832 2407 ὡς
857 2345 974 2398 δέον
1002 2346 1260 2415 χρῆσθαι.
1279 2345 1353 2397 Τὸ
1379 2345 1509 2414 γὰρ,
1539 2340 1717 2414 οἶμαι,
1752 2344 1900 2412 ἐφίε-

327 2438 458 2490 σθαι
489 2439 583 2491 καὶ
612 2437 901 2504 ἐπιθυμεῖν
932 2436 1040 2489 τῶν
1074 2437 1148 2498 ὡς
1171 2435 1391 2504 ἀληθῶς
1419 2436 1627 2502 ἐφετῶν
1655 2434 1752 2488 καὶ
1781 2437 1900 2488 ἐπι-

326 2532 622 2599 θυμεῖσθαι
658 2528 906 2595 δικαίων,
944 2528 1039 2582 καὶ
1066 2530 1189 2590 ταῖς
1218 2528 1325 2581 ἀπὸ
1351 2527 1557 2581 τούτων
1589 2526 1743 2590 αὖθις
1777 2527 1899 2596 ἡδο·

328 2624 448 2681 ναῖς
476 2620 904 2688 ἐπαγάλλεσθαι,
952 2620 1213 2689 οὐδεμίαν
1253 2636 1316 2687 γε
1350 2619 1565 2673 δικαίαν
1598 2617 1800 2683 δέξαιτ’
1836 2620 1902 2674 ἂν

330 2711 569 2781 μέμψιν,
602 2711 737 2763 ὅπου
769 2727 832 2777 γε
867 2710 959 2762 καὶ
1006 2709 1317 2787 τούναντίον
1344 2709 1575 2771 πολλοὺς
1620 2709 1898 2770 ἐπαίνους.

343 2804 468 2871 Ὑφ’
515 2802 672 2873 ἡμῶν
703 2804 813 2873 γὰρ
844 2802 1156 2873 ζητουμένη
1183 2804 1218 2872 ἡ
1258 2802 1741 2872 ἐπισυμϐαίνουσα
1790 2805 1903 2865 τοῖς

330 2896 691 2964 ζητουμένοις
716 2895 784 2949 δι’
813 2895 988 2947 ἐκεῖνό
1018 2910 1080 2962 γε
1111 2894 1208 2947 καὶ
1241 2893 1426 2964 μόνον,
1460 2892 1489 2946 ὃ
1516 2895 1584 2964 τῇ
1623 2891 1784 2958 φύσει
1817 2891 1902 2945 se.

324 2990 480 3043 δοται
511 2988 693 3058 ζητεῖν
725 2988 963 3057 ἐξαρχῆς
998 2985 1184 3049 εὐθὺς,
1210 2985 1456 3056 δηλονότι
1486 2985 1577 3039 τὸν
1604 2982 1761 3047 Θεδν,
1800 2983 1902 3053 τὴν

330 3080 557 3152 ἀρετὴν,
589 3080 687 3149 τὴν
714 3078 916 3148 ἐαυτῆς
944 3077 1224 3143 σύστασιν,
1246 3077 1364 3139 πῶς
1383 3077 1481 3128 οὐκ
1508 3076 1576 3130 ἂν
1600 3075 1687 3145 εῐη
1715 3075 1903 3128 δικαία

328 3175 364 3242 ὴ
400 3172 559 3241 ἡδονὴ
591 3170 771 3240 ἀγαθὴ
801 3171 1145 3235 νομίζεσθαι,
1185 3169 1279 3221 καὶ
1311 3167 1511 3230 καλοὺς
1554 3165 1902 3237 ἐργαζομένη

328 3266 460 3326 τοὺς
490 3265 659 3332 αὐτῆς
710 3263 1004 3333 σωφρόνως
1038 3263 1401 3332 μετέχοντας
1446 3260 1656 3314 Αὐτίκα
1686 3258 1817 3328 γοῦν
1847 3261 1904 3312 ἐν

330 3358 450 3418 ταῖς
484 3356 839 3425 ἐπουρανίαις
868 3344 1187 3423 δυνάμεσιν,
1221 3354 1279 3406 ἐν
1310 3349 1511 3421 α’ίσπερ
1554 3352 1655 3404 οὐκ
1688 3351 1903 3421 ἐνδέχε-

328 3447 422 3500 ταί
457 3464 510 3499 τι
539 3447 648 3500 τῶν
679 3447 783 3499 οὐκ
816 3446 1038 3513 ἀγαθῶν
1069 3440 1232 3509 εἶναι,
1269 3443 1453 3514 εὕροις
1492 3443 1558 3497 ἂν
1590 3443 1899 3513 ἀμφότεραο

2000 2250 2126 2315 niri,
2154 2264 2272 2318 qute
2300 2249 2556 2304 immunis
2592 2249 2712 2303 sita
2754 2248 2924 2311 vitiis,
2961 2248 3150 2316 siquis
3189 2262 3249 2300 ea
3281 2245 3359 2298 sic
3382 2252 3568 2298 utatur

2000 2342 2451 2412 quemadmodum
2481 2340 2557 2393 uti
2592 2348 2824 2409 oportet.
2856 2338 3017 2401 Nam.
3042 2348 3098 2392 ut
3129 2336 3379 2405 equidem
3423 2336 3569 2389 arbi-

2002 2445 2134 2499 tror,
2169 2451 2229 2489 ea
2258 2446 2369 2489 tmn
2409 2445 2684 2505 appetere,
2717 2443 2827 2489 tum
2851 2435 3262 2503 concupiscere.
3298 2445 3419 2501 qua:
3439 2443 3568 2483 vere

2001 2535 2130 2582 sunt
2160 2527 2417 2596 optabilia
2480 2529 2787 2595 meritoque
2844 2525 3294 2592 concupiscenda,
3340 2536 3570 2592 qumque

2003 2618 2068 2673 de
2098 2618 2185 2673 his
2212 2618 2515 2686 voluptates
2543 2618 2834 2679 exsistunt,
2871 2617 2935 2671 iis
2968 2616 3253 2681 delectari,
3285 2615 3484 2669 nullam
3514 2614 3565 2666 id

2002 2709 2218 2779 quidem
2251 2709 2454 2779 justam
2490 2710 2967 2775 reprehensionem
2997 2717 3262 2773 meretur,
3291 2708 3336 2761 si
3400 2720 3572 2760 nono
3652 2720 3658 2726 ‘

2003 2800 2221 2856 diverso
2250 2801 2447 2854 multas
2473 2800 2656 2869 potius
2685 2798 2894 2854 laudes.
2925 2799 3135 2867 Quippe
3183 2799 3225 2851 si
3258 2796 3509 2865 voluptas
3538 2811 3570 2850 a

2004 2895 2160 2947 nobis
2203 2908 2263 2948 ea
2320 2902 2599 2962 quaeratur
2632 2906 2751 2961 quae
2788 2892 2952 2947 rebus
3000 2890 3395 2961 investigandis
3428 2888 3571 2943 ultro

2003 2982 2229 3049 accedit,
2267 2994 2322 3037 et
2360 2992 2579 3053 propter
2602 2982 2703 3038 hoc
2731 2981 2905 3038 solum
2934 2983 3074 3053 quod
3124 2984 3308 3037 statim
3368 2981 3435 3035 ab
3463 2980 3571 3033 ini-

2006 3076 2080 3129 tio
2117 3084 2324 3131 natura:
2377 3074 2560 3129 datum
2615 3083 2716 3135 est.
2773 3083 2830 3128 ut
2861 3083 3160 3144 quzeratur,
3198 3082 3325 3143 puta
3376 3071 3569 3135 Deum,

2004 3167 2284 3234 virtutem,
2334 3167 2533 3223 suimet
2562 3167 3082 3223 conservationem:
3121 3181 3357 3235 quonam
3413 3176 3572 3235 pacto

2005 3274 2111 3315 non
2144 3260 2291 3314 istaec
2312 3259 2435 3328 jure
2474 3259 2614 3315 bona
2639 3261 2869 3314 ducatur
2891 3272 3012 3313 esse
3040 3259 3310 3327 voluptas,
3344 3272 3573 3327 qumque

2002 3352 2176 3407 bonos
2201 3349 2419 3415 efﬁciat,
2459 3360 2728 3420 quotquot
2757 3366 2877 3406 eam
2943 3352 3043 3405 rite
3080 3349 3418 3421 percipiunt?
3454 3350 3573 3403 Pri-

2006 3460 2155 3499 mum
2183 3446 2235 3499 in
2266 3444 2400 3515 ipsis
2417 3445 2589 3513 ecpiis
2619 3444 2950 3504 ccelestibus.
3009 3444 3059 3497 in
3095 3445 3292 3514 quibus
3330 3444 3443 3497 fieri
3476 3459 3573 3497 ne-

332 3539 429 3589 καὶ
480 3538 579 3605 τὴν
633 3538 934 3605 ἐπιθυμίαν
974 3537 1135 3605 φημὶ,
1172 3538 1267 3589 καὶ
1315 3537 1414 3606 τὴν
1469 3537 1664 3607 ἡδονήν
1691 3553 1705 3567 ⁸
1742 3536 1836 3598 Εἰς
1865 3534 1901 3589 ἃ

2004 3536 2122 3603 quit
2152 3542 2208 3589 ut
2244 3533 2447 3603 aliquid
2501 3548 2607 3589 non
2642 3534 2837 3588 bonum
2886 3533 3138 3596 exsistat,
3185 3541 3416 3602 utraque
3448 3533 3574 3587 licet.

335 3629 685 3696 ἐπιθυμοῦσι,
735 3630 922 3697 φησιν,
970 3627 1194 3696 ἄγγελοι
1232 3627 1579 3697 παρακύψαι.
1624 3628 1734 3680 Καὶ
1767 3626 1905 3680 ἀπέ-

340 3735 553 3788 ραντος,
583 3721 677 3771 καὶ
713 3720 943 3789 ἄληκτος
977 3719 1227 3772 καλεῖται
1259 3720 1292 3790 ἡ
1333 3718 1520 3788 ἡδονὴ,
1554 3718 1588 3788 ἠ
1620 3720 1731 3779 τοῖς
1764 3719 1907 3770 ἀσω-

339 3810 535 3879 μάτοις
564 3812 649 3863 ἀεὶ
679 3810 947 3867 σύνεστιν.
978 3811 1129 3879 Αὕτη
1161 3813 1312 3881 παρά
1349 3810 1460 3863 τῶν
1491 3810 1665 3876 ἁγίων
1697 3807 1906 3876 ἀνδρῶν

277 3919 281 3923 '
336 3906 434 3958 καὶ
462 3902 667 3972 τρυφὴ,
719 3905 814 3955 καλ.
840 3902 1153 3972 εὐφροσύνη
1193 3900 1685 3972 προσαγορεύεται,
1736 3901 1829 3954 καὶ
1858 3902 1911 3954 εῐ

338 4016 391 4048 τι
414 3992 674 4048 τοιοῦτον.
702 3992 850 4063 Αὕτη
869 3996 964 4048 καὶ
985 3995 1211 4047 δικαίων
1231 3994 1431 4063 ψυχαῖς
1457 3994 1711 4044 συνέσται
1733 3991 1908 4061 διηνε-

337 4089 475 4150 κῶς,
524 4085 775 4138 ἐντεῦθεν
826 4084 1119 4147 λαϐούσαις
1162 4084 1263 4163 τῆς
1302 4082 1494 4152 ἡδονῆς
1525 4084 1622 4152 τῆς
1657 4082 1772 4133 ἐκεῖ
1816 4079 1908 4133 τὸν

335 4182 504 4235 καλὸν
538 4180 857 4251 ἀρραϐῶνα.
889 4180 952 4232 Εί
986 4178 1042 4231 δέ
1070 4195 1150 4240 τις
1188 4176 1332 4247 μέγα
1356 4174 1567 4244 νομίζει
1595 4173 1655 4226 τὸ
1679 4173 1779 4241 τὴν
1812 4171 1909 4223 αὺ-

333 4278 432 4345 τὴν
464 4278 575 4337 τοῖς
616 4275 934 4344 ἀσωμάτοις
974 4270 1187 4341 τρυφὴν
1236 4270 1386 4340 ἡμᾶς
1436 4268 1605 4337 ἔχειν,
1646 4266 1740 4341 καὶ
1772 4266 1905 4318 ἀπο-

333 4369 521 4422 λαύειν
557 4368 663 4421 τῶν
706 4368 939 4429 ἐκείνοις
986 4362 1347 4416 ἀπολαυστῶν
1380 4360 1520 4430 μετὰ
1564 4359 1664 4428 τὴν
1694 4356 1906 4411 ἐνθένδε

335 4462 505 4530 ζωὴν,
541 4461 830 4514 ἀκουσάτω
876 4475 940 4524 γε
973 4458 1215 4517 κάκεῖνο,
1256 4454 1332 4517 ὡς
1377 4454 1470 4506 καὶ
1514 4452 1728 4507 ἐνταῦθ’
1772 4453 1907 4519 ἡμῖν

233 4540 242 4547 ’
335 4555 521 4619 ἒξεστι
539 4551 727 4603 τούτου
772 4549 1025 4620 μετέχειν
1051 4547 1145 4601 τοῦ
1187 4544 1413 4615 ἀγαθοῦ.
1448 4544 1577 4607 Τοῖς
1606 4542 1717 4614 γὰρ
1750 4541 1907 4597 εἰσά-

337 4644 449 4707 παξ
479 4643 761 4711 καθαροῖς.
804 4642 834 4708 ἢ
871 4639 1330 4709 κεκαθαρμένοις,
1352 4636 1514 4708 χᾶρις
1541 4636 1753 4690 ἐκεῖθεν
1785 4636 1907 4687 ἐπι-

338 4736 520 4805 φοιτᾷ,
626 4750 687 4799 γε
728 4732 983 4801 μέλλουσι
1023 4733 1264 4783 συνεῖναι
1290 4730 1382 4781 τὸν
1410 4728 1589 4782 πάντα
1618 4728 1830 4797 χρόνον,
1856 4728 1906 4778 εί

340 4827 436 4879 καὶ
466 4823 868 4892 ἀδρανὲστεροεν
923 4838 1037 4883 πως
1092 4821 1189 4872 καὶ
1237 4818 1610 4888 ἀμυδρότερον
1656 4816 1908 4869 ἐνταυθοῖ

337 4916 499 4968 τοῦτο
550 4912 783 4981 γίνεται.
815 4911 911 4981 Διά
946 4911 1051 4979 γὰρ
1082 4910 1142 4962 τὸ
1183 4907 1556 4976 ἐπιπροσθοῦν
1585 4908 1687 4977 ήδη
1741 4907 1902 4974 σῶμα

335 5010 402 5076 τῇ
436 5005 538 5073 τῆς
568 5004 747 5071 ψυχῆς
784 5001 988 5071 θεωρίᾳ
1040 5002 1133 5054 καὶ
1162 5000 1231 5052 τὰ
1261 5000 1368 5052 ἀπὸ
1405 4996 1560 5051 τοῦδε
1594 4997 1761 5067 πάθη.
1808 4996 1905 5050 καὶ

335 5102 435 5160 τὰς
472 5096 561 5149 διὰ
599 5093 773 5147 ταῦτα
806 5092 1119 5161 φροντίδας,
1160 5092 1313 5145 οὐδὲν
1343 5091 1409 5143 ἂν
1441 5090 1614 5170 δήπου
1646 5089 1902 5157 καθαρῶς

336 5191 447 5244 τῶν
473 5184 765 5254 θεωρητῶν
797 5183 1204 5253 θεωρήσαιμεν,
1233 5184 1265 5253 ἢ
1292 5183 1403 5235 τῶν
1430 5183 1637 5251 ἐφετῶν
1666 5180 1905 5235 ἀπολαύ-
1932 5236 1938 5250 ,

337 5297 555 5349 σαιμεν.
593 5278 722 5338 Τοῖς
754 5293 818 5344 γε
843 5276 952 5346 μὴν
983 5277 1177 5339 ἀϊδίοις
1210 5275 1437 5345 μηδενὸς
1480 5273 1726 5327 τοιούτου
1762 5290 1905 5342 παρ-

335 5371 681 5443 ενοχλοῦντος
735 5369 1124 5439 καθαρώτερον
1189 5369 1400 5436 ἐφεῖται
1470 5365 1764 5435 ἐπιθυμεῖν
1814 5367 1908 5419 καὶ

334 5461 729 5532 εὐφραίνεσθαι
757 5462 824 5513 τὰ
854 5458 1170 5529 ἐπιθυμητὰ
1193 5475 1256 5526 γε
1280 5459 1371 5513 καὶ
1409 5457 1706 5527 εὖφραντὰ,
1742 5456 1907 5509 ταυτὸ

336 5554 384 5607 δ’
409 5554 587 5607 εἰπεῖν
612 5551 683 5604 τὰ
709 5550 856 5619 ἡδέα.
893 5550 1054 5603 Ὅθεν
1078 5550 1165 5602 ἀεὶ
1189 5550 1286 5619 μὲν
1309 5548 1607 5618 θεωροῦσιν
1628 5547 1702 5610 ὡς
1729 5547 1909 5599 ἔνεστι

334 5645 394 5697 τὺ
428 5643 709 5714 βασιλικὸν
739 5640 958 5705 κάλλος,
986 5641 1087 5709 καὶ,
1102 5640 1200 5708 τῆς
1228 5639 1436 5692 ἐκεῖθεν
1467 5638 1754 5709 ἀστραπῆς
1789 5654 1902 5689 κοι-

333 5740 492 5787 νωνοὶ
545 5734 821 5800 γίνονται,
876 5729 1100 5799 καὶτῆς
1149 5730 1473 5799 θαυμαστῆς
1530 5730 1901 5783 ἀπολαύουσιν

334 5825 501 5897 ὧρας.
536 5824 712 5897 Κόρον
739 5822 795 5877 δέ
827 5821 948 5876 οὕτε
979 5821 1195 5890 ἔλαϐον,
1233 5805 1671 5893 οῦτελήψονται.
1702 5822 1897 5874 Μακά-

2009 3624 2282 3690 invenire,
2314 3636 2419 3677 tam
2449 3624 2944 3692 concupiscentiam
2980 3623 3100 3677 dico
3137 3639 3296 3692 quam
3324 3625 3572 3691 volupta-

2010 3721 2138 3776 tem,
2171 3728 2293 3766 nam
2349 3713 2711 3781 perscriptum
2774 3712 3051 3782 legimus:
3088 3712 3219 3778 Quae
3268 3714 3573 3781 inspectare

2009 3801 2180 3871 angeli
2212 3801 2453 3869 cupiunt.
2488 3800 2676 3855 Itidem
2712 3800 2835 3856 finis
2864 3816 3061 3868 expers
3090 3802 3290 3856 dicitur
3341 3816 3401 3854 ca
3469 3818 3564 3853 vo-

2010 3890 2185 3958 luptas
2218 3906 2336 3959 qua:
2370 3890 2489 3945 istis
2513 3906 2796 3959 corporum
2829 3892 3142 3960 expertibus
3169 3892 3570 3959 semperadest.

2012 3984 2147 4039 lluic
2178 3988 2349 4039 sancti
2382 3985 2479 4038 viri
2523 3994 2578 4039 et
2617 3986 2959 4051 deliciarum,
2999 3996 3052 4041 ct
3098 3987 3320 4053 laetitiae,
3361 3988 3585 4055 aliaque

2013 4075 2231 4128 nomina
2263 4074 2522 4127 tribuunt.
2555 4072 2676 4127 llmc
2696 4085 2750 4127 et
2779 4074 3052 4142 justorum
3092 4075 3287 4131 animis
3309 4087 3595 4131 aeternum.

2012 4168 2204 4232 aderit,
2271 4182 2395 4223 cum
2461 4168 2513 4221 in
2544 4167 2711 4222 altera
2746 4169 2854 4220 vita
2908 4168 3226 4237 pmclarum
3283 4169 3575 4236 voluptatis

2011 4259 2248 4315 caelestis
2297 4259 2653 4313 arrhabonem
2694 4259 3023 4327 acceperint.
3086 4260 3157 4314 At
3209 4261 3253 4315 si
3285 4263 3409 4330 quis
3461 4276 3575 4313 ma-

2010 4366 2170 4421 gnum
2201 4350 2402 4418 aliquid
2428 4365 2549 4406 esse
2602 4350 2772 4414 ducit,
2800 4351 2945 4419 quod
2981 4352 3199 4406 easdem
3232 4366 3354 4404 cum
3392 4352 3575 4404 incor-

2010 4442 2193 4511 poreis
2225 4442 2444 4496 delicias
2479 4441 2718 4494 habituri
2757 4455 2855 4495 nos
2912 4443 3102 4508 simus,
3163 4454 3216 4496 et
3280 4453 3399 4511 post
3434 4443 3576 4496 bane

2011 4534 2177 4587 vitam
2206 4533 2274 4589 iis
2306 4533 2541 4596 fruituri,
2573 4533 2770 4602 quibus
2814 4534 2887 4587 illi
2929 4533 3205 4599 fruuntur,
3238 4534 3283 4589 is
3309 4535 3471 4587 velim
3506 4534 3576 4587 de

2012 4624 2167 4680 nobis
2201 4624 2405 4689 audiat,
2461 4623 2515 4677 in
2573 4625 2673 4678 bac
2730 4639 2941 4693 quoque
2992 4626 3097 4680 vita
3135 4640 3232 4679 nos
3267 4627 3384 4692 ejus
3448 4625 3575 4679 boui

2010 4716 2301 4787 participes
2337 4729 2458 4769 esse
2489 4730 2671 4784 posse.
2708 4714 2839 4769 Nam
2884 4718 3051 4771 semel
3079 4717 3229 4786 puris
3260 4727 3353 4770 aut
3390 4732 3576 4783 repur-

2009 4807 2146 4879 gatis
2173 4822 2233 4861 ea
2267 4806 2533 4875 contingit
2556 4807 2751 4877 gratia,
2777 4822 2879 4876 qua
2910 4807 3060 4863 omni
3114 4817 3241 4863 sunt
3265 4824 3379 4863 τενο
3443 4807 3578 4861 frui-

2010 4898 2135 4961 turi,
2160 4897 2407 4967 quamvis
2437 4897 2539 4951 hoc
2571 4907 2620 4951 et
2650 4898 2971 4953 imbecillius
3019 4900 3253 4967 quodam
3310 4901 3467 4955 modo
3519 4910 3575 4953 et

2008 4988 2378 5057 imperfectius
2402 4988 2455 5043 in
2488 4989 2592 5044 bac
2622 4988 2728 5042 vita
2762 4990 2877 5042 ﬁat.
2916 4989 3126 5044 Etenim
3182 5002 3404 5060 prepter
3452 5008 3574 5045 coro

2006 5096 2107 5149 pus
2133 5080 2262 5135 illud
2307 5088 2576 5145 nostrum,
2635 5081 2779 5149 quod
2825 5080 2951 5150 jam_
2996 5080 3050 5135 in
3107 5084 3571 5152 contemplatione

2008 5173 2175 5226 animi
2211 5174 2366 5241 quasi
2422 5172 2718 5226 luminibus
2755 5173 3011 5233 obstruit.
3051 5183 3107 5227 et
3172 5187 3388 5244 propter
3418 5185 3571 5228 ortos

2012 5264 2139 5318 inde
2202 5262 2422 5318 morbos
2467 5272 2861 5334 sequentesque
2912 5264 3109 5320 deinde
3157 5265 3569 5323 sollicitudines.
3630 5252 3643 5301 ί

2008 5370 2107 5410 nec
2137 5370 2223 5410 res
2244 5355 2688 5425 contemplandas
2719 5371 2850 5425 pure
2879 5357 3263 5424 contemplari,
3293 5372 3391 5411 nec
3409 5370 3575 5418 expc~

2008 5445 2182 5500 tendis
2211 5446 2316 5500 frui
2381 5461 2702 5516 possumus;
2757 5448 2974 5500 teternis
3034 5456 3210 5502 autem
3253 5460 3374 5498 cum
3433 5443 3569 5496 nihil

2008 5537 2114 5591 tale
2158 5537 2444 5591 molestum
2470 5538 2560 5599 sit.
2612 5538 2799 5607 purius
2848 5547 2903 5591 et
2936 5535 3234 5604 expetenda
3292 5541 3567 5589 expulere,

2009 5636 2061 5680 et
2103 5629 2342 5682 laetitiam
2375 5628 2733 5696 parientibus,
2759 5629 2857 5681 hoc
2877 5635 2957 5678 est
2999 5622 3271 5692 jucundis,
3307 5620 3571 5676 oblectari

2007 5720 2359 5788 permittitur.
2395 5718 2631 5788 Ideoque
2667 5731 2881 5785 semper
2936 5714 3135 5783 regiam
3192 5710 3338 5761 illam
3398 5723 3566 5760 venu-

2007 5822 2199 5867 statem
2238 5827 2334 5883 pro
2368 5812 2572 5867 viribus
2606 5812 2901 5872 intuentur,
2952 5819 3012 5857 ac
3050 5800 3272 5873 profecti
3330 5799 3569 5859 indidem
