4098 6272
499 419 606 481 467

1684 417 2082 480 MANUELIS
2114 416 2555 480 PAL/EOLOGI

3626 406 3746 472 468

496 546 565 585 ne
616 529 790 598 ipsum
860 526 1077 596 quidem
1142 524 1439 595 appetitum
1474 526 1541 580 ab
1587 526 1741 583 initio
1810 540 2056 583 naturam

2191 530 2355 600 Ιάτην
2381 530 2488 601 γὰρ
2525 528 2590 582 ἂν
2633 530 2783 597 παρά
2816 527 2914 597 τὴν
2970 526 3147 598 ἀρχὴν
3181 524 3240 579 τδ
3281 523 3565 596 ἐπιθυμεῖν
3610 527 3743 594 ἐγεο

496 623 679 675 animo
706 620 1000 674 indituram
1030 618 1217 683 fuisse,
1254 629 1679 674 consentaneum
1706 629 1807 674 est.
1838 618 2060 675 Frustra

502 714 645 768 enim
675 713 742 767 ab
772 712 928 767 initio
961 714 1198 767 tributus
1251 713 1408 769 nobis
1445 714 1636 769 luisset
1673 717 1965 784 appetitus,
2018 716 2063 771 si

503 820 609 859 non
639 814 691 859 et
745 803 872 858 illud
916 805 1238 869 exstitisset,
1267 806 1319 858 in
1362 821 1471 874 quo
1504 807 1715 861 animus
1763 807 1866 861 hac
1894 808 2061 862 etiam

500 896 553 949 in
583 904 735 964 parte
760 903 942 961 posset
972 895 1023 946 in
1059 895 1217 949 nobis
1246 893 1433 949 eﬂicax
1466 910 1607 950 esse.
1654 898 1722 948 At
1748 895 1946 950 frustra
1984 896 2063 951 fa-

498 997 644 1041 ctum
681 987 882 1053 aliquid
914 1001 1038 1056 esse
1066 1004 1092 1039 a
1129 989 1257 1049 Deo.
1294 996 1403 1042 lam
1438 990 1590 1043 dictu
1614 1004 1772 1057 quam
1804 991 2064 1059 cogitatur,

502 1079 771 1134 nefarium
822 1079 1003 1134 fuerit.
1032 1079 1292 1149 Sequitur
1315 1096 1466 1149 ergo,
1497 1082 1583 1135 vel
1611 1084 1850 1138 animum
1892 1100 1917 1136 a
1955 1085 2066 1139 Deo

501 1186 609 1225 non
658 1186 781 1226 esse
816 1170 1044 1235 factum,
1090 1172 1232 1241 (quis
1265 1182 1440 1226 autem
1473 1182 1526 1225 et
1572 1174 1752 1228 animo
1787 1176 2066 1241 pra-ditus,

502 1273 557 1317 et
592 1263 787 1317 mentis
828 1266 1115 1332 particeps,
1146 1266 1247 1319 hoc
1280 1265 1473 1318 dixerit
1502 1265 1546 1333 ?)
1578 1268 1657 1319 vel
1699 1280 1823 1321 esse
1845 1268 2071 1322 creden-

507 1356 656 1420 dum,
684 1354 1024 1423 voluptatem
1062 1356 1245 1409 animo
1280 1356 1543 1411 divinitus
1602 1357 1881 1412 tributam.
1933 1359 2067 1413 Cum

514 1447 659 1498 enim
688 1448 971 1514 prolralum
1005 1446 1098 1511 sit,
1124 1462 1190 1499 ne
1228 1448 1523 1515 appetitum
1565 1451 1785 1517 quidem
1828 1467 1948 1505 esse
1976 1452 2070 1504 de-

508 1537 719 1600 buisse,
753 1537 796 1590 si
828 1538 988 1605 plane
1024 1538 1155 1592 nihil
1194 1539 1504 1605 exsisteret,
1548 1540 1601 1595 in
1643 1557 1750 1610 quo
1805 1543 2074 1611 appetitus

510 1645 570 1684 se
598 1630 647 1684 id
679 1631 976 1699 essequod
1003 1641 1087 1684 est
1111 1639 1254 1685 recte
1286 1632 1565 1686 declarare
1617 1643 1821 1703 posset,
1870 1636 2085 1704 perspi-'

512 1735 671 1774 cuum
709 1736 935 1789 prorsus
963 1731 1045 1775 est
1078 1723 1357 1786 omnibus,
1382 1723 1528 1776 nulla
1547 1724 1592 1777 si
1622 1724 1869 1793 voluptas
1904 1738 2071 1791 esset,

510 1830 613 1869 nec
641 1817 938 1883 appetitum
975 1815 1195 1869 omnino
1252 1817 1523 1871 exsistere
1558 1818 1830 1884 debuisse,
1874 1820 2075 1888 quippe

2166 625 2335 693 γὸνει,
2375 625 2474 677 οὐκ
2537 624 2692 687 δντος
2758 622 2993 685 ἐκείνου,
3048 622 3108 674 ἐν
3176 613 3333 689 ᾧπερ
3392 617 3460 671 ἂν
3497 612 3644 687 εἶχεν
3698 618 3743 686 ἠ

2170 718 2314 785 ψυχὴ
2347 715 2608 769 καὶκατὰ
2639 715 2760 767 τόδε
2791 715 2850 766 τὸ
2893 715 3060 782 μέρος
3110 712 3331 780 ἐνεργὸς
3392 712 3526 778 ἡμῖν
3564 707 3739 761 εἶναι.

2167 809 2362 878 Μάτην
2385 808 2441 861 δέ
2475 825 2526 861 τι
2553 809 2707 876 παρά
2730 808 2864 859 Θεοῦ
2895 806 3178 874 γεγονέναι
3207 804 3524 872 βλάσφημον
3555 803 3747 853 εἰπεῖν

2169 900 2200 968 ἢ
2234 900 2444 967 νοῆσαι.
2474 899 2774 967 Συμϐαίνει
2814 898 2925 966 δέἣ
2962 896 3095 967 μηδέ
3130 896 3226 963 τὴν
3261 893 3443 963 ψυχὴν
3496 896 3557 946 ἐκ
3593 892 3746 945 Θεοῦ

2170 991 2481 1059 γεγονέναι,
2513 990 2560 1057 (ὃ
2588 990 2671 1051 τίς
2711 990 2778 1042 ἂν
2808 988 2976 1049 εἴποι,
3009 986 3192 1057 ψυχήν
3226 1003 3285 1038 τε
3319 986 3483 1053 ἔχων,
3519 985 3613 1051 καὶ
3639 984 3744 1036 νοῦ

2173 1084 2419 1153 μετέχων
2462 1081 2500 1152 ;)
2531 1082 2562 1152 ἢ
2592 1082 2687 1135 καὶ
2718 1082 2818 1149 τὴν
2847 1079 3040 1150 ἡδονὴν
3072 1082 3139 1149 τῇ
3168 1078 3316 1147 ψυχῇ
3352 1077 3535 1129 θεόθεν
3592 1072 3746 1128 εἶναι

2170 1174 2477 1228 πιστεύειν.
2552 1172 2771 1242 Ἐπειδὴ
2824 1172 2934 1241 γὰρ
2992 1170 3285 1232 δέδεικται,
3332 1167 3407 1230 ὠς
3465 1167 3588 1219 οὐδέ
3635 1167 3751 1236 τὴν

2172 1267 2471 1337 ἐπιθυμίαν
2507 1268 2677 1336 ἐχρῆν
2714 1261 2877 1329 εἶναι,
2926 1264 3143 1325 οὐδενός
3174 1279 3321 1324 τινος
3374 1262 3513 1324 ὅλως
3560 1262 3745 1324 ὄντος,

2174 1360 2259 1427 ἐφ’
2291 1357 2445 1428 ᾧπερ
2474 1360 2541 1412 ἂν
2570 1358 2750 1420 καλῶς
2773 1357 3126 1415 ἐπεδείκνυτο
3159 1354 3289 1408 αὐτό
3318 1370 3379 1420 γε
3412 1352 3570 1406 τοῦτο
3602 1349 3663 1406 οὗ
3678 1370 3746 1403 τα

2174 1450 2468 1518 ἐπιθυμία,
2499 1449 2660 1517 δῆλον
2693 1446 2759 1499 ἂν
2804 1449 2890 1517 εἴη
2953 1449 3119 1499 πᾶσιν
3180 1443 3331 1512 ἑξῆς,
3377 1442 3451 1509 ὡς
3486 1444 3582 1497 καὶ
3635 1444 3750 1510 τῆς

2176 1542 2371 1609 ἡδονῆς
2434 1539 2701 1607 μηδαμῶς
2758 1537 2943 1605 οὔσης,
3000 1537 3120 1588 οὐδέ
3170 1535 3269 1603 τὴν
3326 1534 3620 1603 ἐπιθυμίαν
3676 1551 3747 1601 γε

2176 1634 2282 1686 ἔδει
2330 1634 2659 1702 τοπαράπαν
2720 1631 3132 1698 συνεστηκέναι.
3200 1627 3477 1697 Πρόδηλον
3526 1626 3634 1695 γὰρ
3665 1627 3752 1689 ῶς

2178 1729 2210 1797 ὴ
2243 1726 2507 1793 ἐπιθυμία
2551 1725 2618 1778 δι’
2654 1723 2993 1794 εὐφροσύνην
3037 1724 3131 1775 καὶ
3159 1721 3350 1791 ἡδονὴν
3386 1722 3498 1790 ἕχει
3525 1721 3622 1789 τὴν
3652 1719 3749 1771 κί-

2178 1834 2352 1882 νησιν.
2387 1818 2461 1869 Οὐ
2489 1818 2597 1885 γὰρ
2631 1816 2781 1868 ἐστιν
2822 1814 3009 1884 ἕτερόν
3054 1830 3107 1864 τι
3146 1812 3255 1863 τῶν
3312 1813 3551 1873 πάντων,
3598 1810 3748 1877 ὑπὲρ

510 1904 855 1959 manifestum
913 1914 1019 1968 est,
1075 1907 1370 1974 appetitum
1410 1907 1609 1977 lretitias
1673 1883 2072 1978 voluptatisque

2191 1908 2235 1962 >6
2260 1909 2534 1978 δήπουθεν
2567 1883 2713 1974 αὕτη
2761 1906 2827 1960 ἂν
2862 1905 3134 1975 κινηθείη.
3171 1903 3328 1960 Οὕτω
3368 1903 3426 1955 δὲ
3480 1902 3577 1970 τῆς
3622 1902 3750 1951 ἐπι-

510 2010 674 2050 causa
709 1996 935 2052 moveri.
970 1996 1078 2051 Nec
1105 1998 1247 2051 enim
1291 2010 1373 2053 est
1406 1998 1547 2051 aliud
1584 2000 1885 2069 quidpiam,
1917 2001 2075 2068 cujus

510 2087 601 2141 hic
634 2102 794 2142 causa
855 2089 1059 2143 moveri
1118 2092 1308 2157 possit.
1362 2091 1699 2160 QuaprOpter
1736 2094 1974 2162 appetitu
2023 2094 2073 2147 in

509 2180 657 2234 hunc
692 2181 908 2235 modum
967 2182 1190 2245 abolito,
1228 2182 1404 2252 deque
1467 2183 1646 2238 medi-0
1683 2186 1934 2251 sublato,
1976 2201 2077 2241 nec

516 2274 735 2327 animus
767 2273 880 2340 ipse
930 2274 1277 2328 remanserit.
1329 2274 1540 2333 Etenim
1601 2275 1712 2330 ﬁeri
1771 2278 1977 2345 nequit,
2022 2286 2080 2330 ut

512 2363 728 2417 animus
751 2362 924 2431 aliqua
966 2379 1023 2417 re
1071 2379 1165 2417 sua
1228 2365 1514 2433 spoliatus,
1558 2368 1610 2419 in
1652 2382 1713 2420 eo
1764 2382 2081 2436 permanere

513 2461 676 2517 statu,
711 2470 814 2523 quo
848 2456 1094 2511 cenditus
1113 2456 1234 2518 fuit,
1268 2458 1479 2523 possit;
1510 2461 1653 2527 quod
1685 2474 1820 2514 sane
1857 2461 1922 2513 de
1950 2476 2080 2514 con-

516 2546 687 2600 trario
716 2552 888 2614 paret.
919 2546 1050 2599 Nam
1081 2561 1254 2615 neque
1285 2558 1710 2604 consentaneum
1754 2559 1855 2614 est,
1907 2566 2081 2621 neque

516 2637 637 2691 ﬁeri
670 2647 864 2705 potest,
912 2646 969 2692 ut
998 2639 1212 2692 animus
1270 2637 1475 2709 aliquid
1526 2642 1865 2697 extrinsecus
1924 2658 2081 2698 ascu-

519 2737 658 2792 mat,
687 2742 791 2796 quo
820 2730 996 2797 magis
1028 2730 1098 2783 sit
1143 2730 1379 2785 animus.
1436 2730 1674 2801 Ideoque
1716 2749 1813 2788 nec
1853 2735 2082 2789 alterum

523 2818 640 2872 ﬁeri
677 2827 877 2887 potest,
910 2832 963 2874 ut
995 2821 1200 2889 aliquid
1225 2822 1433 2877 scilicet
1455 2826 1689 2879 amittat.
1726 2823 2083 2879 Namutrum-

522 2925 627 2977 que
657 2909 1019 2965 consimiliter
1047 2912 1341 2965 absurdum
1372 2922 1476 2967 est.
1518 2914 1731 2968 Etenim
1763 2916 1928 2969 animi
1959 2931 2085 2985 erga

521 3014 583 3058 se
650 3000 902 3061 invicem,
962 3003 1105 3067 quod
1155 3002 1325 3070 ipsam
1381 3005 1571 3058 attinet
1624 3007 1979 3060 substantiam
2035 3013 2089 3061 et

523 3101 701 3143 ortum
758 3094 1018 3160 primum,
1072 3093 1360 3161 aequaliter
1422 3105 1475 3148 et
1504 3097 1692 3152 eodem
1742 3097 1923 3151 allecti
1958 3108 2088 3153 sunt

523 3183 707 3236 modo.
759 3183 961 3252 Nequit
1013 3184 1176 3252 igitur
1200 3187 1410 3239 animus
1441 3188 1644 3252 animo,
1693 3190 1777 3242 vel
1817 3190 1979 3243 etiam
2031 3205 2088 3244 se

523 3274 664 3341 ipso,
702 3286 947 3328 naturam
978 3277 1118 3343 quod
1151 3280 1365 3344 attinet,
1397 3289 1490 3333 aut
1534 3282 1799 3348 deterior,
1839 3293 1932 3337 aut
1976 3300 2090 3338 me-

523 3366 625 3419 lior
658 3366 810 3433 fieri;
847 3368 1077 3437 ideoque
1107 3385 1206 3424 nec
1261 3387 1541 3427 assumere
1577 3374 1856 3444 quidpiam
1889 3378 2094 3430 extrin-

524 3475 703 3523 secus,
732 3474 833 3512 nec
872 3475 1027 3513 suum
1065 3462 1268 3529 aliquid
1325 3448 1577 3518 amittere
1636 3474 1833 3533 potest.
1886 3465 2017 3519 Nam
2049 3468 2091 3521 si

526 3560 678 3605 recte
705 3550 929 3605 allectus
964 3554 1069 3605 erit
1098 3567 1192 3621 per
1217 3567 1273 3607 se
1297 3554 1534 3616 animus,
1574 3556 1664 3609 ubi
1701 3557 1784 3610 vel
1814 3572 1966 3611 suum
1994 3559 2094 3611 ali-

526 3645 654 3711 quid
688 3645 955 3706 amiserit,
1008 3645 1092 3699 vel
1120 3647 1377 3715 quiddam
1409 3651 1753 3705 extrinsecus
1784 3664 2093 3717 assumpseo

526 3738 623 3799 rit,
656 3724 995 3806 perspicuum
1039 3747 1139 3802 est,
1167 3754 1290 3792 eum
1326 3749 1471 3794 recte
1519 3741 1767 3796 allectum
1799 3759 1904 3798 non
1953 3759 2093 3810 esse,

530 3828 577 3882 si
611 3845 707 3883 suo
745 3828 796 3882 in
833 3838 976 3883 statu
1006 3840 1243 3884 maneat.
1273 3832 1341 3885 At
1369 3846 1496 3886 vero
1524 3834 1650 3887 dum
1703 3835 1752 3888 in
1791 3850 1855 3890 eo
1897 3846 2094 3897 manet,

448 3932 452 3937 ‘
530 3922 586 3973 in
611 3935 721 3989 quo
741 3921 997 3975 conditus
1036 3912 1101 3976 ab
1127 3922 1281 3977 initio
1316 3922 1437 3990 fuit,
1466 3924 1518 3978 in
1555 3939 1769 3980 summo
1794 3927 1935 3980 bono
1986 3944 2101 3980 ma-

534 4021 646 4066 net.
706 4011 846 4079 Ergo
880 4012 1235 4069 manifestum
1270 4023 1355 4068 est
1399 4016 1672 4081 omnibus,
1736 4017 1996 4082 futurum,
2042 4028 2100 4071 ut

537 4114 668 4155 tunc
696 4104 868 4173 magis
897 4104 1034 4156 male
1058 4105 1126 4157 sit
1164 4106 1390 4161 allectus
1418 4106 1636 4178 (loquor
1668 4118 1848 4161 autem
1886 4125 1949 4162 ex
2002 4110 2100 4179 by-

536 4196 797 4263 potbesi),
827 4210 948 4249 cum
1002 4197 1203 4266 aliquid
1244 4201 1585 4256 extrinsecus
1611 4204 1963 4271 assumpserit
2008 4211 2100 4255 aut

538 4302 696 4341 suum
724 4289 990 4343 amiserit.
1033 4289 1167 4343 Nam
1235 4297 1558 4346 assumenda
1619 4293 1818 4348 nimius
1866 4294 2098 4360 evadet;

537 4380 836 4435 deﬁciendo
895 4381 1184 4450 quamdam
1216 4384 1367 4450 quasi
1421 4382 1814 4437 mutilationem
1868 4386 2100 4440 sustine-

535 4473 641 4528 bit.
696 4474 858 4541 Atqui
902 4474 945 4527 si
999 4474 1213 4527 animus
1264 4473 1472 4541 integer
1527 4489 1591 4527 ac
1639 4476 1811 4529 bonus
1870 4477 2100 4530 inveniri

2115 3219 2159 3311 β

2180 2000 2384 2068 θυμίας
2426 1999 2710 2067 ἀρθείσης,
2745 1996 2840 2049 καὶ
2873 1995 3158 2058 παντελῶς
3208 1995 3273 2046 ἐκ
3307 1993 3477 2061 μέσου
3506 2008 3748 2059 γεγενη-

2182 2092 2373 2159 μένης,
2424 2089 2543 2142 ούδέ
2576 2089 2639 2140 τὸ
2670 2089 2768 2156 τῆς
2817 2086 2996 2155 ψυχῆς
3032 2087 3222 2156 χρῆμα
3258 2088 3601 2153 παρέμεινεν»
3652 2081 3743 2134 ἄν.

2180 2184 2252 2235 Οὐ
2288 2182 2397 2250 γὰρ
2425 2182 2539 2235 ἔστι
2568 2179 2668 2246 τὴν
2692 2179 2870 2248 ψυχὴν
2892 2178 3290 2246 ἀφαιρεθεῖσάν
3314 2193 3366 2229 τι
3415 2176 3522 2228 τῶν
3550 2175 3740 2242 αὐτῆς,

2182 2276 2240 2326 ἐν
2272 2269 2520 2344 γέγονε
2575 2270 2911 2324 καταστάσει
2953 2271 3162 2338 μεῖναι.
3207 2268 3377 2337 Δῆλον
3427 2268 3482 2319 δὲ
3542 2268 3605 2318 ἐκ
3650 2266 3744 2317 τοῦ

2182 2363 2451 2417 ἐναντίου.
2480 2362 2613 2414 Οὐδὲ
2646 2360 2754 2430 γὰρ
2794 2360 2966 2422 εἰκὸς,
3000 2358 3121 2411 οὐδὲ
3162 2356 3534 2426 ἐνδεχόμενον,
3575 2370 3738 2421 προσ-

2182 2455 2367 2508 λαϐεῖν
2395 2471 2447 2506 τι
2480 2453 2717 2521 θύραθεν
2751 2451 2850 2520 τὴν
2880 2450 3080 2519 ψυχὴν,
3111 2448 3251 2501 ὥστε
3284 2451 3376 2500 καὶ
3420 2445 3624 2514 μᾶλλον
3649 2445 3749 2513 ψυ-

2183 2546 2284 2617 χὴν
2322 2545 2599 2611 γενέσθαι.
2633 2543 2843 2596 Οὐκοῦν
2897 2542 3018 2594 οὐδὲ
3072 2541 3297 2608 θάτερον
3339 2532 3566 2592 δυνατόν
3608 2538 3747 2602 ἐστι,

2184 2639 2243 2691 τὸ
2275 2637 2571 2690 ἀποϐαλεῖν
2603 2654 2768 2704 φημι.
2812 2634 3050 2703 Ὁμοίως
3084 2636 3194 2703 γὰρ
3227 2634 3488 2698 ἐκάτερον
3522 2632 3749 2685 ἄτοπον.

2185 2730 2250 2781 Ai
2272 2729 2381 2797 γὰρ
2417 2727 2587 2797 ψυχαὶ
2622 2726 2715 2779 καὶ
2744 2726 2880 2795 πρδς
2915 2724 3170 2794 ἀλλήλας,
3207 2724 3299 2776 καὶ
3362 2723 3499 2792 πρὸς
3554 2722 3749 2783 αὐτὰς,

2190 2823 2317 2882 ίσως
2362 2820 2653 2888 ἀειδήποτε
2687 2817 2782 2870 καὶ
2811 2815 3078 2876 ὡσαύτως
3111 2814 3328 2883 ἔχουσιν
3355 2813 3456 2867 ὅσα
3487 2811 3630 2865 κατά
3651 2811 3753 2880 τὴν

2188 2913 2380 2966 οὐσίαν
2440 2912 2636 2979 αὐτὴν,
2689 2911 2879 2964 καὶτὸ
2937 2909 3170 2977 ἐξαρχῆς
3222 2902 3382 2979 εἶναι.
3438 2904 3653 2960 Οῠκουν
3688 2921 3754 2971 γε

2188 3004 2425 3076 ψυχῆςῆ
2461 3004 2682 3073 χείρων,
2716 3001 3024 3072 ἦβελτίων,
3061 3000 3180 3052 οὑδέ
3215 3001 3414 3068 ἑαυτῆς
3430 3016 3584 3063 ποτε,
3611 2999 3755 3051 κατὰ

2190 3098 2288 3165 τὴν
2312 3096 2473 3166 φύσιν
2507 3094 2760 3163 γενέσθαι
2791 3088 2897 3155 οἶός
2931 3110 3012 3155 τε,
3048 3094 3107 3145 οὐ
3129 3093 3310 3145 τοίνυν
3346 3090 3466 3144 οὐδὲ
3496 3090 3753 3155 δέξασθαὶ

2192 3207 2245 3241 τι
2276 3188 2382 3241 τῶν
2411 3187 2671 3253 θύραθεν,
2730 3186 2839 3237 οὐδ’
2898 3184 3199 3237 ἀποϐαλεῖν
3247 3182 3355 3235 τῶν
3412 3183 3647 3234 οἰκείων.
3690 3182 3753 3234 Εἰ

2195 3283 2306 3349 γὰρ
2340 3281 2506 3347 ὑγιῶς
2541 3278 2658 3342 ἕξει
2693 3295 2756 3345 γε
2779 3278 2841 3331 τδ
2873 3276 2994 3331 καθ’
3035 3274 3204 3344 αὐτὴν
3234 3276 3264 3343 ἡ
3296 3274 3464 3344 ψυχὴ,
3490 3274 3522 3344 ἢ
3548 3274 3755 3327 ἀποϐα-

2193 3371 2359 3423 λοῦσά
2393 3388 2443 3422 τι
2477 3370 2585 3421 τῶν
2617 3370 2811 3438 αὐτῆς,
2849 3368 2881 3437 ἢ
2933 3369 3027 3420 καὶ
3075 3366 3272 3431 ἔξωθεν
3328 3364 3701 3434 προσλαϐοῦσα
3729 3378 3749 3393 ο

2194 3461 2376 3530 δῆλον,
2409 3461 2485 3523 ὡς
2507 3463 2603 3530 οὑχ
2640 3461 2808 3529 ὑγιῶς
2849 3462 2917 3533 ἂν
2966 3455 3135 3528 εἶχεν,
3189 3462 3247 3512 ἐν
3284 3459 3363 3527 τῷ
3416 3457 3529 3511 καθ’
3576 3454 3741 3524 αὐτὴν

2199 3553 2460 3621 μένουσα.
2507 3551 2672 3603 Ἀλλά
2704 3550 2798 3602 νῦν
2820 3567 2883 3617 γε
2919 3550 3155 3617 μένουσα
3202 3550 3289 3617 ἐφ’
3329 3543 3477 3617 ᾧπερ
3516 3545 3611 3617 τὴν
3640 3545 3741 3614 ἀρ-

2195 3649 2299 3716 χὴν
2340 3648 2604 3715 ἐγεγόνει,
2630 3648 2686 3699 ἐν
2712 3646 2789 3716 τῷ
2819 3648 2973 3717 ἄκρῳ
3004 3647 3099 3700 τοῦ
3149 3644 3317 3699 καλοῦ
3382 3645 3554 3715 μένει.
3588 3642 3754 3695 ’Ὥστε

2198 3740 2333 3791 πᾶσι
2356 3738 2619 3807 φανερὸν,
2652 3741 2726 3801 ὡς
2755 3739 2877 3799 τότε
2908 3737 3110 3807 μᾶλλον
3149 3737 3332 3798 κακῶς
3381 3736 3495 3801 ἔξει
3523 3735 3604 3803 (ἐξ
3625 3735 3759 3788 ὑπο-

2199 3832 2401 3894 θέσεως
2431 3831 2486 3883 δέ
2512 3830 2700 3899 λέγω),
2734 3830 2863 3883 ὃταν
2911 3848 2966 3883 τι
3009 3830 3117 3885 τῶν
3154 3829 3385 3898 θύραθεν
3423 3828 3758 3897 ἐπιδέξηται,

2198 3925 2230 3994 ἢ
2271 3923 2381 3976 τῶν
2408 3923 2552 3976 ίδίων
2576 3922 2845 3991 ἀποϐάλῃ.
2882 3921 2960 3991 Τῇ
2999 3925 3095 3990 μὲν
3120 3922 3226 3992 γὰρ
3252 3921 3559 3990 προσλήψει
3592 3920 3763 3986 ὑπερο

2199 4016 2356 4069 ϐαλεῖ
2380 4033 2394 4046 ·
2426 4014 2569 4085 τῇδέ
2603 4013 2841 4082 ἐλλείψει
2870 4013 3111 4083 ὡσπερεί
3138 4032 3260 4067 τινα
3319 4015 3570 4084 πήρωσιν
3632 4013 3765 4064 ὑπο-

2202 4109 2484 4178 στήσεται.
2509 4108 2619 4159 Καὶ
2646 4105 2775 4176 μὴν,
2815 4106 2863 4157 εἰ
2898 4101 2966 4175 ἦν
3013 4106 3110 4175 τὴν
3147 4104 3323 4175 ψυχὴν
3367 4105 3636 4173 ἀκεραίαν
3668 4101 3765 4156 καὶ

2201 4202 2371 4270 καλὴν
2397 4202 2713 4275 εὑρεθῆναι,
2746 4202 2846 4269 τῆς
2890 4184 3187 4267 ἐπιθυμίας
3236 4197 3501 4265 ἀπούσης,
3536 4196 3763 4267 περιττή

2200 4308 2317 4354 πως
2350 4293 2442 4344 καὶ
2463 4292 2659 4361 αἰσχρὰ
2688 4291 2881 4359 γένοιτ’
2911 4292 2975 4345 ἂν
3023 4294 3090 4362 τῇ
3118 4292 3215 4359 τῆς
3246 4290 3549 4360 ἐπιθυμίας
3594 4306 3767 4358 προσ-

2204 4386 2367 4458 θήκῃ.
2434 4388 2494 4439 El
2527 4386 2584 4438 δὲ
2614 4386 2709 4439 νῦν
2744 4387 2911 4457 αὐτὴν
2944 4386 3115 4455 καλὴν
3162 4387 3579 4454 καὶ’ὁλ.όκλ.ηρον
3630 4384 3772 4456 ὁρῶ-

2210 4493 2330 4545 μεν,
2367 4475 2587 4544 εὔδηλον
2621 4476 2685 4528 ἂν
2708 4478 2792 4546 εἴη
2818 4476 3027 4545 σαφῶς,
3052 4478 3127 4537 ὡς
3158 4473 3226 4547 ἧν
3257 4479 3323 4530 ἂν
3358 4478 3611 4546 αἰσχίστη
3670 4477 3770 4529 καὶ

537 4573 740 4629 posset,
794 4564 1032 4632 appetitu
1108 4563 1419 4625 destitutus,
1468 4564 1769 4633 superﬂuus
1827 4574 1877 4619 et
1934 4567 2087 4636 turpi:

2206 4568 2430 4639 ἐλλιπὴς
2466 4571 2530 4638 τῇ
2558 4568 2649 4619 τοῦ
2687 4568 2883 4636 μέρους
2919 4570 3225 4639 ἀφαιρέσει.
3260 4569 3342 4622 Τὰ
3387 4569 3495 4639 γὰρ
3554 4568 3773 4621 ἐναντία

541 4666 685 4712 esset
733 4671 799 4711 ex
861 4654 1151 4723 appetitus-
1193 4657 1539 4719 accessione;
1607 4657 1688 4709 sin
1759 4657 1907 4711 illum
1961 4675 2087 4712 nunt

2204 4661 2316 4713 τῶν
2347 4661 2604 4713 ἐναντίων
2637 4660 2911 4725 ἀπόδειξις
2941 4660 3039 4730 οὐχ
3071 4656 3236 4732 ἦττον
3268 4661 3298 4729 ἢ
3332 4660 3399 4713 τὰ
3455 4661 3614 4726 ὅμοια
3660 4660 3773 4711 τῶν

547 4746 827 4813 pulchrum
868 4754 923 4798 et
976 4744 1243 4813 integrum
1274 4745 1543 4807 videmus,
1606 4743 1891 4815 perspicue
1934 4747 2107 4801 maui-

544 4837 742 4891 l'estum
805 4838 930 4901 erit,
998 4835 1369 4905 turpissimum
1426 4847 1480 4890 et
1532 4836 1905 4904 imperfectum
1969 4839 2104 4905 fore,

546 4928 719 4995 partis
751 4927 1098 4995 ademptione
1129 4927 1292 4981 facta.
1333 4928 1540 4996 Quippe
1578 4930 1850 4982 contraria
1885 4940 2104 4984 contra-

548 5020 648 5072 riis
682 5034 791 5073 non
812 5020 991 5073 minus
1020 5021 1468 5074 demonstrantur
1522 5035 1681 5089 quam
1722 5020 1915 5075 similia
1948 5024 2103 5076 simi-

548 5111 714 5164 libus.
753 5108 1017 5165 Neutrum
1084 5114 1248 5179 igitur
1280 5111 1473 5165 borum
1533 5111 1929 5166 contrariorum
1982 5129 2102 5167 cum

548 5206 693 5257 bono
770 5214 1059 5271 congruet,
1116 5204 1182 5257 de
1221 5204 1516 5257 amissione
1576 5202 1767 5272 loquor
1802 5214 1854 5257 et
1897 5220 2107 5259 assum-

548 5294 748 5362 ptiOtte.
812 5292 924 5346 luto
994 5292 1174 5361 potius
1250 5294 1532 5363 perspicue
1590 5296 1952 5349 necessarium
2003 5306 2106 5359 est,

551 5395 844 5453 utrumque
866 5384 1049 5437 animo
1077 5384 1335 5438 infestum
1370 5401 1509 5450 esse,
1570 5394 1679 5440 tam
1734 5388 2103 5443 accessionem

550 5474 757 5529 scilicet
791 5488 950 5542 quam
977 5474 1389 5538 detractionem,
1444 5484 1502 5527 ut
1561 5490 1735 5545 neque
1781 5462 2104 5547 superﬂuum

550 5568 756 5638 aliquid
785 5578 1049 5631 assumat,
1100 5581 1272 5637 neque
1320 5569 1597 5623 mutiletur
1644 5572 1784 5638 quod
1838 5572 2103 5641 integrum

550 5670 658 5716 est.
690 5662 1053 5726 Quamobrem
1089 5660 1191 5713 hoc
1224 5660 1517 5729 explicato,
1555 5662 1668 5715 fieri
1712 5663 1923 5716 scilicet
1966 5663 2104 5718 haud

550 5765 709 5817 posse
739 5761 795 5805 ut
818 5752 1032 5806 animus
1064 5750 1354 5806 incolumis
1382 5751 1452 5805 sit
1476 5751 1680 5820 absque
1719 5755 1979 5821 appetitu,
2012 5768 2108 5807 ea-

552 5837 675 5890 dem
728 5840 940 5896 ratione
999 5843 1285 5908 probatum
1333 5841 1591 5907 arbitror,
1660 5828 1758 5895 nec
1810 5843 2108 5912 appetitum

2206 4753 2431 4821 ὁμοίων.
2468 4749 2772 4819 Τοιγαροῦν
2799 4752 2905 4803 τῶν
2935 4753 3189 4805 ἐναντίων
3221 4751 3501 4820 οὐδέτερον
3519 4750 3595 4818 τῷ
3618 4749 3771 4819 καλῷ

2211 4841 2588 4911 συμϐήσεταιο
2616 4842 2713 4910 τὴν
2756 4841 3032 4910 ἀποϐολήν
3098 4860 3240 4910 φημι
3274 4843 3378 4904 καὶ,
3397 4842 3494 4911 τὴν
3535 4841 3775 4910 πρόσλη-

2207 4935 2322 5004 ψιν.
2374 4934 2593 4988 Μᾶλλον
2646 4935 2691 4987 δ’
2738 4935 3034 5001 ἀναγκαῖον
3088 4935 3275 5001 σαφῶς
3311 4936 3426 4986 ἐστι
3490 4934 3580 4985 καὶ
3615 4933 3778 4985 πολε-

2212 5024 2346 5093 μίως
2368 5025 2512 5094 ἔχειν
2545 5024 2805 5093 ἑκάτερον
2830 5026 2895 5094 τῇ
2925 5026 3095 5094 ψυχῇ,
3124 5023 3326 5094 δηλαδὴ
3356 5024 3449 5076 καὶ
3478 5023 3576 5090 τὴν
3601 5038 3776 5090 πρεοσο

2211 5116 2407 5185 θήκην,
2445 5115 2541 5169 καὶ
2595 5114 2692 5184 τὴν
2742 5115 3072 5184 ἀφαίρεσινο
3118 5114 3209 5167 ἵνα
3240 5114 3373 5184 μήτε
3431 5113 3687 5182 περιττόν
3723 5128 3813 5163 τιι

2215 5206 2522 5280 προσλάϐῃ,
2576 5209 2711 5275 μήτε
2744 5206 2974 5276 πηρωθῇ
3008 5207 3068 5258 τὸ
3095 5206 3418 5272 ὁλόκληρον.
3454 5203 3666 5256 Οὐκοῦν
3698 5204 3777 5265 ὡς

2212 5300 2371 5351 τοῦτο
2397 5300 2590 5366 γέγονε
2622 5298 2804 5369 δῆλον,
2871 5298 2947 5366 μὴ
2991 5292 3104 5351 οἷόν
3160 5312 3216 5349 τε
3275 5293 3545 5365 εἶναιτὴν
3596 5293 3777 5363 ψυχὴν

2212 5389 2486 5459 διαμένειν
2527 5390 2824 5459 ἐπιθυμίας
2857 5372 3047 5458 χωρὶς,
3091 5388 3185 5440 τὸν
3218 5389 3353 5451 ἴσον,
3398 5384 3576 5455 οἶμαι,
3603 5386 3776 5439 δέδει⁶

2212 5496 2337 5531 κται
2364 5480 2587 5551 τρόπον,
2617 5480 2751 5549 μηδὲ
2780 5479 2877 5549 τὴν
2905 5478 3201 5547 ἐπιθυμίαν
3236 5478 3587 5529 συνίστασθαι
3619 5476 3781 5528 δυνα-

2211 5569 2304 5621 τὸν
2334 5566 2497 5631 εἶναι,
2522 5568 2621 5637 τῆς
2662 5570 2856 5638 ἡδονῆς
2901 5568 3167 5637 μηδαμῶς
3217 5565 3406 5633 οὗσης.
3453 5564 3605 5617 ”Ωστ“
3652 5564 3779 5617 οὐδὲ

2212 5661 2417 5729 ταύτης
2473 5660 2717 5729 ἀπούσης
2767 5656 2880 5713 οἷόν
2911 5660 2973 5713 τέ
3020 5661 3139 5712 ἐστι
3183 5656 3548 5721 διασώζεσθαι
3579 5656 3640 5708 τὸ
3675 5656 3780 5723 τῆς

2212 5753 2390 5821 ψυχῆς
2422 5751 2632 5821 χρῆμα,
2665 5750 2913 5820 είπερτῇ
2967 5749 3065 5816 μὲν
3102 5749 3261 5819 ἡδονῇ
3300 5747 3399 5815 τὴν
3454 5746 3778 5811 ἐπιθυμίαν,

2211 5844 2384 5914 ταύτῃ
2418 5843 2475 5896 δὲ
2499 5845 2594 5912 τὴν
2625 5841 2803 5914 ψυχὴν
2848 5846 2874 5896 ὁ
2906 5842 3063 5910 λόγος
3102 5858 3165 5911 γε
3197 5842 3329 5909 ἡμῖν
3368 5839 3537 5903 ἔδειξε
3592 5854 3781 5892 συναι-
