4098 6272
352 381 459 447 469

1746 386 2028 449 ORATIO
2064 391 2108 450 V
2121 420 2141 447 ,ο

252 563 259 570 ι
357 498 649 569 ρουμένην.
676 497 850 580 Ταυτὶ
883 499 938 554 δέ
977 500 1191 573 είρηταί
1219 519 1311 575 μοι
1342 504 1437 558 καὶ
1456 505 1915 569 κατεσκεύασται,

2034 509 2318 565 :onsistere
2361 523 2538 580 posse,
2563 509 2605 562 si
2642 507 2785 562 nulla
2820 506 3065 575 voluptas
3117 504 3217 568 sit;
3268 504 3497 570 ideoque
3528 503 3573 554 si

3485 382 3588 444 4ῗο

356 587 479 665 ῖν’ᾖ
512 591 667 644 τουτὶ
702 593 961 662 φανερὸν,
990 594 1064 657 ὡς
1098 596 1190 663 ἄρ’
1241 598 1528 667 ἐμπέφυκε
1558 599 1623 668 τῇ
1654 598 1799 669 ψυχῇ
1831 599 1919 652 διὰ

2034 616 2089 655 ea
2130 601 2269 655 nulla
2306 603 2397 667 sit,
2435 617 2533 656 nec
2577 601 2788 655 animus
2827 599 2937 667 ipse
2992 597 3170 651 salvus
3209 610 3327 649 esse
3366 595 3584 662 poterit,

282 751 287 756 ‘
354 684 448 737 τοῦ
470 683 871 754 ἐπιθυμητικοῦ
903 686 1104 756 μέρους
1138 689 1170 759 ή
1212 690 1398 760 ἡδονὴ,
1435 690 1574 745 οὖσά
1606 694 1669 759 γὲ
1699 708 1785 753 τις
1829 692 1920 745 δύ-

274 792 277 797 ·
360 795 525 846 ναμις
584 776 753 831 αὐτοῦ
807 778 1072 849 οὗσιώδης
1121 783 1214 833 καὶ
1270 782 1572 857 ἀχώριστος
1620 784 1912 846 παντελῶς.

363 867 513 920 Ὦστ’
562 870 704 938 ὅπερ
746 869 1165 940 ὑπισχνούμεθα
1214 870 1432 937 δείξειν,
1484 872 1686 941 ἀγαθὸν
1728 874 1920 944 εἴληφε

361 961 533 1024 τέλος,
566 962 701 1014 Θεοῦ
731 964 1145 1032 συναιρομένου,
1180 965 1406 1036 βραχέσι
1426 966 1625 1034 λόγοις.
1661 968 1721 1020 Εἰ
1755 968 1928 1021 δὲκαὶ

365 1053 629 1106 πλειόνων
663 1048 730 1122 ἦν
770 1055 952 1125 χρεία,
983 1055 1112 1125 ἐξῆν
1151 1074 1215 1122 γε
1245 1058 1415 1125 δήπου
1470 1059 1566 1112 καὶ
1595 1058 1754 1112 τοῦτο
1788 1060 1928 1127 μετά

365 1146 570 1213 πολλῆς
600 1146 699 1215 τῆς
739 1146 1025 1215 ῥᾳστώνης
1050 1147 1333 1214 γενέσθαι.
1366 1150 1586 1217 Πέφυκε
1618 1151 1726 1220 γὰρ
1760 1151 1929 1220 τάλη-

262 1300 267 1311 η
364 1237 456 1298 θές
483 1236 695 1289 οἴκοθεν
725 1238 999 1305 πηγάζειν
1032 1240 1129 1301 τὰς
1153 1240 1411 1310 ἀφορμὰς
1449 1242 1551 1311 τῆς
1605 1242 1801 1295 ἐαυτοῦ
1837 1260 1934 1294 συ-

366 1327 632 1387 στάσεως.
676 1327 832 1379 Ἐπεὶ
860 1328 917 1380 δὲ
943 1327 1063 1391 ᾶλις
1085 1329 1197 1399 ἔχει
1226 1331 1295 1383 τὰ
1321 1332 1450 1401 περὶ
1470 1331 1693 1398 τούτου,
1724 1332 1819 1385 καὶ
1844 1331 1929 1385 δέ-

361 1414 571 1469 δεικται
604 1418 635 1483 ἠ
681 1417 844 1487 ἡδονὴ
868 1417 1264 1487 ξυμπεφυκυῖα
1299 1420 1401 1490 μὲν
1440 1423 1508 1490 τῇ
1536 1421 1708 1490 ψυχῇ,
1739 1420 1930 1474 θεόθεν

361 1504 417 1562 δὲ
450 1506 586 1574 αὑτὴ
622 1506 911 1577 δεδομένη,
946 1508 1128 1579 ἀγαθὴ
1159 1511 1216 1564 δὲ
1261 1511 1580 1580 άναχκαίως
1613 1512 1703 1581 (τὰ
1733 1513 1841 1582 γὰρ
1866 1513 1930 1565 ἐκ

361 1596 499 1650 Θεοῦ
526 1599 801 1669 τοιαῦτα)ο
838 1601 973 1668 φέρε
1007 1603 1182 1666 καλὴν
1211 1604 1383 1670 αὐτὴν
1419 1602 1795 1671 ἀποδείξωμεν
1834 1604 1927 1655 καὶ

361 1691 467 1743 ἀπὸ
502 1690 612 1743 τῶν
638 1692 985 1761 πραγμάτων
1008 1694 1193 1747 αὐτᾶν
1227 1696 1362 1765 μετὰ
1388 1694 1689 1764 λογισμῶν,
1728 1693 1794 1763 ἢν
1824 1689 1929 1747 οἷοί

361 1801 418 1835 τε
452 1782 743 1854 γενώμεθα
777 1786 935 1839 τοῦτο
959 1788 1207 1853 ποιῆσαι.

2029 692 2466 760 quandoquidem
2499 690 2794 760 appetitum
2828 703 2949 741 cum
2988 686 3285 754 voluptate,
3340 699 3460 737 cum
3496 698 3589 750 ap-

2029 784 2198 851 petitu
2225 784 2463 837 animum
2499 795 2714 851 quoque
2749 778 2862 833 tolli
2920 792 2949 833 e
2985 776 3161 831 medio
3209 774 3584 844 probavimus.

2032 876 2157 930 Haec
2194 884 2373 930 autem
2420 890 2448 928 a
2488 889 2573 927 me
2602 874 2744 927 dicta
2778 881 2907 926 sunt
2953 880 3008 923 et
3039 870 3356 930 constituta,
3391 877 3444 921 ut
3475 883 3589 919 ma-

2030 968 2286 1024 nifestum
2317 968 2407 1032 sit,
2468 967 2707 1021 innatam
2754 978 2873 1019 esse
2907 963 3236 1031 voluptatem
3270 961 3450 1014 animo
3499 974 3590 1025 per

2029 1063 2149 1131 ejus
2170 1071 2380 1131 partem
2414 1066 2777 1130 appetentem,
2828 1073 2948 1127 quas
2985 1056 3359 1112 substantialis
3409 1061 3463 1107 et
3512 1054 3593 1105 iu-

2031 1152 2349 1222 separabilis
2380 1153 2601 1206 omnino
2638 1150 2870 1206 facultas
2906 1149 3050 1203 illius
3080 1149 3171 1202 sit.
3214 1149 3469 1214 Adeoque
3492 1146 3591 1199 bo-

2029 1260 2159 1298 num
2210 1246 2274 1297 ad
2320 1244 2483 1298 finem
2547 1243 2870 1311 perductum
2957 1252 3061 1305 est,
3118 1238 3411 1303 adiurante.
3460 1236 3594 1298 Deo.

2030 1335 2220 1404 paucis
2249 1349 2383 1390 sane
2413 1334 2613 1397 verbis,
2638 1333 2784 1401 quod
2820 1343 3134 1385 ostensuros
3174 1344 3271 1383 nos
3295 1329 3593 1397 polliceba-

2033 1440 2176 1478 mur.
2200 1424 2354 1490 Quod
2387 1424 2428 1478 si
2457 1423 2702 1492 pluribus
2719 1437 2853 1491 opus
2879 1429 3042 1485 esset,
3072 1420 3234 1473 etiam
3262 1419 3313 1471 id
3336 1433 3593 1489 perquam

2034 1516 2191 1572 facile
2220 1524 2480 1587 praestare
2504 1531 2809 1585 possemus.
2853 1516 2924 1570 Ea
2960 1529 3196 1582 namque
3224 1512 3467 1567 veritatis
3515 1522 3599 1564 est

2036 1618 2252 1673 natura,
2278 1616 2335 1661 ut
2367 1608 2683 1661 occasiones
2714 1616 2767 1661 et
2793 1622 2988 1661 causas
3021 1604 3334 1661 stabiliendi
3360 1606 3593 1674 seipsam

2034 1709 2099 1749 ex
2132 1709 2191 1748 se
2222 1695 2373 1761 quasi
2412 1693 2557 1749 fonte
2586 1696 2820 1764 quodam
2856 1693 3166 1763 profundat.
3204 1695 3311 1748 Sed
3342 1698 3463 1763 quia
3512 1709 3598 1748 res

2034 1785 2169 1840 satis
2208 1795 2292 1838 est
2322 1785 2619 1851 explicata,
2654 1786 3071 1854 probatumque,
3120 1786 3450 1854 voluptatem
3477 1788 3598 1836 ani-

364 1894 507 1933 moa
545 1891 733 1934 natura
762 1880 985 1936 inditam
1019 1897 1083 1936 ac
1114 1882 1376 1937 divinitus
1402 1882 1922 1947 nobis’coneessam,
1965 1884 2203 1949 adeoque
2273 1879 2586 1934 necessario
2646 1880 2841 1933 bonam
2876 1894 2995 1933 esse
3031 1878 3178 1932 (sunt
3246 1879 3389 1931 enim
3449 1879 3599 1946 ejus-

364 1972 504 2027 modi
588 1988 705 2041 quae
756 1989 783 2027 a
847 1975 955 2028 Deo
1008 1973 1472 2043 proficiscuntur),
1519 1988 1637 2044 age,
1693 1960 1762 2028 de
1826 1973 1955 2042 ipsis
2029 1973 2188 2026 etiam
2247 1972 2409 2025 rebus
2473 1985 2591 2024 eam
2683 1970 2877 2024 bonam
2954 1971 3424 2037 demonstremus,
3490 1986 3597 2023 non

362 2066 480 2116 sine
514 2064 1044 2128 ratiocinationibus,
1086 2065 1131 2118 si
1191 2065 1409 2134 quidem
1464 2065 1515 2119 id
1549 2065 1727 2120 facere
1777 2064 2095 2134 poterimus.

396 2142 399 2147 ’
430 2155 765 2224 Πολλαχόθεν
799 2156 898 2224 μὲν
926 2150 1021 2208 οὖν
1051 2156 1199 2209 ἐσται
1224 2157 1556 2226 καταφανὲς,
1588 2157 1664 2220 ὡς
1699 2156 1920 2210 δύναται

2102 2155 2173 2211 De
2204 2154 2389 2211 multis
2415 2170 2544 2227 ergo
2586 2156 2815 2225 parebit,
2850 2169 3013 2227 posse
3070 2156 3405 2222 voluptatem
3448 2155 3601 2207 inve-

357 2252 393 2319 ἡ
429 2250 587 2319 ἡδονὴ
619 2248 999 2319 καθαρεύουσα
1046 2249 1236 2303 κακῶν
1280 2249 1597 2320 εὑρεθῆναι,
1643 2251 1697 2305 ετ
1739 2251 1826 2313 τίς
1863 2265 1928 2317 γε

358 2342 540 2412 ἐκείνῃ
559 2340 759 2411 χρῷτο,
790 2342 865 2403 ὡς
890 2341 1007 2394 δέον
1034 2343 1292 2411 χρῆσθαι.
1311 2342 1384 2394 Τὸ
1410 2342 1540 2411 γὰρ.
1572 2337 1748 2411 οἶμαι,
1783 2341 1932 2409 ἐφίε-

361 2432 491 2484 σθαι
522 2434 615 2484 καὶ
644 2432 934 2499 ἐπιθυμεῖν
964 2433 1073 2485 τῶν
1106 2433 1181 2494 ὡς
1203 2432 1422 2500 ἀληθῶς
1451 2433 1659 2499 ἐφετῶν
1687 2431 1783 2485 καὶ
1813 2434 1932 2486 ἐπι-

360 2526 654 2594 θυμεῖσθαι
689 2524 939 2591 δικαίων,
976 2524 1072 2577 καὶ
1098 2526 1220 2586 ταῖς
1249 2524 1357 2577 ἀπὸ
1383 2524 1589 2578 τούτων
1620 2523 1775 2587 αὖθις
1808 2524 1930 2593 ἡδο-

361 2619 480 2675 ναῖς
508 2614 936 2683 ἐπαγάλλεσθαι,
983 2616 1245 2686 οὐδεμίαν
1284 2633 1347 2684 γε
1381 2616 1597 2670 δικαίαν
1629 2615 1831 2681 δέξαιτ’
1867 2618 1933 2671 ἂν

363 2706 600 2776 μέμψιν,
632 2705 769 2758 ὅπου
801 2722 865 2773 γε
899 2706 989 2759 καὶ
1038 2706 1349 2783 τούναντίον
1375 2706 1606 2768 πολλοὺς
1652 2706 1929 2768 ἐπαίνους.

375 2800 499 2866 Ὑφ’
546 2798 703 2868 ἡμῶν
734 2800 844 2869 γὰρ
875 2797 1186 2869 ζητουμένη
1215 2800 1249 2868 ὴ
1290 2799 1773 2869 ἐπισυμϐαίνουσα
1821 2802 1933 2862 τοῖς

363 2891 721 2959 ζητουμένοις
747 2890 815 2944 δι’
844 2891 1019 2943 ἐκεῖνό
1049 2906 1111 2958 γε
1142 2890 1239 2943 καὶ
1271 2890 1456 2960 μόνον,
1490 2889 1520 2942 δ
1548 2892 1615 2960 τῇ
1654 2888 1815 2954 φύσει
1847 2888 1932 2941 δέ·

356 2985 511 3038 δοται
541 2980 724 3053 ζητεῖν
755 2983 994 3053 ἐξαρχῆς
1029 2981 1214 3045 εὐθὺς,
1241 2982 1487 3052 δηλονότι
1516 2981 1608 3035 τὸν
1635 2979 1792 3044 Θεδν,
1831 2980 1933 3049 τὴν

362 3075 588 3147 ἀρετὴν,
620 3075 717 3144 τὴν
744 3074 947 3144 ἑαυτῆς
974 3073 1254 3139 σύστασιν,
1277 3073 1395 3135 πῶς
1413 3073 1511 3125 οὐκ
1539 3072 1606 3126 ἂν
1631 3071 1717 3142 εῐη
1746 3072 1933 3125 δικαία

359 3170 395 3236 ἠ
430 3167 589 3237 ἡδονὴ
621 3166 801 3236 ἀγαθὴ
831 3166 1175 3231 νομίζεσθαι,
1214 3164 1309 3218 καὶ
1341 3163 1541 3227 καλοὺς
1586 3162 1931 3233 ἐργαζομένη

360 3262 490 3322 τοὺς
520 3259 689 3327 αὐτῆς
740 3258 1033 3328 σωφρόνως
1068 3259 1431 3329 μετέχονταςς
1476 3256 1686 3311 Λύτίκα
1716 3255 1846 3325 γοῦν
1877 3258 1934 3309 ἐν

361 3354 479 3414 ταῖς
514 3351 868 3421 ἐπουρανίαις
898 3351 1218 3419 δυνάμεσιν,
1251 3350 1308 3402 ἐν
1339 3346 1541 3418 α’ἴσπερ
1584 3349 1686 3401 οὐκ
1718 3347 1933 3419 ἐνδέχε-

360 3442 452 3496 ταί
487 3459 540 3494 τι
569 3443 678 3495 τῶν
709 3442 813 3495 οὐκ
846 3442 1068 3509 ἀγαθῶν
1098 3436 1261 3506 εἶναι,
1299 3440 1483 3511 εὕροις
1522 3440 1589 3495 ἂν
1620 3441 1928 3511 ἀμφότερα·

2032 2248 2158 2313 niri,
2186 2262 2304 2316 qum
2332 2248 2588 2301 immunis
2625 2248 2743 2302 sita
2787 2247 2956 2311 vitiis,
2994 2250 3039 2301 si
3061 2247 3183 2316 quis
3222 2261 3282 2300 ea
3314 2245 3391 2298 sic
3415 2252 3600 2298 utatur

2031 2340 2484 2409 quemadmodum
2514 2339 2589 2392 uti
2625 2347 2855 2408 Oportet.
2888 2337 3049 2402 Nam,
3074 2349 3131 2392 ut
3161 2337 3412 2406 equidem
3456 2336 3601 2390 arbi-

2033 2443 2165 2497 tror,
2200 2448 2260 2487 ea
2289 2443 2401 2487 tum
2441 2442 2716 2503 appetere,
2749 2442 2859 2488 tum
2883 2435 3294 2503 concupiscere,
3331 2446 3451 2502 qua:
3471 2444 3600 2484 vero

2032 2533 2161 2580 sunt
2192 2525 2450 2594 optabilia
2512 2528 2818 2594 meritoque
2876 2526 3326 2593 concupiscenda,
3372 2537 3601 2593 quaeque

2033 2616 2099 2671 de
2128 2616 2216 2671 bis
2244 2616 2547 2685 voluptates
2575 2618 2866 2678 exsistunt,
2903 2617 2967 2671 iis
3000 2617 3285 2681 delectari,
3316 2617 3516 2670 nullam
3546 2615 3597 2668 id

2033 2707 2249 2777 quidem
2282 2708 2485 2778 justam
2521 2709 2998 2773 reprehensionem
3029 2719 3294 2774 meretur,
3322 2709 3367 2762 si
3432 2722 3603 2762 none
3682 2723 3690 2728 ·

2033 2798 2252 2854 diverso
2281 2799 2478 2853 multas
2504 2799 2687 2868 potius
2717 2797 2925 2854 laudes.
2957 2799 3167 2868 Quippe
3214 2800 3257 2852 si
3291 2798 3540 2866 voluptas
3570 2812 3600 2851 a

2034 2893 2191 2945 nobis
2234 2907 2295 2947 ea
2352 2901 2630 2960 quaeratur
2664 2906 2782 2961 quae
2819 2893 2984 2947 rebus
3032 2891 3427 2961 investigandis
3459 2889 3601 2944 ultro

2033 2980 2259 3047 accedit,
2299 2992 2354 3036 et
2390 2992 2611 3052 propter
2634 2981 2735 3037 hoc
2763 2982 2937 3038 solum
2965 2984 3106 3052 quod
3155 2985 3339 3037 statim
3398 2982 3466 3036 ab
3494 2982 3602 3034 ini-

2036 3074 2109 3127 tio
2147 3082 2354 3129 natura:
2407 3072 2591 3127 datum
2647 3083 2748 3135 est,
2804 3082 2861 3127 ut
2892 3083 3191 3143 quaeratur,
3229 3083 3356 3143 puta
3407 3072 3600 3137 Deum,

2032 3165 2315 3232 virtutem,
2364 3166 2564 3221 suimet
2593 3167 3113 3222 conservationem:
3152 3182 3388 3236 quonam
3444 3176 3603 3236 pacto

2035 3272 2141 3312 non
2174 3258 2321 3313 istaec
2343 3258 2466 3327 jure
2504 3258 2645 3313 bona
2670 3259 2899 3313 ducatur
2922 3272 3043 3313 esse
3071 3259 3340 3327 voluptas,
3374 3273 3604 3327 quaeque

2031 3350 2206 3405 bonos
2230 3348 2449 3415 efﬁciat,
2490 3359 2758 3419 quotquot
2788 3365 2908 3405 eam
2973 3352 3074 3404 rite
3110 3350 3448 3421 percipiunt?
3486 3351 3603 3405 Pri—

2036 3458 2185 3497 mum
2213 3444 2265 3498 in
2297 3442 2430 3513 ipsis
2448 3444 2620 3512 copiis
2650 3443 2981 3504 crelestibus.
3040 3445 3090 3497 in
3126 3445 3322 3513 quibus
3360 3445 3473 3497 fieri
3506 3460 3603 3498 ne-

365 3535 460 3585 καὶ
510 3533 608 3601 τὴν
663 3533 964 3601 ἐπιθυμίαν
1004 3534 1164 3601 φημὶ,
1202 3535 1296 3587 καὶ
1344 3534 1444 3603 τὴν
1499 3534 1695 3604 ἡδονήν
1721 3550 1735 3564 ο
1772 3534 1866 3595 Εἰς
1894 3532 1931 3587 ἃ

2034 3534 2152 3601 quit
2182 3541 2238 3588 ut
2274 3532 2477 3602 aliquid
2531 3547 2638 3588 non
2672 3533 2868 3587 bonum
2916 3533 3167 3596 exsistat,
3215 3541 3446 3604 utraque
3478 3534 3604 3588 licet

367 3624 714 3692 ἐπιθυμοῦσι,
764 3627 951 3693 φησιν,
1000 3624 1223 3691 ἄγγελοι
1261 3624 1609 3694 παρακύψαι.
1655 3626 1764 3677 Καὶ
1797 3623 1935 3678 ἀπέ-

371 3732 582 3783 ραντος,
613 3717 706 3767 καὶ
743 3715 973 3784 άληκτος
1006 3715 1256 3769 καλεῖται
1288 3717 1321 3786 ή
1362 3715 1549 3785 ἡδονὴ,
1583 3716 1617 3786 ἢ
1649 3716 1761 3777 τοῖς
1793 3716 1936 3767 ἀσω-

371 3807 563 3874 μάτοις
593 3806 679 3858 ἀεὶ
709 3806 976 3862 σύνεστιν.
1008 3808 1158 3875 Αὕτη
1190 3809 1340 3877 παρᾶ
1378 3807 1490 3860 τῶν
1520 3807 1694 3874 ἁγίων
1718 3805 1936 3879 ¹ἀνδρῶν

310 3915 313 3918 '
367 3900 463 3952 καὶ
492 3898 696 3967 τρυφὴ,
748 3900 843 3951 καὶ
870 3898 1182 3967 εὐφροσύνη
1221 3898 1714 3969 προσαγορεύεται,
1764 3900 1857 3952 καὶ¹
1886 3900 1939 3952 εί

369 4009 421 4043 τι
444 3987 702 4043 τοιοῦτον.
731 3987 879 4058 Αὕτη
898 3991 992 4043 καὶ
1014 3989 1240 4043 δικαίων
1261 3991 1459 4059 ψυχαῖς
1485 3991 1739 4041 συνέσται
1761 3989 1936 4058 διηνε-

368 4082 503 4145 κῶς,
551 4080 804 4133 ἐντεῦθεν
854 4079 1148 4142 λαϐούσαις
1191 4080 1291 4159 τῆς
1331 4079 1522 4149 ἡδονῆς
1554 4080 1651 4148 τῆς
1685 4080 1800 4130 ἐκεῖ
1844 4078 1936 4131 τὸν

365 4176 532 4229 καλὸν
566 4174 885 4246 ἀρραϐῶνα.
918 4175 981 4227 Et
1014 4174 1071 4227 δέ
1099 4190 1179 4235 τις
1217 4173 1360 4242 μέγα
1385 4170 1595 4241 νομίζει
1624 4170 1683 4222 τὺ
1707 4170 1806 4239 τὴν
1840 4169 1937 4221 αὐ-

363 4271 461 4339 τὴν
492 4273 602 4332 τοῖς
643 4270 962 4338 ἀσωμάτοις
1002 4266 1215 4337 τρυφὴν
1265 4266 1415 4335 ἡμᾶς
1464 4264 1633 4333 ἔχειν,
1674 4263 1768 4338 καὶ
1800 4263 1934 4315 ἀπο-

363 4363 549 4416 λαύειν
584 4363 690 4416 τῶν
733 4362 967 4425 ἐκείνοις
1015 4358 1375 4413 ἀπολαυστῶν
1408 4356 1548 4426 μετά
1592 4356 1692 4425 τὴν
1722 4354 1935 4408 ἐνθένδε

366 4456 533 4525 ζωὴν,
568 4456 858 4509 ἀκουσάτω
903 4470 967 4520 γε
1000 4453 1243 4513 κάκεῖνο,
1284 4450 1360 4514 ὡς
1405 4451 1498 4502 καὶ
1541 4449 1756 4504 ἐνταῦθ’
1801 4450 1935 4518 ἡμῖν

261 4532 271 4541 ’
364 4548 541 4612 ἔξεστι
566 4546 755 4599 τούτου
799 4545 1052 4615 μετέχειν
1079 4543 1173 4596 τοῦ
1214 4540 1441 4610 ἀγαθοῦ.
1476 4541 1604 4604 Τοῖς
1634 4539 1745 4611 γὰρ
1779 4539 1935 4595 εἱσά-

367 4638 477 4701 παξ
507 4638 788 4706 καθαροῖς,
831 4638 862 4703 ἢ
898 4635 1356 4705 κεκαθαρμένοις,
1380 4632 1541 4705 χάρις
1568 4634 1781 4687 ἐκεῖθεν
1813 4634 1934 4685 ἐπι-

367 4731 547 4799 φοιτᾷ,
653 4745 715 4795 γε
755 4727 1010 4797 μέλλουσι
1050 4729 1291 4779 συνεῖναι
1317 4727 1410 4778 τὸν
1438 4726 1616 4779 πάντα
1646 4726 1857 4795 χρόνον,
1884 4726 1933 4776 εἰ

369 4820 464 4871 xui.
494 4818 895 4887 ἀδρανὲστεριίν
950 4833 1064 4879 πως
1119 4816 1216 4867 καὶ
1263 4814 1637 4885 ἀμυδρότερον
1683 4814 1935 4867 ἐνταυθοῖ

365 4909 527 4961 τοῦτο
577 4908 809 4976 γίνεται.
842 4907 937 4977 Διά
972 4907 1076 4974 γὰρ
1108 4906 1169 4957 τὸ
1209 4904 1584 4973 ἐπιπροσθοῦν
1613 4906 1714 4975 ἤδη
1769 4905 1929 4972 σῶμα

363 5004 430 5070 τῇ
464 5000 565 5068 τῆς
595 4999 773 5066 ψυχῆς
811 4997 1014 5066 θεωρίᾳ
1066 4998 1159 5050 καὶ
1188 4996 1258 5049 τά
1288 4996 1394 5048 ἀπὸ
1432 4994 1587 5048 τοῦδε
1621 4994 1788 5064 πάθη,
1834 4994 1931 5048 καὶ

363 5095 463 5153 τὰς
499 5091 588 5144 διὰ
626 5089 799 5142 ταῦτα
832 5088 1145 5157 φροντίδας,
1186 5088 1339 5141 οὐδὲν
1370 5088 1436 5140 ἂν
1467 5087 1641 5157 δήπου
1672 5086 1928 5155 καθαρῶς

363 5184 475 5236 τῶν
501 5180 792 5249 θεωρητῶν
823 5179 1229 5250 θεωρήσαιμεν,
1260 5180 1292 5249 ἦ
1318 5180 1429 5232 τῶν
1456 5179 1663 5248 ἐφετῶν
1692 5178 1931 5232 ἀπολαύ-
1958 5232 1964 5247 ,

364 5291 582 5342 σαιμεν.
620 5274 747 5334 Τοῖς
780 5289 844 5340 γε
868 5272 977 5341 μὴν
1009 5273 1202 5335 ἀϊδίοις
1236 5272 1464 5343 μηδενὸς
1506 5270 1751 5324 τοιούτου
1788 5288 1931 5340 παρ-

362 5365 707 5436 ενοχλοῦντος
760 5364 1150 5434 καθαρώτερον
1215 5366 1426 5433 ἐφεῖται
1496 5362 1790 5432 ἐπιθυμεῖν
1840 5364 1934 5416 καὶ

360 5455 754 5525 εὐφραίνεσθαι
782 5457 848 5509 τὰ
879 5453 1196 5525 ἐπιθυμητά
1218 5471 1281 5523 γε
1305 5456 1396 5507 καὶ
1435 5454 1731 5524 εὐφραντὰ,
1768 5454 1932 5508 ταυτό

362 5547 411 5600 δ’
436 5548 613 5599 εἰπεῖν
639 5547 709 5599 τὰ
735 5546 881 5615 ἡδέα.
918 5546 1079 5598 Ὅθεν
1104 5546 1190 5599 ἀεὶ
1214 5546 1312 5615 μὲν
1334 5545 1633 5614 θεωροῦσιν
1654 5545 1727 5607 ὼς
1754 5544 1934 5597 ἔνεστι

359 5638 421 5689 τὸ
454 5636 735 5706 βασιλικὸν
764 5635 983 5701 κάλλος,
1011 5638 1111 5705 καὶΔ
1128 5636 1226 5705 τῆς
1252 5635 1461 5688 ἐκεῖθεν
1492 5636 1779 5706 ἀστραπῆς
1814 5651 1926 5687 κοι-

357 5732 519 5779 νωνοὶ
572 5728 846 5793 γίνονται,
901 5725 1125 5795 καὶτῆς
1174 5726 1498 5795 θαυμαστῆς
1555 5726 1926 5779 ἀπολαύουσιν

358 5818 527 5889 ὥρας.
562 5817 737 5891 Κόρον
763 5817 819 5872 δέ
852 5817 972 5871 οὕτε
1004 5816 1219 5885 ἔλαϐον,
1257 5802 1696 5889 οὔτελήψονται.
1728 5819 1921 5875 Μακά-

2038 3622 2312 3689 invenire,
2344 3635 2449 3676 tam
2479 3623 2974 3691 concupiscentiam
3009 3624 3130 3677 dico
3167 3639 3326 3693 quam
3354 3626 3602 3692 volupta-

2039 3718 2168 3775 tem,
2201 3726 2322 3765 nam
2378 3713 2740 3780 perscriptum
2804 3712 3080 3781 legimus:
3117 3712 3249 3778 Quae
3298 3714 3603 3781 inspectare

2037 3800 2209 3869 angeli
2241 3800 2483 3868 cupiunt.
2516 3800 2706 3854 Itidem
2741 3800 2864 3856 finis
2894 3816 3090 3868 expers
3119 3802 3320 3856 dicitur
3371 3817 3431 3855 ca
3500 3819 3593 3855 vo-

2038 3889 2215 3956 luptas
2248 3905 2365 3959 qua:
2399 3889 2518 3944 istis
2542 3905 2825 3959 corporum
2859 3892 3171 3960 expertibus
3198 3894 3600 3959 semperadcst.

2040 3983 2175 4039 lluic
2206 3987 2378 4039 sancti
2410 3984 2508 4038 viri
2553 3994 2607 4039 et
2646 3986 2987 4051 deliciarum,
3028 3996 3081 4040 et
3127 3987 3349 4053 lmtitiar,
3390 3989 3615 4056 aliaque

2042 4074 2260 4127 nomina
2292 4074 2551 4127 tribuunt.
2582 4072 2705 4128 llaec
2725 4085 2779 4128 et
2808 4074 3080 4143 iustorum
3121 4076 3316 4131 animis
3338 4088 3627 4137 aeternunu

2041 4167 2233 4231 aderit,
2300 4182 2424 4222 eum
2489 4168 2542 4221 in
2572 4167 2739 4221 altera
2775 4169 2882 4221 vita
2936 4168 3256 4237 praeclarum
3312 4170 3604 4237 voluptatis

2039 4258 2277 4313 caelestis
2324 4259 2681 4313 arrhabonem
2723 4259 3051 4327 acceperint.
3115 4260 3185 4314 At
3237 4262 3282 4315 si
3313 4263 3438 4330 quis
3490 4276 3604 4313 ma-

2037 4365 2199 4419 gnum
2228 4350 2430 4418 aliquid
2456 4364 2577 4406 esse
2631 4350 2800 4414 ducit,
2829 4351 2973 4419 quod
3009 4352 3227 4406 easdem
3260 4366 3382 4405 cum
3420 4352 3604 4404 incor-

2038 4441 2222 4509 poreis
2253 4441 2473 4496 delicias
2507 4440 2745 4494 babituri
2785 4455 2883 4495 nos
2939 4442 3129 4509 simus,
3191 4454 3244 4497 et
3308 4454 3426 4512 post
3462 4444 3604 4497 bane

2040 4532 2205 4585 vitam
2234 4532 2302 4588 iis
2334 4532 2569 4595 fruituri,
2601 4533 2798 4602 quibus
2841 4533 2914 4587 illi
2956 4533 3233 4598 fruuntur,
3266 4535 3311 4589 is
3337 4535 3498 4587 velim
3534 4534 3604 4589 de

2040 4623 2196 4678 nobis
2229 4623 2432 4689 audiat,
2488 4622 2543 4676 in
2601 4625 2701 4677 bac
2756 4640 2969 4693 quoque
3019 4626 3125 4680 vita
3163 4641 3259 4680 nos
3294 4627 3411 4693 ejus
3476 4626 3603 4679 boni

2036 4715 2329 4785 participes
2364 4728 2485 4768 esse
2517 4728 2698 4783 posse.
2736 4714 2866 4768 Nam
2911 4718 3078 4771 semel
3106 4718 3256 4786 puris
3287 4727 3380 4771 aut
3416 4732 3603 4784 repur-

2036 4806 2173 4877 galis
2200 4820 2260 4860 ea
2294 4805 2560 4874 contingit
2583 4807 2779 4875 gratia,
2803 4821 2906 4875 qua
2938 4807 3087 4863 omni
3141 4817 3267 4864 sunt
3292 4824 3405 4864 sevo
3470 4808 3605 4862 frui-

2036 4897 2162 4959 turi,
2187 4896 2433 4966 quamvis
2464 4896 2565 4951 boe
2598 4905 2647 4950 et
2677 4897 2998 4952 imbecillius
3046 4900 3279 4968 quodam
3336 4902 3493 4956 modo
3546 4912 3603 4955 ct

2035 4987 2405 5055 imperfectius
2428 4987 2482 5042 in
2515 4987 2618 5042 bac
2650 4988 2755 5041 vita
2789 4989 2903 5041 fiat.
2943 4989 3152 5045 Etenim
3209 5002 3431 5061 prepter
3479 5009 3601 5047 enr-

2032 5094 2133 5147 pus
2159 5079 2289 5133 illud
2334 5088 2603 5144 nostrum,
2661 5081 2806 5148 quod
2852 5080 2977 5150 jam.
3022 5080 3077 5135 in
3134 5085 3597 5153 contemplatione

2035 5171 2201 5224 animi
2238 5172 2393 5239 quasi
2447 5171 2745 5226 luminibus
2781 5173 3037 5232 obstruit.
3077 5183 3133 5227 et
3197 5187 3414 5245 propter
3445 5184 3597 5229 ortos

2038 5261 2165 5317 inde
2228 5260 2447 5316 morbos
2493 5272 2887 5333 sequentesque
2939 5265 3135 5319 deinde
3183 5266 3597 5324 sollicitudines.
3657 5274 3671 5307 ῑ

2034 5368 2133 5408 nec
2162 5368 2250 5408 res
2270 5354 2714 5424 comemplandas
2744 5371 2875 5424 pure
2904 5357 3287 5424 contemplari,
3319 5372 3417 5411 nec
3435 5370 3603 5419 εχιιρς

2033 5443 2208 5498 tendis
2237 5444 2341 5498 frui
2406 5460 2727 5514 possumus;
2783 5448 3000 5501 aeternis
3059 5456 3236 5503 autem
3278 5461 3399 5499 cum
3459 5444 3595 5496 nihil

2034 5535 2139 5588 tale
2182 5536 2469 5590 molestum
2495 5537 2585 5597 sit,
2637 5537 2825 5606 purius
2874 5547 2928 5591 et
2962 5536 3259 5603 expetenda
3317 5541 3593 5593 expetere.

2034 5634 2086 5679 et
2128 5627 2367 5680 laetitiam
2400 5628 2759 5694 parientibus,
2784 5628 2883 5680 hoc
2903 5634 2983 5679 est
3025 5623 3297 5692 iucundis,
3332 5620 3595 5677 obiectari

2032 5718 2384 5786 permittitur.
2420 5717 2657 5787 Ideoque
2693 5730 2907 5785 semper
2961 5714 3160 5782 regiam
3218 5710 3363 5761 illam
3424 5723 3591 5761 venu-

2031 5820 2223 5865 statem
2262 5826 2359 5882 pro
2392 5811 2597 5867 viribus
2632 5812 2937 5871 intuentur,
2978 5818 3038 5857 ac
3076 5800 3297 5873 profecti
3355 5799 3594 5859 indidem
