4098 6272
532 314 634 382 471

1727 335 2121 401 MANUELIS
2157 345 2602 407 PAL/EOLUGI

3670 363 3783 424 472

535 430 766 503 fulguris
814 437 1103 508 participes
1155 441 1486 511 eﬂiciuntur,
1523 448 1952 521 admirandaque
1988 456 2102 526 pul-

2210 477 2327 529 ριον
2361 456 2455 515 οὖν
2491 464 2559 517 ἂν
2614 464 2701 535 εἴη
2752 466 2954 537 ταύτην
2987 469 3134 539 ἡμᾶς
3183 469 3392 524 ἐθέλειν
3431 474 3779 542 καρποῦσθαι

533 523 842 582 ρΙιι-ῗιιιάἰηρ
876 529 1149 587 fruuntur.
1219 533 1449 593 Eosdem
1510 555 1612 595 nec
1671 543 1776 597 ulla
1826 523 2105 613 cepit‘un-

534 631 718 684 quam,
758 636 857 676 nec
883 626 1061 692 capiet
1116 628 1365 685 satietas.
1405 630 1591 703 itaque
1626 636 1773 692 beati
1820 640 2026 696 erimus
2059 641 2105 696 si

532 711 826 779 voluptatis
854 713 1017 783 hujus
1049 718 1283 775 fructum
1314 726 1595 794 percipere
1647 730 1901 793 velimus,
1944 735 2103 789 totis-

530 816 637 867 que
665 804 873 860 viribus
931 823 991 862 ea
1026 815 1303 881 persequi,
1337 831 1677 888 quaecunque
1723 836 1822 877 nos
1853 824 1919 878 ad
1955 825 2101 881 illam

529 894 702 949 solam
737 897 961 954 ducunt.
1018 903 1171 969 Quod
1208 908 1251 960 si
1288 908 1391 961 alia
1430 925 1646 981 quoque
1688 914 1941 983 voluptas
1981 931 2102 973 esse

529 986 810 1041 moderata
861 990 977 1047 visa
1025 995 1203 1061 fuerit,
1265 1015 1326 1053 ea
1394 1003 1688 1058 moderatis
1742 1005 1927 1061 itidem
1994 1008 2100 1065 l'rui

526 1076 750 1145 licebit;
790 1099 911 1135 nam
943 1101 1066 1140 cum
1098 1091 1369 1145 moderata
1402 1095 1494 1161 sit,
1528 1111 1555 1149 a
1591 1098 1887 1153 moderatis
1916 1100 2100 1157 modec

532 1180 648 1224 rate
673 1175 1025 1242 percipiatur.
1056 1181 1132 1235 Ae
1177 1198 1513 1255 quaecunque
1539 1190 1620 1244 sic
1659 1189 1837 1245 facere
1860 1193 2005 1257 licet.
2043 1204 2104 1249 ut

528 1262 675 1315 nulla
734 1280 831 1321 nos
862 1270 1302 1343 obligentculpa,
1356 1280 1452 1331 sed
1487 1279 1727 1335 laetitiam
1758 1282 1989 1337 aderant
2042 1294 2097 1339 et

527 1350 837 1423 utilitatem,
893 1375 988 1415 nec
1042 1363 1487 1434 impedimentum
1543 1371 1763 1439 aliquod
1824 1375 2096 1443 vitupcrio

528 1445 746 1512 dignum
794 1451 1045 1519 habeant,
1092 1471 1152 1511 ea
1195 1475 1325 1514 vero
1369 1470 1423 1514 et
1455 1460 1705 1527 honesta,
1764 1474 1819 1521 et
1854 1467 1996 1520 bona
2047 1475 2101 1521 et

526 1536 820 1593 laudabilia
868 1556 1048 1602 mente
1110 1551 1318 1617 praediti
1380 1546 1602 1608 ducunt.
1660 1554 1789 1609 Nam
1830 1557 2099 1625 ejusmodi

526 1629 782 1693 quiddam
816 1635 1067 1705 voluptas
1105 1650 1189 1695 est
1222 1661 1232 1694 :
1264 1652 1535 1712 quotquot
1559 1660 1620 1699 ea
1684 1648 1963 1703 moderate
2007 1664 2098 1703 so-

2209 550 2307 620 τὴν
2344 551 2558 623 ἡδονὴν,
2607 556 2702 609 καὶ
2740 556 2957 612 διώκειν
2990 560 3165 632 ὁπόση
3213 563 3461 632 δύναμις,
3507 567 3608 631 ὅσα
3643 566 3780 635 πρὸς

2211 646 2430 716 ἐκείνην
2460 649 2634 718 μόνην
2662 651 2868 719 ἐνάγει.
2893 655 3001 707 Καὶ
3024 655 3179 717 εἴτις
3202 654 3248 707 δ’
3272 655 3339 707 ἂν
3359 656 3524 727 ἑτέρα
3549 657 3780 726 σώφρων

2209 740 2433 807 φανείη,
2479 742 2716 813 μεθεκτὴ
2769 745 2835 797 ἂν
2869 748 2953 815 εῐη
3009 750 3120 811 τοῖς
3175 746 3441 818 σώφροσι.
3476 749 3777 816 Σωφρόνως

2211 829 2320 900 γὰρ
2351 836 2462 895 τοῖς
2496 834 2771 905 σώφροσιν
2804 839 2836 907 ἠ
2866 838 3101 907 σώφρων
3136 840 3635 910 μεταληφθήσεται.
3669 841 3780 893 Καὶ

2208 919 2421 991 ὅσαπερ
2444 922 2621 986 ἔξεστι
2641 928 2817 979 ποιεῖν
2842 928 2945 980 τῶν
2968 930 3068 982 οὐκ
3095 933 3173 993 εἰς
3196 932 3427 994 εὐθύνας
3452 932 3598 1000 ἡμᾶς
3618 932 3780 998 ἀγόν-

2208 1028 2337 1078 των,
2378 1014 2495 1067 ἀλλ’
2521 1012 2634 1071 εἷεν
2666 1020 2766 1087 μὲν
2800 1020 3132 1090 εύφρόσυνα,
3166 1019 3276 1077 εἷεν
3299 1023 3351 1077 δὲ
3380 1023 3653 1093 ὠφέλιμα,
3681 1022 3776 1076 καὶ

2210 1103 2361 1156 οὐδὲν
2391 1105 2577 1170 αὐτοῖς
2602 1111 2960 1179 προσίσταται
2991 1113 3098 1166 τῶν
3129 1114 3187 1167 ἐν
3216 1114 3367 1185 αἰτίᾳ
3395 1115 3489 1168 καὶ
3542 1113 3777 1183 μέμψει,

2210 1194 2355 1247 καλά
2380 1212 2440 1248 τε
2487 1197 2551 1267 δή
2581 1216 2704 1266 που,
2755 1204 2849 1255 καὶ
2877 1203 3080 1271 ἀγαθὰ,
3116 1207 3212 1258 καὶ
3248 1206 3511 1259 ἐπαινετά
3559 1208 3673 1266 τοῖς
3707 1222 3775 1271 γε

2209 1285 2334 1339 νοῦν
2389 1288 2597 1359 ἔχουσι.
2623 1294 2893 1360 ιΤοιοῦτον
2927 1298 3036 1367 γὰρ
3081 1298 3141 1350 τὸ
3171 1299 3361 1368 χρῆμα
3419 1303 3516 1370 τῆς
3556 1300 3774 1369 ἡδονῆς’

2206 1372 2290 1441 οἷς
2336 1380 2403 1432 ἂν
2462 1386 2899 1459 μεμετρημένως
2957 1392 3270 1457 συγγένοιτο
3318 1392 3412 1445 καὶ
3460 1392 3781 1461 σωφρόνως,

2206 1470 2343 1539 πρὸς
2376 1470 2455 1542 τῷ
2498 1477 2765 1546 μηδαμῶς
2794 1480 3041 1544 ἐκείνους
3078 1482 3396 1553 λυπῆσαι,ἢ
3432 1485 3572 1535 κατά
3600 1499 3650 1534 τι
3677 1481 3780 1549 ζη’

2211 1565 2440 1630 μιῶσαι,
2500 1569 2792 1638 ἐχαρίσατό
2838 1590 2897 1625 τε
2946 1575 3042 1628 καὶ
3100 1575 3308 1646 ὤνησεν
3366 1577 3399 1646 ἢ
3441 1574 3692 1640 ἐνταῦθα,
3743 1573 3779 1642 ἢ

2207 1653 2344 1717 ἐκεῖ,
2375 1656 2407 1727 ἢ
2440 1660 2530 1710 καὶ
2558 1661 2617 1713 ἐν
2651 1663 2991 1736 ἀμφοτέραιν
3016 1669 3137 1719 ταῖν
3167 1667 3356 1732 ζωαῖν.

526 1723 752 1793 bricque
776 1730 855 1782 usi
883 1730 1489 1808 fuerint,praeterquam
1510 1741 1652 1809 quod
1677 1741 1797 1795 illos
1817 1742 1959 1796 nulla
1985 1744 2255 1811 molestia,
2290 1723 2437 1806 nullo
2491 1723 2818 1812 detrimento
2851 1723 3068 1828 {fame-it,
3129 1723 3291 1815 etiam
3357 1760 3561 1829 aliquid
3614 1768 3783 1831 grate

528 1827 691 1886 atque
747 1820 893 1878 utilis
954 1826 1028 1879 rei
1069 1830 1152 1882 vel
1212 1833 1265 1886 in
1306 1831 1430 1897 hac,
1465 1835 1548 1890 vel
1616 1838 1668 1891 in
1702 1838 1896 1904 altera,
1930 1840 2013 1894 vel
2044 1840 2099 1894 in
2124 1850 2373 1912 .utraque‘
2401 1847 2507 1901 vita
2540 1852 2779 1914 p‘rasstat.

600 1914 965 1980 Quamobrem
994 1924 1268 1993 voluptas,
1332 1929 1411 1983 uti
1463 1944 1561 1984 nos
1598 1933 1924 2000 probaturos
1948 1932 2100 1987 afﬁr-
2134 1940 2177 1995 Β

529 2007 837 2077 ntabamus,
870 2012 1010 2067 bona
1038 2030 1125 2070 res
1152 2024 1255 2074 est.
1282 2018 1436 2085 Quod
1465 2022 1509 2076 si
1565 2024 1725 2092 alicui
1786 2026 1942 2080 noxia
1987 2027 2104 2081 fue-

524 2099 620 2162 rit,
653 2100 719 2154 ad
754 2100 924 2171 ipsius
963 2104 1068 2161 hoc
1107 2110 1337 2164 abusum
1404 2112 1691 2181 referatur,
1750 2117 1841 2185 qui
1882 2118 2099 2171 modum

525 2206 634 2245 non
664 2207 844 2250 servet
872 2209 963 2253 aut
986 2216 1223 2263 .servare
1265 2204 1420 2258 nolit.
1460 2206 1667 2261 Debent
1697 2208 1840 2262 enim
1898 2209 1971 2263 illi
2006 2209 2101 2279 qui

526 2298 591 2338 ex
628 2290 945 2360 przescripto
976 2294 1200 2349 rationis
1236 2298 1416 2351 vivere
1443 2301 1690 2367 cupiunt,
1742 2303 1888 2355 omni
1925 2301 2101 2357 abusu

526 2380 836 2448 repudiato,
874 2395 1082 2439 tantum
1107 2388 1396 2459 voluptatis
1428 2405 1526 2459 per
1545 2406 1739 2447 sensus
1770 2407 1958 2448 omnes
1982 2409 2103 2463 per-

525 2468 730 2535 cipere,
763 2483 1027 2541 quantum
1051 2470 1337 2546 implendas
1367 2482 1674 2537 necessitati
1708 2485 1843 2538 satis
1868 2494 1972 2551 est,
2004 2500 2103 2540 nec

525 2562 758 2618 ulterius
823 2568 1101 2639 progredi.
1154 2570 1370 2642 Quippe
1421 2575 1467 2628 si
1533 2574 1672 2630 male
1734 2579 1857 2646 quis
1918 2586 2102 2633 utatur

524 2655 751 2721 (malum
782 2668 988 2727 autem,
1018 2663 1277 2734 quidquid
1304 2666 1578 2737 nimium),
1611 2684 1719 2723 non
1766 2672 1907 2739 quod
1957 2681 2103 2726 recte

520 2749 682 2803 nobis
718 2753 976 2807 utendum
1006 2755 1188 2810 datum
1214 2767 1318 2819 est,
1359 2758 1455 2815 sed
1492 2759 1912 2831 intemperantia
1955 2766 2103 2833 pari-

524 2850 629 2907 ter,
659 2851 714 2896 et
748 2846 793 2898 is
832 2846 923 2914 qui
956 2847 1097 2902 male
1129 2849 1324 2914 utitur,
1357 2851 1665 2920 culpandus
1713 2857 1883 2910 venit.
1914 2854 2103 2925 itaque

525 2937 569 2990 si
608 2951 694 3017 me
719 2940 841 3006 quis
872 2939 959 2995 uti
1001 2942 1315 2999 consiliario
1350 2945 1500 3011 velit,
1543 2947 1681 3001 vitia
1734 2949 1835 3003 sibi
1878 2950 2101 3020 propria

521 3030 787 3098 voluptati
812 3033 1073 3086 attribuat
1100 3048 1282 3090 nemo.
1310 3033 1446 3089 Nam
1473 3037 1726 3107 equidem
1767 3055 1969 3110 magno
2015 3057 2102 3096 rc-

525 3122 811 3187 ilimerem,
845 3124 890 3178 si
928 3124 1222 3193 voluptatis
1250 3141 1415 3183 eausa
1444 3129 1588 3183 nulla
1621 3129 1755 3186 mihi
1785 3134 2099 3188 sustinenda
2144 3144 2155 3147 ‘

526 3215 683 3283 culpa
708 3202 876 3283 foret;
912 3217 1113 3286 quippe
1140 3220 1273 3274 mihi
1314 3235 1424 3288 prae
1459 3226 1674 3279 caeteris
1717 3226 1973 3282 omnibus
1997 3226 2100 3282 hoc

524 3308 825 3375 expediret.
860 3308 1013 3365 Nunc
1048 3313 1120 3366 ita
1154 3314 1377 3375 minime
1408 3331 1495 3372 res
1529 3316 1714 3380 habet,
1756 3318 1851 3372 sed
1885 3330 2102 3373 contra-

528 3401 665 3453 rium
703 3404 959 3465 patiusin
994 3407 1235 3461 modum.
1274 3408 1482 3462 Etenim
1512 3409 1557 3463 si
1602 3410 1862 3477 voluptati
1889 3411 2099 3479 culpam

525 3494 807 3550 ascribere
837 3496 1053 3563 liceret,
1095 3498 1310 3566 quoties
1349 3513 1657 3569 peccamus,
1695 3512 1857 3571 atque
1898 3503 1969 3555 ita
2001 3518 2102 3557 nos

522 3582 670 3639 omni
701 3586 924 3642 liberari
954 3591 1194 3659 negotio,
1230 3604 1297 3645 ne
1340 3607 1479 3647 unus
1526 3591 1747 3662 quidem
1781 3608 1849 3646 ex
1886 3593 1955 3647 iis
2006 3594 2099 3663 qui

524 3680 827 3745 punientur
882 3681 1109 3735 omnino
1161 3683 1515 3750 plecteretur.
1580 3684 1695 3739 Imo
1740 3699 1870 3739 vero
1921 3686 1967 3739 si
2016 3687 2100 3740 vel

524 3773 627 3826 hoc
662 3770 843 3827 locum
881 3772 1128 3840 haberet,
1169 3784 1228 3828 ut
1260 3775 1295 3839 ii
1330 3776 1523 3830 merito
1573 3784 1969 3831 excusarentur
2008 3777 2101 3845 qui

521 3880 618 3933 per
654 3866 1132 3938 intemperantiam
1208 3881 1458 3939 peccant,
1511 3880 1692 3927 tamen
1742 3886 1813 3927 ne
1868 3873 1950 3927 sic
1984 3874 2104 3940 qui-

525 3961 644 4013 dem
677 3960 875 4015 malum
908 3964 1010 4017 boe
1033 3963 1148 4017 leve
1188 3962 1350 4019 iuret.
1376 3964 1511 4018 Nam
1534 3964 1732 4020 malum
1767 3966 1983 4033 aliquod
2006 3966 2101 4019 de-

522 4054 783 4123 signanti,
815 4055 918 4109 hoe
948 4056 1124 4124 ipsum
1160 4058 1361 4111 malum
1392 4060 1497 4120 est,
1546 4058 1763 4113 tametsi
1801 4058 1979 4111 nullas
2012 4058 2103 4112 det

522 4160 734 4214 pceuas,
767 4159 866 4200 nec
899 4161 961 4199 eo
1015 4150 1232 4202 nomine
1292 4158 1564 4203 teneatur.
1623 4148 1917 4204 Enimvero
1969 4148 2103 4203 mihi

521 4239 850 4295 conduxerit
873 4241 938 4293 ad
970 4242 1427 4311 tribunaljudicis
1450 4242 1591 4297 baud
1629 4242 1770 4305 sisti,
1802 4252 2099 4298 utcausam

523 4334 667 4388 male
699 4342 976 4405 gestorum
1014 4335 1211 4388 dicam.
1242 4334 1377 4387 Cum
1413 4334 1557 4387 enim
1619 4333 1881 4389 Davidem
1922 4334 2100 4403 ipsum

524 4428 815 4482 audiamus
851 4430 1144 4505 obsecrare
1170 4426 1410 4493 iudicem
1441 4426 1615 4490 illum,
1651 4440 1718 4479 ne
1778 4440 1965 4480 secum
2003 4440 2101 4479 ex-

522 4522 691 4590 periri
718 4521 929 4591 judicio
965 4522 1116 4585 velit,
1155 4521 1304 4589 quis,
1341 4534 1545 4587 quaeso,
1582 4526 1688 4571 tam
1727 4519 1903 4571 audax
1936 4527 2103 4573 estut

2281 1937 2443 1991 Ὥστε
2474 1940 2611 2011 καλὴ
2640 1945 2671 2013 ή
2706 1945 2887 2016 ἡδονὴ,
2920 1948 2999 2009 ὡς
3039 1949 3438 2018 ίσχυριζόμεθα
3468 1949 3684 2015 δείξειν.
3717 1954 3779 2006 Ei

2204 2027 2261 2081 δὲ
2287 2033 2431 2104 κακή
2464 2051 2573 2087 τινι
2605 2037 2837 2105 γένοιτο,
2881 2043 2945 2111 τῇ
2974 2042 3191 2095 ἐκείνου
3227 2041 3295 2096 ἂν
3344 2044 3556 2110 γένοιτο
3594 2062 3779 2115 παρα-

2205 2123 2427 2192 χρήσει,
2460 2129 2555 2182 καὶ
2589 2129 2668 2199 τῷ
2726 2133 2799 2200 μὴ
2836 2134 3003 2204 τιμᾷν
3032 2136 3093 2187 τὸ
3142 2136 3361 2204 μέτρον,
3401 2135 3434 2206 ἢ
3472 2136 3549 2206 μὴ
3594 2137 3780 2206 βούλε-

2206 2215 2352 2269 σθαι.
2385 2219 2479 2270 Δεῖ
2506 2220 2613 2289 γὰρ
2646 2223 2774 2282 τοὺς
2821 2223 2964 2291 λόγῳ
3018 2224 3118 2294 ζῇν
3164 2226 3550 2296 αἱρουμένους,
3597 2231 3779 2282 πᾶσαν

2205 2309 2562 2379 παράχρησιν
2584 2312 3008 2383 διαπτύσαντας,
3032 2317 3290 2372 τοσοῦτον
3314 2320 3664 2389 καρποῦσθαι
3686 2322 3769 2391 τῆς

2202 2401 2399 2471 ἡδονῆς
2444 2405 2530 2458 διὰ
2564 2408 2753 2462 πασῶν
2790 2410 2901 2465 τῶν
2952 2412 3278 2480 αἰσθήσεων,
3325 2414 3452 2468 ὅσον
3495 2414 3558 2467 τὺ
3600 2416 3771 2470 ἐνδέον

2204 2493 2580 2565 ἀναπληροῦν,
2621 2499 2714 2550 καὶ
2775 2500 2849 2570 μὴ
2905 2504 3221 2574 περαιτέρω
3267 2507 3488 2575 χωρεῖν.
3527 2508 3683 2559 Ἐπεὶ
3729 2509 3778 2559 εἰ

2204 2585 2386 2655 χρῷτό
2425 2605 2509 2651 τις
2542 2590 2730 2653 κακῶς
2759 2592 2949 2660 (κακὸν
2977 2593 3034 2647 δὲ
3073 2596 3104 2665 ἡ
3160 2595 3487 2667 ὑπερϐολὴ),
3528 2598 3652 2669 οὐχὶ
3685 2599 3779 2652 τοῦ

2207 2679 2385 2741 καλῶς
2413 2680 2548 2750 πρὸς
2577 2685 2773 2753 χρῆσιν
2803 2688 2935 2754 ἡμῖν
2961 2687 3267 2757 δεδομένου,
3302 2691 3400 2755 τῆς
3424 2692 3471 2744 δ’
3500 2694 3780 2762 ἀκρασίας

2204 2772 2300 2825 καὶ
2330 2774 2421 2825 τοῦ
2456 2777 2746 2843 χρωμένου
2783 2778 2999 2845 γίνεται
3044 2781 3234 2848 σαφῶς
3279 2781 3629 2852 τοῦγκλημα.
3656 2785 3781 2854 Μη-

2203 2865 2314 2928 δεὶς
2346 2865 2437 2920 οὖν
2467 2867 2533 2921 τὰ
2565 2869 2742 2923 οἰκεῖα
2779 2873 2947 2934 κακὰ,
2990 2874 3113 2941 ἐμοὶ
3150 2875 3441 2945 συμϐούλῳ
3470 2877 3779 2946 χριῖρμενος.

2204 2955 2506 3010 ἀνατιθέτω
2540 2960 2604 3027 τῇ
2645 2960 2826 3029 ἡδονῇ.
2854 3012 2857 3015 λ
2886 2940 3170 3031 Πριαίμῌ
3201 2940 3307 3034 κὰρ
3359 2940 3537 3033 εῆωῇ
3572 2940 3780 3019 ξπολλοῦ

2202 3046 2265 3098 τὸ
2299 3046 2372 3116 μὴ
2411 3048 2628 3115 μέλλειν
2658 3050 3001 3106 εύθυνεῖσθαι
3043 3053 3143 3119 τῆς
3173 3054 3365 3124 ἡδονῆς
3398 3054 3583 3109 ἕνεκα.
3628 3056 3783 3126 Ἐμοὶ

2205 3139 2312 3209 γὰρ
2345 3141 2548 3209 μᾶλλον
2576 3143 2685 3203 τῶν
2726 3145 2942 3198 πάντων
2975 3147 3307 3215 συνήνεγκεν
3334 3147 3399 3201 ἂν
3434 3149 3610 3203 τοῦτο.
3641 3150 3781 3202 Νυνὶ

2204 3232 2261 3285 δὲ
2295 3233 2456 3285 τοῦτο
2494 3235 2595 3286 οὐκ
2631 3234 2801 3297 ἐστιν,
2833 3236 2971 3289 ἀλλά
3005 3239 3317 3291 τούναντίον
3365 3239 3535 3292 ἐστίν.
3567 3241 3629 3294 Ei
3669 3242 3780 3310 γὰρ

2204 3316 2271 3393 ἦν
2303 3324 2403 3392 τὴν
2439 3325 2632 3393 ἡδονὴν
2683 3326 2986 3391 αἰτιᾶσθαι,
3029 3327 3160 3381 ὅταν
3212 3329 3631 3398 ἁμαρτάνωμεν,
3679 3332 3777 3383 καὶ

2202 3415 2375 3487 ταύτῃ
2407 3433 2469 3484 γε
2504 3418 2849 3488 πραγμάτων
2882 3422 3029 3490 ἡμᾶς
3064 3421 3431 3492 ἀπηλλάχθαι,
3468 3421 3571 3474 οὐδ’
3595 3420 3661 3473 ἄν
3684 3416 3773 3482 εἷς

2202 3505 2359 3573 δίκην
2394 3507 2787 3577 εἰσεπράττετο
2815 3508 2925 3561 τῶν
2950 3510 3504 3580 εἰσπραχθησομένων
3534 3524 3597 3575 γε
3628 3506 3760 3560 πάν·

2203 3616 2332 3661 τως.
2368 3600 2442 3655 Οὐ
2477 3601 2585 3670 μὴν
2616 3601 2729 3654 ἀλλ’
2761 3602 2808 3655 εί
2854 3604 2946 3655 καὶ
2982 3602 3139 3656 τοῦτό
3170 3620 3233 3671 γε
3264 3601 3357 3675 ἦν,
3390 3598 3771 3672 παραιτεῖσθαί

2204 3709 2267 3760 γε
2308 3692 2530 3755 δικαίως
2561 3693 2687 3756 τοὺς
2714 3693 2780 3747 δι’
2813 3694 3087 3764 ἀκρασίαν
3117 3696 3561 3765 ἁμαρτάνοντας,
3584 3690 3652 3764 ἦν
3679 3692 3777 3759 μὲν

2205 3784 2271 3836 ἂν
2302 3784 2413 3835 οὐδ’
2438 3782 2582 3836 οὕτω
2612 3783 2817 3851 κοῦφον
2850 3785 2909 3837 τὸ
2947 3785 3212 3855 δυσχερές
3237 3802 3253 3818 ο
3284 3784 3363 3854 τῷ
3398 3784 3509 3854 γὰρ
3548 3782 3779 3852 ἐργαζο-

2209 3877 2356 3945 μένῳ
2386 3876 2447 3929 τὸ
2486 3877 2719 3947 πονηρὸν
2760 3877 2893 3930 αὐτό
2919 3895 2982 3945 γε
3033 3878 3195 3930 τοῦτο
3236 3879 3426 3940 κακὸν,
3461 3877 3567 3930 κᾶν
3600 3876 3672 3946 μὴ
3705 3876 3782 3945 δῷ

2204 3987 2326 4022 τινα
2356 3969 2533 4040 δίκην,
2570 3972 2677 4023 κᾶν
2710 3970 2772 4022 οὐ
2830 3974 3077 4042 καταστῇ
3129 3971 3267 4039 πρὸς
3312 3970 3550 4039 εὐθύνην
3577 3986 3591 4001 ·
3644 3968 3784 4039 πλὴν

2204 4062 2331 4129 ἐμοὶ
2384 4063 2719 4131 συνήνεγκεν
2761 4062 2827 4116 ἂν
2854 4063 2912 4116 τὸ
2961 4065 3036 4132 μὴ
3083 4062 3161 4132 τῷ
3206 4064 3411 4133 βήματι
3449 4062 3544 4115 τοῦ
3592 4061 3788 4130 κριτοῦ

2205 4155 2576 4224 παραστῆναι,
2605 4154 2745 4207 ὥστε
2774 4155 2931 4225 δίκην
2961 4157 3224 4225 ὑποσχεῖν
3253 4155 3361 4207 τῶν
3385 4155 3447 4207 ού
3477 4154 3660 4216 καλῶς
3692 4170 3793 4205 πε-

2207 4246 2568 4313 πραγμένων.
2621 4248 2750 4301 Ὅτε
2793 4248 2902 4317 γὰρ
2933 4248 3083 4300 ἐστιν
3133 4248 3355 4301 ἀκούειν
3391 4248 3559 4300 αὑτοῦ
3595 4246 3789 4309 Δαὸὶδ,

2207 4336 2298 4387 τὸν
2334 4337 2531 4405 κριτὴν
2557 4341 3025 4408 παραιτουμένου,
3053 4339 3131 4401 ὡς
3163 4339 3230 4392 ἂν
3264 4339 3339 4409 μὴ
3378 4339 3516 4407 πρὸς
3548 4336 3791 4400 εὐθύνας

2205 4427 2405 4495 ἐκείνῳ
2436 4428 2647 4493 γένοιτο
2668 4446 2681 4460 ·
2709 4430 2793 4491 τίς
2818 4429 2962 4482 οὕτω
2994 4429 3265 4500 τολμηρός
3294 4431 3464 4495 ἐστιν,
3489 4428 3565 4490 ὼς
3591 4429 3666 4499 μὴ
3694 4431 3791 4481 καὶ

2205 4520 2270 4587 τῇ
2305 4519 2495 4588 μνήμῃ
2529 4520 2625 4585 τῆς
2656 4520 2813 4588 δίκης
2860 4523 2999 4590 μόνῃ
3031 4519 3376 4585 κλονεῖσθαις
3409 4519 3684 4588 Ἔρμαιον
3725 4519 3793 4570 ἂν

446 4632 451 4635 ·
522 4631 629 4670 non
670 4616 736 4668 ad
791 4613 961 4682 ipsam
995 4613 1260 4667 duntaxat
1288 4612 1475 4681 iudicii
1508 4613 1838 4665 mentionem
1880 4621 2102 4665 contre-

2207 4605 2276 4681 ἦν
2301 4612 2410 4667 τοῖς
2440 4612 2537 4678 τῆς
2568 4610 2766 4680 ἡδονῆς
2824 4612 3035 4675 δούλοις
3095 4613 3144 4679 (ὁ
3166 4613 3324 4680 λόγος
3362 4611 3418 4664 δὲ
3457 4610 3594 4680 πρὸς
3636 4610 3796 4663 ἀντι-

523 4707 759 4761 miscat?
785 4706 1095 4774 ()ptandum
1135 4715 1280 4760 esset
1322 4705 1431 4759 illis
1458 4701 1748 4771 voluptatis
1812 4704 2100 4773 mancipiis

523 4797 918 4864 (adversarium
952 4799 1111 4852 modo
1143 4812 1322 4852 meum
1346 4794 1630 4865 compello)
1665 4803 1723 4848 ut
1745 4795 1815 4849 ita
1843 4810 1929 4849 res
1952 4806 2100 4850 esset

522 4889 739 4951 :ull‘ecta,
767 4890 1223 4955 quemadmodum
1258 4898 1311 4941 tu
1347 4888 1588 4951 dicebas,
1639 4886 1895 4940 nimirum
1929 4895 1983 4939 ut
2034 4902 2096 4941 ea

521 4980 607 5034 vis
634 4978 931 5047 voluptatis
960 4981 1125 5047 foret,
1191 4989 1249 5034 ut
1301 4979 1422 5034 illos
1463 4980 1686 5035 omnino
1721 4978 1921 5033 deliros
1977 4993 2099 5033 csse

525 5071 806 5140 probaret,
841 5070 933 5137 qui
969 5071 1087 5139 ejus
1109 5087 1370 5134 excessus
1397 5073 1571 5126 vitare
1595 5070 1836 5138 cupiant.
1866 5069 1969 5125 Sed
2003 5069 2100 5123 ad-

524 5166 748 5221 modum
776 5177 968 5217 vercor
999 5179 1065 5218 ne
1099 5165 1201 5218 alia
1242 5165 1492 5219 veritatis
1522 5164 1593 5219 sit
1624 5165 1770 5218 ratio
1796 5178 1956 5232 quam
1978 5164 2101 5232 qui-

524 5260 648 5311 dam
692 5255 1211 5321 arbitrantur;nam
1253 5271 1375 5311 esse
1420 5271 1530 5310 rem
1565 5256 1723 5323 plane
1761 5258 1975 5310 diversa
2010 5271 2100 5309 ra-

522 5353 673 5407 tione
708 5357 1077 5422 comparatam
1109 5350 1215 5413 aio,
1250 5350 1450 5417 quippe
1482 5352 1564 5403 vis
1599 5350 1717 5420 ejus
1770 5349 1857 5404 illa
1907 5362 2095 5422 tyran.

521 5445 645 5498 nica
705 5456 912 5495 merum
963 5419 1053 5500 est
1100 5440 1375 5503 delirium,
1431 5443 1590 5495 modo
1633 5419 1771 5511 quis
1823 5445 1894 5499 ita
1942 5444 2093 5501 velit.

520 5536 703 5603 Atque
728 5531 833 5585 hoc
873 5530 1003 5585 illud
1028 5540 1114 5585 est
1161 5531 1513 5599 quamobrem
1572 5535 1753 5601 justus
1786 5535 1876 5589 ille
1929 5536 2093 5605 judex

522 5640 714 5695 poenas
743 5642 770 5679 a
795 5624 952 5681 nobis
974 5624 1179 5693 exigat,
1209 5624 1423 5692 quoties
1450 5624 1595 5679 illam
1624 5627 1892 5682 mandatis
1928 5628 2097 5696 ipsius

523 5718 929 5788 anteponimus.
962 5715 1174 5772 Etenim
1202 5715 1247 5770 si
1270 5716 1347 5771 vis
1384 5715 1500 5785 ejus
1526 5717 1726 5773 invicta
1757 5717 1913 5782 foret,
1973 5735 2094 5773 eum

528 5811 585 5864 in
611 5810 826 5865 animos
861 5812 1135 5880 irrumpit,
1167 5825 1268 5865 nec
1296 5807 1617 5879 Supplicium
1661 5810 1726 5867 de
1770 5810 1925 5867 nobis
1959 5812 2100 5869 Deus

2210 4701 2482 4771 λέγοντα),
2513 4704 2561 4755 εί
2599 4704 2665 4755 τὰ
2708 4702 2936 4774 ταύτης,
2973 4705 3048 4767 ὡς
3093 4706 3157 4757 σύ
3202 4722 3265 4771 γε
3304 4705 3430 4775 φῂς,
3463 4701 3610 4772 εἶχεο
3639 4703 3792 4767 λέγω

2206 4797 2269 4866 δὴ
2300 4796 2361 4849 τὸ
2395 4797 2623 4866 δύναμιν
2659 4798 2805 4867 ἔχειν
2840 4798 3099 4868 τοιαύτην
3130 4798 3228 4867 τὴν
3257 4798 3473 4867 ἡδονὴν,
3516 4796 3654 4849 ὥστε
3693 4796 3792 4849 καὶ

2206 4890 2332 4952 τοὺς
2364 4890 2725 4960 βουλομένους
2754 4890 3039 4958 διαφυγεῖν
3068 4891 3165 4953 τὰς
3200 4890 3417 4959 ἐκείνης
3449 4886 3788 4957 ὑπερὸολὰς,

2206 4983 2596 5035 ἀποδεικνύναι
2642 4984 2966 5053 ληροῦντας.
3001 4979 3074 5035 Ἦ
3110 5000 3215 5035 που
3259 4982 3316 5034 δὲ
3364 4983 3510 5050 μέγα
3541 4979 3788 5043 δέδοικα,

2208 5075 2285 5145 μὴ
2318 5074 2436 5143 οὐχ,
2489 5074 2564 5137 ὥς
2597 5091 2709 5128 τισι
2739 5074 3039 5144 νομίζεται,
3080 5074 3316 5146 τάληθὲς
3360 5073 3469 5141 εἴη.
3516 5069 3789 5133 Ἐναλλὰξ

2203 5168 2314 5236 γὰρ
2349 5165 2494 5237 ἔχειν
2525 5166 2588 5219 τὸ
2618 5168 2745 5237 περὶ
2770 5166 2978 5238 ταύτης
3004 5165 3115 5233 ἐγώ
3138 5183 3303 5235 φημι.
3335 5166 3409 5216 Τὸ
3431 5162 3538 5233 γὰρ
3574 5178 3789 5229 τυραν-

2204 5260 2331 5313 νοῠν
2376 5261 2547 5330 αὐτῆς
2587 5261 2771 5331 λῆρος,
2804 5262 2852 5313 εἰ
2898 5260 3139 5331 βούλοιτό
3180 5277 3287 5322 τις.
3323 5260 3433 5311 Καὶ
3472 5256 3620 5310 τοῦτ’
3658 5257 3785 5312 ἔστι

2203 5356 2265 5409 τὸ
2294 5355 2486 5409 ποιοῦν
2518 5356 2610 5410 τὸν
2652 5357 2862 5410 δίκαιον
2908 5359 3106 5427 κριτὴν
3149 5354 3502 5425 εἰσπράττειν
3532 5368 3594 5419 γε
3626 5352 3787 5421 ἡμᾶς

2203 5448 2382 5515 δίκην,
2409 5448 2626 5501 ἐπειδὰν
2671 5448 2891 5519 ἐκείνην
2918 5448 3102 5518 θῶμεν
3129 5449 3239 5518 πρὸ
3267 5447 3381 5500 τῶν
3401 5443 3571 5499 αὐτοῦ
3601 5460 3785 5513 προσ-

2200 5540 2521 5609 ταγμάτων.
2541 5540 2715 5606 Ἐπεὶ,
2759 5543 2807 5595 εί
2824 5537 2892 5611 ἦν
2924 5541 2986 5595 τὸ
3008 5541 3213 5609 ταύτης
3240 5538 3462 5608 ἰσχυρὸν
3475 5538 3781 5606 ἀήττητον,

2205 5632 2285 5692 είς
2308 5631 2406 5694 τὰς
2436 5633 2615 5702 ψυχὰς
2645 5633 3020 5701 είσκωμάταν,
3051 5630 3164 5685 οῦτ’
3197 5632 3262 5685 ἂν
3290 5631 3448 5693 δίκην
3487 5627 3582 5696 ἀφ’
3614 5628 3785 5698 ἡμῶν

2187 5726 2510 5794 ,ἐλάμϐανεν
2540 5726 2567 5777 ὁ
2597 5727 2803 5795 κρίνων
2846 5726 3003 5790 Θεὸς,
3037 5727 3084 5778 εἰ
3116 5725 3185 5777 δι’
3219 5723 3414 5794 ἡδονὴν
3443 5721 3782 5792 παρευδοκι-

2210 5821 2361 5889 μεῖτο
2399 5819 2456 5872 τὸ
2508 5818 2718 5873 ἐκείνου
2755 5820 2992 5890 θέλημα,
3036 5818 3148 5871 οὔτ’
3190 5818 3255 5871 ἂν
3289 5815 3387 5887 τὴν
3420 5814 3593 5886 ἀρχὴν
3622 5814 3783 5885 ἡμᾶς
