4098 6272
288 396 394 459 473
705 463 732 489 .

1706 389 1995 451 ORATIO
2042 394 2111 454 V.
2259 434 2287 457 ο

3445 383 3551 447 474

289 504 407 556 κατ’
438 501 653 571 ἐκείνης
676 498 882 564 ὥπλιζε
906 500 1020 562 ταῖς
1046 499 1387 571 θαυμασταῖς
1416 515 1476 553 τε
1502 499 1751 563 ἐντολαῖς
1776 502 1871 554 καὶ

1988 503 2069 559 ille
2095 502 2261 574 judex
2314 510 2504 560 noster
2542 506 2805 565 sumeret,
2831 497 3163 555 voluntatem
3196 495 3365 565 ipsius
3394 496 3551 550 volu-

291 594 677 666 παραινέσεσι.

366 867 629 939 Σύμφημι
682 866 743 946 δέ.
790 885 851 935 γε
888 867 966 937 τῷ
1000 867 1155 936 ’λόγῳ
1200 868 1279 938 τῷ
1336 866 1642 938 καταρχὰς,
1672 869 1748 931 ὡς
1778 869 1871 939 ἄρ’

296 963 447 1014 ἔστιν
475 963 508 1031 ή
540 960 699 1031 ἡδονὴ
745 960 1223 1030 τυραννικώτατον
1256 960 1451 1025 πάθος,
1480 963 1572 1014 καὶ
1610 962 1710 1029 τὴν
1742 962 1873 1031 περὶ

298 1052 505 1119 ταύτης
535 1052 719 1105 εἰκόνα
751 1052 1004 1121 οὐδαμῶς
1051 1056 1363 1124 μέμφομαι.
1396 1055 1531 1109 Οὐδὲ
1578 1054 1685 1126 γὰρ
1725 1056 1874 1125 ἀπᾴω

300 1146 382 1198 δει
418 1146 510 1197 τοῦ
558 1146 764 1215 ταύτης
792 1148 1019 1216 τρόπου.
1067 1148 1310 1218 Ούγΐμὴν
1339 1149 1416 1213 ῐδὲ
1461 1150 1606 1203 κατὰ
1652 1149 1872 1203 πάντων

302 1240 429 1306 ἑξῆς
458 1238 765 1307 ἀνθρώπων
790 1240 1062 1309 τοσαύτην
1092 1241 1361 1312 κέκτηται
1381 1241 1636 1311 δύναμιν,
1667 1241 1872 1309 ὁπόσης

301 1334 327 1384 ὁ
365 1333 538 1399 λέγων
570 1331 824 1385 ὲὸούλετο
847 1349 860 1363 ’
896 1333 1058 1401 μόνον
1082 1334 1139 1386 δὲ
1180 1335 1291 1386 τῶν
1320 1334 1381 1387 ού
1416 1334 1682 1401 γενναίως
1720 1332 1875 1384 ἀνθι·

302 1416 586 1492 σταμένων
614 1426 736 1487 ταῖς
786 1424 959 1493 αὐτῆς
993 1427 1203 1491 ἐφόδοις
1237 1427 1333 1479 καὶ
1379 1426 1731 1495 προσϐολαῖς.
1769 1424 1876 1493 Δῆ-

300 1519 390 1569 λον
420 1518 514 1569 δέ’
566 1519 799 1587 ἀνδράσι
842 1519 952 1587 γὰρ
1008 1518 1401 1589 προσπεσοῦσα
1448 1520 1593 1589 φορᾷ
1631 1518 1873 1587 δριμείῃ,

301 1608 453 1669 κῦμα
487 1628 535 1661 τι
574 1610 851 1688 πρόϐολον
876 1610 1074 1662 ἔπαισε
1108 1612 1389 1679 μεγίστοις
1429 1610 1600 1672 λίθοις
1631 1612 1707 1672 είς
1737 1610 1797 1662 ἓν
1825 1628 1876 1664 τι

304 1700 758 1770 καθηρμοσμένον
811 1703 1009 1773 ἀρίστῃ
1074 1702 1260 1772 τέχνῃ,
1297 1702 1390 1754 καὶ
1437 1702 1674 1769 διελύθη,
1708 1702 1876 1771 μηδὲν

1974 600 2142 668 ptatis
2166 613 2327 653 causa
2357 596 2801 667 reprobantibus,
2828 607 2928 647 nec
2958 592 3023 646 ab
3050 592 3207 644 initio
3234 606 3330 644 nos
3360 591 3551 642 adver-

1974 706 2069 746 sus
2103 690 2249 744 illam
2282 688 2699 743 admirabilibus
2726 684 2999 740 mandatis
3017 681 3550 738 etadmonitionibus

1974 793 2267 839 armasset.

2046 875 2335 932 Assentior
2367 874 2624 940 equidem
2659 870 2827 941 priori
2859 868 3126 923 orationis
3161 865 3324 936 parti,
3396 864 3550 919 volu-

1976 979 2180 1041 ptatem
2217 981 2339 1034 esse
2368 966 2556 1020 vitium
2596 966 2753 1033 longe
2787 962 3261 1017 violentissimum.
3309 970 3408 1009 nec
3461 970 3553 1007 ex-

1976 1078 2218 1130 pressam
2297 1060 2442 1115 illius
2497 1060 2783 1129 imaginem
2818 1053 3204 1126 reprehendo:
3240 1066 3344 1104 non
3405 1047 3552 1101 enim

1976 1157 2243 1212 abhorret
2273 1156 2339 1210 ab
2361 1154 2505 1209 illius
2533 1153 2746 1207 ratione
2778 1165 2843 1204 ac
2874 1164 3048 1203 more.
3091 1147 3290 1201 Verum
3326 1157 3432 1197 non
3459 1140 3556 1194 ad-

1979 1264 2171 1303 versus
2199 1261 2390 1300 omnes
2415 1244 2617 1313 pariter
2648 1243 2902 1296 homines
2930 1248 3137 1294 tantam
3170 1238 3257 1290 illa
3291 1238 3399 1288 vim
3451 1234 3554 1288 οὺς

1983 1343 2139 1405 tinet,
2170 1348 2432 1409 quantam
2461 1345 2646 1391 orator
2674 1336 2777 1389 iste
2801 1334 3017 1393 statuit,
3049 1333 3141 1386 sed
3198 1332 3464 1382 duntaxat
3499 1328 3553 1380 in

1980 1433 2200 1500 eos,qui
2224 1431 2442 1485 fortiter
2468 1428 2588 1497 ejus
2618 1426 3073 1494 impressionibus
3111 1422 3255 1477 haud
3276 1422 3552 1475 resistunt.

1980 1526 2135 1592 Quod
2164 1538 2298 1578 sane
2334 1522 2417 1577 vel
2454 1522 2580 1575 hinc
2612 1529 2765 1587 paret
2798 1536 2812 1572 :
2862 1518 3077 1588 quoties
3109 1517 3250 1570 enim
3289 1516 3398 1569 acri
3431 1530 3556 1569 eum

1981 1619 2186 1687 impetu
2223 1616 2373 1669 viros
2435 1613 2705 1676 adoritur,
2762 1611 2931 1664 instar
2956 1611 3153 1663 ﬂuctus
3202 1606 3430 1675 alicujus
3459 1606 3557 1659 ub-

1987 1710 2187 1777 jectam
2240 1706 2460 1770 molem,
2506 1706 2570 1759 de
2629 1704 2879 1757 maximis
2928 1702 3192 1771 lapidibus
3224 1708 3340 1753 arte
3374 1700 3560 1767 singu-

310 1792 562 1861 ίσχύσανο
612 1795 836 1846 ἐκείνων
868 1797 925 1848 δὲ
978 1796 1079 1857 τὰς
1125 1795 1303 1864 ψυχὰς
1353 1797 1417 1864 τῇ
1469 1794 1712 1864 ποικιλίᾳ
1761 1794 1873 1845 τῶν

1988 1803 2092 1855 lari
2142 1808 2505 1869 compactam,
2538 1795 2683 1859 ferit,
2709 1795 2970 1861 irritoque
3001 1801 3201 1845 conatu
3237 1790 3549 1857 dissipatur.

303 1882 543 1951 ὀρεκτῶν
577 1885 834 1949 καθάπαξ
885 1886 1229 1955 ἀνῃρημένη,
1255 1887 1331 1947 ὡς
1367 1884 1533 1954 μηδὲν
1584 1881 1725 1939 εἶναι
1753 1884 1869 1936 ior-

305 1976 427 2037 πον,
463 1978 494 2048 ἢ
524 1979 623 2047 τὴν
658 1980 755 2048 μὲν
809 1981 1137 2039 ἐπιτάττειν,
1171 1979 1270 2041 τὰς
1308 1978 1353 2031 δ’
1393 1979 1586 2043 εἴκειν,
1630 1979 1711 2040 είς
1756 1979 1784 2030 ὅ
1815 1994 1870 2029 τι

304 2069 579 2138 χείριστον
627 2073 799 2130 αὐτὰς
854 2068 1242 2143 παραπέμποι,
1293 2074 1388 2126 καὶ
1431 2073 1595 2126 οίονιὶ
1635 2069 1771 2143 πρὸς
1810 2071 1873 2124 τὸ

303 2162 542 2229 πέλαγος
572 2164 630 2215 τὸ
666 2164 1030 2231 Ἀτλαντικὸν,
1052 2166 1113 2217 τὸ
1132 2165 1277 2234 πέρα
1297 2166 1592 2236 Γαδείρων,
1617 2166 1681 2219 τὸ
1710 2164 1874 2218 ἄπλε-

299 2273 413 2307 τον.
452 2257 561 2309 Καὶ
588 2257 697 2326 γάρ
724 2274 806 2310 τοι
838 2258 1043 2321 ταύτας
1073 2260 1171 2320 τὰς
1204 2258 1385 2327 ψυχὰς
1420 2260 1511 2313 καὶ
1539 2257 1870 2327 παρασύρει,

299 2349 395 2399 καὶ
430 2338 746 2416 ἀποπνίγει,
781 2350 1103 2420 χειμάρρων
1132 2350 1310 2418 δίκην,
1353 2350 1413 2413 ἐξ
1449 2350 1605 2404 ὑετοῦ
1639 2368 1873 2420 καταφε-

306 2439 549 2505 ρομένων
594 2441 737 2493 πάνυ
775 2442 1035 2510 ῥαγδαίου
1071 2443 1276 2512 σφοδρᾷ
1316 2460 1423 2495 τινι
1461 2445 1607 2513 ῥύμῃ
1653 2445 1749 2498 καὶ
1777 2462 1876 2511 φο-

302 2531 464 2600 ϐερᾷ,
508 2531 694 2599 δούπῳ
735 2534 830 2585 καὶ
868 2533 1016 2603 μόνῳ
1051 2533 1354 2587 ποιούντων
1389 2536 1654 2603 φρίττειν.
1706 2537 1877 2603 Δῆλον

303 2618 415 2688 γὰρ
448 2621 528 2678 είς
560 2616 670 2672 οἷον
703 2619 1054 2691 ἐμπίπτομεν
1094 2621 1389 2692 βάραθρον,
1425 2624 1551 2676 ὅταν
1584 2627 1679 2687 τὰς
1724 2627 1879 2695 ἡνίας

304 2710 434 2772 ὅλας
468 2710 697 2780 ἀφῶμεν
726 2710 821 2764 τοῦ
857 2712 1255 2783 ἐπιθυμητικοῦ
1291 2714 1393 2783 τῆς
1421 2714 1603 2786 ψυχῆς
1652 2718 1875 2785 μέρους.

306 2804 457 2873 Πλὴν
483 2806 619 2859 ἀλλὰ
648 2806 759 2859 τῶν
783 2808 949 2879 ἀρετῇ
971 2808 1062 2861 καὶ
1088 2807 1234 2879 λόγῳ
1260 2809 1737 2880 καθωπλισμένων
1767 2812 1880 2865 οὐδ’

305 2898 372 2951 ἂν
406 2898 597 2952 οὐδένα
644 2898 877 2969 τρώσειε
909 2900 970 2953 τὸ
1018 2902 1234 2970 ἐκείνης
1283 2906 1533 2959 ὁπωσοῦν
1580 2907 1754 2976 βέλος.
1795 2904 1884 2969 Ὣς

305 2989 447 3056 οἵγε
480 2989 705 3058 ἄνδρες,
736 2985 794 3043 εὗ
846 2990 977 3055 ίσθι,
1011 2992 1111 3059 τὴν
1143 2993 1399 3065 σώφρονα
1434 2998 1529 3051 καὶ
1576 2999 1883 3066 ἀναγκαίαν

307 3080 502 3149 ἡδονὴν
537 3082 634 3134 σὺν
676 3081 771 3161 ⁸τῷ
822 3082 1000 3152 καιρῷ
1053 3084 1452 3154 καρπούμενοι,
1506 3088 1736 3153 ταυτησὶ
1784 3089 1883 3157 τῆς

306 3173 635 3239 ἀκολάστου,
666 3150 765 3241 τῆς
800 3150 939 3245 ὑπὲρ
974 3150 1197 3247 χρείαν,
1228 3150 1610 3246 καταγελῶσιν
1632 3220 1646 3242 ,
1667 3150 1761 3244 ἠὼς
1912 3150 1957 3211 c

305 3265 395 3318 δὲν
431 3266 574 3333 ἱερὸν
623 3264 813 3335 οῦσης,
850 3268 1074 3321 ἐπειδὰν
1127 3270 1448 3341 παντοδαπὴ
1501 3272 1601 3341 μὲν
1636 3279 1885 3341 γένηται,

308 3360 567 3430 προτείνῃ
596 3359 652 3411 δὲ
694 3361 792 3413 σὺν
828 3364 1044 3432 μηχανῇ
1086 3378 1143 3414 τε
1179 3364 1271 3416 καὶ
1299 3364 1544 3435 ποικιλίᾳ
1575 3367 1683 3419 πᾶν
1710 3366 1886 3419 ὁτιοῦν

309 3452 595 3506 κάλλιστον
624 3470 683 3504 τε
718 3453 813 3506 καὶ
850 3454 1072 3523 ἥδιστον
1111 3456 1230 3517 ταῖς
1269 3456 1363 3508 τοῦ
1394 3459 1650 3526 σώματος
1693 3459 1888 3528 αἰσθή-

312 3562 454 3607 σεσι,
482 3544 551 3595 δι’
577 3538 650 3596 ὧν
682 3544 858 3615 ἰσχύει
890 3546 984 3598 καὶ
1016 3546 1415 3615 περιγίγνεται,
1443 3550 1492 3599 εί
1525 3547 1600 3619 μὴ
1641 3549 1888 3618 κοσμίως

316 3637 659 3689 αἰσθάνοιντο
680 3639 910 3690 τουτωνὶ
931 3639 1041 3692 τῶν
1065 3641 1362 3710 αἰσθητῶν,
1397 3643 1489 3695 καὶ
1511 3645 1622 3705 τοῖς
1650 3642 1889 3710 ἡδίστοις

313 3725 596 3797 ὴδύνοιντο
634 3729 772 3796 μετὰ
821 3729 1100 3803 λογισμοῦ.
1137 3732 1301 3785 Ὥστε
1339 3736 1401 3785 τὸ
1431 3736 1540 3787 πᾶν
1582 3734 1682 3802 τῆς
1717 3734 1888 3803 ὑπερ-

315 3819 509 3887 ϐολῆς,
543 3819 637 3869 καὶ
662 3818 755 3870 τοῦ
784 3820 1003 3886 πολλοῦ,
1037 3821 1130 3874 καὶ
1152 3823 1253 3891 τῆς
1282 3823 1572 3892 ἀμετρίας.
1600 3822 1708 3875 Καὶ
1738 3823 1892 3876 ταῦθ’

314 3913 589 3981 ἡμέτερον
640 3909 915 3978 ἔγκλημα.
960 3912 1215 3983 καθάπερ
1259 3914 1355 3967 καὶ
1399 3914 1747 3984 προείρηται,
1794 3914 1893 3983 ούχ

313 4003 387 4064 ῶς
422 4000 571 4068 αὐτῷ
622 4017 707 4053 σοι
750 3999 921 4054 δοκεῖ.
958 4000 1030 4051 Σὺ
1066 3998 1165 4067 μὲν
1204 4000 1334 4069 γὰρ,
1376 3994 1420 4052 ὦ
1446 4000 1566 4065 τᾶν,
1599 3999 1673 4061 ὡς
1723 3999 1891 4064 ἔοικε,

317 4092 517 4147 σαυτὸν
566 4093 744 4154 αίτὶας
779 4091 1109 4159 ὲλευθεροίς,
1153 4092 1247 4145 καὶ
1292 4093 1391 4161 τὴν
1425 4092 1699 4162 ἀκρασίαν
1741 4091 1911 4145 οὐδὲν

314 4187 529 4259 λογίζῃ,
564 4187 657 4239 καί
703 4186 805 4253 τὴν
848 4183 1158 4255 ἐθελούσιον
1199 4184 1414 4255 κίνησιν
1466 4185 1598 4254 παρ’
1633 4184 1784 4237 οὐδὲν
1814 4184 1896 4237 τί-

318 4278 418 4348 θης
444 4297 457 4312 ο
494 4279 665 4348 μόνην
695 4277 753 4329 δὲ
785 4276 881 4344 τὴν
912 4276 1109 4345 ἡδονὴν
1138 4276 1252 4329 ἄνω
1288 4278 1382 4329 καὶ
1423 4276 1574 4330 κάτω
1614 4278 1893 4348 στρέφεις,

318 4369 642 4438 αίτιὼμενος
676 4368 862 4429 ἁπλῶς
904 4369 1040 4438 πρὸς
1070 4367 1211 4438 ἆπερ
1243 4367 1308 4421 ἄν
1335 4372 1467 4422 ποτέ
1506 4387 1585 4421 σοι
1620 4370 1894 4441 πραχθείη

1976 1896 2287 1949 Alterorum
2316 1907 2445 1947 vero
2477 1891 2687 1944 animos
2745 1886 2834 1940 tibi
2895 1884 3062 1939 semel
3126 1883 3553 1951 expetendarum

1975 2002 2155 2042 rerum
2208 1984 2471 2041 varietate
2500 1982 2665 2048 cepit,
2700 1979 2836 2033 nihil
2868 1987 3037 2031 restat
3088 1976 3232 2029 aliud
3286 1990 3445 2044 quam
3500 1981 3559 2027 ut

1976 2079 2093 2149 ipsa
2151 2077 2420 2146 imperet,
2484 2071 2561 2126 illi
2624 2076 2874 2140 pareant,
2954 2067 3021 2122 ad
3068 2067 3429 2136 quodcunque
3472 2063 3561 2118 vel

1978 2170 2353 2240 turpissimum
2402 2165 2759 2235 ablegaverit,
2797 2162 2951 2232 quasi
3000 2162 3272 2229 quoddam
3310 2160 3374 2212 ad
3410 2158 3561 2227 pela-

1979 2275 2078 2333 gus
2113 2256 2471 2319 Atlanticum,
2516 2254 2660 2307 ultra
2697 2252 2875 2308 Gades
2925 2252 3112 2314 situm,
3147 2249 3416 2320 planeque
3459 2248 3561 2300 im-

1980 2366 2250 2407 mensum.
2286 2348 2421 2403 Nam
2468 2347 2588 2402 illos
2646 2347 2944 2405 animoset
2984 2344 3153 2397 trahit
3200 2353 3253 2397 et
3309 2340 3559 2405 sutl‘ocat,

1983 2446 2308 2499 torrentium
2353 2442 2405 2495 in
2449 2454 2680 2503 morem,
2733 2439 2825 2506 qui
2865 2438 3185 2491 vehemente
3220 2434 3401 2504 pluvia
3434 2450 3557 2487 eum

1983 2534 2363 2602 impelluntur,
2422 2533 2491 2586 ob
2547 2546 2726 2584 aerem
2760 2540 2815 2585 et
2850 2528 3245 2583 formidabilem
3295 2530 3558 2600 impetum

1984 2626 2066 2680 vel
2099 2626 2216 2680 solo
2248 2625 2476 2692 strepitu
2523 2623 2810 2676 horrorem
2863 2621 3160 2678 incutiunt.
3215 2620 3360 2674 Satis
3413 2620 3562 2674 enim

1985 2714 2334 2770 manifestum
2364 2721 2448 2768 est
2488 2712 2538 2765 in
2564 2710 2726 2781 quale
2749 2710 3067 2764 barathrum
3097 2709 3401 2763 incidamus
3427 2721 3561 2776 quo-
3628 2748 3631 2749 ν

1988 2811 2090 2865 lies
2128 2810 2202 2864 illi
2244 2808 2410 2863 animi
2447 2807 2585 2878 parti
2623 2819 2729 2875 qua
2781 2803 2863 2858 vis
2896 2812 3159 2872 appetens
3218 2801 3557 2865 continuatur,

1988 2903 2140 2958 frena
2184 2901 2343 2970 plane
2401 2901 2670 2953 laxamus.
2733 2897 2807 2950 At
2859 2895 3076 2949 illorum
3114 2894 3204 2963 qui
3248 2893 3463 2947 virtutis
3508 2904 3563 2947 et

1990 2995 2221 3049 rationis
2259 2992 2427 3047 armis
2452 2990 2644 3046 muniti
2702 2996 2851 3054 sunt,
2913 2988 3188 3041 nemiuem
3244 2986 3354 3040 ullo
3400 2996 3561 3055 pacto

1990 3086 2152 3142 telum
2196 3084 2370 3154 ipsius
2428 3082 2817 3137 vulneraverit.
2847 3081 2978 3135 Nam
3022 3082 3114 3151 qui
3159 3081 3258 3134 viri
3287 3089 3433 3145 sunt,
3469 3094 3563 3133 eos

1990 3181 2134 3235 scire
2168 3179 2333 3233 debes
2367 3178 2702 3230 moderatam
2731 3189 2793 3227 ac
2828 3175 3193 3229 necessariam
3228 3173 3559 3242 voluptatem

1990 3282 2301 3342 opportune
2344 3268 2737 3340 percipientes,
2806 3267 2964 3321 istam
3035 3265 3293 3319 etlrcuem
3346 3274 3400 3319 ct
3455 3280 3560 3318 non

1992 3364 2356 3420 necessariam
2424 3362 2626 3427 ridere,
2661 3361 2800 3427 quod
2865 3359 2999 3414 nihil
3063 3360 3215 3413 ineo
3266 3359 3406 3413 sacri
3469 3358 3560 3420 sit,

1989 3461 2204 3528 quoties
2234 3466 2289 3511 et
2313 3457 2632 3509 varietatem
2666 3453 2865 3516 induit,
2902 3461 2954 3505 et
3010 3459 3126 3505 arte
3168 3450 3401 3519 quadam
3440 3463 3565 3499 ver-

1992 3552 2247 3620 sutiaque
2281 3549 2532 3619 corporis
2564 3548 2815 3604 sensibus
2858 3544 3126 3614 quidquid
3176 3553 3229 3595 et
3262 3541 3566 3609 pulcherri-

1992 3660 2137 3698 mum
2171 3655 2224 3697 et
2255 3643 2709 3713 iucundissimum
2750 3646 2852 3701 est,
2889 3637 3099 3706 objicit,
3152 3644 3315 3704 atque
3368 3633 3562 3687 horum

1993 3737 2305 3806 adiumento
2333 3736 2764 3796 corroboratur,
2820 3741 2874 3785 ct
2921 3730 3172 3799 superior
3204 3726 3411 3788 evadit,
3465 3724 3563 3776 nisi

1994 3842 2085 3881 res
2123 3827 2256 3880 istas
2306 3825 2539 3879 seusiles
2571 3827 2674 3879 rite
2703 3823 3029 3891 percipiant,
3072 3817 3565 3887 etjueundissimis

1994 3931 2117 3970 cum
2153 3916 2365 3970 ratione
2398 3925 2571 3969 semet
2592 3914 2889 3969 oblectent.
2925 3911 3042 3977 Quo
3100 3911 3158 3965 tit
3207 3920 3266 3963 ut
3320 3920 3428 3962 tota
3480 3921 3567 3961 res

1996 4005 2054 4059 in
2098 4003 2263 4058 nimio
2321 4005 2496 4073 posita
2547 4003 2640 4068 sit,
2683 4015 2736 4057 et
2779 4002 2930 4070 copia
2994 4002 3247 4068 modique
3295 3999 3564 4067 neglectu,

1996 4113 2117 4169 quae
2146 4112 2281 4152 sane
2306 4105 2556 4152 nostrum
2604 4104 2729 4150 sunt
2758 4096 2988 4160 crimen,
3021 4096 3096 4147 uti
3129 4109 3292 4162 supra
3351 4106 3569 4161 quoque

1998 4184 2199 4245 dietti'm
2239 4199 2348 4254 est,
2375 4203 2482 4242 non
2516 4187 2591 4242 uti
2623 4187 2715 4242 tibi
2751 4186 2987 4241 videtur.
3036 4185 3169 4239 Nam
3214 4195 3269 4238 tu
3323 4185 3564 4253 quidem,

1996 4299 2028 4338 ο
2061 4281 2201 4337 bone
2233 4282 2337 4343 vir,
2372 4282 2602 4349 teipsum
2627 4279 2785 4348 culpa
2829 4276 3064 4331 liberare
3114 4276 3336 4337 videris,
3374 4284 3428 4327 et
3484 4274 3570 4325 in-

1997 4374 2413 4443 temperantiam
2442 4382 2727 4435 extenuas,
2757 4385 2817 4424 ac
2850 4380 3051 4422 motum
3079 4366 3441 4422 voluntarium
3470 4380 3568 4433 pro

321 4467 397 4526 είς
427 4462 715 4517 αὐθάδειαν
768 4462 857 4514 καὶ
886 4461 1097 4531 τέρψιν.
1135 4462 1244 4514 Καὶ
1295 4463 1549 4532 παραινῶ
1583 4480 1664 4515 σοι
1709 4464 1886 4532 φείδε-

2000 4470 2176 4523 nihilo
2209 4469 2364 4522 ducis
2396 4485 2409 4520 :
2443 4466 2778 4539 voluptatem
2820 4479 2947 4517 vero
2974 4464 3149 4517 solam
3184 4477 3395 4516 sursum
3416 4462 3572 4515 deor-

324 4556 447 4606 σθ.·ιι
478 4552 588 4604 τῶν
619 4551 880 4604 τοιούτων
914 4550 1172 4620 κρίσεων,
1207 4552 1301 4603 καὶ
1340 4553 1561 4620 μακρὰν
1593 4554 1895 4623 ἀπέχεσθαι

322 4645 551 4697 τουτωνὶ
584 4643 692 4695 τῶν
729 4642 1030 4709 λογισμῶν,
1069 4644 1260 4712 πόρρω
1293 4661 1397 4695 που
1435 4646 1528 4697 καὶ
1571 4646 1778 4698 τούτων
1810 4647 1899 4698 ὅν-

322 4753 429 4788 των
455 4735 553 4804 τῆς
586 4734 865 4802 ἀληθείας.
904 4735 1088 4786 Ποιείν
1118 4736 1227 4805 γὰρ
1261 4738 1675 4807 παραπλήσιον,
1707 4738 1900 4810 ῶσπερ

322 4828 388 4881 ἂν
445 4829 493 4879 εἰ
526 4827 816 4896 φάρμακον
858 4824 967 4878 ἔδει
1030 4843 1090 4879 σε
1151 4829 1489 4892 πεπωκέναι,
1539 4829 1643 4882 ὑπὸ
1700 4832 1901 4900 ίατρῶν

323 4918 568 4990 ἀρίστων
599 4917 1027 4986 ἐσκευασμένον,
1065 4913 1169 4971 εἶτ’
1207 4920 1453 4990 ἀκαίρως
1488 4922 1653 4984 αὐτὸς
1679 4924 1890 4996 χρησά-

325 5028 487 5080 μενος
524 5009 594 5077 τῷ
638 5009 937 5079 φαρμάκῳ,
985 5008 1121 5079 πρὸς
1150 5010 1464 5064 τούναντίον
1508 5014 1771 5079 ὲκὸάντος
1806 5032 1888 5069 σοι

321 5104 416 5156 τοῦ
462 5103 820 5172 βουλήματος,
855 5101 1017 5166 ἀφεὶς
1052 5101 1249 5155 σαυτὸν
1299 5104 1681 5173 ἐπιπλήττειν,
1725 5107 1790 5159 σὺ
1837 5108 1893 5162 δὲ

319 5196 634 5259 διαϐάλλεις
667 5194 727 5247 τὸ
755 5196 1065 5265 φάρμακον,
1094 5197 1190 5248 καὶ
1227 5196 1353 5260 τοὺς
1385 5199 1563 5251 ἐκεῖνο
1591 5200 1772 5268 σοφῶς
1806 5220 1899 5255 κε-

324 5293 616 5360 ράσαντας.
654 5290 730 5341 Οὐ
778 5290 933 5358 μόνον
978 5287 1035 5340 δὲ
1067 5289 1134 5342 τὰ
1169 5291 1317 5360 παρὰ
1360 5291 1469 5343 τῶν
1502 5294 1727 5363 ἰατρῶν,
1761 5298 1901 5352 ἀλλὰ

321 5384 417 5438 καὶ
446 5381 605 5437 πάνθ’
634 5377 716 5444 οἷς
744 5381 1023 5452 χρώμεθα,
1045 5383 1092 5434 εί
1118 5382 1298 5453 χρῷτό
1334 5400 1421 5445 τις
1444 5385 1503 5437 οὺ
1545 5387 1750 5453 καλῶς,
1775 5390 1899 5443 οὐδὲ

326 5474 468 5543 μετὰ
497 5473 592 5527 τοῦ
626 5474 1000 5543 προσήκοντος
1034 5474 1259 5543 μέτρου,
1307 5474 1549 5547 βλαϐερὰ
1588 5477 1899 5545 ἂνγένοιτο

322 5568 504 5623 πάντα
554 5564 817 5636 τρόπονῆ
875 5565 1095 5630 αὐτίκα,
1135 5565 1168 5635 ἢ
1222 5568 1543 5635 μετέπειτα,
1578 5569 1609 5639 ἢ
1664 5571 1757 5624 καὶ
1796 5572 1896 5624 ἀπ’

322 5660 496 5729 ἀρχῆς
524 5660 657 5729 ἄχρι
687 5658 898 5720 τέλους.
930 5658 1099 5711 Τοῦτο
1126 5658 1183 5711 δὲ
1221 5660 1320 5712 οὐκ
1353 5658 1521 5726 ἔστιν,
1552 5661 1640 5731 ἐφ’
1664 5664 1768 5731 ὅτῳ
1794 5666 1895 5717 οὐκ

324 5753 493 5806 ἔστιν.
523 5752 639 5805 Οὐκ
662 5750 749 5822 ἄρ’
774 5753 807 5822 ἡ
832 5752 994 5823 ἡδονὴ
1020 5751 1082 5804 τὸ
1108 5754 1299 5811 κακὸν.
1334 5754 1449 5807 ἀλλ’
1476 5755 1507 5825 ἡ
1541 5758 1894 5826 παραχρησις

322 5844 415 5897 ἐπὶ
445 5844 551 5899 τῶν
599 5845 874 5902 ἁπάντων.
920 5845 1069 5899 Ἐπεὶ
1122 5846 1211 5915 καὶ
1262 5845 1369 5917 πῦρ
1418 5850 1491 5919 ,τῇ
1542 5850 1890 5919 παραχρήσῃ

1624 5893 1649 5919 δ’
1664 5893 1761 5918 ⁷Ἰιὸ”
1777 5893 1799 5919 ἰ
1814 5893 1834 5901 ’⁸
1849 5893 1865 5903 ’

1995 4577 2114 4616 sum
2136 4561 2410 4623 volutans,
2432 4558 2754 4627 simpliciter
2771 4557 2837 4609 ad
2864 4572 2982 4609 eam
3010 4555 3201 4618 refers,
3223 4567 3567 4623 quaecunque

1996 4652 2435 4707 contumaciteac
2464 4650 2704 4704 libidinis
2721 4649 3004 4717 explenda:
3025 4664 3185 4702 causa
3208 4660 3441 4714 unquam
3473 4646 3570 4699 abs

1993 4755 2047 4801 te
2077 4757 2226 4815 gesta
2247 4754 2394 4799 sunt.
2420 4742 2630 4808 Quibus
2655 4758 2682 4794 a
2706 4741 2933 4810 judiciis
2966 4753 3023 4793 ut
3043 4740 3344 4804 abstineas,
3382 4738 3571 4806 longe-

1997 4855 2102 4908 que
2120 4838 2477 4907 cogitationes
2503 4834 2812 4904 lnujusmudi
2835 4832 3090 4900 repellas,
3115 4846 3328 4895 moneo,
3352 4835 3571 4900 quando

1940 4986 1951 4996 ,
1995 4940 2051 4984 et
2077 4931 2204 4998 ipsa:
2239 4929 2400 4997 longe
2428 4926 2706 4980 averitate
2743 4925 2962 4978 absunt.
3008 4921 3140 4976 Nam
3174 4923 3400 4991 perinde
3441 4922 3572 4976 facis

2000 5036 2062 5075 ac
2092 5022 2157 5087 si,
2187 5033 2308 5073 cum
2343 5014 2697 5071 hauriendum
2730 5014 2825 5068 tibi
2857 5015 3205 5082 pharmaeum
3237 5024 3402 5077 esset,
3434 5016 3577 5083 opti-

2001 5112 2105 5165 mis
2138 5126 2164 5163 a
2200 5108 2428 5163 medicis
2461 5113 2737 5176 paratum,
2777 5115 2831 5160 tu
2869 5106 3250 5177 intempestive
3281 5110 3575 5177 pharmat-o

2001 5220 2163 5270 usus,
2197 5213 2390 5257 eventu
2413 5200 2687 5256 voluntati
2727 5209 2829 5254 tute
2861 5200 3135 5255 contrario
3167 5201 3538 5269 subsequente
3559 5239 3573 5261 ,

1997 5297 2373 5367 objurgatione
2410 5296 2608 5351 tuimet
2640 5294 2809 5364 ipsius
2843 5294 3066 5358 omissa,
3098 5295 3449 5361 pharmaeum
3487 5305 3576 5342 ac-

1998 5403 2159 5442 cuses
2202 5396 2254 5441 et
2291 5402 2386 5441 eos
2422 5387 2513 5455 qui
2551 5386 2712 5440 docte
2748 5386 2800 5439 id
2838 5387 3191 5440 miscuerant.
3230 5386 3414 5452 Neque
3458 5391 3580 5434 tan-

1997 5490 2107 5533 tum
2141 5480 2436 5549 pharmaca
2470 5480 2828 5543 medicorum,
2855 5479 2948 5532 sed
2979 5480 3140 5531 etiam
3168 5476 3347 5528 Omnia
3381 5472 3581 5541 quibus

2001 5571 2227 5635 utimur,
2285 5572 2329 5624 si
2381 5571 2507 5641 quis
2560 5571 2704 5625 haud
2762 5580 2912 5624 recte
2967 5579 3169 5633 utatur,
3227 5578 3400 5633 neque
3452 5574 3579 5614 cum

2004 5663 2163 5717 modo
2190 5664 2577 5741 conveniente,
2608 5663 2741 5734 quin
2778 5663 2937 5717 noxia
2970 5661 3147 5715 futura
3178 5660 3324 5722 sint,
3355 5654 3437 5707 vel
3468 5663 3580 5706 sta-

2003 5755 2128 5820 tim,
2168 5757 2251 5811 vel
2289 5756 2342 5811 in
2379 5768 2686 5827 posterum,
2725 5757 2807 5810 vel
2840 5756 3001 5809 etiam
3039 5770 3066 5806 a
3106 5749 3371 5819 principio
3407 5760 3597 5815 usque:

2002 5849 2066 5902 ad
2096 5848 2280 5917 ﬁnem,
2308 5848 2421 5905 ﬁeri
2452 5849 2595 5905 nulla
2625 5848 2834 5903 ratione
2861 5854 3054 5913 potest.
3088 5840 3192 5894 Nec
3223 5840 3326 5892 ulla
3358 5848 3436 5893 ιιι
3465 5856 3597 5901 ιἰ·ε‹,.
