4098 6272
536 395 645 461 475

1732 397 2133 460 MANUELIS
2174 394 2620 459 PAL/EOLOGI

3667 385 3796 452 4ῗὸ

532 512 585 565 in
618 527 722 580 qua
757 524 859 566 non
892 511 1031 567 idem
1062 513 1162 568 hoc
1192 528 1288 567 usu
1320 514 1523 569 veniat.
1553 512 1668 569 Non
1700 529 1827 586 ergo
1858 515 2103 582 voluptas

2213 511 2395 574 κακὸν,
2427 508 2522 560 καὶ
2562 494 2710 560 ἅπαν
2737 504 2945 577 χρῆμα.
2980 505 3130 561 Αὖτά
3155 504 3263 576 γάρ
3304 504 3479 560 ταῦτα
3507 505 3575 559 τὰ
3602 507 3797 573 ἀναγ-

534 604 733 657 malum
782 603 911 672 quid
958 614 1062 669 est,
1107 606 1199 661 sed
1249 607 1451 662 abusus
1501 607 1553 661 in
1604 609 1765 664 rebus
1812 608 2099 673 universis,

531 694 968 761 quandoquidem
1008 704 1062 748 et
1100 696 1238 765 ignis
1273 697 1441 751 abusu
1484 698 1655 753 malus
1687 709 1799 764 est,
1837 708 1892 752 et
1929 712 2100 767 aqua,

531 788 585 833 et
620 796 705 834 res
739 782 959 836 onmiuo
994 784 1267 853 quaalibet.
1307 786 1433 841 Haec
1468 787 1614 841 enim
1654 790 1767 855 ipsa
1806 788 2099 855 caeteroqui

535 874 871 936 necessaria,
904 884 960 928 et
992 877 1199 945 absque
1229 877 1427 946 quibus
1459 895 1616 933 nemo
1648 880 1831 935 salvus
1863 890 1914 935 et
1949 882 2100 936 inco-

531 962 694 1018 lumis
730 964 927 1029 fuerit,
966 969 1186 1036 perinde
1221 984 1283 1023 ac
1322 971 1493 1025 noxia:
1530 980 1719 1024 natura
1757 986 1875 1034 res,
1912 972 2101 1025 interi-

534 1066 685 1109 munt
714 1058 757 1110 si
789 1058 927 1110 ultra
955 1074 1113 1127 quam
1143 1075 1239 1129 par
1267 1062 1337 1115 sit
1361 1059 1527 1114 ﬂuant
1554 1075 1750 1131 magna
1776 1077 1898 1116 cum
1929 1064 2101 1114 abun-

532 1150 737 1202 dantia.
784 1150 898 1213 Dic,
946 1153 1199 1215 obsecro,
1246 1154 1398 1219 mihi,
1442 1154 1567 1223 quid
1615 1155 1757 1215 luce,
1800 1154 1930 1224 quid
1977 1169 2103 1209 aere

534 1242 763 1295 melius?
795 1242 849 1297 Si
888 1255 1065 1299 tamen
1102 1254 1155 1299 et
1192 1247 1275 1301 his
1310 1248 1613 1310 abutamur,
1648 1262 1900 1315 magnum
1930 1249 2103 1315 quod-

535 1332 655 1385 dam
689 1332 747 1387 ῆι
777 1334 975 1386 malum
1000 1374 1013 1398 ,
1050 1336 1286 1403 itemque
1318 1336 1474 1390 nobis
1505 1336 1709 1390 accidit
1738 1337 1879 1405 quod
1914 1337 1979 1391 iis
2012 1338 2101 1405 qui

536 1426 731 1479 horum
767 1427 991 1480 minime
1022 1428 1312 1495 participes
1341 1436 1497 1495 sunt;
1530 1444 1650 1482 nam
1683 1430 1925 1499 utrisque
1960 1432 2104 1483 cala-

538 1519 702 1571 mitas
738 1519 1074 1573 intoleranda
1115 1521 1400 1588 contingit,
1442 1530 1549 1574 tam
1587 1522 1742 1576 nobis
1775 1537 1937 1591 quam
1974 1523 2099 1578 illis.

540 1609 608 1663 Et
642 1626 875 1679 quonam
916 1610 965 1663 id
1005 1620 1193 1678 pacto,
1229 1613 1426 1666 dicam.
1464 1611 1701 1676 Radius,
1738 1628 1825 1666 res
1860 1613 2100 1667 omnium

534 1703 957 1772 jurundissima,
1005 1704 1203 1771 praebet
1252 1703 1422 1755 oculis
1466 1715 1525 1757 ut
1569 1714 1690 1757 actu
1736 1706 1950 1759 videndi
1994 1704 2098 1757 vim

538 1797 801 1855 habeant,
833 1804 887 1847 et
919 1796 1076 1848 rebus
1108 1795 1527 1862 aspectabilibus
1558 1797 1761 1863 praebet
1796 1808 1850 1849 ut
1881 1799 2103 1864 conspi-

540 1889 755 1941 ciantur
804 1886 855 1940 id
899 1901 1020 1940 esse
1068 1888 1205 1952 quod
1250 1896 1393 1938 sunt.
1439 1886 1569 1939 Nam
1619 1897 1671 1941 et
1720 1903 1836 1955 qua:
1883 1889 2102 1954 pulchra

538 1989 692 2043 sunt,
730 1989 785 2033 et
822 1979 938 2048 ipse
976 1978 1198 2041 oculus,
1236 1988 1503 2046 potestate
1537 1981 1795 2033 duntaxat
1834 1980 1883 2034 id
1921 1990 2105 2034 essent

537 2073 680 2139 quod
715 2081 906 2124 natura
941 2079 1105 2135 sunt,
1139 2071 1359 2139 pulchra
1395 2072 1685 2135 nimirum,
1719 2083 1774 2126 et
1804 2073 2026 2138 oculus,
2060 2074 2104 2127 si

539 2163 865 2218 beneﬁcium
897 2179 1054 2218 suum
1089 2150 1269 2217 radius
1301 2164 1416 2232 ipse
1448 2180 1552 2218 non
1583 2173 1898 2233 prtestaret;
1932 2166 2026 2220 sed
2058 2168 2104 2221 si

536 2256 657 2323 quis
686 2256 829 2309 hunc
861 2265 1028 2309 totum
1061 2256 1234 2310 oculis
1268 2255 1575 2309 immediate
1604 2258 1877 2325 exceperit
1898 2296 1912 2317 ,
1947 2258 2106 2313 facile

536 2345 753 2400 vivendi
789 2345 1099 2400 facultatem
1137 2350 1368 2401 amittet.
1406 2347 1563 2416 Atqui
1598 2349 1641 2402 si
1674 2350 1830 2419 longo
1867 2359 2107 2419 tempore

539 2437 723 2491 radius
753 2435 926 2491 oculis
960 2436 1142 2490 nullus
1173 2436 1441 2502 illuxerit,
1476 2437 1611 2491 nihil
1644 2438 1767 2493 inde
1798 2440 2105 2494 detrimenti

538 2528 620 2583 eis
652 2528 946 2594 acciderit;
980 2545 1164 2584 verum
1196 2531 1239 2583 si
1273 2544 1432 2598 supra
1467 2532 1681 2585 modum
1716 2531 1767 2585 in
1805 2545 1896 2587 eos
1927 2534 2107 2594 irrue—

461 2607 470 2615 ’
538 2621 631 2684 rit,
664 2636 786 2673 mox
820 2620 1155 2690 inepinatum
1185 2622 1436 2690 quiddam
1465 2624 1688 2689 accidit,
1719 2627 1934 2695 quando
1960 2627 2105 2696 quod

533 2712 991 2781 jucundissimum
1025 2714 1181 2768 nobis
1210 2724 1313 2778 est,
1342 2716 1393 2768 in
1426 2716 1659 2772 dolorem
1690 2719 1905 2783 desinit,
1935 2727 1985 2773 et
2012 2734 2109 2789 per

540 2819 700 2871 quem
734 2804 917 2858 videre
950 2819 1266 2873 possumus,
1297 2822 1392 2875 per
1420 2810 1669 2862 eumdem
1703 2809 1917 2864 videndi
1953 2826 2105 2865 usum

541 2895 857 2949 amittimus.
883 2893 1000 2948 Jam
1031 2898 1236 2966 absque
1262 2899 1401 2967 aeris
1426 2914 1524 2952 usu
1549 2914 1613 2954 ne
1640 2900 1963 2956 brevissimo
1988 2902 2110 2971 qui-

539 2986 661 3039 dem
699 2994 943 3055 tempore
974 2987 1167 3041 durare
1196 3003 1507 3055 possumus,
1541 2999 1600 3043 ut
1632 2990 1848 3046 interim
1880 3007 1987 3046 non
2021 2994 2109 3048 di-

540 3090 695 3141 cam,
737 3092 859 3130 mox
897 3076 1183 3133 interitura
1221 3080 1498 3147 universa,
1530 3081 1583 3135 ni
1620 3082 1982 3140 circumfusus
2016 3100 2110 3141 aer

2134 1847 2181 1906 B

2207 602 2360 665 καῖα,
2393 602 2487 653 καὶ
2508 592 2581 653 ὧν
2601 600 2773 669 χωρὶς
2793 598 2899 651 οὐδ’
2926 598 2990 651 ἂν
3018 598 3190 661 οὐδεὶς
3214 597 3553 663 διασώζοιτο,
3584 598 3751 652 ὥσπε
3762 617 3799 670 ρ

2205 693 2273 745 τὰ
2305 692 2464 759 φύσει
2517 691 2827 761 βλάπτοντα
2874 692 3205 761 διαφθείρει,
3256 691 3322 759 ἢν
3364 692 3503 764 ὑπὲρ
3547 692 3607 744 τὸ
3659 693 3799 745 δέον

2207 784 2617 855 συνεπιρῤεύσῃ
2651 782 2789 852 μετὰ
2820 782 3022 852 πολλῆς
3050 785 3148 851 τῆς
3189 782 3515 851 ὑπερϐολῆς.
3552 782 3617 835 Τί
3656 784 3794 851 μὲν,

2206 875 2326 928 είπέ
2358 893 2467 945 μοι,
2520 875 2729 944 φωτὸς,
2769 875 2821 926 τί
2856 875 2900 927 δ’
2925 876 3084 944 ἀέρος
3127 874 3367 943 βέλτιον;
3402 875 3539 927 ἀλλὰ
3587 875 3654 927 ἂν
3687 878 3797 928 καὶ

2205 966 2380 1018 τοῖσδε
2440 965 2955 1035 παραχρησώμεθα,
2996 966 3139 1034 μέγα
3183 983 3237 1019 τι
3282 970 3530 1033 γίγνεται
3582 967 3791 1030 κακὸν,

2205 1058 2299 1110 καὶ
2350 1057 2544 1108 ταυτὸν
2593 1058 2705 1119 τοῖς
2757 1058 2817 1108 ού
2876 1059 3165 1127 μετέχουσι
3216 1057 3423 1110 τούτων
3469 1059 3791 1127 πάσχομεν.

2217 1149 2519 1217 Ἀφι¹ρητον
2548 1148 2657 1217 γὰρ
2692 1149 2893 1217 ἀμφοῖν
2931 1150 2991 1201 τὸ
3018 1149 3191 1201 δεινὸν
3218 1150 3351 1217 ἡμῖν
3384 1166 3442 1201 τε
3475 1149 3793 1211 κάκείνοις.

2207 1240 2315 1292 Καὶ
2366 1240 2518 1303 πῶςς
2573 1241 2684 1306 ἐγὼ
2730 1241 2899 1309 λέγω.
2945 1243 3146 1307 Ἀκτὶς,
3192 1242 3220 1293 ὃ
3269 1242 3486 1295 πάντων
3533 1243 3789 1311 ἥδιστον,

2210 1333 2443 1401 παρέχει
2478 1332 2579 1400 μὲν
2601 1334 2716 1394 τοῖς
2746 1334 3048 1403 ὀφθαλμοῖς
3076 1334 3327 1404 ἐνεργείᾳ
3364 1335 3423 1386 τὸ
3448 1336 3580 1405 ὁρᾷν
3605 1335 3790 1404 ἔχειν,

2207 1426 2438 1493 παρέχει
2469 1424 2525 1476 δὲ
2555 1427 2667 1483 τοῖς
2695 1425 2910 1493 ὁρατοῖς
2939 1426 3069 1479 αὐτὸ
3101 1426 3247 1480 τοῦτ’
3278 1422 3417 1480 εῖναι
3458 1429 3552 1480 καὶ
3589 1430 3792 1497 φαίνε-

2209 1517 2357 1569 σθαι.
2418 1517 2573 1586 Μόνη
2628 1516 2736 1585 γάρ
2787 1517 2852 1570 ἂν
2892 1513 2957 1587 ἦν
3014 1518 3243 1588 δυνάμει
3282 1518 3349 1572 τὰ
3411 1518 3550 1572 καλὰ
3603 1522 3705 1574 καὶ
3759 1521 3789 1577 ὁ

2207 1608 2509 1679 ὀφθαλμὸς,
2540 1608 2673 1661 αὐτὸ
2706 1608 2854 1661 τοῦθ’
2884 1610 2912 1661 ὃ
2943 1611 3240 1677 πεφύκασι,
3283 1612 3423 1663 καλὰ
3460 1613 3549 1665 καὶ
3578 1612 3789 1681 ageam-

2213 1698 2331 1766 μδς,
2367 1698 2634 1767 μηδαμῶς
2676 1715 2778 1750 που
2810 1700 2908 1767 τῆς
2940 1701 3160 1762 ἀκτῖνος
3184 1700 3244 1753 τὸ
3275 1701 3479 1770 ἑαυτῆς
3506 1702 3788 1771 χορηγούο

2211 1806 2336 1859 σης.
2378 1789 2520 1843 Ἀλλ’
2561 1790 2616 1841 εί
2639 1807 2723 1853 τις
2762 1790 2969 1861 ταύτην
3000 1793 3236 1856 άμέσωτ
3256 1793 3385 1861 ὃλην
3434 1797 3545 1856 τοῖς
3571 1794 3786 1867 ὁ-φοαλ-

2213 1882 2333 1949 μοῖς
2390 1881 2639 1946 δέξαιτο,
2698 1883 2898 1952 ῥᾳδίως
2950 1883 3016 1937 ἂν
3069 1884 3167 1954 τὴν
3225 1886 3460 1954 ὀπτικήν
3517 1888 3783 1941 ἀπολέσει

2207 1972 2463 2042 δύναμιν.
2500 1975 2694 2027 Καίτοι
2730 1977 2925 2045 συχνόν
2952 1994 3072 2029 τινα
3101 1977 3293 2047 χρόνοι
3324 1981 3437 2042 τοῖς
3479 1980 3783 2048 ὀφθαλμοῖς

2212 2063 2287 2133 μὴ
2325 2065 2613 2134 φανείσης,
2650 2066 2801 2119 οὐδὲν
2836 2068 2901 2120 ἂν
2934 2067 3146 2131 τούτοις
3184 2069 3422 2137 βλάπτον
3472 2071 3780 2138 ἐπεγένετο.

2219 2155 2392 2226 ’Υπὲρ
2434 2158 2486 2209 δὲ
2532 2158 2593 2209 τὸ
2648 2160 2847 2227 μέτρον
2882 2163 3297 2229 συγγεγονυίας,
3330 2162 3527 2215 αὐτίκα
3571 2164 3660 2215 καὶ
3694 2164 3781 2229 γί-

2209 2264 2399 2314 γνεται
2430 2248 2750 2319 παράδοξον,
2789 2253 2836 2303 εί
2882 2251 2942 2304 τὸ
2980 2253 3194 2321 ἥδιστον
3226 2254 3356 2322 ἡμῖν
3397 2254 3778 2323 τελευτήσειεν

2209 2340 2291 2400 εἰς
2322 2340 2525 2408 λύπην,
2559 2342 2654 2392 καὶ
2686 2340 2755 2393 δι’
2791 2344 2857 2412 ἦν
2886 2344 3019 2412 ὀρᾷν
3069 2343 3206 2409 ἔστι,
3257 2344 3325 2397 δι’
3367 2345 3537 2411 αὐτὴν
3576 2346 3672 2398 καὶ
3713 2347 3766 2398 τὸ

2206 2432 2339 2500 ὁρᾷν
2369 2430 2764 2501 άπολέσαιμεν.
2819 2433 3009 2503 Ἀέρος
3044 2435 3227 2503 μέντοι
3266 2436 3433 2505 χωρὶς
3483 2437 3606 2489 οὐδὲ
3650 2438 3766 2503 γοῦν

2211 2521 2551 2592 βραχύτατον
2581 2524 2773 2593 χρόνον
2798 2525 3009 2579 ἔνεστιν
3045 2529 3196 2595 ἡμᾶς
3217 2527 3503 2595 διαρκέσαι
3530 2542 3545 2556 ⁸
3575 2528 3648 2580 ὲῶ
3671 2528 3773 2596 γὰρ

2208 2613 2347 2678 τέως
2378 2617 2576 2681 εἰπεῖν,
2608 2616 2684 2679 ὡς
2717 2619 2809 2671 καὶ
2840 2620 3020 2671 πάντα
3047 2619 3111 2672 ἂν
3157 2620 3364 2676 εὐθέως
3393 2619 3667 2681 ἀπόλωλε,
3704 2619 3777 2688 μὴ

2212 2707 2603 2776 περιχυθέντος
2630 2708 2862 2762 ἐκείνου.
2909 2709 3052 2761 Ἀλλ’
3084 2708 3149 2762 ἂν
3196 2711 3285 2763 καὶ
3317 2702 3471 2771 οὗτος
3501 2709 3778 2780 φορτικώο

2208 2814 2365 2866 τερον
2388 2799 2522 2868 ἡμῖν
2562 2800 2888 2871 ἐπιπνεύσῃ,
2924 2804 3019 2855 καὶ
3049 2802 3189 2871 μετὰ
3227 2802 3406 2873 ῥύμης
3443 2802 3524 2855 ὅτι
3576 2803 3781 2871 πολλῆς

2210 2890 2578 2962 ὲπιδιαδράμῃ
2619 2893 2809 2946 τᾶνδον
2845 2894 2932 2947 διὰ
2958 2897 3065 2948 τῶν
3091 2894 3264 2957 ὤτων,
3302 2895 3392 2947 διὰ
3427 2896 3535 2948 τῶν
3567 2897 3780 2965 μυκτή·

2213 2999 2342 3053 ρων,
2374 2984 2461 3036 διά
2489 2983 2584 3037 τοῦ
2614 2986 2901 3055 στόματος,
2938 2987 3012 3047 ὡς
3042 2988 3117 3057 μὴ
3158 2988 3456 3059 δυνηθῆναι
3492 2990 3782 3043 τοσύνολον

2211 3075 2491 3145 ἐκπέμψαι
2523 3076 2624 3146 μὲν
2676 3077 2860 3143 αὑτὸν,
2899 3079 3278 3148 ύπερζέσαντα
3310 3083 3373 3150 τῇ
3433 3085 3641 3152 φυσικῇ
3676 3083 3782 3135 τῶν

540 3176 706 3223 esset.
739 3167 940 3222 Verum
974 3169 1018 3221 si
1053 3177 1107 3222 et
1138 3170 1225 3224 ille
1255 3173 1475 3239 gravius
1504 3189 1605 3228 nos
1634 3174 1915 3239 amaverit,
1946 3186 2000 3231 et
2031 3179 2109 3230 in-

2216 3169 2540 3239 σπλάγχνων
2563 3170 2885 3239 Θερμότητι,
2912 3174 3122 3226 σπᾶσαι
3149 3173 3206 3225 δὲ
3236 3175 3331 3228 καὶ
3360 3176 3781 3243 άντεισαγαγςῖν

542 3269 703 3327 gente
735 3273 859 3313 cum
896 3260 1098 3329 impetu
1134 3262 1212 3315 sic
1246 3262 1458 3317 i'nterna
1494 3267 1860 3333 penetraverit
1894 3282 1987 3336 per
2019 3284 2114 3323 au-

545 3366 653 3416 res,
681 3365 773 3420 per
800 3367 979 3419 nares,
1006 3368 1104 3423 per
1128 3369 1208 3417 os,
1238 3364 1295 3408 ut
1323 3372 1443 3411 eum
1471 3359 1689 3412 omnino
1716 3374 1815 3413 nec
1840 3360 2109 3427 emittere,

545 3443 777 3495 naturali
823 3443 1089 3497 viscerum
1130 3445 1309 3501 calore
1350 3445 1730 3512 fervefactum,
1776 3464 1876 3504 nec
1924 3466 2112 3505 recen-

545 3540 690 3595 tem,
724 3534 813 3602 qui
847 3535 1081 3590 calorem
1121 3538 1341 3590 insitum
1380 3539 1690 3605 refrigeret,
1725 3542 1996 3596 attrahere
2033 3555 2113 3597 at-

547 3639 653 3697 que
677 3626 1036 3681 intromitterc
1062 3630 1353 3697 possimus,
1380 3631 1535 3685 facile
1560 3646 1747 3686 omnes
1771 3634 2111 3701 perierimus.

549 3717 643 3771 Sic
671 3719 850 3771 omnia
882 3722 1019 3772 bona
1049 3729 1172 3774 sunt
1198 3736 1317 3789 quae
1345 3721 1445 3775 rite
1473 3722 1624 3786 liunt,
1652 3738 1752 3776 nec
1777 3723 1981 3792 absque
2010 3726 2114 3779 hoc

548 3811 862 3878 quidquam.
900 3810 1032 3863 Nam
1075 3822 1129 3865 et
1170 3812 1412 3866 membra
1459 3816 1722 3883 corporis,
1760 3825 1815 3871 et
1856 3832 2114 3887 quaecun-

548 3914 654 3968 que
685 3902 867 3954 usibus
901 3903 1089 3955 horum
1122 3903 1398 3970 serviunt,
1429 3920 1526 3974 per
1556 3922 1611 3959 se
1643 3908 1778 3961 bona
1812 3918 1937 3963 sunt
1966 3919 2019 3963 et
2048 3910 2111 3963 ad

551 3993 748 4045 bonum
780 3991 942 4046 facta.
973 3993 1111 4059 Quin
1143 3995 1306 4048 etiam
1339 3997 1703 4053 conditionem
1735 4014 1888 4053 suam
1926 4002 2111 4056 mode-

549 4086 757 4137 ratione
782 4094 999 4138 servant
1022 4101 1173 4151 ;nam
1196 4086 1312 4140 solo
1334 4102 1580 4155 excessu,
1608 4092 1687 4144 vel
1710 4092 1921 4146 delectu
1948 4092 2111 4158 illius,

547 4177 690 4245 quod
729 4176 842 4231 ﬁeri
880 4193 976 4246 par
1007 4188 1155 4243 erat,
1192 4192 1297 4236 tam
1337 4185 1450 4251 ipsa
1488 4184 1726 4238 membra
1763 4200 1883 4253 quae
1918 4196 2111 4254 agunt,

546 4284 709 4337 quam
750 4285 868 4339 qua:
902 4287 997 4341 per
1030 4287 1093 4327 ea
1130 4274 1456 4340 efﬁciuntur,
1492 4291 1611 4331 esse
1651 4278 1788 4331 mala
1824 4286 2111 4347 putantur,

547 4377 671 4415 cum
721 4379 1061 4433 nequaquam
1109 4362 1237 4419 sint.
1286 4367 1495 4421 Etenim
1545 4370 1687 4436 quod
1738 4358 1963 4423 nimium
2010 4380 2112 4438 est,

546 4454 801 4522 quodque
835 4472 1045 4525 parum,
1074 4458 1270 4527 ubique
1304 4467 1483 4524 nocet,
1510 4463 1584 4514 uti
1613 4462 1723 4530 jam
1756 4473 1883 4516 ante
1910 4464 2111 4518 dictum

546 4556 650 4604 est.
670 4551 738 4603 At
761 4550 847 4602 illa
876 4564 970 4619 per
993 4550 1143 4603 istaec
1170 4553 1527 4605 instrumenta
1548 4567 1931 4621 nonnunquam
1955 4556 2109 4623 fiunt,

548 4657 936 4710 nonnunquam
981 4643 1189 4697 ratione
1232 4644 1505 4707 materiae,
1542 4659 1663 4712 qua:
1702 4645 2110 4713 instrumentis,

452 4748 457 4753 '
548 4735 650 4788 hoc
682 4745 763 4790 est
796 4735 1087 4797 membris,
1121 4735 1311 4803 agendi
1347 4735 1450 4788 vim
1484 4737 1825 4805 suppeditat;
1860 4752 2115 4794 nonnun-

549 4838 707 4890 quam
754 4839 821 4879 ει
870 4826 1039 4893 ipsius
1082 4826 1247 4878 animi
1298 4826 1588 4879 sententia.
1632 4825 1747 4881 Non
1798 4837 1976 4884 tatucn
2023 4830 2113 4884 illa

550 4915 673 4979 quis
717 4914 837 4983 jure
880 4918 1302 4985 vituperaverit,
1348 4919 1561 4988 opinor,
1608 4918 1660 4971 in
1706 4919 1808 4972 ulla
1853 4936 1912 4973 re
1958 4939 1972 4975 :
2022 4936 2121 4976 nec

548 5002 692 5055 enim
726 5005 999 5066 materies,
1031 5022 1148 5074 quae
1177 5021 1369 5076 expers
1398 5018 1480 5061 est
1509 5009 1696 5073 animi,
1730 5010 1994 5079 culpanda
2026 5027 2119 5065 ve-

552 5093 649 5153 nit,
682 5107 779 5146 nec
813 5096 1075 5159 membra,
1104 5097 1197 5151 sed
1228 5113 1445 5151 movens
1472 5098 1620 5153 istaec
1645 5102 1879 5163 animus,
1908 5101 1995 5169 qui
2031 5116 2118 5154 ar-

552 5184 753 5236 hitratu
785 5199 882 5236 suo
913 5196 1175 5248 movetur,
1208 5189 1274 5242 ad
1309 5191 1527 5243 meliora
1560 5190 1778 5258 quidem
1813 5205 1933 5244 cum
1967 5205 1994 5243 a
2034 5205 2120 5244 ra-

551 5276 698 5353 tione
728 5276 1081 5344 gubernatur,
1116 5280 1180 5331 ad
1213 5280 1482 5334 deteriora
1513 5293 1640 5334 vero
1672 5296 1794 5334 cum
1830 5280 2020 5334 brutas
2052 5279 2121 5334 ad

552 5380 733 5436 partes
768 5368 939 5437 magis
971 5372 1284 5438 prupendet.
1316 5371 1678 5436 Quamobrem
1709 5373 1773 5426 de
1807 5372 2016 5426 duobus
2046 5371 2123 5424 al-

554 5473 726 5515 terum
762 5472 1041 5529 sequetur,
1073 5462 1155 5516 vel
1192 5471 1247 5514 ut
1282 5464 1503 5518 minime
1535 5466 1605 5518 sit
1637 5463 1941 5518 accusanda
1977 5463 2124 5516 volu-

553 5568 696 5624 ptas,
733 5555 945 5623 quoties
984 5555 1174 5608 modus
1210 5570 1238 5607 a
1276 5555 1429 5609 nobis
1464 5555 1779 5625 negligitur.
1816 5556 2121 5624 progressis

554 5648 782 5702 ulterius
812 5663 970 5717 quam
1001 5662 1094 5716 par
1123 5646 1297 5702 fuerat
1330 5665 1342 5701 :
1375 5647 1459 5700 vel
1490 5658 1545 5701 ut
1580 5649 1716 5701 idem
1746 5648 1933 5701 eodem
1967 5649 2124 5700 modo

554 5741 624 5795 de
653 5742 851 5796 creatis
884 5743 1150 5797 universis
1182 5742 1309 5806 liat;
1346 5740 1451 5795 imo
1484 5740 1699 5809 potius,
1734 5739 1931 5793 creatis
1961 5739 2126 5791 omis-

554 5834 670 5900 sis,
700 5833 1014 5890 Creatorem
1052 5837 1225 5907 ipsum
1262 5834 1595 5891 cavillemur.
1636 5830 1765 5885 Nam
1803 5830 1892 5901 qui
1932 5829 2122 5885 noxio-

2211 3261 2576 3330 νεαρώτερον,
2608 3261 2846 3329 ψύξοντα
2874 3262 2973 3332 τὴν
3002 3263 3244 3332 ἔμφυτον
3274 3264 3508 3335 Θέρμην,
3540 3266 3781 3334 εὐχερῶς

2210 3353 2277 3406 ἂν
2316 3353 2556 3416 ἅπαντες
2581 3353 2967 3425 ἀπολώλαμεν.
3002 3355 3157 3409 Οὕτω
3188 3357 3364 3409 πάντα
3402 3358 3596 3426 ἀγαθὰ,
3632 3359 3777 3424 μετὰ

2212 3447 2407 3516 καιροῦ
2447 3450 2836 3518 πεπραγμένα,
2872 3450 2968 3502 καὶ
3025 3451 3176 3503 οὐδὲν
3215 3452 3343 3504 ἄνευ
3403 3452 3603 3504 τούτου.
3656 3452 3768 3502 Καὶ

2216 3539 2349 3607 μέλη
2385 3539 2491 3609 γάρ
2542 3540 2637 3591 τοῦ
2693 3541 2967 3609 σώματος,
3008 3543 3105 3595 καὶ
3159 3543 3302 3606 ὅσοις
3352 3543 3540 3613 χρῆται
3587 3545 3769 3607 ταυτὶ,

2213 3631 2393 3697 ἀγαθὰ
2446 3632 2508 3684 τὸ
2556 3633 2683 3685 καθ’
2717 3633 2878 3697 αὐτὰ,
2918 3634 3012 3687 καλ⁸
3048 3636 3135 3686 ἐπ’
3182 3634 3373 3702 ἀγαθῷ
3411 3636 3620 3701 γέγονε.
3666 3635 3780 3686 Καὶ

2216 3722 2401 3791 μέντοι
2427 3737 2489 3788 γε
2531 3723 2624 3773 καὶ
2655 3722 2819 3786 σώζει
2845 3723 2944 3792 τὴν
2975 3722 3129 3789 τάξιν
3157 3726 3221 3792 τῇ
3266 3724 3601 3792 συμμετρίᾳ.
3632 3725 3783 3795 Μάνῃ

2213 3816 2321 3885 γὰρ
2350 3814 2637 3884 πλεονεξίᾳ
2663 3816 2694 3885 ἢ
2740 3816 2920 3886 ἐνδείᾳ
2945 3816 3039 3869 τοῦ
3071 3819 3407 3884 καθήκοντος
3449 3818 3518 3869 τά
3546 3836 3604 3871 τε
3635 3820 3785 3883 ἐνερ-

2213 3904 2415 3970 γοῦντα
2445 3904 2603 3973 μέλη,
2649 3906 2746 3956 καὶ
2775 3904 2842 3955 τὰ
2874 3905 2945 3956 δι’
2974 3906 3155 3958 αὐτῶν
3186 3906 3582 3977 ἐνεργούμενα,
3628 3906 3783 3973 νομί-

2215 3993 2371 4058 ζεται
2423 3996 2572 4049 κακὰ
2599 3992 2761 4061 εἶναι,
2801 3997 3026 4067 μηδαμῆ
3081 3998 3347 4067 μηδαμῶς
3381 3998 3533 4052 ὄντα.
3572 3998 3643 4049 Τὸ
3673 3998 3781 4065 γὰρ

2215 4086 2535 4151 πλεονάζον,
2571 4086 2669 4141 καὶ
2714 4088 2775 4139 τὸ
2804 4088 3074 4153 ἐλλεῖπον,
3100 4087 3253 4140 τοῦτ’
3296 4089 3413 4140 ἐστι
3453 4090 3514 4140 τὸ
3550 4088 3786 4157 βλάπτον

2217 4177 2560 4247 ἁπανταχοῦ,
2590 4178 2665 4241 ὠς
2691 4176 2831 4246 ἔφθη
2864 4194 2928 4245 γε
2955 4177 3112 4230 τοῦτο
3141 4176 3329 4247 ῥηθέν.
3374 4177 3559 4232 Ταῦτα
3587 4179 3631 4231 δ’
3670 4180 3787 4232 ἔστι

2221 4269 2317 4338 μὲν
2350 4270 2437 4322 διὰ
2465 4269 2574 4321 τῶν
2608 4269 2856 4339 ὀργάνων
2884 4268 3093 4322 τούτων
3125 4270 3292 4321 ἐνίοτε
3325 4271 3646 4340 γιγνόμενα,
3672 4271 3789 4324 ἔστι

2215 4359 2273 4412 δὲ
2303 4361 2390 4413 διὰ
2422 4360 2520 4429 τὴν
2555 4358 2711 4430 ὓλην,
2740 4360 2773 4428 ἡ
2809 4359 3038 4429 παρέχει
3073 4362 3187 4423 τοῖς
3218 4360 3493 4430 ὀργάνοις,
3538 4362 3789 4414 τουτέστι

2217 4454 2330 4513 τοῖς
2364 4451 2607 4519 μέλεσιν,
2646 4453 2892 4519 ἐνεργεῖν
2919 4468 2932 4481 ο
2963 4450 3079 4503 ἔστι
3105 4452 3163 4504 δὲ
3207 4452 3296 4505 διὰ
3329 4452 3428 4521 τὴν
3461 4455 3517 4505 ὲν
3551 4456 3613 4523 τῇ
3638 4453 3787 4522 ψυχῇ

2222 4545 2466 4615 γνώμην.
2507 4545 2582 4597 Οὐ
2629 4544 2736 4613 μὴν
2770 4547 2998 4607 ἐκείνοις
3048 4544 3315 4613 μέμψαιτ’
3347 4549 3412 4600 ἄν
3459 4565 3561 4608 τις.
3613 4544 3789 4615 οἶμαι,

2219 4636 2443 4699 δικαίως
2473 4637 2558 4688 ἐπ’
2586 4637 2762 4690 οὐδενὶ
2788 4638 2897 4689 τῶν
2925 4638 3205 4691 ἁπάντων.
3233 4638 3368 4691 Οὔτε
3396 4640 3505 4707 γὰρ
3529 4639 3629 4707 τὴν
3658 4639 3792 4709 ὕλην

2220 4728 2424 4797 ἄψυχον
2477 4724 2660 4792 οὖσαν,
2700 4728 2823 4781 οὔτε
2873 4729 2942 4781 τά
2992 4730 3151 4798 μέλη,
3194 4730 3329 4782 ἀλλὰ
3388 4729 3485 4799 τὴν
3533 4732 3792 4782 κινοῦσαν

2220 4821 2393 4875 ταῦτα
2424 4822 2603 4892 ψυχήν
2629 4838 2641 4850 ·
2678 4823 2710 4891 ἥ
2739 4824 2974 4875 κινεῖται
3011 4825 3329 4892 προαιρέσει
3370 4824 3461 4873 ἐπὶ
3496 4823 3564 4874 τὰ
3596 4821 3795 4890 βελτίω

2190 4980 2197 4985 ⁵
2229 4913 2351 4983 μὲν,
2398 4914 2541 4983 λόγῳ
2573 4914 2987 4983 κυϐερνωμένη,
3022 4915 3111 4967 ἐπὶ
3155 4916 3221 4967 τὰ
3259 4915 3429 4983 χείρω
3456 4914 3533 4979 δὲ,
3566 4914 3703 4980 πρὸς
3733 4912 3797 4964 τὸ

2225 5005 2564 5074 ἀλογώτερον
2606 5005 2707 5075 τὴν
2739 5005 2915 5075 ὁρμὴν
2963 5006 3181 5074 ἔχουσα.
3212 5008 3376 5058 Ὥστε
3426 5006 3575 5059 δυοῖν
3630 5006 3797 5057 ϐάτε-

2228 5116 2321 5168 ρον
2480 5097 2617 5167 μηδὲ
2648 5097 2746 5165 τὴν
2797 5096 2988 5166 ἡδονὴν
3043 5096 3360 5165 διαϐλητέον
3392 5095 3459 5148 ἂν
3498 5095 3605 5160 εἴη,
3660 5094 3796 5165 παρ’

2224 5188 2380 5257 ἡμῶν
2428 5188 2826 5257 ἀτιμασθέντος
2857 5186 2949 5238 τοῦ
2982 5189 3205 5254 μέτρου,
3241 5186 3315 5249 ὡς
3358 5187 3672 5255 περαιτέρω
3697 5183 3795 5236 τοῦ

2224 5280 2553 5349 γιγνομένου
2602 5276 3112 5348 προὸεὗηκὸτων,ἢ
3161 5279 3254 5329 καὶ
3304 5279 3482 5329 πᾶσαν
3532 5275 3659 5344 ἑξῆς
3699 5274 3799 5344 τὴν

2225 5373 2407 5424 κτίσιν
2441 5371 2533 5423 τὸν
2570 5370 2685 5422 ἴσον
2722 5370 2945 5438 τρόπον.
2976 5369 3194 5421 Μᾶλλον
3227 5368 3282 5419 δὲ
3308 5367 3512 5436 ταύτην
3543 5368 3796 5434 ἀφέντες,

2182 5528 2186 5532 ,
2226 5466 2316 5516 τὴν
2350 5464 2584 5533 ποιητὴν
2635 5463 3010 5530 διασύρωμεν.
3061 5462 3121 5513 ’0
3150 5460 3256 5527 γὰρ
3297 5460 3405 5513 τῶν
3455 5460 3802 5528 βλαπτόντων

2229 5551 2565 5620 δημιουργὸς
2595 5551 2767 5612 αἴτιος
2798 5552 3057 5618 ἄντικρυς
3082 5548 3189 5600 τῶν
3218 5548 3427 5609 κακῶν,
3461 5550 3604 5617 άπερ
3634 5549 3803 5613 ἀναγο

2231 5644 2402 5705 καίως
2443 5643 2508 5696 ἂν
2544 5644 2677 5711 παρ’
2728 5642 2955 5695 ἐκείνων
2987 5641 3249 5707 γένοιντο.
3299 5639 3491 5690 Καίτοι
3538 5642 3585 5691 εί
3617 5639 3707 5693 διὰ
3733 5639 3804 5692 τὰ

2237 5738 2544 5808 βλάπτοντα
2596 5735 2758 5787 αὑτὸν
2802 5732 3191 5801 αἰτιασόμεθα,
3230 5729 3438 5782 δίκαιόν
3484 5730 3601 5781 ἐστι
3655 5748 3809 5799 παμ-

2242 5828 2438 5899 πληοὲς
2472 5828 2567 5881 καὶ
2600 5827 2665 5881 δι’
2712 5827 2852 5880 αὐτὰ
2884 5825 2951 5879 τὰ
2985 5822 3339 5895 βλαπτόμενα
3370 5820 3579 5874 ἐκεῖνον
3625 5820 3693 5877 αὖ
3722 5824 3811 5875 αἰ-
