4098 6272
292 410 393 477 47⁸1

1732 414 2013 476 ORATIO
2054 416 2119 477 V.

3448 410 3552 475 478

297 526 541 592 τιᾶσθαι,
594 529 824 580 τοιαῦτα
862 530 995 601 παρ’
1042 528 1209 585 αὑτοῦ
1258 533 1541 601 γεγονότα,
1583 533 1660 597 ὡς
1711 533 1878 603 μὴτὸ

1984 548 2100 588 rum
2135 531 2387 589 conditor
2416 540 2525 599 est,
2558 532 2700 587 baud
2731 509 2893 587 dubie
2926 528 3189 584 malorum
3221 537 3301 583 cst
3333 536 3548 591 auctor,

202 646 205 651 -
296 618 537 688 βλάπτον
566 634 627 669 τε
665 618 762 670 καὶ
786 618 953 671 κακὸν
984 616 1072 674 οἶά
1099 639 1158 675 τε
1190 619 1327 676 εἶναι
1356 624 1787 695 ὲκκρούσασθαι.
1814 624 1876 676 El

297 710 355 763 δὲ
382 711 540 763 τοῦτο
575 710 781 764 ἄτοπόν
809 728 889 765 σοι
922 713 1092 777 δοκεῖ,
1121 717 1214 768 καὶ
1244 717 1344 769 οὐκ
1374 716 1441 770 ἂν
1483 717 1663 781 δέξαιο
1696 717 1877 784 λέγειν

299 802 464 871 (καλὰ
487 802 597 871 γὰρ
641 803 856 855 ἅπαντα
890 807 1083 873 φήσεις
1116 807 1184 859 τὰ
1230 808 1293 860 ὲκ
1322 807 1505 877 Θεοῦ),
1549 809 1750 861 ἄτοπον
1783 806 1877 862 καὶ

298 894 360 944 τὸ
391 896 490 959 τὴν
528 894 721 962 ἡδονὴν
767 895 1073 965 διασύρειν,
1104 898 1246 967 ὑπὲρ
1278 900 1485 967 ἀγαθοῦ
1534 901 1714 969 σοφῶς
1742 902 1875 970 ἡμῖν

299 985 798 1056 δεδομένην.εούδὲν
826 989 932 1056 γὰρ
965 990 1168 1055 ταύτης
1195 991 1441 1059 ἀπούσης
1467 988 1613 1063 εἶχεν
1645 994 1711 1047 ἂν
1745 1010 1873 1047 συν-

305 1079 557 1132 ίστασθαι
598 1080 707 1131 τῶν
740 1082 797 1132 ὲν
828 1081 1081 1151 αἰσθήσει
1117 1100 1175 1136 τε
1238 1085 1334 1138 καὶ
1384 1084 1521 1155 ζωῇ.
1549 1086 1735 1139 Πάντα
1766 1086 1874 1155 γὰρ

302 1170 558 1231 ἐπίπονα,
587 1170 655 1220 τὰ
684 1174 746 1239 τῇ
782 1170 892 1239 ζωῇ
928 1171 1231 1239 βοηθοῦντα
1257 1190 1271 1204 ·
1301 1176 1407 1229 κᾶν
1433 1177 1639 1248 ἀφέλῃς
1665 1178 1723 1229 το
1747 1178 1872 1246 ἡδὺ,

300 1261 453 1314 οὐδὲν
487 1263 712 1315 ἐκείνων
760 1263 1031 1331 ἐφάψεται
1065 1266 1399 1331 οὑτινοσοῦν,
1430 1270 1592 1321 πόνον
1635 1268 1871 1337 ἔχοντος.

300 1353 594 1424 Συνίστησι
618 1356 673 1407 δέ
706 1373 807 1423 μου
834 1356 925 1408 τὸν
953 1357 1111 1424 λόγον
1138 1361 1206 1412 τὰ
1235 1360 1357 1414 καθ’
1380 1363 1529 1430 ἡμᾶς
1552 1361 1875 1429 πράγματα.

311 1448 504 1515 Ἡμεῖς
530 1447 638 1515 γὰρ
662 1446 777 1500 οὔτ’
806 1449 1084 1517 ἐσθίομεν,
1116 1452 1241 1505 οὔτε
1278 1454 1529 1521 πίνομεν,
1559 1453 1662 1520 τῆς
1684 1452 1877 1521 ἡδονῆς

305 1539 379 1608 μὴ
414 1538 899 1609 προτρεπομένης.
930 1532 1042 1594 Καῖ
1063 1536 1122 1594 τὸ
1154 1543 1438 1610 θαυμάσαι
1463 1544 1695 1606 δίκαιον,
1731 1546 1880 1596 ἐπει-

300 1630 396 1684 δὰν
441 1633 771 1703 ὑπερκορεῖς
798 1634 908 1687 τῶν
939 1636 1160 1704 τροφῶν
1200 1637 1513 1705 γενώμεθα,
1551 1638 1645 1690 καὶ
1666 1638 1732 1691 τὰ
1766 1638 1880 1706 ἦδι-

306 1740 402 1775 στα
434 1724 613 1777 πάντα
654 1727 1143 1795 ἀποστρεφόμεθα,
1176 1728 1272 1781 καὶ
1306 1729 1507 1797 μᾶλλον
1530 1730 1595 1783 ἂν
1624 1729 1877 1797 ἑλοίμεθα

302 1817 518 1884 πληγὰς
544 1817 620 1885 τῷ
658 1818 869 1886 σώματι
901 1818 1159 1881 δέξασθαι
1197 1821 1227 1891 ἢ
1272 1820 1349 1891 τῷ
1381 1822 1610 1889 στόματι
1643 1821 1870 1890 τροφήν.

300 1909 364 1961 Εἰ
400 1910 457 1962 δὲ
497 1909 591 1963 καὶ
621 1910 681 1962 τὸ
715 1912 847 1980 παρ’
882 1913 1016 1981 ἡμῖν
1063 1912 1351 1981 ὀρεκτικόν
1394 1930 1451 1966 τε
1484 1913 1580 1965 καὶ
1624 1912 1875 1964 ἑλκτικὸν

300 2000 397 2053 τοῦ
432 2003 738 2071 πεφυκότος
767 2005 1315 2074 παρεκτραπήσεται,
1346 2003 1755 2073 παραινούντων
1782 2002 1882 2067 μὲν

302 2093 530 2163 ίατρῶν,
562 2095 1027 2161 παρακαλούντων
1051 2096 1107 2147 δὲ
1145 2096 1340 2164 φίλων,
1371 2096 1549 2150 πάντα
1580 2096 1881 2147 ποιούντων

296 2188 407 2241 τῶν
448 2188 750 2254 συγγενῶν,
807 2188 1039 2257 οὐδεμία
1091 2186 1306 2258 μηχανὴ
1349 2187 1555 2254 γένοιτ’
1587 2186 1652 2240 ἂν
1696 2186 1877 2253 ἱκανὴ,

294 2278 417 2333 οὐδὲ
450 2279 636 2346 φόϐος,
668 2279 743 2342 ὡς
778 2282 1076 2333 ἀναπεῖσαι
1122 2279 1423 2348 δυνηθῆναι
1474 2279 1596 2339 ταῖς
1631 2276 1741 2328 τῶν
1777 2294 1878 2346 κη-

295 2369 540 2439 δομένων
591 2372 989 2440 παραινέσεσιν
1036 2366 1197 2434 εἶξαι.
1242 2368 1385 2422 Ἀλλ’
1427 2369 1631 2431 ειδότες
1669 2368 1745 2430 ὡς
1780 2384 1873 2419 τε·

296 2459 627 2530 θνηξόμεθα,
676 2462 724 2512 εί
765 2460 841 2529 μὴ
870 2459 1132 2528 λάϐοιμεν
1167 2458 1400 2529 τροφὴν,
1436 2461 1598 2525 ἡμεῖς
1647 2456 1705 2509 δὲ
1741 2456 1872 2526 θνή-

299 2566 504 2617 σκομεν
538 2551 612 2619 μὴ
636 2550 920 2612 λαϐόντες,

1916 680 1931 692 ,
1979 640 2101 695 quae
2134 624 2441 680 necessario
2474 620 2681 679 scilicet
2714 623 2783 677 ab
2818 622 2924 678 illis
2964 621 3117 675 liunt.
3153 620 3313 688 Atqui
3348 621 3390 673 si
3425 634 3550 673 eum

1980 724 2205 788 propter
2238 716 2395 771 noxia
2433 716 2806 785 culpabimus,
2844 713 3159 782 plenissime
3188 712 3396 779 justum
3432 720 3550 774 est,

1978 810 2226 864 eumdem
2255 818 2309 864 et
2337 810 2584 863 laesorum
2613 809 2830 863 nomine
2855 807 3085 876 culpari,
3141 806 3234 874 qni
3268 804 3391 857 talia
3422 818 3556 857 con-

1979 903 2201 967 diderit,
2239 913 2297 956 ut
2339 902 2598 971 quidquid
2647 903 2867 954 noxium
2914 909 3077 967 alque
3113 898 3311 951 malum
3348 906 3429 949 est
3464 910 3556 949 re-

1980 994 2180 1064 pellere
2218 1003 2506 1063 nequeaut.
2545 992 2639 1046 Sin
2677 991 2818 1045 istud
2854 990 3148 1044 absurdum
3185 988 3280 1041 tibi
3320 988 3553 1051 videtur,

1978 1089 2068 1157 qui
2112 1088 2219 1143 tale
2261 1088 2389 1157 quid
2435 1086 2678 1157 proferre
2722 1101 2829 1140 non
2873 1084 3144 1139 sustineas
3187 1084 3332 1149 (nam
3375 1080 3556 1133 omnia

1980 1179 2119 1235 faeta
2161 1180 2422 1234 divinitus
2458 1182 2597 1233 bona
2634 1193 2755 1233 esse
2818 1175 3123 1244 fateberis),
3162 1176 3322 1229 etiam
3362 1175 3559 1227 absur-

1980 1271 2104 1324 dum
2154 1281 2238 1326 est
2281 1271 2611 1339 voluptatem
2661 1268 2973 1330 criminari,
3022 1272 3179 1335 plane
3226 1266 3348 1318 boni
3396 1279 3559 1319 causa

1981 1363 2137 1418 nobis
2170 1376 2518 1417 concessam.
2540 1360 2753 1415 Etenim
2788 1364 2994 1429 absque
3026 1361 3158 1422 bac,
3191 1358 3321 1410 nihil
3356 1372 3556 1419 sensu,

1980 1456 2112 1509 nihil
2140 1458 2246 1509 vita
2278 1454 2561 1521 praeditum
2592 1464 2841 1507 constare
2871 1462 3070 1519 posset.
3104 1451 3242 1504 Sunt
3271 1448 3414 1501 enim
3446 1462 3562 1501 om-

1980 1547 2068 1600 nia
2136 1546 2402 1600 laboriosa
2440 1559 2559 1612 qua:
2600 1543 2723 1597 vitae
2761 1538 3115 1611 opitulantur,
3154 1555 3218 1594 ac
3255 1540 3299 1593 si
3341 1538 3558 1606 quidem

1979 1637 2309 1704 voluptatem
2344 1636 2657 1697 abstuleris,
2694 1635 3024 1688 laboriosum
3056 1632 3279 1685 omnino
3312 1630 3444 1683 nihil
3479 1640 3561 1682 at-

1983 1728 2211 1795 tingent.
2240 1727 2414 1793 Atque
2441 1726 2577 1778 hanc
2603 1725 2905 1777 orationem
2937 1738 3107 1776 meam
3140 1737 3224 1774 res
3253 1722 3387 1789 ipsa:
3418 1736 3564 1771 mor-

1983 1818 2168 1873 talium
2197 1816 2543 1869 conlirmant.
2576 1815 2682 1868 Nos
2706 1816 2849 1869 enim
2878 1828 3056 1884 neque
3082 1813 3442 1876 comedimus,
3471 1826 3567 1866 nc-

1911 1888 1951 1944 Β
1984 1926 2087 1977 que
2116 1909 2373 1973 bibimus,
2404 1909 2504 1962 nisi
2536 1908 2787 1976 voluptas
2819 1908 3025 1961 incitet.
3058 1905 3123 1958 Et
3148 1905 3290 1973 quod
3322 1905 3567 1958 admira-

1983 2000 2183 2055 tionem
2215 2007 2478 2062 meretur,
2512 2014 2633 2052 cum
2666 2000 2911 2053 ciborum
2943 2013 3043 2053 nos
3071 1997 3277 2065 ceperit
3308 2000 3527 2049 satietas
3548 2035 3563 2059 ,

1981 2095 2143 2149 etiam
2167 2091 2561 2160 iucundissima
2590 2091 2847 2159 quaslibet
2873 2104 3218 2151 aversantur,
3248 2103 3308 2141 ac
3335 2088 3566 2141 verbera

1982 2201 2212 2256 corpore
2240 2186 2521 2240 mallemus
2548 2184 2801 2252 excipere
2827 2198 2987 2251 quam
3015 2196 3109 2235 ore
3138 2180 3563 2235 nutrimentum.

1979 2278 2132 2345 Quod
2166 2279 2209 2333 si
2245 2279 2407 2332 etiam
2442 2278 2523 2331 vis
2556 2277 2607 2329 in
2645 2276 2803 2330 nobis
2835 2286 3098 2344 appetens
3130 2283 3184 2328 et
3217 2273 3499 2327 attrahens
3534 2286 3565 2324 a

1979 2372 2166 2426 nativo
2208 2380 2350 2426 statu
2397 2369 2697 2432 deﬂexerit,
2746 2367 3095 2422 monentibus
3142 2365 3389 2431 medicis,
3441 2364 3571 2423 hor-

1979 2465 2217 2518 tantibus
2250 2464 2473 2527 amicis,
2509 2462 2750 2530 cognatis
2780 2461 2957 2515 omnia
2992 2460 3350 2523 facientibus,
3384 2466 3567 2511 tamen

1978 2568 2077 2607 nec
2106 2570 2194 2607 ars
2222 2552 2495 2607 sulI‘ecerit
2523 2553 2629 2605 nlla
2648 2593 2662 2616 ,
2696 2567 2795 2605 nec
2826 2560 3008 2604 metus
3028 2590 3043 2614 ,
3075 2559 3135 2603 ut
3161 2564 3304 2619 aegro
3336 2561 3569 2617 persna-

299 2646 412 2701 deri
456 2646 665 2716 possit,
702 2646 1097 2701 monitionibus
1140 2645 1356 2699 illorum
1380 2682 1395 2707 ,
1430 2645 1521 2714 qui
1562 2659 1747 2698 curam
1785 2645 1902 2713 ejus
1932 2656 2157 2713 gerant,
2192 2645 2492 2697 cedendum
2538 2657 2679 2697 esse.
2718 2644 2834 2696 lmo
2878 2642 3089 2695 tametsi
3136 2640 3293 2694 nobis
3332 2638 3570 2693 morien-

299 2745 426 2797 dum
464 2747 714 2799 norimus
750 2744 852 2798 nisi
891 2744 1072 2797 cibum
1112 2743 1543 2810 sumpserimus,
1585 2752 1763 2795 tamen
1804 2755 1871 2795 eo
1900 2741 2184 2811 repudiato
2216 2739 2397 2810 potius
2429 2748 2656 2793 mortem
2685 2735 3012 2806 oppetimus.

369 2833 542 2890 Ὅταν
572 2836 753 2888 τοίνυν
798 2833 971 2897 οὕτως
1013 2834 1112 2904 ἔχῃ
1150 2833 1220 2887 τὰ
1248 2835 1358 2887 τῶν
1406 2833 1643 2902 λογικῶν
1690 2833 1875 2901 πράγ-

299 2946 469 3000 ματα,
498 2930 526 2981 ό
554 2928 729 2999 ἰχθὺς,
762 2931 856 2982 καὶ
894 2930 954 2982 τὸ
981 2928 1204 2998 πτηνὸν,
1252 2929 1345 2982 καὶ
1373 2930 1399 2982 ὁ
1447 2928 1615 2989 ἵππος
1664 2926 1777 2990 πῶς
1809 2926 1875 2980 ἂν

294 3037 349 3074 τι
376 3020 603 3090 δέδρακε
640 3020 916 3091 μοχθηρὸν
952 3020 985 3091 ἢ
1018 3019 1278 3090 ἐργῶδες,
1316 3019 1391 3090 μὴ
1430 3019 1527 3089 τῆς
1569 3018 1763 3088 ἡδονῆς
1794 3019 1876 3081 εἰς

296 3111 457 3165 τοῦτο
507 3100 975 3183 παρακαλούσηςς
1012 3113 1213 3165 Ἠσθίει
1251 3113 1360 3184 γὰρ
1397 3112 1459 3164 τὸ
1512 3112 1709 3180 ἄλογον
1750 3110 1874 3179 οὐχὶ

294 3204 391 3258 τοῦ
445 3203 546 3276 ζῇν
599 3205 763 3259 ἕνεκα
816 3205 1044 3276 (πόθενς
1084 3206 1282 3260 πολλοῦ
1338 3222 1402 3273 γε
1440 3206 1531 3257 καὶ
1583 3205 1706 3273 δεῖ),
1753 3202 1871 3256 ἀλλ’

296 3300 492 3370 ὅτιπερ
521 3301 861 3371 τρεφόμενον
891 3301 1101 3369 ἥδεται,
1138 3301 1237 3371 ἡδὺ
1295 3298 1577 3362 ποιοῦντος
1614 3298 1708 3350 τοῦ
1754 3299 1872 3351 λαι-

2054 2831 2190 2887 Cum
2220 2831 2385 2900 igitur
2410 2830 2618 2885 ratione
2647 2829 2997 2899 prmditorum
3027 2840 3115 2880 res
3144 2824 3214 2878 ita
3244 2834 3573 2892 comparata}

1983 2923 2112 2986 sint,
2136 2936 2370 2991 quonam
2394 2928 2550 2991 pacto
2578 2903 2769 2990 piscis,
2795 2927 2849 2972 et
2874 2917 3009 2978 avis.
3040 2927 3093 2970 et
3117 2929 3314 2986 equus,
3337 2915 3571 2968 laborio-

1982 3032 2101 3072 sum
2135 3016 2217 3070 vel
2247 3030 2535 3085 operosum
2570 3012 2770 3082 aliquid
2805 3012 2995 3065 fecerit
3018 3050 3031 3073 ,
3072 3026 3177 3064 non
3212 3004 3474 3064 incitante
3504 3007 3572 3062 ad

1983 3111 2085 3165 ltoc
2116 3109 2419 3174 voluptate?
2444 3106 2694 3163 Comedit
2732 3108 2901 3168 enim,
2933 3104 3076 3173 quod
3115 3104 3341 3158 rationis
3373 3117 3570 3172 expers

1981 3213 2096 3265 est,
2130 3217 2233 3257 non
2268 3210 2327 3256 ιιι
2357 3202 2503 3256 vivat
2531 3200 2838 3267 (undeuam
2872 3199 3060 3253 istuc?
3094 3198 3320 3253 minime
3352 3197 3569 3264 quidem

1977 3291 2196 3361 certe),
2231 3290 2326 3346 sed
2367 3291 2492 3357 quia
2535 3292 2599 3344 de
2639 3290 2971 3346 nutrimento
3009 3287 3352 3354 voluptatem
3395 3285 3575 3354 perci-

301 3391 406 3461 μοῦ
439 3366 643 3462 (ῥυςέκῇ
675 3366 781 3444 τινι
807 3366 1049 3444 διαθέσει
1081 3366 1255 3444 τὺψδι)
1283 3390 1447 3444 αὑτοῦ
1484 3390 1622 3456 πρὸς
1649 3392 1748 3461 τὴν
1777 3407 1877 3457 γα-

1980 3382 2080 3451 pit,
2099 3382 2225 3435 dum
2246 3382 2367 3449 gula
2388 3382 2618 3435 naturali
2641 3380 2873 3450 quadam
2896 3379 3185 3434 ali'ectione
3206 3393 3372 3433 suave
3394 3380 3575 3434 reddit

299 3487 467 3555 στέρα
498 3485 1024 3555 καταπεμπόμενον.
1062 3485 1488 3553 Ἑπισυμϐαίνει
1517 3484 1573 3537 δὲ
1605 3484 1785 3537 αὐτῶν
1818 3482 1877 3535 τὸ

300 3577 402 3647 ζῇν
430 3580 536 3632 ἀπὸ
584 3580 684 3647 τῆς
733 3580 964 3648 τροφῆς.
1004 3579 1112 3633 Καὶ
1135 3580 1226 3631 τὸν
1254 3580 1367 3631 ἴσον
1412 3579 1574 3631 πάλιν
1619 3581 1877 3649 μίγνυται

301 3670 523 3738 τρόπον.
569 3672 641 3724 Οὐ
673 3673 781 3741 γᾶρ
825 3671 912 3723 ἵνα
967 3672 1042 3742 μὴ
1077 3675 1137 3723 τδ
1171 3672 1327 3737 γένος
1362 3671 1609 3742 ἐκλείψῃ,
1656 3671 1772 3724 ἀλλ’
1804 3671 1879 3732 ὡς

304 3764 643 3836 κηλούμενον
677 3766 781 3820 ὑπὸ
816 3768 915 3838 τῆς
943 3768 1164 3838 ἡδονῆς,
1198 3766 1421 3824 ἐπειδὰν
1454 3768 1732 3836 ἡγήσηται
1782 3767 1879 3833 μὲν

299 3859 500 3926 ἔνδεια,
526 3860 586 3911 ού
617 3859 799 3929 φθάσῃ
833 3860 886 3912 δὲ
916 3862 1230 3931 πλησμονή.
1266 3861 1427 3914 Ὥστε
1455 3860 1669 3924 ἔξεστιν
1702 3859 1881 3910 εἰπεῖν

297 3947 442 4006 εἶναι
470 3952 570 4021 τὴν
602 3952 700 4021 τῆς
748 3952 942 4022 ἡδονῆς
976 3953 1236 4005 σύστασιν
1275 3955 1332 4005 ἐν
1358 3952 1437 4020 τῷ
1486 3952 1638 4020 μέσῳ
1672 3950 1882 4012 ἐνδείας

300 4047 397 4098 καὶ
426 4042 754 4114 πλησμονῆς
785 4045 963 4114 χρόνῳ
1006 4045 1097 4097 ἐπὶ
1126 4044 1327 4105 παντὸς
1378 4042 1579 4111 ἐφεξῆς
1615 4042 1882 4110 πράγμα-

297 4153 412 4198 τος.
446 4135 558 4189 Καὶ
595 4137 704 4204 μὴν
740 4136 801 4187 οὐ
845 4137 1005 4203 μόνον
1034 4136 1123 4189 διὰ
1154 4136 1254 4203 τὴν
1284 4136 1425 4203 ἐμὴν
1455 4134 1649 4204 ἡδονὴν
1672 4128 1733 4185 εὖ
1769 4132 1883 4201 ἔχει

300 4226 363 4278 τὸ
397 4226 554 4292 γένος
585 4227 742 4294 ἡμῖν,
771 4223 910 4277 ἀλλὰ
946 4226 1041 4277 καὶ
1069 4224 1155 4276 διὰ
1187 4223 1284 4293 τὴν
1318 4206 1741 4292 ἐνυπάρχουσαν
1771 4224 1885 4285 τοῖς

298 4318 535 4385 ἀλόγοις.
580 4318 738 4370 Ἐπεὶ
784 4317 892 4386 γὰρ
922 4316 1097 4370 ταῦτα
1145 4314 1213 4368 δι’
1252 4316 1401 4384 ἡμᾶς
1437 4317 1651 4383 γέγονε,
1704 4315 1793 4368 διὰ
1826 4314 1883 4368 δὲ

299 4412 401 4480 τὴν
430 4410 624 4480 ἡδονὴν
668 4410 808 4464 αὐτὰ
855 4408 1211 4473 διασώζεται,
1263 4408 1512 4476 φαίνεται
1548 4406 1738 4474 σαφῶς
1790 4408 1884 4461 καὶ

303 4501 336 4570 ἡ
367 4500 472 4553 τῶν
507 4500 721 4568 ἀλόγων
764 4500 843 4561 είς
878 4498 1086 4566 ἀγαθον
1123 4496 1472 4566 ἐκϐεϐηκυῖα
1515 4496 1591 4565 τῷ
1622 4498 1882 4568 ἡμετέρῳ

1980 3476 2032 3529 id
2065 3477 2203 3544 quod
2236 3489 2330 3544 per
2360 3489 2479 3528 eam
2514 3474 2565 3526 in
2604 3473 2780 3526 alvum
2816 3473 3142 3526 demittitur.
3177 3470 3349 3523 Simul
3382 3485 3446 3523 ex
3480 3486 3573 3524 eo-

1981 3569 2099 3623 dem
2126 3567 2227 3621 hoc
2250 3568 2586 3621 nutrimento
2610 3566 2657 3619 id
2683 3579 2898 3634 quoque
2920 3564 3301 3631 consequitur,
3328 3572 3383 3615 ut
3400 3563 3569 3615 vivat.

1982 3660 2257 3714 Consimili
2295 3661 2453 3713 modo
2484 3670 2537 3712 et
2570 3659 2779 3711 Venere
2815 3658 3008 3709 utitur.
3044 3654 3162 3709 Non
3196 3654 3342 3707 enim
3378 3654 3478 3707 hoc
3510 3669 3574 3707 eo

1983 3750 2109 3805 facit
2141 3766 2206 3804 ne
2231 3766 2400 3819 genus
2426 3751 2599 3817 ipsum
2631 3750 2868 3813 deliciat,
2896 3748 2990 3802 sed
3021 3748 3148 3816 quia
3174 3747 3452 3813 voluptate
3476 3746 3574 3800 de-

1984 3844 2271 3904 mulcetur,
2319 3841 2533 3910 quoties
2582 3841 2761 3908 inopia
2811 3839 3030 3907 quidem
3087 3839 3453 3908 prtecessetit,
3506 3838 3573 3891 ad

1985 3939 2292 3988 satietatem
2328 3946 2458 3985 vero
2501 3930 2730 3983 necdum
2775 3940 3097 3998 perventum
3147 3929 3332 3983 fuerit.
3370 3929 3574 3995 Quam-

1985 4026 2173 4080 obrem
2203 4026 2384 4079 dicere
2413 4023 2570 4088 licet,
2601 4024 2653 4075 in
2687 4022 2940 4075 onmibus
2967 4022 3189 4075 omnino
3221 4022 3413 4087 rebus,
3445 4037 3575 4075 eon-

1987 4110 2179 4172 sistere
2200 4116 2526 4184 voluptatein
2556 4114 2605 4167 in
2634 4128 2698 4167 eo
2727 4123 2968 4182 tempore
2993 4114 3134 4181 quod
3162 4114 3307 4167 inter
3331 4099 3571 4182 inopiam

1987 4217 2041 4263 et
2074 4206 2378 4261 satietatem
2408 4205 2558 4258 velut
2588 4205 2975 4258 intermedium
3008 4213 3109 4258 est.
3145 4204 3331 4273 Neque
3362 4214 3571 4257 tantum

1985 4300 2277 4368 voluptatis
2317 4307 2520 4353 nostrae
2563 4311 2728 4353 causa
2782 4304 2928 4350 recte
2973 4296 3229 4351 all‘ectum
3274 4304 3357 4350 est
3405 4309 3575 4364 genus

1987 4392 2282 4447 humanum
2303 4427 2320 4456 ,
2348 4404 2534 4444 verum
2568 4390 2731 4444 etiam
2762 4387 2912 4442 illius
2941 4403 3105 4442 causa
3135 4387 3427 4455 voluptatis
3456 4401 3575 4454 qnte

1986 4470 2574 4541 brutisanimantibus
2616 4483 2775 4535 inest.
2815 4482 3084 4547 Quoniam
3126 4481 3270 4535 enim
3312 4480 3401 4533 illa
3445 4493 3575 4547 ιιι-ο-

305 4590 425 4661 βίῳ.
462 4591 543 4641 Τὰ
571 4589 913 4661 γὰρνέξωθεν
941 4589 1075 4658 ἡμῖν
1103 4586 1476 4657 συνεργοῦντα
1510 4586 1723 4664 ἐκεῖθεν
1756 4586 1879 4656 βέλ-

1989 4587 2107 4646 pter
2139 4590 2239 4630 nos
2272 4573 2409 4628 facta
2444 4581 2603 4637 sunt,
2635 4581 2692 4626 et
2727 4580 2948 4640 propter
2977 4572 3312 4641 voluptatem
3347 4583 3577 4623 conser-

300 4698 461 4733 τιστα
519 4681 653 4749 ἔχει.
705 4681 801 4743 Τίς
849 4680 914 4732 ἂν
974 4680 1120 4732 εἴποι
1158 4681 1255 4741 τὰς
1297 4680 1428 4748 παρ’
1480 4678 1705 4731 ἐκείνων
1749 4681 1882 4749 ἡμῖν

301 4772 510 4842 τροφάς
530 4811 545 4835 ,
588 4772 685 4833 τὰς
724 4772 1054 4839 περιϐολάς;
1084 4771 1233 4824 τᾶλλ’
1264 4771 1345 4824 ὅσ’
1374 4773 1598 4839 ἁμέσως
1649 4774 1884 4835 ἐκείνοις

303 4864 592 4936 χρώμεθα,
628 4863 975 4933 στελλόμενοί
1007 4881 1064 4915 τε
1107 4864 1328 4932 μακρὰς
1365 4863 1540 4927 ὀδοὺς,
1572 4863 1669 4915 καὶ
1709 4866 1884 4933 ἐμπο-

308 4956 617 5025 ρευόμενοι,
655 4952 1041 5022 πολεμοῦντες,
1070 4956 1162 5007 καὶ
1195 4954 1542 5023 θηρεύοντες,
1574 4956 1667 5008 καὶ
1707 4972 1885 5024 γεωρ-

303 5049 531 5114 γοῦντες
559 5066 573 5113 ;
629 5049 723 5100 καὶ
756 5047 823 5099 τὰ
854 5048 917 5099 ὲκ
948 5048 1052 5116 τῆς
1090 5047 1362 5114 γεωργίας
1404 5046 1782 5114 συλλέγοντες,
1815 5048 1885 5101 τά

304 5159 365 5195 τε
400 5140 559 5205 ἄλλα,
592 5141 686 5193 καὶ
720 5135 794 5193 ὧν
827 5141 993 5210 χωρὶς
1024 5141 1123 5193 οὐκ
1152 5140 1269 5192 ἔστι
1305 5140 1488 5202 καλῶς
1531 5142 1677 5211 ἡμᾶς
1709 5141 1884 5210 πράτ-

307 5252 460 5302 τειν;
492 5233 672 5297 οἰκίας
724 5233 886 5301 λέγω,
942 5232 1102 5298 νεὼς,
1160 5233 1413 5302 λιμένας,
1454 5233 1640 5295 πόλεις
1687 5233 1881 5296 αὑτάς.

305 5326 476 5378 ’Ὥστε
506 5324 688 5387 καλῶς
721 5324 855 5393 ἡμῖν
884 5323 1102 5393 εἴρηται
1131 5326 1229 5377 καὶ
1274 5325 1334 5376 τὸ
1370 5325 1499 5394 περὶ
1542 5324 1644 5391 τῆς
1689 5325 1886 5393 ἡδονῆς

307 5416 409 5485 τῆς
441 5418 501 5469 ὲν
535 5419 651 5480 τοῖς
685 5416 925 5481 ἀλόγοις.
978 5415 1199 5485 Ἐπειδὴ
1231 5416 1339 5482 γὰρ
1368 5416 1467 5483 τὴν
1498 5414 1749 5484 αὐτάρκη
1793 5416 1887 5467 καὶ

304 5510 598 5578 ἀπέριττον
629 5507 777 5576 ζωὴν
806 5506 1195 5576 ἀπωλέσαμεν,
1235 5509 1328 5561 καὶ¹
1353 5507 1442 5560 διὰ
1484 5506 1644 5560 τοῦτο
1671 5506 1885 5561 πολλῶν
1922 5580 1929 5587 ο

305 5601 569 5671 δεόμεθα,
605 5601 815 5653 τούτων
844 5601 899 5653 δὲ
931 5601 991 5653 τὸ
1043 5601 1294 5653 πλεῖστον
1327 5601 1495 5671 μέρος
1528 5601 1797 5671 ὑπηρετεῖ
1826 5618 1886 5653 τε

309 5692 407 5746 καὶ
451 5691 668 5746 δίδωσιν
726 5694 861 5767 ἡμῖν
916 5693 1051 5763 παρ’
1082 5692 1304 5775 λέαυτῶν
1348 5693 1419 5745 τὰ
1472 5691 1608 5757 ζῶα,
1645 5692 1783 5744 αὐτὰ
1829 5691 1886 5744 δὲ

308 5787 484 5838 ταῦτα
528 5787 591 5854 τῇ
625 5784 785 5854 ἡδονῇ
824 5781 1174 5849 διασώζεται,
1211 5785 1408 5854 κομιδῇ
1449 5783 1617 5851 σαφὲς
1653 5784 1884 5851 γίνεται,

306 5877 385 5939 ὡς
414 5877 505 5932 καὶ
534 5879 603 5947 τῇ
627 5876 833 5931 τούτων
866 5875 1027 5947 ἡδονῇ
1054 5876 1083 5930 ό
1120 5875 1234 5947 βίος
1261 5877 1395 5947 ἡμῖν
1444 5878 1767 5931 συνίσταται
1793 5875 1887 5928 καὶ

1985 4682 2212 4735 vantur,
2244 4678 2468 4737 apparet
2503 4665 2816 4729 manifesto,
2854 4665 3136 4717 brutorum
3170 4673 3390 4731 quoque
3421 4658 3575 4710 volu-

1985 4774 2188 4834 ptatem
2212 4764 2333 4816 vitae
2356 4771 2559 4815 nostrae
2582 4760 2727 4814 bono
2750 4774 2897 4817 esse.
2918 4758 3053 4811 Nam
3078 4770 3201 4826 quae
3227 4755 3573 4808 extrinsecus

1987 4858 2137 4912 nobis
2166 4871 2319 4925 opem
2348 4854 2529 4908 ferunt
2555 4862 2608 4905 et
2635 4850 2978 4913 conducunt,
3006 4864 3069 4902 ex
3102 4847 3379 4912 voluptate
3406 4859 3569 4913 quant

1987 4949 2193 5018 optime
2224 4954 2350 4999 sunt
2382 4944 2596 4998 aliena.
2631 4941 2764 5008 Quis
2795 4940 3074 5010 explicare
3102 4938 3336 4993 dicendo
3369 4937 3565 5006 possit,

1987 5055 2107 5110 quae
2134 5040 2201 5094 ab
2229 5038 2332 5092 illis
2358 5037 2634 5099 alimenta,
2663 5049 2798 5103 quos
2826 5033 3057 5087 amictus
3088 5032 3410 5092 habeamus,
3438 5029 3573 5081 alia-

1987 5150 2095 5205 que
2138 5133 2191 5187 in
2234 5132 2434 5200 quibus
2469 5130 2549 5183 eis
2586 5126 2900 5181 immediate
2936 5126 3163 5184 utimur,
3203 5123 3330 5176 dum
3376 5123 3570 5174 itinera

1989 5227 2162 5297 longae
2188 5224 2448 5288 facimus,
2484 5230 2538 5274 et
2576 5229 2914 5273 mercaturas
2950 5231 3304 5278 exercemus,
3344 5225 3396 5267 ct
3430 5213 3569 5267 bella

1987 5320 2227 5389 gerimus
2250 5358 2265 5380 ,
2294 5324 2349 5370 et
2378 5328 2662 5378 venamur,
2696 5321 2750 5365 et
2783 5325 2944 5379 agros
2976 5309 3205 5363 colimus
3230 5348 3245 5371 ,
3278 5316 3332 5361 ct
3360 5305 3573 5357 fructus

1989 5410 2335 5483 agriculturae
2364 5406 2689 5477 colligimus,
2718 5420 2841 5459 cum
2872 5405 3105 5469 caeteris,
3143 5402 3347 5468 absque
3377 5396 3573 5464 quibus

1987 5504 2127 5558 bene
2164 5503 2321 5560 nobis
2356 5520 2476 5560 esse
2512 5504 2730 5574 nequit.
2766 5505 2959 5558 domos
2993 5503 3144 5565 dico,
3180 5498 3413 5565 templa,
3451 5509 3575 5561 por-

1988 5605 2095 5659 ιυε,
2130 5596 2242 5664 ipsa
2273 5597 2504 5666 Oppida?
2534 5595 2900 5662 Quamobrem
2936 5595 3041 5647 hoc
3072 5604 3286 5661 quoque
3317 5586 3384 5639 de
3416 5585 3571 5637 voln-

1989 5696 2133 5753 male
2152 5701 2269 5757 qua:
2289 5687 2460 5743 brutis
2478 5689 2639 5759 inest,
2660 5695 2806 5742 recte
2821 5702 2850 5738 ιι
2864 5685 3023 5739 nobis
3039 5690 3124 5736 cst
3140 5676 3568 5747 pronuntiatum.

1990 5779 2122 5833 Nam
2154 5781 2279 5850 quia
2309 5783 2472 5836 vitam
2507 5780 2652 5835 illam
2684 5779 2901 5848 copiose
2931 5775 3035 5829 sibi
3070 5770 3172 5840 ipsi
3206 5766 3569 5822 suﬂicientem

1989 5880 2040 5926 ct
2066 5872 2367 5942 simplicem
2394 5874 2702 5938 amisimus,
2732 5871 2957 5937 ideoque
2984 5861 3231 5935 pluribus
3257 5856 3570 5930 indigemus
