4098 6272
549 386 655 447 4”9

1736 392 2134 456 MANUELIS
2166 396 2606 457 PALJEOLOGI

3684 399 3795 462 48)

550 516 776 569 quorum
808 503 1095 555 maximam
1123 510 1327 572 partem
1353 518 1419 557 ex
1448 519 1567 576 sese
1595 505 1751 561 nobis
1775 510 2091 577 suppeditati

2220 516 2550 582 κοσμεῖται·
2601 507 2669 586 ἧς
2718 512 3098 583 ἀναιρεθείσης
3153 512 3427 580 καθάπαξ,
3487 514 3795 582 ἀναιρεῖται

551 593 827 654 animalia,
860 609 979 661 quae
1009 594 1122 663 ipsa
1151 610 1370 665 quoque
1401 598 1677 666 voluptate
1701 613 2115 670 conservantur,

552 698 685 735 sane
713 699 873 751 quam
906 686 1249 754 perspicuum
1280 689 1531 753 ellicitur,
1562 691 1723 744 etiam
1756 692 1994 760 ipsorum
2026 710 2120 750 vo-

552 774 753 839 luptate
802 773 968 827 vitam
1015 785 1255 830 nostram
1304 780 1610 833 conservari
1661 789 1824 851 atque
1868 783 2053 836 ornari
2101 802 2114 838 :

549 878 649 930 qua
684 878 906 931 prorsus
937 867 1167 929 abolita,
1202 869 1334 922 nihil
1369 869 1588 924 dubium
1621 880 1734 937 est,
1764 872 1966 927 aboleri
1998 891 2118 944 qure

548 954 707 1007 bruta
755 966 903 1019 sunt,
947 973 1161 1027 unaque
1202 975 1322 1013 cum
1370 962 1450 1015 eis
1492 962 1694 1017 aboleri
1745 979 1864 1033 qua:
1908 967 2117 1020 ratione

548 1048 893 1113 praeditorum
927 1049 1049 1104 vitae
1079 1061 1205 1104 sunt
1236 1053 1565 1116 necessaria,
1600 1069 1697 1109 nec
1725 1056 1871 1111 aliud
1900 1066 2119 1126 superat

550 1136 653 1189 nisi
690 1146 747 1189 ut
779 1154 1138 1194 aerumnosam
1173 1141 1546 1211 lubricamque
1576 1145 1738 1199 vitam
1771 1161 2017 1215 agamus.
2052 1146 2119 1202 Et

548 1229 677 1294 quid
719 1244 819 1297 ego
858 1231 978 1285 dico
996 1232 1334 1297 {Brutorum
1370 1236 1592 1291 omnino
1628 1238 1749 1292 vitae
1784 1240 1893 1293 vita
1930 1251 2113 1297 nostra

549 1321 741 1375 similis
763 1332 936 1388 esset,
965 1325 1009 1378 si
1036 1337 1098 1378 ea
1126 1325 1190 1379 de
1215 1328 1393 1381 medio
1419 1328 1632 1383 sublata
1663 1329 1873 1397 forent;
1902 1332 2044 1400 imo,
2070 1334 2115 1387 si

548 1413 731 1475 dicere
768 1415 948 1481 liceat,
988 1418 1157 1471 multo
1194 1420 1446 1475 miserius
1482 1436 1642 1490 quam
1682 1423 1796 1493 ipsa
1834 1424 1951 1479 sine
1985 1425 2116 1494 ipsis

546 1507 885 1572 viveremus;
918 1524 1039 1562 nam
1069 1510 1316 1577 ipsorum
1340 1513 1479 1567 bene
1506 1516 1687 1569 vivere
1714 1516 1844 1570 nihil
1863 1525 1944 1571 est
1971 1519 2116 1573 aliud

543 1613 706 1665 quam
749 1600 819 1651 ita
856 1600 1033 1654 vivere
1069 1602 1227 1655 siculi
1269 1620 1411 1658 nunc
1448 1605 1649 1660 vivunt.
1682 1606 1750 1660 At
1784 1608 1890 1661 vita
1934 1619 2114 1662 nostra

545 1688 687 1741 male
725 1689 914 1744 all‘ecta
954 1676 1094 1745 fol-et
1134 1694 1177 1746 si
1214 1695 1429 1748 vivendi
1468 1696 1606 1751 ratio
1647 1706 1827 1751 nostra
1867 1699 2116 1753 belluinze

545 1783 921 1849 responderet,
962 1784 1193 1839 sublatis
1232 1802 1262 1840 e
1302 1788 1478 1841 medio
1518 1789 1726 1843 scilicet
1765 1791 1828 1844 iis
1863 1805 1982 1858 quae
2021 1808 2115 1845 no-

544 1882 655 1925 stra
711 1887 878 1929 causa
928 1874 1072 1929 facta
1121 1885 1265 1931 sunt.
1320 1878 1433 1934 Nec
1483 1879 1534 1934 id
1588 1883 1877 1935 tacendum
1922 1900 1935 1936 :

543 1963 739 2032 duplex
763 1966 837 2019 sit
867 1968 1138 2036 voluptas,
1158 1969 1228 2023 ab
1259 1979 1487 2038 utraque
1520 1973 1862 2028 commodum
1893 1973 2108 2043 aliquod

543 2056 826 2122 percipere
854 2058 996 2113 licet.
1024 2058 1158 2113 Nam
1182 2070 1239 2115 et
1267 2061 1356 2116 illa
1391 2062 1641 2132 voluptas
1678 2064 1898 2135 (loquor
1925 2076 2107 2121 autem

539 2145 607 2199 de
633 2147 921 2203 inhonesta
945 2159 999 2204 et
1023 2152 1358 2221 turpissima,
1384 2170 1505 2224 quae
1530 2171 1559 2209 a
1587 2158 1740 2211 bonis
1765 2158 1903 2214 male
1932 2160 2106 2224 audit,

541 2240 699 2304 quasi
733 2250 895 2309 caput
926 2242 1197 2311 quoddam
1226 2246 1528 2316 vitiorum),
1560 2248 1603 2303 si
1636 2249 1854 2317 quidem
1885 2266 1985 2305 nos
2012 2265 2105 2305 ve—

541 2327 726 2393 limus,
764 2331 989 2405 delicias
1018 2333 1175 2389 nobis
1205 2343 1439 2392 aeternas
1464 2348 1515 2391 et
1543 2340 1757 2394 sobrias
1790 2355 1908 2395 cum
1933 2341 2104 2411 gloria

538 2421 937 2477 conciliaverit.
978 2426 1094 2491 Quo
1137 2424 1194 2478 ﬁt
1240 2436 1298 2480 ut
1346 2428 1398 2481 in
1444 2438 1731 2498 utramque
1770 2444 1976 2497 partem
2014 2449 2107 2488 vo-

534 2510 715 2577 luptas
753 2513 820 2569 iis
862 2516 951 2583 qui
980 2518 1169 2572 volunt
1202 2519 1573 2577 emolumento
1601 2512 1705 2579 sit.
1728 2523 1783 2579 Si
1817 2526 1956 2581 bona
1997 2536 2102 2591 est,

534 2602 639 2657 hoc
663 2604 782 2673 ipso
808 2606 1060 2676 prodest;
1085 2610 1167 2666 sin
1195 2611 1356 2679 mala,
1381 2621 1435 2668 et
1461 2614 1783 2681 insidiatrix,
1807 2619 1952 2687 quod
1977 2633 2099 2674 cum

536 2693 660 2748 talis
690 2695 782 2763 sit,
815 2698 951 2751 nihil
976 2701 1284 2768 perfecerit.
1315 2702 1452 2758 Nam
1488 2707 1532 2761 si
1564 2707 1775 2762 hastam
1811 2708 1862 2762 in
1892 2710 2101 2765 nosilla

447 2783 451 2787 ’
533 2791 887 2853 contorserit,
921 2806 1042 2857 quae
1067 2808 1167 2849 nos
1195 2807 1448 2852 accurate
1482 2808 1737 2869 recteque
1765 2803 2001 2858 munitos
2025 2814 2102 2858 at-

532 2880 777 2935 tentione
811 2883 1213 2956 tolerantiaque
1252 2891 1611 2947 conveniente
1664 2895 1923 2964 reperiat,
1959 2911 2099 2963 pra:-

535 2978 782 3041 terquam
812 2977 954 3043 quod
983 2978 1116 3032 nihil
1143 2979 1251 3033 ullo
1289 2983 1447 3037 modo
1484 2987 1751 3051 nocuerit,
1793 2990 1955 3043 etiam
1986 3007 2101 3044 ma-

531 3061 680 3117 xime
704 3064 973 3134 profucrit
1004 3070 1071 3123 iis
1104 3072 1302 3138 quibus
1329 3072 1555 3129 insidias
1590 3080 1855 3135 struebat.
1886 3084 2098 3152 Quippe

531 3169 656 3207 cum
698 3158 957 3213 emissum
989 3160 1057 3215 ab
1101 3177 1163 3217 ea
1200 3165 1363 3219 telum
1398 3169 1451 3222 in
1491 3170 1818 3226 soliditatem
1858 3176 2101 3231 thoracis
2130 3153 2173 3212 θ

512 3248 587 3301 et
624 3251 784 3316 scuti,
817 3269 1050 3321 quorum
1091 3259 1290 3314 artifex
1324 3261 1497 3319 virtus
1526 3274 1631 3329 est,
1663 3266 1956 3336 impactum
1985 3270 2091 3325 fuco

530 3339 625 3405 rit,
654 3340 970 3413 impetuque
999 3362 1098 3403 suo
1134 3350 1393 3407 reflexum
1424 3355 1491 3408 ad
1519 3370 1638 3409 eam
1672 3372 1791 3425 quae
1820 3361 2098 3427 emiserat,

532 3430 730 3486 vulnus
773 3436 886 3503 ipsa
932 3438 1151 3506 quidem
1211 3443 1411 3512 accipit
1454 3445 1601 3500 letali
1646 3450 1892 3515 verbere,
1944 3457 2099 3509 nobis

528 3536 706 3582 autem
741 3529 904 3584 invita
945 3519 1272 3602 suppeditat,
1307 3545 1365 3591 ut
1396 3551 1772 3598 marcescente
1819 3561 2095 3614 nunquam

527 3634 729 3674 corona
778 3627 1050 3691 exornati,
1090 3628 1301 3697 deliciis
1355 3631 1561 3686 nullum
1615 3632 1775 3688 finem
1833 3634 2098 3692 habituris

528 3714 798 3770 fruamur.
838 3716 901 3771 Et
932 3719 1127 3774 merito
1160 3720 1211 3774 id
1247 3721 1486 3789 quidem.
1522 3723 1658 3779 Nam
1691 3727 1735 3780 si
1771 3741 1936 3782 cornu
1968 3744 2097 3784 con-

528 3818 607 3859 tt‘a
634 3823 731 3863 nos
765 3809 1013 3878 voluptas
1043 3811 1258 3878 extulit,
1289 3822 1342 3867 et
1369 3814 1648 3870 stimulum
1686 3820 1874 3874 mortis
1896 3823 2099 3890 aequi-

524 3901 675 3965 sivit,
725 3912 947 3971 propter
998 3905 1342 3973 gulositatem
1393 3916 1660 3974 nostram,
1713 3926 1878 3978 quam
1907 3928 1973 3967 ex
2007 3914 2095 3966 illa

524 3994 699 4060 prima
724 3995 1142 4065 intemperantia
1166 4000 1312 4053 velut
1336 4001 1654 4059 haereditate
1681 4008 1961 4060 consecuti
1989 4023 2097 4061 su-

524 4100 667 4143 mus.
703 4089 956 4156 sequitur
987 4106 1079 4145 eos
1108 4092 1199 4160 qui
1228 4107 1325 4159 per
1361 4095 1754 4150 continentiam
1794 4110 1963 4154 semet
1990 4102 2095 4154 im~

524 4194 717 4235 tuunes
746 4182 814 4235 ab
846 4182 1141 4238 insatiabili
1176 4185 1404 4241 libidine
1431 4188 1853 4254 declaraverint,
1897 4195 2093 4246 merito

524 4274 867 4329 coronandos
889 4275 1107 4345 vitaque
1128 4276 1389 4332 fruituros
1410 4278 1703 4333 immortali
1729 4295 1852 4335 cum
1881 4283 2093 4338 deliciis

525 4366 617 4419 tali
650 4370 774 4422 vitae
826 4370 1271 4438 congruentibus.
1317 4369 1426 4424 Nec
1461 4372 1557 4426 abs
1586 4388 1644 4426 re
1693 4372 1835 4428 Deus
1870 4375 1971 4429 hoc
2004 4375 2090 4430 fa-

2192 670 2201 678 .
2226 606 2325 676 μὲν
2358 606 2546 674 σαφῶς
2575 606 2635 657 τὸ
2666 604 2773 657 τῶν
2824 605 3035 673 ἀλόγων
3082 605 3260 669 γένος,
3300 609 3705 675 συναναιρεῖται
3737 608 3801 661 δὲ

2223 699 2409 761 αὐτοῖς
2441 699 2510 752 τὰ
2557 699 2698 769 πρὸς
2727 699 2818 750 τὸν
2868 698 3084 766 λογικὸν
3120 700 3236 767 βίον
3282 701 3417 768 ἡμῖν
3467 702 3746 769 ἐπιτήδεια
3778 719 3797 734 ο

2221 792 2317 845 καλ
2354 792 2614 855 ὃλοιπδν,
2670 792 2973 862 ἐπίμοχθόν
3019 808 3144 844 τινα
3194 792 3312 861 βίον
3381 793 3473 844 καὶ
3526 793 3801 861 σφαλερὸν

2222 883 2371 936 ’ἐλκει
2404 883 2466 935 τὸ
2496 883 2651 949 γένος
2675 884 2831 952 ἡμῖν.
2869 883 3061 935 Καίτοι
3095 882 3148 934 τί
3192 881 3369 947 λέγω;
3403 881 3495 950 Τῷ
3524 883 3633 935 τῶν
3666 883 3800 935 ἀλό-

2221 993 2333 1043 γων
2368 977 2629 1045 ἄντικρυς
2663 976 2765 1045 βίῳ
2800 978 2827 1028 ό
2855 974 2981 1028 καθ’
3006 975 3151 1042 ἡμᾶς
3194 974 3262 1026 ἂν
3295 973 3480 1044 ἐῴκει,
3512 975 3695 1027 αὐτῶν
3731 977 3797 1028 ἐκ

2224 1068 2395 1138 μέσου
2449 1068 2862 1137 γεγενημένων·
2892 1067 2987 1119 ἐὰν
3029 1067 3084 1117 δὲ
3143 1066 3235 1133 ἐξῇ
3274 1083 3365 1132 μοι
3402 1066 3499 1117 καὶ
3527 1065 3673 1116 τοῦτ’
3718 1067 3799 1116 εί-

2223 1161 2367 1223 πεῖν,
2398 1159 2578 1228 πολλῷ
2618 1160 2889 1211 κάκείνων
2914 1158 3277 1223 ἐλεεινότερον
3320 1158 3387 1211 ἃν
3418 1158 3631 1226 ἐζῶμεν
3660 1158 3797 1210 ἄνευ

2220 1250 2449 1303 ἐκείνων
2472 1267 2486 1282 ο
2516 1252 2597 1303 ὃτι
2646 1252 2709 1303 τὸ
2741 1252 2841 1318 μὲν
2875 1252 3099 1303 ἐκείνων
3133 1249 3191 1302 εὖ
3230 1250 3329 1318 ζῇν
3376 1249 3521 1301 τοῦτ’
3563 1249 3702 1310 ἔστι,
3732 1251 3799 1303 τὸ

2220 1341 2322 1411 ζῇν
2350 1341 2425 1405 ὡς
2457 1342 2549 1394 νῦν
2574 1359 2587 1373 ·
2621 1343 2751 1411 ἡμῖν
2779 1342 2835 1394 δέ
2869 1342 2934 1395 ἂν
2973 1338 3089 1411 εἶχε
3124 1342 3311 1401 κακῶς
3341 1343 3367 1392 ὀ
3413 1342 3549 1404 βίος,
3581 1341 3796 1410 Θηρίοις

2220 1431 2517 1500 ἐοικόσιτῇ
2552 1431 2798 1501 πολιτείᾳ
2838 1450 2897 1484 τε
2932 1433 3027 1483 καὶ
3051 1434 3119 1500 τῇ
3159 1431 3429 1499 διαγωγῇ,
3469 1431 3561 1483 ara
3588 1432 3652 1501 δὴ
3681 1433 3796 1483 τῶν

2219 1521 2285 1575 δι’
2319 1524 2467 1592 ἡμᾶς
2491 1524 2878 1592 γεγενημένων
2897 1525 3308 1591 ἠφανισμένων.
3350 1522 3513 1575 Ἀλλὰ
3536 1524 3644 1591 μὴν
3669 1524 3795 1575 οὐδὲ

2220 1616 2398 1667 ἐκεῖνο
2426 1617 2637 1683 σιωπῆς
2670 1615 2819 1677 ἄξιον
2847 1632 2861 1647 ’
2890 1614 3085 1683 διπλῆς
3112 1617 3217 1681 γὰρ
3246 1613 3413 1684 οὔσης
3443 1616 3541 1682 τῆς
3572 1615 3791 1682 ἡδονῆς,

2220 1705 2337 1758 ἔστι
2370 1708 2462 1759 καλ⁵
2514 1708 2640 1775 παρ’
2672 1708 2941 1773 ἑκατέρας
2986 1707 3357 1776 ὠφεληθῆναι.
3392 1708 3496 1759 Καὶ
3552 1708 3659 1775 γὰρ
3696 1710 3796 1760 καὶ

2220 1798 2357 1866 αὕτη
2386 1800 2420 1867 ἡ
2450 1800 2611 1869 ἡδονὴ
2643 1799 2811 1869 (λέγω
2832 1799 2889 1852 δέ
2930 1800 3024 1853 νῦν
3058 1802 3155 1871 τὴν
3187 1802 3444 1870 ἄσεμνον,
3484 1803 3583 1867 τὴν
3615 1801 3797 1869 αἰσχί-

1986 1895 2110 1936 (ειιηὶ
2147 1864 2189 1919 Β
2222 1864 2377 1958 στην,
2470 1864 2784 1960 cupiit-165v
2840 1864 3222 1962 χρηστοτέρων
3257 1864 3443 1953 κακῶς
3472 1864 3687 1959 ἀκούει,
3712 1864 3793 1956 ῶς

2217 1983 2245 2035 ὅ
2277 2000 2325 2035 τι
2347 2000 2454 2053 περ
2481 1984 2776 2052 κεφάλαιόν
2802 1987 2919 2038 ἐστι
2948 1986 3057 2036 τῶν
3084 1986 3314 2054 κακῶν),
3346 1986 3461 2053 εἴγε
3493 1988 3654 2055 ἡμεῖς
3671 1989 3795 2057 βου·-

2216 2075 2469 2144 λοίμεθα,
2501 2075 2703 2143 γένοιτ’
2735 2076 2801 2129 ἂν
2833 2078 2966 2146 ἡμῖν
2994 2076 3258 2146 πρόξενος
3290 2078 3526 2141 αἰωνίων
3555 2080 3649 2132 καὶ
3680 2098 3791 2132 σω-

2218 2169 2433 2239 φρόνων
2466 2170 2604 2239 μετὰ
2651 2168 2811 2238 δόξης
2847 2169 3226 2227 ἀπολαύσεων.
3265 2171 3427 2223 Ὥστε
3484 2172 3611 2223 καθ’
3659 2175 3791 2226 ἐκά-

2215 2277 2371 2330 τερον
2415 2262 2581 2331 μέρος
2613 2263 2645 2332 ἡ
2674 2262 2837 2331 ἡδονὴ
2862 2262 3136 2315 λυσιτελεῖ
3162 2264 3278 2325 τοῖς
3322 2262 3693 2341 βουλομένοις.
3727 2266 3787 2318 El

2219 2356 2319 2423 μὲν
2355 2355 2532 2425 ἀγαθή
2570 2357 2738 2419 ἐστιν,
2772 2356 2923 2426 αὐτῷ
2956 2372 3020 2423 γε
3062 2356 3240 2425 τούτῳ
3264 2370 3279 2385 ⁸
3312 2357 3359 2408 εί
3406 2356 3463 2409 δὲ
3512 2359 3656 2427 κακὴ
3689 2359 3776 2411 καὶ

2214 2448 2522 2512 ἐπίϐουλος,
2557 2449 2641 2502 ὅτι
2694 2445 2828 2502 οὖσά
2875 2466 2939 2517 γε
2981 2450 3228 2518 τοιαύτη,
3269 2448 3424 2501 οὐδὲν
3468 2451 3685 2519 ῆνυσεν.
3713 2451 3777 2503 El

2213 2539 2322 2608 γὰρ
2358 2540 2543 2606 ἐκείνη
2589 2538 2711 2593 καθ’
2738 2541 2895 2609 ἡμῶν
2934 2541 3212 2593 ἁκοντίσει
3258 2540 3318 2592 τὸ
3357 2540 3507 2609 δόρυ.
3543 2541 3697 2610 εὖροι
3728 2541 3783 2594 δέ

2213 2632 2363 2700 ἡμᾶς
2392 2630 2453 2683 τὸ
2478 2630 2606 2701 δόρυ
2633 2631 2879 2701 ἀκριϐῶς
2920 2647 2981 2683 τε
3018 2631 3111 2685 καὶ
3149 2631 3332 2693 καλῶς
3360 2633 3787 2701 πεφραγμένους

2212 2726 2456 2794 προσοχῇ
2494 2725 2590 2776 καὶ
2617 2723 2888 2794 καρτερίᾳ
2926 2724 2990 2791 τῇ
3026 2724 3346 2793 γιγνομένῃ,
3393 2723 3530 2794 πρὸς
3563 2724 3643 2793 τῷ
3681 2743 3787 2795 μη-

2210 2816 2399 2885 δαμῶς
2446 2816 2612 2886 μηδὲν
2639 2816 3019 2884 παραὸλὰψαι,
3051 2817 3084 2885 ή
3137 2815 3192 2867 δὲ
3238 2816 3333 2867 καὶ
3374 2814 3587 2885 ὤνησεν
3628 2816 3688 2879 ἐς
3716 2818 3783 2869 τὰ

2214 2908 2469 2977 μάλιστα,
2504 2902 2585 2971 οἷς
2618 2924 2679 2976 γε
2714 2908 3094 2960 ἐπεϐούλευεν.
3126 2906 3297 2960 Ὅταν
3333 2907 3440 2976 γὰρ
3483 2906 3545 2959 τὸ
3576 2908 3788 2977 ταύτης

2208 3001 2375 3053 ὅπλον
2408 3001 2607 3069 ἁφεθέν
2658 2999 3022 3070 ἁντικρουσθῇ
3058 2999 3384 3070 στερρότητί
3418 3017 3475 3052 τε
3529 2999 3787 3081 θώρακος

2210 3094 2302 3147 καὶ
2334 3094 2576 3155 ἀσπίδος,
2608 3088 2681 3147 ῶν
2714 3097 2830 3146 ἐστι
2857 3094 3165 3163 τεχνίτηςή
3200 3094 3390 3163 ἁρετὴ,
3421 3095 3514 3146 καὶ
3549 3097 3614 3164 τῇ
3654 3096 3787 3147 ἐαυ-

2206 3187 2299 3241 τοῦ
2329 3190 2470 3258 φορᾷ
2499 3187 2905 3258 ἀντεπιστρέψῃ
2927 3188 3061 3255 πρὶς
3093 3187 3190 3256 τὴν
3214 3187 3600 3256 ἐκπέμψασαν,
3630 3190 3779 3241 ἐκεί-

2206 3299 2304 3350 νην
2338 3281 2434 3349 μὲν
2461 3280 2753 3349 ἐργάζεται
2784 3280 3135 3347 τραυματίαν
3167 3278 3349 3348 πληγῇ
3381 3280 3573 3351 καιρίᾳ.
3594 3317 3609 3343 ,
3648 3282 3786 3351 ἡμῖν

2202 3376 2258 3428 δὲ
2283 3375 2491 3428 ἄκουσα
2522 3378 2772 3445 χορηγεῖ,
2803 3375 3000 3443 ἀγήρῳ
3033 3375 3284 3444 στεφάνῳ
3314 3374 3775 3443 κεκοσμημένοις,

2203 3471 2395 3539 ἀγήρω
2420 3472 2632 3537 τρυφῆς
2660 3467 2980 3523 ἀπολαύειν.
3012 3467 3272 3529 Εἰκότως.
3306 3468 3365 3519 Ei
3385 3469 3486 3535 γὰρ
3515 3467 3573 3517 τὸ
3599 3466 3774 3535 κέρας

2201 3561 2436 3630 ἔσχηκεν
2458 3561 2491 3629 ἡ
2527 3560 2693 3630 ἡδονὴ
2728 3558 2850 3612 καθ’
2877 3557 3058 3627 ἡμῶν,
3091 3559 3186 3610 καὶ
3208 3558 3436 3611 Θανάτου
3456 3559 3775 3625 ,προσεκτή-

2205 3666 2337 3703 σατο
2372 3650 2620 3720 κέντρον,
2653 3649 2742 3702 διὰ
2772 3649 2832 3701 τό
2866 3649 3120 3718 λιχνῶδες
3144 3648 3206 3700 τό
3242 3648 3370 3716 παρ’
3398 3650 3545 3715 ἡμῖν,
3574 3650 3637 3699 ἐκ
3675 3650 3779 3718 τῆς

2201 3743 2441 3812 ἀρχῆθεν
2477 3743 2749 3811 ἀκρασίας
2790 3740 3290 3812 κληροδοχούμενον
3315 3758 3328 3771 ·
3362 3742 3412 3792 οῖ
3453 3741 3521 3793 δι’
3572 3742 3777 3811 ἐγκρα-

2200 3836 2351 3896 τείας
2414 3833 2693 3901 ἐλεύθεροι
2745 3832 2845 3901 τῆς
2910 3830 3219 3900 ἀπληστίας
3271 3832 3642 3898 ἀναφανέντες
3701 3832 3783 3883 δι-

2200 3927 2373 3989 καίως
2412 3925 2875 3992 στεφανώσονται,
2909 3925 3003 3977 καὶ
3036 3924 3184 3993 ζωῆς
3218 3924 3542 3994 μεθέξουσιν
3575 3925 3784 3977 ἀθανά-

2198 4038 2313 4083 ττυ,
2354 4020 2448 4070 καὶ
2499 4020 2712 4087 τρυφῆς
2746 4018 2845 4068 οὐκ
2902 4016 3221 4086 ἀπᾳδούσης
3250 4019 3315 4085 τῇ
3372 4017 3509 4086 ζωῇ.
3560 4016 3783 4079 Δίκαιος

2199 4110 2264 4163 ἂν
2300 4109 2385 4174 εἴη
2410 4108 2541 4169 Θεὸς
2565 4108 2724 4159 τοῦτο
2755 4106 2981 4176 πρᾶξαι.
3016 4106 3075 4157 EE
3104 4106 3211 4173 γὰρ
3245 4105 3403 4172 δίκην
3436 4122 3496 4172 γε
3522 4106 3787 4171 είσ-τράτ-

2196 4220 2281 4255 τει
2327 4203 2453 4263 τοὺς
2509 4201 2751 4271 ἀκρασίᾳ
2788 4199 3160 4268 συζήσαντας,
3222 4197 3402 4267 πολλῷ
3450 4215 3513 4261 γε
3576 4196 3787 4266 μᾶλλον

2197 4296 2347 4366 αὐτῷ
2376 4297 2643 4364 προσήκει
2692 4295 2816 4356 τοὺς
2872 4292 3234 4361 γιγνομένους
3289 4290 3521 4359 μισθοὺς
3571 4290 3783 4343 διδόναι

2198 4392 2310 4451 τοῖς
2339 4389 2587 4457 ἀγαθοῖς,
2620 4384 2787 4439 εἰδόσι
2821 4386 2996 4455 μέτρα
3030 4382 3206 4435 θεῖναι
3253 4385 3375 4445 ταῖς
3407 4382 3646 4451 χρείαις,
3679 4383 3785 4433 καὶ

521 4463 627 4515 ciet
657 4480 671 4515 :
711 4477 831 4515 nam
863 4463 907 4516 si
942 4478 1134 4531 pmnas
1165 4462 1233 4516 ab
1282 4463 1349 4516 iis
1380 4465 1549 4532 exigit
1595 4466 1685 4533 qui
1720 4466 1975 4524 vixerunt
2007 4472 2093 4525 in-

2206 4480 2403 4542 παντὸς
2432 4478 2527 4531 τοῦ
2558 4479 2698 4548 ὑπὲρ
2746 4476 2949 4540 ταύτας
2992 4476 3383 4544 ἀποπηδῶσινο
3417 4473 3493 4536 ὡς
3529 4474 3637 4526 οῖδε
3673 4474 3786 4526 οὐκ

526 4566 914 4624 temperanter,
960 4560 1127 4610 multo
1164 4556 1338 4626 magis
1364 4556 1414 4609 ei
1448 4560 1724 4623 convenit,
1749 4560 1899 4630 justa
1935 4563 2092 4617 bonis

524 4650 745 4719 prmmia
770 4648 921 4714 dare,
946 4648 1039 4718 qui
1064 4650 1479 4705 necessitatibus
1506 4650 1724 4705 modum
1753 4655 2092 4711 consdtnere

520 4753 743 4807 norunt,
771 4753 823 4797 ct
852 4759 880 4795 a
913 4756 970 4796 re
1015 4742 1209 4811 quavis
1263 4742 1359 4797 has
1387 4752 1679 4811 superante
1707 4755 1878 4799 semet
1916 4748 2087 4802 absti-

522 4845 673 4901 nent,
702 4851 823 4888 eum
853 4835 1079 4890 delicias
1103 4834 1154 4889 hi
1189 4835 1365 4890 nullas
1398 4836 1753 4902 admirentur,
1787 4836 1928 4891 haud
1957 4837 2089 4893 alle-

520 4928 591 4979 cxi
626 4942 754 4994 erga
779 4928 993 4995 quidvis
1026 4929 1337 4997 promiscue
1357 4928 1502 4998 quod
1532 4928 1669 4983 ultra
1697 4931 2084 4986 necessitatem

519 5017 644 5070 lmni
687 5019 924 5085 speciem
962 5020 1147 5075 habet.
1185 5021 1432 5091 Denique
1482 5022 1776 5077 secundum
1809 5026 2085 5092 expositas

521 5115 783 5163 hactenus
814 5112 1074 5179 rationes,
1106 5116 1421 5172 existimare
1451 5118 1723 5181 convenit,
1756 5118 2080 5187 voluptatem

519 5197 608 5249 his
668 5198 862 5253 bonam
899 5216 1040 5265 esse,
1078 5203 1183 5259 illis
1215 5219 1243 5258 e
1272 5207 1545 5263 contrario
1581 5209 1799 5262 malam.
1825 5206 1957 5261 Nam
1990 5207 2083 5277 qui

518 5294 665 5344 malo
709 5290 957 5348 feruntur
1001 5294 1225 5365 impetu,
1264 5301 1478 5354 navium
1519 5302 1571 5355 in
1609 5315 1836 5366 morem,
1878 5302 2083 5355 instru-

524 5365 709 5440 ιιιιιιιῖο
734 5402 830 5440 suo
852 5391 1175 5453 carentium,
1206 5402 1481 5463 utcunque
1512 5394 1789 5447 libidinem
1819 5393 2090 5463 appetitus

521 5482 709 5537 alllare
739 5484 1050 5553 contigerit,
1083 5485 1148 5538 iis
1208 5487 1350 5539 haud
1382 5486 1545 5540 dubie
1574 5485 1938 5541 formidabilis
1992 5484 2091 5539 lto-

516 5575 622 5625 stis
651 5584 755 5638 est,
783 5584 837 5627 ct
863 5574 1035 5629 audax
1065 5576 1268 5644 pariter
1294 5586 1458 5645 atque
1487 5576 1771 5642 subdolus,
1790 5585 1845 5631 et
1867 5575 2093 5631 infinitis

520 5665 733 5720 artibus
786 5682 879 5721 eos
937 5678 1153 5724 tentans
1208 5668 1527 5736 quibuscum
1576 5669 1767 5737 pedem
1822 5669 2087 5733 conserit,

511 5755 766 5824 adeoque
813 5759 1136 5826 simpliciter
1165 5759 1378 5816 illorum
1410 5758 1653 5814 omnium
1682 5756 1912 5812 formam
1949 5759 2085 5812 reti-

511 5860 679 5912 ιιι-ηε,
733 5864 1069 5921 quamanun
1097 5850 1450 5907 simulacrum
1487 5848 1615 5903 illud
1648 5850 1936 5919 voluptatis
1966 5850 2085 5905 illn-

2201 4575 2500 4643 ἐπτόηνται
2529 4574 2656 4643 περὶ
2690 4573 2787 4641 τὴν
2809 4573 3047 4641 τρυφὴν,
3093 4572 3499 4640 διακεχυμένως
3533 4570 3779 4638 ἔχοντες,

2198 4670 2333 4735 πρὸς
2365 4670 2390 4720 ὅ
2421 4685 2472 4719 τι
2520 4668 2582 4720 ἄν
2616 4684 2716 4719 που
2753 4670 2862 4719 τῶν
2896 4666 3033 4735 ὑπὲρ
3084 4666 3185 4734 τὴν
3212 4665 3401 4734 χρείπν
3450 4662 3632 4716 καλῶν
3671 4680 3784 4729 φα-

2199 4764 2338 4827 νείη.
2378 4760 2537 4814 Κατὰ
2566 4761 2620 4813 δὲ
2648 4761 2775 4823 τοὺς
2814 4760 2913 4831 ἠδη
2958 4759 3223 4829 ῥηθέντας
3268 4758 3460 4825 λόγους
3502 4757 3781 4824 προσήκει.

2198 4856 2442 4923 νομίζειν
2469 4854 2568 4922 τὴν
2599 4854 2791 4924 ἡδονὴν
2838 4854 2946 4912 τοῖς
2990 4853 3090 4920 μὲν
3130 4849 3341 4919 ἀγαθὴν
3375 4844 3533 4912 εἶναι,
3565 4849 3674 4908 τοῖς
3712 4848 3778 4900 δὲ

2197 4949 2529 5001 τούναντίον.
2581 4948 2706 5008 Τοῖς
2754 4948 2854 5015 μὲν
2908 4948 3015 5015 γὰρ
3052 4944 3240 5007 κακῶς
3272 4944 3595 5012 φερομένοις
3626 4942 3777 4992 κατὰ

2194 5045 2261 5097 τὰ
2312 5044 2688 5113 ἁνερμάτιστα
2726 5042 2907 5104 πλοῖα,
2940 5041 3015 5101 ὡς
3068 5039 3134 5093 ἄν
3168 5055 3298 5090 ποτε
3344 5035 3480 5105 τύχῃ
3534 5032 3778 5085 πνεῦσαι

2193 5136 2291 5206 τὴν
2322 5136 2529 5201 ἔφεσιν,
2583 5136 2833 5202 ἄντικρις
2890 5132 3147 5200 πολέμιός
3193 5132 3306 5183 ἐστι
3346 5128 3597 5197 φοϐερὸς,
3636 5125 3778 5195 θρα·

2197 5230 2289 5291 σύς
2326 5246 2384 5281 τε
2412 5229 2527 5297 ἅμα
2551 5228 2644 5280 καὶ
2678 5226 2904 5294 ὕφαλος,
2941 5225 3165 5294 μυρίαις
3189 5239 3249 5273 τε
3282 5222 3625 5289 πειρώμενος
3658 5234 3775 5287 μη·-

2194 5324 2386 5389 χαναῖς
2415 5319 2494 5385 οἷς
2529 5320 2928 5389 συμπλέκεται,
2963 5318 3057 5370 καὶ
3080 5315 3262 5377 ἁπλῶς
3290 5315 3515 5387 ἐκείνων
3545 5309 3774 5361 πάντων

2196 5410 2475 5473 διασώςων
2517 5410 2611 5463 τὸν
2639 5409 2830 5472 τύπον,
2878 5409 3086 5477 ὅσαπερ
3136 5408 3171 5476 ἡ
3210 5404 3412 5471 ταύτης
3460 5400 3624 5453 είκὼν
3660 5398 3774 5452 ὑπὸ

2166 5488 2167 5491 η
2197 5501 2306 5554 τῶν
2337 5501 2669 5571 γραψάντων
2696 5501 2865 5570 αὐτὴν
2888 5503 3022 5571 ἡμῖν
3056 5498 3279 5562 ἔδειξεν.
3320 5493 3412 5557 Ἐξ
3442 5488 3515 5547 ὧν
3545 5491 3608 5560 δὴ
3636 5490 3776 5541 πάν-

2194 5611 2302 5647 των
2344 5595 2662 5661 συνάγεται,
2698 5592 2773 5655 ὡς
2823 5592 2883 5645 τὸ
2930 5590 3154 5659 νικῆσαι
3203 5587 3469 5657 πρόδηλον
3513 5584 3626 5652 ἔχει
3666 5582 3773 5649 τῆς

2195 5689 2405 5748 εἰκόνος
2452 5686 2833 5756 πρωτότυπος,
2882 5684 2999 5739 ἀνθ’
3031 5678 3104 5737 ὧν
3154 5698 3218 5748 γε
3269 5680 3405 5749 πρὸς
3467 5676 3772 5730 ἀντίπαλον

2194 5780 2490 5835 ἀποδύεται
2530 5778 2949 5850 εὐεπιχείρητον
2980 5776 3074 5829 καὶ
3093 5772 3302 5842 νωθρὸν
3326 5788 3338 5800 ’
3364 5772 3476 5831 τοῖς
3506 5770 3562 5821 δὲ
3604 5768 3771 5835 λόγον

2198 5873 2544 5943 ποιουμένοις
2575 5870 2670 5941 τῆς
2698 5869 2771 5934 ὡς
2794 5868 3011 5939 ἀληθῶε·
3045 5865 3210 5935 ζωῆς,
3263 5862 3354 5915 καὶ
3389 5861 3558 5932 μόνης
3596 5875 3743 5928 προσ
