4098 6272
300 380 406 447 481

1742 378 2027 440 ORATIO
2070 380 2139 443 V.

3448 378 3552 451 432

300 502 545 574 ηκούσης
591 497 923 563 ἀνθρώποις,
958 497 1092 561 ζῶσί
1126 517 1184 552 τε
1218 498 1553 568 προσήκοντι
1612 502 1848 570 σχήματι

1982 514 2099 553 rum
2150 513 2314 566 opera
2360 498 2517 554 nobis
2567 496 2827 561 ostendit,
2875 495 3073 564 quibus
3124 496 3333 565 pictura
3392 500 3547 564 quasi

298 596 394 649 καὶ
425 592 675 660 λογισμῷ
716 590 784 643 τὰ
816 590 935 643 κατ’
990 591 1193 653 αὐτοὺς
1241 584 1479 642 ἰοῧνουσι
1540 594 1867 662 πράγματα,

297 687 511 753 ἀγαθήν
557 703 615 737 τε
655 677 795 735 εἶναι
833 683 954 735 καθ’
1003 682 1192 753 αὐτὴν,
1225 683 1323 737 καὶ
1371 683 1561 745 αὐτοῖς
1610 682 1869 752 πρόξενον

297 778 523 847 ἀγαθῶν
561 776 855 843 μεγίστων,
887 776 978 827 τὸν
1004 776 1127 846 τῇδε
1165 774 1282 844 βίον
1312 775 1601 844 ἀμείψασι,
1638 778 1867 845 προσέτι

297 873 354 925 δὲ
400 870 496 922 καὶ
537 869 732 937 ἡδονῆς
783 868 1160 935 ἀληθεστάτης
1207 885 1265 919 τε
1313 870 1405 920 καὶ
1450 870 1679 937 μονίμου
1728 872 1868 937 μετὰ

296 962 455 1026 δόξης
487 959 813 1028 γιγνομένης
953 958 1073 1009 τότε
1114 957 1233 1027 βίῳ.
1277 957 1365 1020 Ὠς
1410 959 1476 1010 τά
1509 975 1568 1023 γε
1623 960 1867 1026 παρόντα

301 1051 501 1118 ἀγαθὰ,
540 1051 629 1102 καὶ
674 1048 998 1118 λαμπρότης
1049 1048 1262 1110 ἅπασα,
1296 1049 1447 1116 κειὶή
1493 1050 1676 1117 ἡδονὴ,
1707 1051 1800 1102 καὶ
1835 1051 1868 1118 ἠ

299 1142 447 1206 δόξα,
480 1140 813 1208 ψευδώνυμά
865 1143 985 1193 τινά
1029 1139 1273 1192 ἐστικαὶ
1329 1140 1523 1209 μικρὰ,
1561 1142 1655 1192 καὶ
1711 1142 1872 1210 μόγις

298 1253 404 1287 που
454 1240 519 1305 τῇ
577 1235 739 1305 χρείᾳ
793 1237 1321 1304 συμπαραμένοντα.
1392 1237 1501 1289 Καὶ
1576 1236 1756 1287 πάντα
1814 1233 1872 1285 δὲ

296 1323 502 1383 ἐκεῖνα,
535 1324 634 1375 ὅσα
669 1323 910 1393 ζητητέα
936 1327 1067 1393 ἡμῖν
1089 1327 1260 1389 ἐστιν,
1297 1326 1356 1377 οὐ
1382 1326 1581 1394 μᾶλλόν
1610 1343 1671 1393 γε
1693 1325 1873 1377 αὐτῶν

293 1418 455 1470 ἕνεκα
495 1417 525 1487 ἦ
564 1418 767 1488 ἐτέρων
804 1418 1015 1471 τοιαῦτ’
1041 1420 1106 1473 ἂν
1165 1422 1276 1489 εἴη.
1324 1416 1418 1481 Οἷς
1459 1437 1523 1485 γε
1586 1421 1867 1487 σύστοιχόν

293 1510 410 1561 ἐστι
446 1511 541 1562 καὶ
576 1510 633 1562 τδ
661 1510 761 1572 τῆς
792 1511 987 1581 ἡδονῆς
1014 1513 1223 1583 χρῆμα.
1256 1512 1572 1580 Νομίζομεν
1599 1512 1654 1564 δὲ
1702 1510 1867 1563 καλὸν

294 1597 463 1668 εἶναι,
498 1602 732 1655 ἐνταῦθα
762 1603 853 1655 τὸν
881 1603 1039 1671 λόγον
1071 1602 1780 1674 κεφαλαιὼσαντας,ὣσπερ
1810 1604 1868 1655 ἐν

294 1697 725 1764 συμπεράσματι
759 1694 1077 1749 ἀποδοῦναι.

1976 594 2211 661 quadam
2267 583 2696 662 expriittebatur.
2749 590 2827 644 Ex
2881 591 3079 658 quibus
3116 592 3367 645 omnibus
3413 602 3546 645 Sane

1977 685 2274 752 colligitur.
2325 687 2497 754 ipsam
2534 684 2892 753 voluptatem,
2939 682 3096 751 cujus
3134 683 3315 752 imago
3347 700 3546 750 πονε-τιξ-
3594 721 3617 750 ε

1976 781 2312 842 sentabatnr,
2341 780 2625 834 manifesto
2647 781 2924 833 victricem
2949 792 3071 832 esse
3096 789 3379 846 propterea
3404 779 3546 846 quod

1975 888 2097 925 cum
2130 872 2448 927 adversario
2483 883 2743 941 superatu
2771 870 2917 925 facili
2955 878 3008 923 et
3045 870 3240 937 ignavo
3280 870 3331 921 in
3368 878 3545 921 certa-

1976 976 2099 1014 men
2134 964 2427 1017 descendat
2460 977 2475 1015 :
2510 979 2632 1017 cum
2670 964 2813 1026 aliis,
2849 963 2939 1032 qui
2969 960 3285 1023 vcrae‘vitaa,
3320 974 3547 1027 quaeque

1971 1054 2285 1111 hominibus
2320 1057 2432 1111 sola
2467 1058 2750 1126 competit,
2782 1058 3050 1109 rationem
3082 1055 3307 1117 habent,
3332 1062 3385 1106 et
3415 1067 3544 1106 con-

1970 1149 2210 1202 venienti
2245 1164 2367 1204 cum
2399 1150 2664 1218 dignitate
2699 1150 2905 1213 vivunt,
2945 1165 3138 1216 resque
3179 1139 3305 1202 suas
3336 1148 3546 1200 ratione

1974 1240 2347 1304 moderantur,
2377 1241 2517 1295 bona
2553 1256 2646 1309 per
2679 1257 2736 1296 se
2766 1244 2857 1305 sit,
2892 1251 2946 1294 et
2982 1241 3215 1293 maxima
3246 1240 3386 1293 bona
3417 1254 3547 1292 eon—

1973 1329 2147 1393 ciliet,
2182 1332 2269 1383 ubi
2300 1333 2367 1384 de
2406 1332 2508 1385 hac
2540 1333 2648 1385 vita
2687 1333 3008 1402 migrarnnt,
3046 1339 3416 1398 praetereaque
3447 1344 3546 1380 vo—

1975 1424 2235 1490 luptatem
2268 1425 2612 1477 verissimam
2646 1438 2708 1477 ac
2736 1424 3061 1487 durabilem,
3087 1436 3209 1475 cum
3253 1421 3421 1489 gloria
3458 1421 3538 1472 vi-

1977 1520 2044 1565 ta:
2106 1525 2376 1567 secuturae
2426 1515 2796 1578 convenienti,
2835 1514 3029 1581 pariat.
3086 1512 3349 1565 Nimirum
3405 1525 3545 1579 prat-

1976 1603 2153 1657 sentia
2188 1604 2349 1667 bona,
2395 1605 2651 1674 splendor
2679 1607 2989 1665 universus.
3036 1605 3305 1673 voluptas,
3351 1604 3545 1671 gloria,

1974 1710 2112 1750 vana
2146 1696 2392 1762 qua‘dam
2455 1699 2674 1753 nomina
2730 1709 2855 1754 sunt
2885 1708 2939 1751 et
2974 1714 3060 1753 res
3094 1697 3284 1763 exiles,
3317 1710 3548 1766 qua-que

291 1789 377 1840 vix
435 1790 498 1840 ad
540 1805 695 1842 usum
746 1787 1235 1854 necessitatemque
1284 1787 1512 1849 durant,
1562 1785 1855 1854 omniaque
1897 1787 2051 1851 adeo,
2110 1803 2449 1858 quaecunque
2508 1790 2667 1844 nobis
2713 1792 3006 1861 quaerenda
3077 1798 3249 1852 sunt,
3279 1805 3381 1843 non
3434 1797 3544 1841 tam

287 1902 387 1939 sua
418 1901 580 1940 causa
612 1900 774 1954 quam
813 1885 1065 1949 aliorum,
1109 1884 1233 1937 talia
1264 1894 1409 1951 sunt,
1446 1898 1674 1951 quorum
1710 1883 1851 1937 serie
1892 1883 2136 1953 voluptas
2167 1902 2383 1953 quoque
2421 1887 2750 1943 continetur.
2783 1889 2947 1941 Recte
3020 1902 3152 1943 vero
3202 1902 3301 1943 nos
3372 1885 3547 1939 factu-

287 1996 378 2037 ros
407 1982 667 2044 arbitror,
704 1980 749 2035 si
780 1981 1047 2050 capitibus
1078 1978 1342 2034 orationis
1370 1978 1438 2032 ad
1463 1993 1732 2032 summam
1758 1978 1860 2032 hoc
1902 1976 2022 2033 loco
2062 1981 2353 2047 revocatis,
2405 1982 2547 2036 velut
2586 1984 2637 2036 in
2690 1982 3046 2036 conclusione
3109 1996 3224 2036 rem
3299 1980 3544 2050 cxplicc-

287 2092 427 2130 "IIIS.

355 2168 507 2223 Εἶναι
538 2171 639 2237 μὲν
672 2168 766 2222 οὖν
798 2185 941 2237 φημι
978 2165 1074 2235 τὴν
1098 2164 1299 2235 ψυχὴν,
1333 2166 1427 2218 καὶ
1451 2165 1630 2219 πάντα
1660 2165 1726 2218 τὰ
1758 2168 1848 2219 αὖ·

2033 2165 2136 2219 Aio
2182 2165 2349 2234 igitur
2386 2173 2440 2218 et
2469 2165 2709 2218 animum
2743 2174 2797 2219 et
2838 2181 3032 2220 omnes
3078 2166 3193 2234 ejus
3222 2176 3426 2232 partes,
3460 2166 3541 2219 uti

278 2264 381 2330 τῆς
414 2264 579 2332 μέλη,
608 2263 683 2325 ὡς
718 2262 783 2315 ἄν
817 2279 897 2323 τις
933 2262 1100 2325 εἴποι,
1131 2263 1225 2313 καὶ
1259 2261 1360 2320 τὰς
1383 2258 1667 2327 δυνάμεις,
1699 2261 1850 2329 παρὰ

279 2355 437 2405 Θεοῦ.
487 2353 608 2415 Πῶς
638 2354 747 2421 γὰρ
781 2350 842 2404 οὗ
875 2368 889 2415 ;
924 2347 1066 2403 εἶναι
1108 2351 1164 2402 δὲ
1213 2350 1353 2401 καλὰ
1395 2351 1494 2402 καὶ
1535 2350 1739 2417 ἀγαθὰ,
1772 2349 1846 2409 ὡς

278 2447 388 2498 ὰπὸ
436 2444 596 2499 Θεοῦ.
639 2443 810 2495 Τοῦτο
849 2444 957 2510 γὰρ
992 2442 1193 2503 πάσαις
1244 2443 1536 2507 ἀνάγκαις.
1586 2441 1695 2494 Καὶ
1748 2440 1848 2510 τὴν

279 2537 580 2606 ἐπιθυμίαν
627 2535 694 2588 αὖ
732 2536 917 2599 πάλιν,
946 2534 1040 2588 ac:
1070 2535 1169 2603 τὴν
1213 2534 1394 2602 ψυχὴν
1422 2532 1739 2586 τελειοῦσαν
1769 2533 1847 2601 τῷ

212 2692 215 2693 ν
279 2631 411 2696 παρ’
438 2630 638 2698 ἑαυτῆς
686 2628 865 2697 μέρει,
892 2629 986 2679 καὶ
1016 2626 1158 2679 κατὰ
1184 2626 1343 2678 τοῦτο
1373 2626 1589 2694 ἀγαθήν
1611 2642 1625 2657 ο
1654 2626 1715 2678 τὸ
1741 2627 1850 2694 γὰρ

280 2722 493 2785 ἀτελὲς,
519 2722 578 2772 οὒ
610 2721 796 2773 καλόν.
834 2721 920 2782 Ὠς
953 2720 1009 2773 δὲ
1040 2720 1134 2772 καὶ
1168 2720 1267 2787 τὴν
1295 2720 1492 2786 ἡδονὴν
1533 2718 1696 2789 ἔχειν,
1728 2720 1761 2790 ἥ
1790 2737 1849 2771 τε

278 2815 371 2865 τὸν
400 2812 512 2879 βίον
550 2814 681 2882 ἡμῖν
723 2812 1028 2881 συνίστησι,
1061 2811 1155 2863 καὶ
1203 2810 1270 2862 δι’
1302 2810 1367 2879 ἢν
1414 2810 1475 2869 τὸ
1518 2810 1849 2879 ἐπιθυμητι-

276 2907 375 2959 κὸν
410 2907 632 2975 ἐνεργόν
678 2909 828 2959 ἐστιν
864 2909 919 2959 ἐν
957 2907 1115 2975 ἡμῖν,
1149 2905 1244 2959 καὶ
1283 2905 1380 2975 οὐχ
1414 2905 1488 2966 ὡς
1538 2907 1733 2975 νεκρὸν
1761 2908 1851 2960 οὖ-

274 3000 410 3051 τωσὶ
458 3002 731 3068 κείμενον,
763 2999 995 3069 δυνάμει
1035 2999 1196 3067 μόνον
1233 2998 1293 3051 τὸ
1325 2998 1521 3052 ἑαυτοῦ
1568 3000 1847 3068 κεκτημὲ·

276 3111 387 3147 νον.
419 3094 528 3147 Καὶ
577 3094 879 3162 ἐπειδήπερ
913 3093 1066 3145 ταῦτ’
1106 3092 1279 3153 οὕτως
1333 3093 1468 3161 ἔχει,
1501 3094 1592 3145 καὶ
1639 3092 1708 3144 τὰ
1746 3092 1846 3160 τῆς

276 3186 559 3255 ζητήσεως
608 3186 759 3247 τέλος
811 3184 977 3253 ἴσχει,
1015 3185 1108 3236 καὶ
1141 3183 1348 3251 ἀγαθὸν
1395 3185 1456 3236 τὸ
1502 3186 1603 3253 τῆς
1650 3184 1845 3253 ἡδονῆς

275 3278 408 3347 ἡμῖν
440 3278 815 3330 ἀποδέδεικται
847 3275 1040 3345 χρῆμα
1074 3276 1184 3327 τῶν
1218 3293 1277 3328 τε
1311 3275 1497 3329 ἄλλων
1534 3278 1718 3338 ἓνεκα,
1751 3277 1848 3329 καὶ

273 3368 349 3429 ὡς
388 3368 494 3420 ἀπὸ
520 3368 665 3420 Θεοῦ
691 3367 976 3437 δεδομένον
1006 3370 1071 3436 τῇ
1101 3384 1161 3418 τε
1202 3368 1394 3437 λογικῇ
1428 3368 1521 3420 καὶ
1550 3368 1843 3439 αἰσθητικῇ

276 3457 474 3523 φύσειε
500 3459 555 3510 τί
594 3458 659 3528 δὴ
699 3459 805 3528 φῂς
839 3457 866 3508 ό
904 3457 1004 3525 τὴν
1041 3458 1231 3526 ἡδονὴν
1277 3458 1464 3519 ἁπλῶς
1505 3458 1847 3523 διαϐάλλων;

1968 2260 2089 2331 quis
2116 2275 2208 2314 eas
2257 2260 2631 2327 appellaverit,
2682 2274 2981 2327 omnesque
3014 2258 3320 2339 facultates,
3368 2275 3396 2312 a
3430 2259 3539 2313 Deo

1965 2368 2105 2407 esse.
2142 2351 2251 2405 Cur
2280 2353 2420 2405 enim
2470 2367 2576 2406 non
2611 2351 2766 2404 sint?
2805 2350 2995 2404 Itidem
3026 2366 3147 2404 cum
3189 2366 3216 2404 a
3259 2352 3370 2405 Deo
3405 2352 3537 2418 sint,

1965 2460 2091 2499 esse
2119 2460 2206 2500 res
2228 2446 2475 2515 egregias
2508 2454 2562 2499 et
2584 2444 2794 2509 bonas:
2821 2420 2957 2497 nam.
2980 2445 3082 2497 hoc
3109 2445 3329 2498 omnino
3355 2424 3542 2499 neces-

1968 2534 2170 2586 sarium
2204 2543 2304 2586 est.
2352 2533 2562 2588 Rursus
2599 2532 2897 2600 appetitum
2955 2547 3169 2600 quoque
3220 2547 3344 2585 cum
3387 2532 3535 2595 adje-

1967 2624 2151 2678 ctione
2190 2623 2359 2690 partis
2401 2638 2512 2677 sua:
2562 2624 2866 2692 perlectum
2920 2623 3218 2676 constititat
3268 2623 3534 2686 animum,

1966 2720 2070 2774 hac
2105 2720 2220 2789 ipsa
2267 2720 2333 2774 de
2359 2734 2521 2774 causa
2562 2721 2760 2773 bonum
2801 2734 2944 2782 esse;
2997 2734 3120 2773 nam
3152 2722 3296 2787 quod
3338 2722 3538 2790 imper-

1966 2812 2193 2876 fectum,
2219 2812 2419 2867 bonum
2439 2826 2558 2866 esse
2582 2813 2788 2881 nequit.
2824 2811 3078 2866 Eamdem
3113 2829 3233 2867 esse
3264 2815 3531 2870 rationem

1969 2905 2284 2974 voluptatis,
2319 2920 2438 2974 qua:
2469 2904 2634 2958 vitam
2672 2913 2913 2958 nostram
2944 2904 3121 2970 fulcit,
3153 2917 3208 2960 et
3248 2923 3343 2974 per
3373 2924 3534 2978 quam

1963 2998 2045 3052 vis
2073 3005 2332 3064 appetens
2365 2997 2417 3051 in
2451 2996 2607 3051 nobis
2642 3006 2723 3051 est
2751 2997 2963 3061 enicas,
2993 3013 3092 3052 nec
3121 3000 3277 3067 quasi
3314 3002 3358 3055 si
3391 3017 3536 3054 mor-

1965 3101 2057 3144 tua
2096 3090 2329 3160 jaccrct,
2376 3098 2641 3159 potestate
2682 3091 2946 3145 duntaxat
2978 3090 3085 3144 vim
3118 3108 3271 3145 suam
3302 3095 3530 3151 obtinet.

1963 3182 2090 3248 Quae
2125 3196 2245 3235 cum
2275 3181 2349 3235 ita
2376 3182 2508 3246 sint,
2551 3190 2606 3235 et
2646 3182 2711 3234 ad
2745 3181 2905 3235 linem
2938 3182 3195 3251 perducta
3232 3186 3535 3252 quaestione

1956 3274 2065 3343 jam
2092 3273 2159 3327 sit
2184 3274 2644 3338 demonstratum,
2668 3273 2998 3342 voluptatem
3017 3290 3137 3329 esse
3168 3291 3281 3330 rem
3306 3277 3535 3345 bonam,

1959 3379 2083 3418 cum
2121 3365 2254 3421 alias
2288 3366 2359 3420 ob
2392 3380 2609 3427 causas,
2641 3375 2752 3419 tum
2784 3365 2927 3435 quod
2960 3381 2987 3418 a
3024 3367 3131 3421 Deo
3166 3378 3277 3422 tam
3303 3369 3534 3424 rationis

1960 3473 2119 3526 quam
2156 3473 2353 3512 sensus
2407 3458 2657 3527 participi
2695 3466 2900 3511 natura:
2956 3459 3025 3512 sit
3065 3474 3349 3523 concessa,
3400 3462 3531 3529 quid

278 3549 341 3599 Ei
371 3549 478 3618 γὰρ
507 3552 738 3620 σιωπᾷς,
772 3550 931 3612 αὐτὸς
968 3550 1074 3619 ἐρῶ
1101 3567 1181 3602 σοι
1210 3550 1523 3605 τελευταῖον
1548 3551 1678 3617 ἐγὼ.
1712 3553 1848 3622 ὅπερ

1961 3559 2014 3602 ιιι
2050 3552 2263 3604 tandem
2290 3552 2393 3614 ais,
2423 3554 2514 3619 qui
2553 3551 2883 3619 voluptatem
2918 3549 3242 3618 simpliciter
3272 3553 3531 3605 crimina-

280 3640 345 3690 ἂν
375 3641 547 3708 ἡδέως
597 3640 877 3706 ἀκούσαις,
924 3636 1100 3709 οἶμαι.
1147 3642 1289 3709 Ἐγώ
1348 3661 1441 3696 σου
1498 3645 1624 3706 τοὺς
1654 3645 1849 3712 λόγους

278 3732 651 3799 ὲπικυρώσας,
687 3733 753 3785 δι’
800 3726 875 3787 ὧν
924 3734 988 3786 σὺ
1022 3736 1122 3806 τὴν
1169 3737 1353 3789 εἰκόνα
1398 3740 1499 3800 τῆς
1530 3738 1724 3807 ἡδονῆς
1760 3756 1848 3805 μι-

277 3822 414 3889 κροῦ
475 3823 759 3893 συντόμως
792 3811 1305 3896 ’ἀνεζωγρὰφησαῇ
1355 3829 1413 3880 ἓν
1463 3829 1525 3895 γέ
1581 3846 1633 3881 τι
1685 3828 1848 3897 μόνον

271 3916 561 3985 ἀποκυρῶ,
597 3916 658 3968 τὸ
691 3918 834 3970 κατὰ
865 3918 1082 3971 πάντων
1110 3918 1367 3971 τοσοῦτον
1400 3922 1648 3987 νομίζειν
1675 3919 1848 3990 αὐτὴν

268 4008 555 4073 δύνασθαι,
610 4010 686 4072 ὡς
715 4009 915 4079 μικροῦ
952 4012 1182 4078 μάταιον
1228 4008 1371 4064 εἶναι
1407 4014 1586 4064 πᾶσαν
1639 4010 1849 4080 ἀνθρω-

270 4102 434 4171 πίνην
458 4104 719 4171 σπουδὴν,
750 4102 1043 4155 ἐθελόντων
1066 4104 1202 4172 πρὸς
1227 4103 1439 4173 ἐκείνην
1457 4103 1844 4175 ἀγωνίζεσθαι.

269 4192 331 4244 Εἰ
366 4191 498 4258 γοῦν
525 4196 620 4246 καὶ
648 4193 796 4261 αὐτῷ
835 4210 917 4245 σοι
949 4192 1125 4246 ταῦτα
1173 4186 1341 4258 δοκεῖ,
1383 4195 1497 4247 καὶ)
1521 4196 1620 4263 τὴν
1650 4194 1846 4265 ἡδονὴν

267 4284 515 4351 νομίζεις
550 4288 650 4354 τὴν
684 4286 826 4354 ὑπὲρ
861 4288 1073 4356 χρείαν.
1108 4286 1202 4356 τὴν
1232 4287 1496 4357 ἄκοσμον,
1535 4288 1634 4357 τὴν
1667 4288 1845 4342 πάντα

266 4379 559 4448 ἐπιϐλαϐἦ,
592 4380 824 4449 δυνατὴν
872 4380 972 4448 μὲν
1010 4378 1298 4433 ἀσθενοῦσι
1347 4381 1446 4447 τὴν
1488 4382 1838 4450 προαίρεσιν,

265 4469 471 4537 ἀσθενῆ
498 4469 554 4521 δὲ
599 4469 922 4540 δυναμένοις
966 4470 1102 4540 ὀρθὰ
1138 4470 1473 4539 λογίζεσθαι,
1516 4472 1612 4523 καὶ
1663 4472 1840 4524 ποιεῖν

216 4560 217 4563 “
267 4560 563 4626 ἐθέλουσιν,
596 4562 987 4630 ἆλογίζονται·
1019 4563 1329 4631 εὔγνωμον,
1364 4560 1543 4632 οἶμαι,
1562 4563 1837 4631 ποιήσεις,

270 4648 414 4726 τν“ᾗς
434 4655 496 4705 ἐκ
520 4655 717 4723 μέρους
734 4654 1005 4720 ἐπιεικὴς,
1030 4655 1127 4723 ἐμὲ
1145 4655 1277 4724 πρὸς
1294 4655 1452 4708 τοῦτο
1474 4658 1839 4725 μιμούμενος.

263 4743 387 4796 οὔτε
425 4745 605 4797 πάντα
639 4763 721 4797 σοι
764 4747 854 4799 τὸν
890 4746 1049 4812 λόγον
1082 4747 1434 4809 ἐπαινοῦντα,
1468 4749 1563 4801 καὶ
1606 4751 1666 4800 οὐ
1703 4750 1839 4821 πρὸς

1959 3642 2077 3695 ris?
2109 3641 2245 3695 Nam
2276 3644 2322 3696 si
2364 3643 2584 3709 quidem
2633 3642 2747 3709 ipse
2769 3643 2919 3706 siles,
2960 3643 3134 3696 dicam
3173 3659 3276 3713 ego
3310 3644 3403 3697 tibi
3436 3659 3533 3713 pn-

1958 3740 2217 3785 stremum
2256 3733 2397 3800 quod
2455 3732 2705 3786 lubenter
2745 3734 2961 3786 audies.
2989 3732 3342 3789 Conlirntatis
3374 3735 3531 3803 equi-

1956 3825 2074 3877 dem
2106 3823 2364 3892 suﬂ'ragio
2387 3837 2508 3876 meo
2534 3825 2839 3879 rationibus
2864 3825 2990 3887 tuis,
3014 3826 3210 3893 quibus
3236 3825 3527 3893 imaginem

1957 3916 2253 3983 voluptatis
2289 3915 2527 3969 breviter
2553 3916 2893 3985 expressisti.
2923 3930 3091 3969 unum
3125 3918 3227 3970 hoc
3262 3916 3530 3971 duntaxat

1956 4009 2160 4078 abrogo
2188 4008 2335 4079 quod
2359 4008 2619 4062 adversus
2648 4022 2841 4062 omnes
2866 4021 2985 4061 eam
3024 4015 3230 4061 tantum
3255 4023 3413 4079 posse
3440 4023 3525 4063 ar-

1954 4102 2491 4165 bitraris,utvanum
2528 4113 2697 4169 prope
2731 4100 2804 4153 sit
2834 4116 2996 4155 omne
3041 4102 3281 4155 studium
3325 4114 3527 4159 morta-

1955 4193 2086 4247 lium
2111 4195 2201 4263 qui
2242 4203 2519 4247 certamen
2568 4193 2831 4247 adversus
2860 4196 3303 4263 cantusnSpicere
3334 4197 3525 4251 velint.

1955 4286 2158 4340 Saltem
2192 4286 2237 4339 si
2272 4288 2385 4340 ha-c
2430 4285 2521 4339 tibi
2564 4300 2781 4354 quoque
2805 4285 3077 4347 videntur,
3105 4288 3216 4339 etsi
3255 4296 3412 4355 putas
3429 4304 3525 4341 vo-

1950 4379 2212 4447 lnptatem
2252 4377 2603 4446 superﬂuam,
2630 4377 3000 4441 inhonestam,
3028 4377 3253 4430 omnino
3280 4380 3522 4445 noxiam,

1950 4471 2215 4524 valentem
2252 4470 2469 4538 quidem
2498 4485 2621 4524 esse
2648 4470 2701 4523 in
2735 4470 2800 4523 iis
2827 4484 3055 4537 quorum
3084 4471 3133 4522 in
3168 4469 3417 4538 eligendo
3444 4470 3523 4522 vis

1949 4562 2111 4616 animi
2147 4562 2338 4616 debilis
2369 4570 2474 4626 est,
2507 4571 2561 4616 at
2598 4562 2892 4617 invalidam
2920 4562 2973 4615 in
3002 4561 3112 4615 illis
3142 4562 3411 4631 quirecte
3437 4576 3523 4613 res

1947 4654 2220 4708 aestimare
2256 4663 2503 4722 possunt,
2545 4662 2600 4707 et
2626 4668 2745 4723 qua:
2777 4653 2984 4707 ducunt
3018 4667 3139 4708 esse
3170 4654 3305 4706 bona
3340 4653 3522 4707 facere

1950 4747 2157 4810 volunt,
2186 4760 2403 4813 aequum
2437 4756 2487 4798 te
2522 4759 2702 4813 geres,
2733 4744 2952 4812 opinor,
2990 4753 3048 4797 ut
3079 4759 3144 4798 ex
3182 4757 3337 4810 parte
3372 4745 3521 4797 scili-

262 4838 446 4890 πάντα
509 4838 882 4906 μεμφόμενον.
941 4839 1048 4889 Καὶ
1082 4839 1208 4907 μὴν,
1245 4841 1292 4890 εἰ
1341 4839 1517 4907 ἔγωγε
1576 4844 1689 4903 τοῖς
1727 4844 1837 4904 οοτς

1959 4846 2032 4892 :et
2070 4839 2382 4893 moderatus
2429 4839 2525 4902 sis,
2565 4837 2878 4906 exemplum
2913 4852 3091 4891 meum
3120 4837 3390 4901 imitatus,
3422 4839 3515 4907 qui

261 4928 563 4998 cup/,caiqv.
600 4928 658 4994 ἐξ
707 4929 989 4999 ἡμισείας,
1031 4932 1124 4982 καὶ
1159 4931 1223 4983 σὺ
1274 4931 1438 4983 ταυτό
1481 4948 1544 4998 γε
1601 4933 1839 5001 πράξαις

259 5023 402 5089 πρὸς
454 5020 639 5089 τάμὰ,
704 5021 1023 5091 συνᾴδοντες
1080 5021 1329 5090 ἀλλήλοις
1387 5021 1834 5092 εὑρεθησόμεθα·

257 5114 559 5182 καλλίστην
616 5113 735 5182 μὲν,
792 5114 885 5165 καὶ
939 5113 1172 5182 ἀγαθὴν,
1228 5114 1322 5167 καὶ
1382 5113 1683 5183 ὠφέλιμον,
1736 5115 1837 5186 τὴν

258 5208 568 5273 ἀναγκαίαν
608 5208 700 5258 καὶ
751 5205 987 5274 κοσμίαν
1025 5207 1221 5275 ἡδονὴν
1269 5207 1835 5277 ἁνακηρύττοντές·τε

257 5303 355 5355 καὶ
381 5302 813 5369 ἁποφαίνοντες’
848 5300 948 5368 τὴν
977 5301 1033 5353 δὲ
1066 5300 1471 5363 πλεονάζουσὰν
1501 5318 1559 5352 τε
1592 5303 1686 5353 καὶ
1707 5302 1834 5355 ἄκο-

257 5414 398 5464 σμον
427 5395 745 5447 τούναντίον
773 5394 833 5445 οὐ
869 5393 1061 5462 καλὴν,
1089 5393 1209 5446 οὐδὲ
1232 5393 1467 5463 ἀγαθὴν,
1494 5394 1605 5446 οὐδ’
1634 5394 1831 5462 ὠφέλι-

256 5505 393 5557 μον·
429 5490 523 5541 καὶ
563 5488 688 5550 τοὺς
726 5487 862 5554 αὐτῇ
912 5501 976 5553 γε
1011 5486 1336 5556 χρωμένους
1368 5487 1469 5538 οὐκ
1519 5488 1577 5539 ἐν
1631 5487 1827 5558 καιρῷ,

253 5580 364 5632 οὐδ’
409 5582 466 5632 ὲν
501 5582 711 5650 μέτρῳ,
765 5579 840 5649 μὴ
894 5582 1024 5649 παρ’
1055 5579 1252 5647 αὐτῆς,
1305 5578 1423 5629 ἀλλ’
1468 5577 1682 5631 οἴκοθεν
1730 5582 1830 5647 τὴν

256 5673 459 5744 βλάϐην
504 5673 849 5744 δεχομένους,
885 5672 958 5737 ὡς
1012 5675 1153 5741 σφᾶς
1207 5671 1404 5735 αὐτοὺς
1458 5673 1828 5735 ἐκδεδωκότας

249 5771 373 5830 ταῖς
426 5768 866 5837 παραχρήσεσιν.
915 5768 1067 5819 Ἐπεὶ
1115 5769 1206 5819 καὶ
1252 5766 1428 5818 πάντα
1458 5764 1554 5817 τοῦ
1609 5764 1725 5835 βίου
1762 5767 1827 5821 τὰ

256 5861 436 5929 ἀγαθὲ
472 5863 546 5924 εἰς
575 5861 742 5917 κακὸν
769 5861 855 5927 ἂν,
889 5863 963 5925 ὡς
991 5861 1187 5927 εἰπεῖν,
1220 5858 1535 5932 μεταϐάλοι,
1566 5859 1620 5913 εἴ
1650 5876 1733 5922 τις
1762 5876 1823 5928 γε

1944 4949 2045 4987 nec
2079 4947 2296 4986 onmem
2328 4931 2630 4986 orationem
2662 4940 2809 4982 tuam
2840 4930 3023 4994 laudo,
3053 4944 3152 4982 nec
3188 4930 3239 4982 in
3267 4932 3516 4987 omnibus

1943 5025 2306 5094 reprehendo.
2334 5023 2490 5090 Atqui
2520 5022 2563 5075 si
2603 5022 2710 5075 tuis
2729 5037 2828 5090 ego
2860 5023 3133 5075 assentiar
3165 5040 3228 5076 ex
3260 5026 3509 5091 seruisse,

1946 5128 2113 5185 tuque
2145 5115 2388 5170 vicissim
2426 5116 2478 5169 in
2519 5115 2655 5169 meis
2690 5115 2831 5167 idem
2886 5114 3102 5178 feceris,
3162 5115 3300 5168 alter
3354 5115 3509 5169 alteri

1944 5209 2260 5262 consentire
2310 5208 2801 5276 deprchendemur,
2834 5208 2926 5276 qui
2963 5207 3416 5274 pulcherrimam,
3459 5217 3512 5259 et

1943 5298 2163 5363 bonam,
2193 5308 2246 5353 et
2268 5300 2452 5354 utilem
2482 5299 2836 5366 praedicemus
2869 5313 2929 5353 ac
2954 5302 3368 5367 pronuntiemus
3391 5313 3509 5351 cam

1936 5394 2265 5462 voluptatem
2292 5408 2413 5462 quae
2446 5393 2779 5457 necessaria,
2812 5407 2931 5461 qum
2956 5392 3161 5448 decens
3190 5408 3253 5446 ac
3286 5394 3512 5445 honesta

1938 5486 2048 5551 sit;
2086 5486 2311 5556 viceque
2352 5502 2505 5542 versa
2546 5502 2652 5541 non
2685 5488 2995 5552 honestam,
3032 5501 3130 5540 nec
3162 5486 3378 5543 bonam,
3412 5495 3513 5533 nec

1939 5578 2150 5643 utilem,
2184 5592 2306 5645 qum
2336 5579 2554 5631 modum
2590 5579 2817 5632 excedat
2852 5589 2905 5629 et
2951 5591 3146 5645 expers
3181 5576 3251 5627 sit
3281 5570 3461 5625 decori
3494 5587 3507 5622 :
3565 5596 3575 5618 ι

1938 5673 2029 5740 qui
2055 5672 2290 5740 denique
2323 5672 2600 5739 voluptate
2628 5687 2732 5724 non
2763 5678 3066 5737 Opportune
3097 5680 3195 5718 nec
3231 5664 3507 5714 moderate

1937 5774 2181 5827 utantur,
2219 5778 2313 5817 eos
2336 5779 2441 5817 non
2475 5779 2502 5814 a
2538 5762 2829 5831 voluptate,
2868 5760 2960 5813 sed
2992 5755 3191 5823 seipsis
3224 5754 3510 5805 detrimen-

1940 5866 2047 5914 tum
2085 5858 2352 5927 accipcre,
2392 5870 2514 5911 cum
2562 5856 2768 5925 seipsos
2798 5851 3054 5906 abusibus
3088 5847 3307 5911 dedant,
3340 5860 3494 5913 quan-
