4098 6272
605 370 716 438 483
1724 433 1728 438 ,
1766 364 2162 428 ΜΛΝΗΕΙᾸΞ

2300 368 2648 429 LEOLOGI
3767 366 3886 431 484

607 490 902 561 doquidem
931 487 1113 544 omnia
1139 501 1354 557 quoque
1377 488 1503 543 vitae
1534 487 1676 543 bona
1699 487 1753 541 in
1779 488 2008 553 malum,
2035 497 2096 542 nt
2116 488 2189 541 ita

2299 474 2448 553 παρὰ
2480 485 2581 554 τῆν
2622 485 2814 556 χρείαν
2856 486 3038 550 αὐτοῖς
3089 486 3293 557 χρῷτο.
3345 487 3483 554 "Ave
3529 479 3646 548 οὖν,
3687 485 3744 539 et
3797 503 3882 538 σοι

609 582 865 644 dixerim,
904 589 1114 633 mutata
1141 585 1456 643 transeunt,
1493 578 1538 633 si
1572 579 1696 646 quis
1731 578 1838 632 illis
1870 587 2066 645 praeter
2095 593 2193 632 ne-

2299 577 2461 644 Βοκεῖ,
2510 577 2814 646 συμῦῶμεν
2856 579 2975 648 ἅμα
3024 581 3136 642 τοῖς
3169 579 3371 648 λόγοις.
3402 579 3543 641 Τοὺς
3569 579 3680 649 γὰρ
3724 579 3884 646 λογιο

609 673 924 728 ccssitatem
958 681 1163 724 utatur.
1205 670 1318 740 Age
1346 665 1536 740 igitur,
1567 669 1834 740 siquidem
1868 671 1938 724 ita
1979 669 2078 724 tibi
2107 669 2190 724 vi-

2299 670 2467 738 σμοὺς
2496 670 2629 738 ἡμῖν
2669 669 2748 732 είς
2778 671 2975 724 ταυτὸν
3002 667 3144 724 εἶναι
3174 671 3406 739 νομίζω.
3441 671 3510 724 Ἀ
3533 672 3643 741 γὰρ
3677 672 3747 723 σὺ
3775 671 3883 740 φῂς

561 841 565 846 ,
608 765 790 829 detur,
824 763 1006 819 verbis
1035 762 1255 817 tandem
1283 763 1334 818 in
1364 779 1531 818 unum
1555 778 1830 829 coeamus,
1860 762 2079 833 quando
2105 776 2193 814 ra--

2299 766 2392 831 τῆς
2421 763 2611 834 ἡδονῆς
2636 757 2796 826 εἶναι,
2825 764 3255 845 τὴννῦπερϐολὴν
3277 765 3372 816 καὶ¹
3396 765 3496 832 τὴν
3527 763 3881 829 πλεονεξίαν,

607 859 791 913 tiones
827 867 1044 912 nostras
1091 857 1282 912 eodem
1331 858 1555 912 tendere
1605 857 1863 910 arbitror.
1901 854 2034 909 Nam
2072 867 2193 923 quae

2299 857 2391 910 ἐπὶ
2421 855 2529 908 τῶν
2565 854 2932 908 ἀπολαυστῶν
2964 856 3206 917 πάντων,
3239 854 3394 908 ταῦτ’
3426 855 3536 922 ὲγὼ
3566 871 3716 923 φημι
3750 855 3884 924 ἡμέο

607 948 867 1016 voluptati
903 959 956 1001 tu
998 947 1214 1011 tribuis,
1249 947 1692 1015 exsuperantiam
1750 947 1960 1000 scilicet
1997 958 2188 1000 exces-

2299 965 2431 1017 τερα
2466 944 2628 1002 εἶναι.
2661 949 2811 1000 Ὠστ’
2848 952 2904 1002 ἐν
2935 949 3115 1016 λόγοις
3145 950 3278 1016 ἡμῖν
3309 950 3340 1018 ἡ
3374 949 3632 1016 διαφορὰ,
3669 947 3738 999 οὐ
3772 948 3884 1008 τοῖς

607 1055 842 1110 sumque
869 1040 1029 1094 rebus
1055 1039 1109 1092 in
1141 1039 1394 1092 omnibus
1416 1053 1645 1106 quorum
1672 1036 1858 1091 frnitio
1887 1037 2185 1106 expetitur,

2299 1036 2602 1106 λογισμοῖς.
2646 1037 2788 1090 Ἀλλ’
2818 1040 2871 1100 εί
2907 1038 2966 1092 τί
2996 1057 3078 1092 σοι
3107 1039 3272 1092 καλὸν
3314 1039 3460 1092 δοκεῖ
3493 1039 3650 1092 τοῦτο
3686 1039 3880 1091 καλεῖν

605 1145 672 1186 ea
706 1129 946 1184 vicissim
969 1144 1068 1198 ego
1099 1138 1283 1183 nostra
1311 1143 1434 1183 esse
1469 1129 1573 1182 aio.
1598 1125 1960 1193 Quamobrem
1986 1125 2187 1190 verbis,

2299 1125 2514 1194 ἡδονὴν,
2573 1127 2672 1196 τὴν
2733 1127 2778 1181 δ’
2827 1128 3001 1197 αὐτὴν
3044 1131 3420 1200 παράχρησιν,
3483 1131 3544 1183 ού
3578 1131 3879 1199 διοίσομαι.

605 1233 714 1273 non
776 1219 1062 1273 sententiis
1111 1218 1464 1272 dissidemus.
1516 1214 1637 1271 Tibi
1672 1216 1894 1284 quidem
1940 1214 1986 1271 si
2041 1213 2190 1284 quod

2299 1215 2474 1270 Μόνον
2502 1218 2587 1282 δός
2619 1237 2710 1289 μοι
2735 1221 2829 1272 καὶ
2855 1219 3019 1284 αὐτὸς
3041 1222 3246 1291 ἀγαθὸν
3277 1221 3377 1294 τὴν
3401 1222 3726 1293 σύμμετρον
3759 1220 3880 1291 ἡδο-

604 1310 808 1364 bonum
831 1320 939 1375 εει,
968 1309 1243 1379 appellare
1269 1308 1604 1378 voluptatem
1633 1307 1831 1376 placet,
1857 1314 1908 1360 et
1939 1305 2185 1361 eamdem

2299 1307 2391 1376 νῆν
2425 1308 2634 1378 λέγειν.

606 1401 836 1458 abusum
885 1403 1088 1464 dicere,
1141 1417 1248 1456 non
1299 1401 1660 1467 dissentiam;
1725 1399 1916 1456 saltem
1965 1415 2021 1456 et
2061 1398 2175 1469 ipse
2214 1401 2349 1456 mibi
2378 1406 2683 1476 concedito,
2711 1407 3052 1465 moderatam
3077 1416 3136 1464 ut
3189 1408 3518 1480 voluptatem
3576 1423 3703 1464 esse
3766 1422 3875 1465 rem

604 1493 804 1549 bonam
843 1492 1123 1562 proﬁtear.

1193 1608 1454 1664 ORATIO
1501 1607 1589 1663 Vl.

609 1702 897 1757 Peccatum
935 1717 1046 1754 esse
1094 1700 1350 1768 quiddam
1377 1699 1528 1766 longe
1561 1697 1866 1767 pessimum.
1900 1697 2182 1751 Neminem

680 1789 800 1827 vero
832 1771 1110 1837 desperare
1139 1769 1321 1822 debere
1342 1785 1432 1822 nec
1465 1769 1525 1820 de
1554 1770 1747 1836 seipso,
1775 1785 1864 1821 nec
1893 1769 1956 1822 de
1989 1767 2182 1834 altera,

677 1826 769 1896 sed
817 1826 1065 1908 judicare
1116 1840 1366 1904 seipsum,
1418 1847 1465 1890 et
1520 1826 1934 1900 non'alt'crum;
1967 1854 2060 1890 nec
2099 1826 2185 1890 eos
2219 1826 2261 1880 Β

680 1907 853 1965 odisse
878 1913 967 1978 qui
994 1910 1349 1976 deliquerunt,
1384 1909 1473 1961 sed
1506 1909 1796 1970 miserari;
1828 1907 1992 1977 deque
2019 1909 2184 1974 pani-

681 1984 867 2044 tentia,
895 1990 943 2033 et
974 1979 1304 2045 providentia
1346 1979 1466 2043 Dei,
1498 1987 1545 2032 et
1577 1978 1880 2040 dilectione,
1907 1990 1953 2031 et
2001 1980 2056 2030 in
2090 1979 2183 2030 Ito-

678 2055 844 2106 mines
871 2052 1174 2104 clementia.

681 2144 953 2198 Hactenus
992 2144 1058 2196 de
1108 2139 1387 2208 voluptate
1435 2139 1818 2203 disseruimus,
1874 2149 1929 2194 ut
1967 2139 2182 2208 quidem

608 2238 788 2301 licuit,
822 2236 1240 2302 institetamqne
1271 2234 1338 2286 de
1362 2231 1462 2285 hac
1488 2233 1795 2286 orationem
1811 2231 2180 2286 exhibuimus.

611 2333 691 2385 Ac
721 2330 794 2385 sit
828 2342 1107 2391 sane,non
1137 2339 1360 2393 prorsus
1391 2333 1448 2377 nt
1484 2339 1513 2377 a
1545 2324 1726 2378 decori
1760 2329 1970 2378 ratione
2001 2338 2187 2378 reces.

609 2423 868 2485 serimus,
901 2421 995 2474 sed
1035 2417 1132 2473 visi
1171 2416 1360 2472 saltem
1397 2416 1570 2518 signs
1606 2416 1946 2470 auditoribus
1987 2416 2187 2469 nostris

609 2513 964 2571 mediocriter
1016 2524 1280 2580 prospere
1335 2507 1738 2576 navigationem
1775 2519 2040 2578 susceptae
2077 2518 2189 2561 tra-

611 2608 870 2664 ctattonis
909 2602 1232 2671 absolvisse.
1271 2600 1541 2656 Catterum
1565 2600 1765 2654 debere
1795 2615 1893 2654 nos
1926 2601 2185 2666 arbitror,

604 2702 824 2756 ratione
857 2699 1018 2769 bnjus
1043 2696 1192 2751 omni
1222 2693 1516 2764 eaplicata,
1543 2691 1816 2763 siquidem
1843 2691 2082 2746 ofﬁcium
2110 2690 2190 2744 fa-

607 2808 735 2848 cere
793 2791 1063 2851 velimus,
1120 2788 1286 2842 etiam
1344 2789 1412 2841 de
1459 2785 1842 2855 desperatione
1891 2785 2185 2839 disserere.

611 2886 744 2940 Nam
780 2900 845 2939 ex
891 2881 1309 2950 intemperantia
1358 2879 1730 2950 voluptatibus
1770 2878 2030 2931 abutente
2061 2891 2188 2947 pec-

609 2989 729 3032 cata
765 2975 1038 3030 nostrisin
1071 2973 1270 3027 animis
1301 2979 1590 3039 emergunt
1617 2987 1633 3036 ;
1668 2969 1735 3024 de
1765 2966 2032 3037 frequenti
2061 2980 2188 3036 pec-

609 3077 732 3124 cato
774 3066 1084 3134 desperatio
1117 3063 1358 3128 exsistit,
1402 3077 1567 3132 quam
1619 3061 1818 3115 deinde
1873 3059 2046 3126 major
2076 3057 2181 3110 alia

608 3160 944 3222 comitatur;
994 3166 1157 3226 atque
1181 3157 1256 3209 ita
1291 3156 1417 3208 dum
1449 3154 1652 3208 malum
1697 3153 1873 3220 ipsum
1909 3150 2188 3220 progredi-
2215 3187 2256 3243 C

612 3263 722 3315 tur,
773 3261 995 3304 necesse
1031 3248 1247 3326 tandem
1279 3256 1362 3302 est
1403 3246 1454 3300 in
1507 3245 1781 3300 inﬁnitum
1824 3243 2056 3314 porrigi,
2091 3259 2187 3297 ex-

611 3354 962 3410 tremumque
996 3339 1193 3394 vulnus
1229 3338 1424 3393 animis
1447 3337 1640 3406 intligi,
1673 3336 1799 3390 dum
1825 3337 1940 3391 lues
1971 3349 2188 3404 semper

611 3439 665 3492 in
693 3435 936 3491 deterius
965 3433 1160 3498 tendit,
1196 3433 1374 3486 minus
1409 3442 1466 3484 ut
1500 3445 1562 3484 ea
1595 3428 1813 3484 liberari
1846 3428 2026 3483 liceat.
2052 3426 2188 3480 Mul-

612 3541 697 3586 tos
743 3528 1036 3584 admodum
1071 3525 1320 3594 voluptas
1356 3531 1662 3593 prostratos
1699 3521 1933 3592 subegit,
1989 3519 2188 3573 multos

611 3625 773 3679 etiam
811 3620 1132 3676 vulneribus
1167 3616 1370 3672 alfecit.
1407 3614 1481 3668 Ac
1514 3613 1779 3676 nonnulli,
1813 3611 1953 3682 quod
1991 3611 2043 3664 in
2073 3610 2190 3664 atti—

611 3730 759 3771 mum
805 3729 966 3768 suum
999 3710 1248 3764 viriliter
1299 3717 1513 3762 certare
1553 3721 1662 3759 non
1717 3703 2085 3766 induxissent,
2120 3715 2188 3754 ne

612 3808 848 3878 primam
883 3804 1103 3874 quidem
1138 3801 1258 3869 ejus
1293 3798 1700 3870 aggressionem
1731 3796 2064 3856 sustinuere,
2095 3791 2188 3846 sed

613 3899 814 3969 captivi
848 3897 1006 3965 plane
1033 3893 1181 3960 facti,
1208 3900 1578 3964 spectatorum
1597 3889 1784 3962 sibilis
1815 3887 2018 3955 explosi
2043 3894 2188 3940 sunt.

561 4005 578 4012 "
619 3994 820 4047 Deinde
870 4006 993 4044 cum
1052 3988 1372 4051 voluissent,
1414 4001 1518 4038 non
1555 3985 1716 4038 modo
1761 3982 1929 4036 eladis
1959 3989 2194 4049 acceptae

616 4083 794 4137 labem
824 4081 1133 4140 abolevere,
1169 4075 1356 4132 verum
1387 4075 1550 4130 etiam
1589 4073 1788 4128 debilis
1825 4071 2066 4126 victoria:
2107 4085 2197 4122 co-

615 4177 765 4235 ronis
817 4173 1052 4228 redimiti
1092 4171 1333 4236 fuerunt.
1369 4169 1438 4222 At
1472 4183 1602 4224 vero
1632 4173 1898 4237 quotquot
1941 4177 2068 4218 ense
2101 4162 2196 4215 de-

617 4269 952 4339 speratioiiis
989 4266 1103 4321 laasi
1131 4275 1278 4327 sunt,
1311 4277 1500 4317 eorum
1549 4275 1708 4314 nemo
1759 4258 1938 4311 curari
1978 4263 2192 4324 potest:

616 4363 794 4419 letalis
819 4363 962 4416 enim
998 4361 1098 4414 ista
1148 4357 1305 4426 plaga
1333 4362 1420 4410 est
1461 4367 1562 4407 nec
1593 4351 1698 4404 ulla
1741 4350 1950 4403 ratione
1979 4347 2195 4404 sanabi.

617 4457 703 4511 lis.
741 4451 1107 4519 Quamobrem
1158 4449 1276 4516 ipsa
1326 4445 1500 4513 poscit
1537 4442 2043 4510 necessitaquuod
2081 4441 2197 4492 aie-

2901 1610 3121 1665 ΛΟΓΟΣ
3160 1609 3252 1680 ς’.

2293 1701 2424 1757 Ὀτι
2463 1704 2502 1772 ἡ
2539 1705 2658 1770 μὲν
2690 1705 2948 1772 ἁμαρτία
2987 1707 3054 1759 τὸ
3103 1705 3354 1759 πάντων
3397 1705 3713 1773 χεῷιστον
3737 1721 3752 1734 ·
3785 1704 3875 1758 δεῖ

2363 1774 2432 1826 δὲ
2454 1774 2691 1843 μηδένα
2743 1774 3204 1845 ἀπογινώσκειν,
3233 1776 3388 1844 μήτε
3439 1776 3678 1830 ἑαυτὸν.
3719 1775 3871 1843 μήτε

2359 1845 2588 1910 ἕτερον,
2631 1844 2879 1912 κρίνειν
2909 1845 2978 1897 δὲ
3027 1845 3267 1909 ἑαυτὸν,
3317 1845 3415 1898 καὶ
3466 1847 3579 1912 οὐχ
3628 1845 3866 1912 ἕτερον’

2362 1917 2461 1968 καὶ
2500 1914 2644 1978 τοὺς
2681 1915 3100 1984 ἡμαρτηκόζας
3126 1919 3198 1968 οὐ
3230 1915 3452 1979 μισεῖν,
3480 1915 3620 1968 ἀλλ’
3651 1915 3863 1968 ἐλεεῖν

2357 1986 2456 2038 καὶ
2510 1985 2641 2052 περὶ
2693 1986 3042 2051 μετανοίας,
3075 1986 3172 2038 καὶ
3213 1985 3326 2052 τῆς
3374 1986 3481 2039 τοῦ
3526 1986 3678 2040 Θεοῦ
3729 2001 3867 2053 προ-

2360 2057 2554 2120 νοίας,
2594 2056 2693 2108 καὶ
2729 2055 2973 2124 ἀγάπης
3012 2057 3110 2108 καὶ
3142 2055 3620 2124 φιλανθρωπίας.
3899 2060 3906 2068 ’

2360 2149 2497 2216 Περὶ
2541 2148 2738 2218 ἡδονῆς
2782 2133 3294 2218 προδιαλεχθέντες,
3324 2149 3400 2212 ὡς
3451 2143 3555 2201 οἷοί
3601 2147 3650 2200 τ’
3701 2142 3857 2217 ἦμεν,

2288 2238 2718 2308 ἀποδεδώκαμεν
2760 2241 2852 2294 τὸν
2899 2241 3028 2310 περὶ
3061 2243 3299 2312 ταυτησὶ
3323 2242 3483 2308 λόγον
3505 2258 3517 2272 ·
3556 2243 3652 2294 καὶ
3689 2241 3766 2308 εῐη
3795 2257 3851 2305 γε

2293 2329 2368 2400 μὴ
2398 2330 2680 2392 παντελῶς
2709 2329 2803 2382 τοῦ
2851 2331 3159 2398 πρέποντος
3215 2329 3699 2393 ἀποπεπτωκέναι,
3727 2329 3847 2381 ἀλλὰ

2293 2419 2531 2491 μετρίως
2587 2421 2720 2488 γοῦν
2777 2421 2961 2484 καλῶς
3019 2421 3110 2474 τὸν
3159 2425 3288 2490 περὶ
3346 2422 3446 2490 τῆς
3502 2421 3840 2490 ἐγχειρήσεως

2291 2513 2460 2567 πλοῦν
2495 2514 2644 2579 δόξαι
2667 2516 2778 2578 τοῖς
2812 2515 3115 2569 ἀκούσασιν
3147 2516 3425 2584 ἡνυκέναι.
3463 2517 3588 2568 Δεῖν
3623 2513 3678 2567 δὲ
3715 2513 3848 2582 ἡμᾶς

2289 2602 2465 2676 οῐμαι,
2508 2609 2635 2675 περὶ
2673 2606 2891 2677 ἐκείνης
2942 2608 3260 2674 διεξιόντακ
3315 2609 3410 2662 καὶ
3448 2610 3579 2678 περὶ
3619 2605 3858 2674 ἀπογνιίμ

2293 2715 2428 2759 σεως
2479 2698 2852 2763 διαλέξασθαι,
2885 2702 2931 2752 εἰ
2971 2700 3269 2770 μέλλοιμεν
3330 2701 3504 2754 ποιεῖν
3554 2700 3616 2753 τὸ
3662 2698 3860 2768 προσῆ-

2291 2807 2408 2843 κον.
2461 2789 2593 2842 Ἀπὸ
2627 2792 2726 2859 μὲν
2775 2791 2885 2862 γὰρ
2937 2795 3043 2862 τῆς
3081 2793 3188 2845 τῶν
3241 2792 3446 2864 ἡδονῶν
3493 2793 3769 2865 ἀκρασίας
3795 2793 3860 2843 τὲ

2291 2882 2666 2953 ἁμαρτήματα
2695 2885 2775 2944 είς
2802 2883 2901 2945 τὰς
2931 2885 3208 2953 ἡμετέρας
3240 2885 3418 2956 ψυχὰς
3449 2885 3860 2954 κατασκήπτει·

2291 2975 2356 3027 ὲκ
2397 2975 2452 3027 δὲ
2492 2974 2691 3044 συχνῆς
2723 2975 3003 3044 ἁμαρτίας
3035 2975 3388 3044 ἀπόγνωσις’
3430 2973 3524 3027 καὶ
3564 2975 3623 3042 ἐξ
3655 2962 3864 3044 ἐκείνης

2292 3067 2458 3137 ἑτέρα
2507 3066 2713 3134 μείζων
2739 3083 2754 3099 ο
2785 3067 2882 3120 καὶ
2927 3064 3072 3120 οὕτω
3124 3084 3189 3135 γε
3239 3068 3537 3137 προϐαῖνον
3571 3066 3630 3120 τὸ
3672 3067 3859 3130 κακον,

2290 3161 2589 3226 ἀναγκαῖον
2637 3160 2716 3220 εἰς
2763 3159 2993 3231 ἄπειρον
3036 3158 3352 3228 ἐκταθῆναι,
3396 3160 3493 3213 καὶ
3540 3160 3640 3229 τὴν
3688 3159 3869 3210 τελευ-

2288 3250 2451 3303 ταίαν
2505 3251 2719 3319 πληγὴν
2768 3251 2867 3314 τὰς
2909 3250 3091 3320 ψυχὰς
3139 3251 3421 3318 δέξασθαι,
3475 3253 3761 3323 χωρούσης
3804 3266 3867 3318 γε

2290 3337 2376 3392 ἀεὶ
2427 3338 2527 3407 τῆς
2581 3339 2758 3408 λύμης
2804 3341 2858 3401 ἐς
2911 3341 2971 3394 τὸ
3014 3342 3317 3412 δεινότερόν
3362 3361 3422 3396 τε
3466 3346 3557 3396 καὶ
3582 3343 3868 3398 δυσαπαλ-

2291 3429 2639 3501 λακτότερον.
2678 3430 2741 3483 ’Ιί
2767 3431 2929 3502 ἡδονὴ
2964 3432 3189 3496 πολλοὺς
3224 3433 3322 3502 μὲν
3349 3435 3484 3488 πάνυ
3520 3436 3863 3501 κατήνεγκε,

2293 3525 2523 3587 πολλοὺς
2569 3526 2613 3577 δ’
2645 3521 2711 3579 αὖ
2743 3527 3048 3596 εἰργάσατο
3071 3528 3434 3598 τραυματίας.
3470 3527 3574 3578 Καὶ
3599 3526 3756 3588 ἔνιοι,
3778 3524 3865 3594 τῷ

2296 3615 2371 3687 μὴ
2407 3620 2526 3668 κατ’
2555 3617 2755 3684 ἄνδρας
2802 3618 3175 3685 ἀγωνίζεσθαι
3203 3617 3571 3689 προῃρῆσθαι.
3609 3617 3736 3670 οὐδὲ
3765 3615 3870 3685 τὴν

2295 3709 2522 3780 πρώτην
2570 3711 2822 3782 εἰσϐολὴν
2875 3711 3094 3781 ἐκείνης
3140 3713 3474 3781 ὑπέστησαν,
3500 3711 3615 3763 ἀλλ’
3664 3710 3871 3780 αἰχμά-

2295 3804 2457 3855 λωτοι
2491 3804 2748 3868 καθάπαξ
2782 3805 3092 3873 γεγονότες,
3123 3805 3274 3873 παρὰ
3319 3805 3429 3874 τῶν
3465 3803 3717 3871 ὁρώντων
3748 3804 3871 3854 ἐσυ-

2290 3892 2561 3968 ρίττοντο.
2597 3899 2831 3951 Ἔπειτα
2864 3899 3196 3967 θελήσαντες
3227 3899 3287 3951 ού
3320 3883 3487 3967 μόνον
3508 3898 3605 3968 τὴν
3644 3897 3752 3951 ἀπὸ
3780 3897 3873 3964 τῆς

2295 3985 2463 4058 ἥττης
2512 3987 2777 4058 αἰσχύνην
2826 3989 3222 4058 ἀπετρίψαντο,
3253 3989 3391 4041 ἀλλὰ
3446 3989 3541 4040 καὶ
3596 3989 3720 4048 τοὺς
3769 3986 3877 4040 ἀπὸ

2295 4079 2396 4146 τῆς
2436 4079 2592 4148 νίκης
2641 4080 2943 4147 στεφάνους
2985 4082 3339 4149 ἁνεδήσαντο.
3373 4078 3496 4134 Τῶν
3522 4080 3576 4133 δὲ
3612 4080 3881 4151 βεϐλημέ-

2297 4187 2403 4221 νων
2442 4169 2518 4239 τῷ
2567 4169 2710 4237 ξίφει
2761 4170 2861 4239 τῆς
2915 4171 3284 4238 ἀπογνώσεως
3340 4171 3444 4224 οὐκ
3495 4172 3649 4223 ἔστιν
3690 4172 3880 4224 οὐδένα

2299 4260 2733 4329 θεραπευθῆναι.
2785 4262 2991 4330 Καιρία
3047 4263 3157 4330 γὰρ
3189 4264 3220 4330 ἡ
3257 4262 3440 4332 πληγὴ
3492 4263 3587 4316 καὶ
3626 4262 3882 4330 οὐδαμῶς

2303 4353 2542 4421 ἰάσιμος.
2577 4352 2732 4406 ¹Ὢσθ’
2767 4354 2901 4422 ὅπερ
2952 4350 3129 4418 εἷπον,
3163 4354 3459 4421 ἀναγκαῖον
3487 4355 3613 4423 ἐμοὶ
3649 4355 3880 4422 γίνεται,

2303 4445 2433 4514 περὶ
2467 4443 2662 4514 ἡδονῆς
2693 4445 3164 4514 προδιαλεχθέντι,
3197 4447 3295 4499 καὶ
3344 4446 3474 4514 περὶ
3513 4446 3885 4514 ἀπογνώσεως

619 4551 743 4604 bam
769 4545 952 4608 modo,
985 4551 1044 4596 ut
1071 4557 1193 4597 cum
1227 4542 1493 4594 hactenus
1523 4537 1587 4589 de
1629 4535 1902 4603 voluptate
1929 4535 2196 4588 disserue-

2303 4534 2400 4586 νῦν
2439 4536 2613 4586 εἰπεῖν
2639 4549 2653 4564 °
2698 4536 2794 4588 καὶ
2840 4535 3130 4607 βοηθῆσαι,
3177 4538 3350 4610 ὁπόση
3399 4539 3655 4608 δύναμις,
3691 4541 3741 4590 εί
3771 4557 3886 4591 κιν-⁹

620 4642 745 4704 rim,
787 4650 932 4692 nunc
975 4633 1043 4688 de
1083 4629 1466 4700 desperatione
1505 4627 1666 4704 verba
1721 4625 1918 4679 faciam
1943 4666 1958 4690 ,
1993 4637 2198 4693 proque

622 4701 832 4787 viribus
857 4742 1013 4795 opem
1057 4726 1162 4780 illis
1199 4722 1370 4777 ieram
1418 4720 1510 4788 qni
1537 4701 1936 4784 desperationis
1971 4719 2020 4769 in
2055 4714 2200 4784 peri-

622 4825 745 4878 cnlo
783 4829 1090 4877 versantur.
1140 4816 1354 4886 Quippe
1403 4815 1448 4869 si
1481 4814 1550 4869 de
1585 4813 1862 4880 voluptate
1912 4825 2016 4863 non
2049 4818 2201 4863 recte

623 4916 948 4978 sentientes,
968 4910 1393 4980 haudquaquam
1418 4906 1636 4961 silentio
1673 4904 1989 4960 transeundi
2017 4908 2198 4964 erant,

625 5005 706 5060 uti
740 5019 838 5057 nec
889 5019 918 5056 a
969 5002 1124 5057 nobis
1148 5013 1234 5057 est
1267 4999 1495 5063 factum,
1525 4999 1696 5052 multo
1750 4998 1928 5050 minus
1959 4995 2201 5049 arbitror

625 5097 1064 5154 existimaturum
1103 5095 1364 5164 aliquem,
1412 5108 1518 5147 non
1557 5091 1662 5145 illis
1699 5105 1855 5159 opem
1893 5087 2199 5148 ferendam,

625 5191 718 5262 qui
751 5204 816 5242 eo
839 5198 961 5241 sunt
986 5187 1228 5256 periculo
1252 5185 1561 5249 cousﬁtuti,
1595 5183 1834 5236 deterius
1862 5191 1918 5234 nt
1944 5181 2198 5250 quiddam

624 5284 760 5354 ipsis
793 5278 1025 5333 accidat.
1054 5277 1189 5330 Nam
1227 5292 1292 5330 ex
1325 5275 1430 5328 alio
1461 5274 1692 5342 quodam
1718 5281 1918 5326 'errorc
1944 5271 2201 5326 diuturno

625 5377 831 5447 plures,
853 5386 918 5426 ex
952 5370 1167 5424 assidua
1199 5367 1579 5436 desperatione
1604 5374 1885 5419 revocatus
1911 5371 1995 5418 est
2019 5378 2196 5417 nemo.

624 5471 738 5526 Nec
760 5480 961 5522 vanum
985 5460 1190 5530 aliquid
1219 5461 1395 5514 moliri
1421 5474 1521 5514 nos
1545 5458 1896 5523 arbitramur,
1915 5472 2012 5511 nec
2032 5457 2082 5510 in
2101 5458 2205 5511 hoc

626 5569 824 5616 conatu
857 5564 1050 5610 nostro
1081 5551 1378 5622 quidquam
1430 5564 1549 5603 esse
1586 5548 1670 5603 vel
1719 5547 1958 5601 tumoris
1989 5546 2070 5599 vel
2110 5560 2206 5598 au-

627 5654 816 5707 daciae.
843 5648 978 5703 Nam
1011 5659 1227 5715 acquum
1267 5655 1388 5698 esse
1419 5655 1731 5705 censemus,
1783 5649 1846 5692 ut
1878 5637 2100 5691 minime
2131 5639 2206 5692 si-

626 5745 795 5800 lentio
821 5741 1070 5797 morbum
1095 5735 1244 5791 illum
1271 5742 1681 5804 praetereamus,
1703 5730 1792 5800 qui
1821 5729 2008 5800 procul
2040 5728 2204 5784 dubio

631 5835 925 5909 perniciem
957 5834 1062 5890 illis
1088 5830 1266 5894 aﬁcrt,
1294 5825 1490 5898 quibus
1517 5825 1583 5881 ad
1616 5824 1834 5896 aliquod
1865 5831 2077 5891 tempus
2107 5823 2203 5878 ad-

2303 4624 2584 4678 δυνεύουσί
2616 4643 2762 4690 τινες
2811 4627 3153 4694 ἀπογνῶναι.
3191 4630 3253 4682 Ei
3303 4631 3411 4699 γὰρ
3451 4629 3580 4692 τοὺς
3628 4630 3888 4698 περὶτῆς

2303 4717 2499 4788 ἡδονῆς
2535 4719 2598 4771 οὐ
2647 4719 2747 4790 τὴν
2792 4721 3126 4791 γιγνομένην
3160 4721 3385 4792 ἔχοντας
3428 4722 3612 4787 δόξαν,
3637 4723 3740 4774 οὐκ
3775 4721 3888 4774 ἔδει

2303 4808 2708 4878 παραδραμεῖν,
2743 4807 2940 4861 οὔκουν
2981 4809 3102 4862 οὐδὲ
3143 4811 3358 4878 γέγονε,
3396 4811 3560 4880 σχολῇ
3593 4811 3646 4879 γ’
3686 4810 3774 4875 ἂν,
3810 4808 3891 4864 οἷ-

2306 4916 2426 4970 μαι,
2461 4904 2575 4963 τοῖς
2631 4901 3010 4954 κινδυνεύουσί
3062 4919 3115 4954 τι
3170 4906 3355 4974 χεῖρον
3407 4902 3603 4955 παθεῖν
3656 4905 3718 4955 οὐ
3762 4903 3893 4956 συλ-

2303 4995 2539 5065 ληπτέον
2600 4994 2665 5048 ἂν
2707 4994 2875 5060 δόξαι.
2925 4995 3120 5050 Πολλοὶ
3181 4997 3280 5066 μὲν
3333 4997 3442 5068 γὰρ
3498 4998 3609 5050 ἀπὸ
3665 5001 3894 5069 μακρᾶς

2305 5103 2450 5149 τινος
2490 5085 2657 5153 ἄλλης
2683 5086 2915 5157 πλάνης,
2943 5087 3120 5150 οὐδεὶς
3153 5087 3199 5140 δ’
3235 5088 3342 5141 ἀπὸ
3380 5089 3584 5157 συχνῆς
3633 5091 3894 5157 ἀπογνώ-

2308 5193 2444 5239 σεως
2474 5177 2742 5245 ἐπανῆκε.
2772 5177 3055 5239 Δοκοῦμεν
3101 5178 3157 5231 δὲ
3194 5179 3365 5249 μηδὲν
3415 5180 3538 5247 είκῆ
3572 5179 3892 5248 βούλεσθαι,

2310 5266 2442 5337 μηδὲ
2488 5267 2738 5336 μετέχειν
2783 5269 3015 5338 ταυτηνὶ
3042 5269 3142 5339 τὴν
3184 5269 3505 5338 ἐγχείρησιν
3541 5270 3709 5337 ὄγκον
3743 5272 3895 5334 τινὸς

2304 5360 2337 5428 ἢ
2363 5358 2737 5429 θρασύτητος·
2781 5354 2924 5414 εἶναι
2965 5360 3075 5430 γὰρ
3106 5362 3456 5432 γιγνόμενον,
3504 5361 3579 5431 μὴ
3624 5366 3751 5432 σιγῇ
3786 5382 3896 5417 ιτα-

2310 5453 2607 5522 ραδραμεῖν
2643 5453 2857 5523 ἐκείνην
2887 5455 2986 5524 τὴν
3019 5454 3340 5525 νόσον,ἥτις
3373 5449 3454 5516 οἷς
3485 5455 3802 5524 συγγένοιτ’
3831 5459 3896 5510 ἄν

2306 5563 2426 5599 τινα
2478 5546 2694 5616 χρόνον,
2747 5546 2972 5609 τούτους
3021 5547 3264 5618 ἀτεχνῶς
3326 5547 3658 5618 διαφθείρει.
3704 5551 3803 5602 Δεῖ
3853 5550 3898 5601 δ’

2307 5637 2578 5690 ἐπιθεῖναι
2616 5637 2694 5706 τῷ
2735 5636 3016 5707 θραύματι
3061 5640 3425 5708 κατάλληλον,
3455 5637 3633 5712 οἶμαι,
3662 5643 3897 5712 φάρμα-

2309 5747 2424 5796 κον,
2449 5731 2497 5783 εί
2528 5731 2824 5800 μέλλοιμεν
2855 5732 2988 5785 αὐτὸ
3021 5733 3415 5788 καταστέλλειν
3447 5752 3507 5787 τε
3537 5735 3632 5788 καὶ
3671 5736 3895 5789 ίᾶσθαι·

2308 5823 2446 5879 ἀλλὰ
2509 5825 2584 5896 μὴ
2641 5826 3092 5898 προσπαροξῦναι
3153 5829 3262 5891 τοῖς
3322 5828 3623 5897 ἐναντίοις,
3677 5828 3900 5884 οἰκοθ;ν
