4098 6272
298 393 408 457 485

1732 385 2023 449 ORATIO
2057 388 2152 452 VI.

3408 390 3545 455 »486

290 512 473 581 ὀργῶν
526 505 619 563 καὶ
662 506 1015 578 φλεγμαῖνον.
1066 506 1176 561 Καὶ
1213 504 1396 567 ἁπλῶς
1446 502 1501 557 δὲ
1539 504 1703 557 πᾶσιν
1733 501 1865 571 ἑξῆς

1978 504 2211 559 laeserit.
2277 503 2669 574 Imponendum
2719 514 2899 559 autem
2947 502 3153 559 vulneri
3213 494 3545 559 Conveniens

291 605 433 657 οὕτω
458 620 521 671 γε
554 600 850 673 βοηθητέον
886 602 1002 663 ταῖς
1034 599 1273 669 γνησίοις
1310 597 1607 667 βοηθείαις,
1640 598 1736 649 καὶ
1762 599 1864 651 οἰκ

291 696 630 767 ἀπᾳδούςαις
676 695 769 747 τοῦ
808 694 1101 764 χρῄζοντος
1146 693 1244 761 τῆς
1290 691 1423 761 παρ’
1451 691 1607 761 ήμῶν
1640 706 1865 759 συμμα-

290 789 437 857 χίας.
473 786 685 848 ’Ἄλλως
718 786 824 856 γὰρ
874 785 938 839 ἂν
982 786 1068 853 εἴη
1120 783 1255 854 μηδὲ
1309 785 1581 853 ἐγχειρεῖν
1617 782 1862 851 ἄμεινον·

294 879 497 948 βλάψαι
529 878 638 948 γὰρ
684 878 771 941 ἂν,
817 878 918 930 οὐκ
968 877 1162 947 ὀνήσαι
1190 877 1317 937 τοὺς
1366 874 1456 942 ὑφ’
1492 874 1648 944 ἡμῶν
1682 890 1742 940 γε
1775 873 1868 941 δῆ-

293 970 385 1022 θεν
434 970 853 1040 βοηθουμένους.
888 969 962 1023 Οὐ
1014 968 1252 1039 χαλεπὸν
1298 967 1353 1020 δὲ
1388 963 1542 1034 οἶμαι
1593 966 1773 1035 εὑρεῖν
1803 968 1866 1018 τὸ

292 1061 633 1129 κατάλληλον
674 1059 834 1111 τοῦτο
880 1059 1195 1127 φάρμακον.
1242 1058 1485 1127 Χορηγεῖ
1517 1056 1624 1126 γὰρ
1654 1049 1868 1107 οἴκοθεν

294 1152 478 1223 αὐτδή
513 1152 606 1206 τοῦ
654 1154 909 1221 Σωτῆρος
949 1150 1357 1221 φιλανθρωπία,
1393 1151 1426 1219 ή
1466 1148 1610 1217 μόνη
1642 1147 1865 1201 πάντων

297 1242 479 1312 ἰατρὸς
534 1242 641 1293 τῶν
694 1259 757 1309 γε
800 1240 1061 1294 τοιούτων
1116 1238 1610 1310 ἀρρωειτιῃθὰτων⁸
1673 1232 1743 1308 ἦς
1792 1235 1864 1288 τὰ

293 1337 673 1406 ἁμαρτήματα
703 1337 811 1388 τῶν
855 1334 1164 1404 ἀνθρώπων
1193 1334 1447 1388 τοσοῦτον
1473 1333 1694 1384 ἔλαττον
1724 1331 1861 1399 ἔχει,

288 1429 415 1480 ὅσον
460 1428 569 1480 οὐδ’
613 1428 763 1480 ἔστιν
814 1425 1209 1496 ἐνθυμηθῆναι.
1245 1425 1399 1477 ⁰¹Ωστ’
1447 1422 1553 1475 ἀπὸ
1597 1421 1865 1491 βαλϐῖδος,

292 1521 445 1586 φασὶ,
478 1519 537 1572 τὸ
576 1516 909 1588 ζητούμενον
942 1517 1077 1586 ἡμῖν
1111 1515 1364 1586 εὕρηται.

1973 594 2431 649 medicamentum
2483 607 2633 664 puto,
2672 595 2946 665 siquidem
2996 596 3047 647 id
3090 595 3284 649 sedare
3315 596 3546 649 velimus

1973 698 2037 737 ac
2075 699 2289 749 sanare,
2330 701 2436 740 non
2486 702 2582 754 per
2621 702 2681 742 se
2735 700 2953 741 tumens
2999 696 3055 741 et
3085 696 3324 740 astuans
3377 688 3547 754 magis

1972 775 2135 829 etiam
2157 778 2450 832 contrariis
2468 780 2821 833 exacerbare.
2849 778 3182 849 Simpliciter
3211 786 3391 832 autem
3419 794 3548 831 cun-

1973 868 2077 923 ctis
2104 868 2208 924 hoc
2236 871 2400 925 modo
2430 874 2859 927 succurrendum
2894 872 3097 927 nativis
3131 872 3408 931 remediis,
3434 880 3487 924 et
3518 886 3547 922 a

1974 963 2174 1032 quibus
2218 964 2307 1019 ille
2337 980 2445 1019 non
2476 966 2790 1031 abhorreat,
2836 966 3040 1021 auxilio
3070 968 3161 1034 qui
3193 978 3379 1020 nostro
3407 966 3548 1019 imii-

1972 1067 2080 1129 get.
2116 1056 2253 1113 Nam
2306 1060 2597 1128 ceteroqui
2641 1061 2979 1128 prmstitcr'rt,
3023 1060 3158 1114 nihil
3196 1075 3294 1113 nos
3322 1059 3545 1111 omnino

1975 1150 2390 1220 moliri,quippe
2420 1152 2831 1216 detrimentum,
2856 1168 2958 1207 non
2990 1152 3414 1207 emolumentum
3450 1167 3545 1203 ac.

1973 1237 2215 1306 ciperent
2266 1240 2465 1306 quibus
2498 1240 2756 1294 adhibere
2787 1240 3090 1295 remedium
3129 1242 3407 1296 vellemus.
3436 1230 3546 1295 Nec

1973 1329 2200 1383 inventu
2259 1329 2473 1385 ditﬁciIe
2528 1332 2860 1386 conveniens
2907 1332 3035 1386 illud
3090 1333 3541 1387 medicamentum

1973 1419 2231 1474 arbitror.
2264 1421 2475 1476 Etenim
2512 1422 2564 1476 id
2605 1436 2668 1475 ex
2701 1438 2822 1478 sese
2856 1424 3167 1492 suppeditat
3210 1424 3326 1492 ipsa
3361 1423 3547 1477 Salva-

1971 1512 2105 1565 toris
2139 1526 2266 1583 erga
2300 1528 2401 1569 nos
2433 1515 2746 1579 clementia,
2794 1531 2913 1585 quae
2948 1517 3064 1571 sola
3098 1518 3310 1571 cunctis
3357 1516 3547 1585 hujus-

292 1616 436 1668 modi
468 1613 676 1668 morbis
703 1612 970 1676 medetur,
1006 1621 1058 1664 et
1084 1627 1188 1680 qua
1223 1618 1375 1663 tanto
1412 1618 1537 1662 sunt
1566 1606 1825 1660 inferiora
1856 1605 2171 1660 mortalium
2196 1607 2411 1674 delicta,
2450 1619 2713 1677 quantum
2746 1625 2811 1663 ne
2841 1610 3133 1678 cogitando
3163 1609 3382 1677 quidem
3412 1622 3546 1663 con-

294 1709 400 1779 cipi
446 1717 640 1778 potest.
692 1706 1035 1777 Quapropter
1090 1706 1158 1759 ab
1215 1705 1330 1773 ipso
1385 1703 1593 1765 limine,
1658 1701 1801 1769 quod
1866 1700 2039 1767 aiunt,
2064 1702 2344 1757 inventum
2375 1704 2530 1758 nobis
2558 1704 3226 1773 estquodqttwrebamus.

379 1804 519 1858 Ἀλλ’
554 1804 583 1856 ὁ
632 1802 780 1856 δεῖνά
826 1819 913 1869 γε,
961 1800 1148 1869 φησὶν,
1192 1797 1360 1866 ὕψους
1418 1799 1738 1869 ἀπερῤἀγη,
1765 1797 1861 1851 καὶ

2040 1798 2108 1849 At
2138 1798 2282 1851 enim
2311 1798 2420 1861 ille,
2460 1798 2607 1853 dicet
2636 1798 2860 1866 aliquis,
2904 1798 3126 1851 avulsus
3169 1806 3250 1851 est
3285 1798 3350 1851 de
3375 1795 3549 1850 sutili—

299 1869 625 1968 κατηνέχθη,
654 1898 749 1951 καὶ
796 1896 988 1965 γέγονέ
1020 1912 1069 1947 τι
1108 1893 1308 1964 πτῶμα
1347 1893 1518 1945 δεινὸν
1550 1892 1720 1946 ἅπασι
1752 1896 1865 1955 τοῖς

1978 1890 2063 1955 mi,
2130 1892 2495 1961 deorsumque
2547 1892 2768 1961 lapsus,
2822 1907 2885 1947 ac
2938 1892 3113 1955 ruinae
3174 1889 3546 1959 spectaculum

299 1990 488 2043 τοῦτον
536 1992 721 2061 ὁρῶσι.
760 1990 870 2043 Καὶ
918 1988 969 2042 τί
1013 1989 1169 2041 ταυτὶ
1222 1986 1361 2057 πρὸς
1406 1988 1469 2039 τὸ
1518 1986 1863 2053 ἀπογντῦναη

297 2084 637 2153 Βουληθῆναι
680 2083 760 2136 δεῖ
810 2081 991 2152 μόνον,
1020 2082 1118 2134 καὶ
1160 2080 1302 2150 πρὸς
1359 2078 1437 2148 τῷ
1498 2078 1869 2148 ἀπονίψασθαι

289 2177 364 2229 τὰ
411 2176 555 2229 κακά
608 2177 703 2229 καὶ
751 2174 971 2247 πτηνῶν
1016 2174 1079 2227 ἀν
1105 2172 1294 2241 τάχιον
1320 2173 1407 2224 ἐπ’
1435 2172 1607 2241 αὐτὴν
1630 2171 1726 2239 τὴν
1760 2170 1867 2223 τῶν

288 2270 476 2324 καλῶν
510 2268 721 2321 ἀνέλθοι
759 2268 1026 2337 κορυφήν.
1059 2266 1216 2333 Λέγω
1265 2265 1323 2317 δὲ
1353 2264 1608 2334 βούλησιν
1642 2264 1736 2317 νῦν
1770 2262 1869 2332 τὴν

284 2364 382 2416 διὰ
426 2364 535 2417 τῶν
585 2362 764 2431 ἔργων
809 2358 1299 2429 μαρτυρουμένην’
1333 2357 1392 2409 οὐ
1421 2358 1530 2424 γὰρ
1560 2357 1729 2416 ἔστιν,
1770 2355 1870 2407 οὐκ

286 2457 444 2509 ἔστιν
485 2455 558 2517 ώς
592 2452 831 2521 ἀληθῶς,
867 2452 1228 2520 θελήσαντας,
1257 2451 1551 2516 ἀποτυχεῖν
1600 2448 1693 2501 τοῦ
1745 2465 1870 2499 σκο-

288 2548 424 2603 ποῦ.
467 2547 563 2599 Ἐκ
613 2545 725 2613 γὰρ
778 2544 875 2595 τοῦ
905 2544 1001 2612 μὴ
1056 2540 1342 2605 βούλεσθαι
1389 2540 1605 2608 ἰαθῆναι
1655 2540 1723 2591 τὰ
1771 2538 1871 2607 τῆς

289 2638 478 2706 ψυχῆς
534 2634 841 2703 παθήματα
895 2632 1177 2703 ἐπιμένειν
1236 2631 1427 2684 εἴωθεν
1481 2633 1654 2701 ήμῑν·
1697 2631 1770 2691 ὡς
1806 2630 1873 2684 ἂν

292 2727 648 2796 ἀντιστῶμεν
674 2726 957 2794 γενναίως,
995 2725 1117 2778 οὐδὲ
1146 2724 1245 2795 τὴν
1289 2724 1464 2795 ἀρχὴν
1510 2722 1870 2793 είσκωμάζει.

294 2820 375 2875 Τό
410 2836 467 2872 τε
499 2822 607 2888 γὰρ
634 2818 934 2886 γεγονέναι,
966 2817 1026 2869 τό
1053 2834 1111 2870 τε
1144 2815 1612 2885 διαμεμενηκέναι
1644 2816 1871 2878 κακοὺς,

290 2914 394 2969 καὶ
454 2909 520 2965 αὖ
572 2911 633 2964 τὸ
684 2910 921 2977 ἀγαθοὺς
964 2903 1126 2971 εἶναι,
1179 2909 1273 2961 καὶ
1324 2908 1630 2978 διαρκέσαι,
1658 2908 1874 2961 οἴκοθεν

292 3004 489 3074 σαφῶς
520 3006 634 3069 τοῖς
660 3002 989 3074 ἀνθρώποις.
1018 3001 1095 3055 Οὐ
1124 3002 1232 3072 γὰρ
1260 3001 1398 3075 ἔστι,
1430 3000 1630 3065 καλοὺς
1660 2998 1874 3053 ἐθέλον-

289 3116 396 3159 τας
450 3092 612 3163 εἶναι,
668 3097 775 3149 τινὶ
827 3096 938 3149 τῶν
1014 3094 1253 3165 θύραθεν
1312 3092 1606 3163 βιασθῆναι
1668 3092 1873 3156 κακοὺς

291 3188 554 3256 γενέσθαι
584 3204 597 3218 ⁸
646 3188 769 3241 οὐδὲ
818 3188 1054 3256 φαύλους
1098 3186 1393 3255 γεγονότας
1453 3186 1545 3239 διὰ
1602 3186 1872 3256 κακίστην

293 3249 779 3363 si:poetipscn.u,.ei'w.
910 3249 1297 3350 Btopiiwiiﬁ'vat,
1320 3282 1480 3333 τοῦτο
1515 3249 1870 3351 θελήσαντας.
1899 3249 1944 3312 C

294 3375 414 3429 Καὶ
455 3374 503 3426 εί
533 3372 691 3426 τοῦτὸ
722 3390 785 3441 γε
821 3372 1042 3443 ἀληθὲς,
1076 3371 1307 3442 εὓρηται
1342 3373 1400 3425 τὸ
1430 3372 1745 3442 φάρμακον,
1780 3373 1876 3425 καὶ

296 3470 330 3535 ή
369 3468 471 3532 τῆς
519 3465 886 3534 ἀπογνώσεως
922 3465 1245 3536 ὑπεχώρησε
1293 3464 1469 3527 νόσος.
1500 3465 1629 3530 Ναὶ,
1664 3466 1831 3535 φησίν
1858 3479 1873 3495 ⁰

297 3558 417 3610 ἀλλ’
444 3548 596 3619 οὗτος
626 3574 690 3625 γε
726 3560 752 3610 ὁ
785 3557 1029 3627 σχέτλιος
1052 3557 1399 3627 τραυματίας
1431 3559 1622 3626 γέγονε
1654 3559 1875 3613 πάντων

303 3648 436 3715 ἑξῆς
487 3649 597 3700 τῶν
646 3650 874 3701 παθῶνο
915 3651 1009 3701 καὶ
1061 3650 1325 3712 πολλάκις
1386 3649 1579 3711 ἰαθεὶς,
1612 3649 1877 3711 πολλάκις

303 3742 477 3793 πάλιν
506 3741 788 3809 τέτρωται.
828 3742 936 3794 Καὶ
961 3742 1079 3804 πῶς
1113 3741 1178 3795 ἂν
1210 3742 1324 3812 ἔχοι
1355 3741 1755 3811 διορθωθῆναι;
1786 3742 1877 3811 Μὴ

303 3832 643 3901 ἀπογνῶμεν
688 3833 776 3884 τον
822 3833 1131 3901 ἄνθρωπον.
1187 3835 1287 3886 "Av
1328 3833 1437 3909 γὰρ
1482 3835 1514 3902 ή
1566 3834 1757 3902 καιρία
1805 3835 1879 3901 μὴ

300 3925 712 3996 παραγένηται,
741 3924 837 3994 τὴν
882 3927 1191 3992 ἀπόγνωσιν
1243 3925 1409 3991 λέγω,
1446 3925 1666 3993 ίάσιμόν
1713 3940 1776 3992 γε
1822 3924 1881 3975 τὸ

302 4017 485 4079 πάθος
526 4017 637 4077 τοῖς
666 4015 1012 4085 βουλομένοις
1044 4013 1140 4083 τὴν
1175 4014 1416 4083 ἰατρείαν
1450 4014 1699 4081 ἀσμένως
1728 4011 1882 4077 δέξα-

302 4109 454 4161 σθαι.
488 4106 551 4157 El
602 4105 709 4173 γὰρ
764 4103 838 4173 μὴ
888 4104 1079 4157 τοῦτον
1120 4104 1211 4157 τὸν
1254 4106 1457 4173 τρόπον
1500 4098 1613 4173 εἶχε
1663 4104 1729 4156 τὰ
1760 4105 1882 4157 καθ’

300 4201 476 4268 ἡμᾶς,
514 4196 623 4249 οὐδ’
668 4196 734 4248 ἂν
776 4192 858 4257 εἷς
913 4194 1135 4257 πάντως
1183 4196 1387 4266 ἐσώθη.
1432 4197 1519 4257 Ὠς
1557 4195 1666 4265 γὰρ
1711 4196 1884 4258 οὐδεὶς

300 4292 530 4359 ἀγαθὸς,
584 4289 725 4341 κατά
782 4288 873 4339 τὸν
927 4289 1072 4341 οεῖον
1127 4288 1398 4357 χρησμὸν,
1450 4288 1558 4341 οὐδ’
1608 4288 1883 4358 ἁμαρτίας

300 4384 471 4446 ὅντως
506 4381 810 4451 ἐλεύθερος,
835 4380 940 4450 κᾶν
968 4379 1286 4449 ὑπερϐάλλῃ
1320 4379 1498 4448 πολλῷ
1529 4381 1655 4442 τοὺς
1692 4380 1884 4442 ἄλλους

301 4464 381 4537 είς
411 4474 637 4543 ἀρετήν.
674 4474 864 4543 Δεήσει
891 4473 1074 4535 τοίνυν
1110 4473 1285 4525 ἆπασι
1307 4472 1401 4523 τοῦ
1435 4472 1737 4541 φαρμάκου
1770 4490 1885 4525 του-

1974 1985 2126 2039 triste
2159 1984 2333 2039 factus
2351 1985 2640 2040 universis.
2669 1986 2805 2050 Quid
2832 1986 2975 2040 istaec
2998 1988 3061 2037 ad
3091 1982 3550 2052 desperationem?

1974 2078 2266 2133 Voluntate
2322 2079 2584 2133 duntaxat
2631 2094 2766 2148 Opus
2817 2078 3108 2137 estaezimi,
3167 2093 3272 2146 qua
3327 2076 3437 2141 ﬁet,
3490 2083 3551 2127 ut

1972 2172 2193 2225 ablutus
2229 2186 2258 2225 a
2292 2172 2442 2226 vitiis
2477 2172 2643 2226 etiam
2681 2187 2845 2241 supra
2881 2173 3171 2225 volucrum
3205 2170 3547 2224 celeritatem

1974 2265 2039 2317 ad
2085 2264 2260 2333 ipsum
2323 2265 2591 2319 bonorum
2623 2266 2837 2319 culmen
2890 2264 3171 2319 ascendat.
3205 2262 3547 2317 Voluntatem

1970 2372 2101 2411 vero
2161 2372 2304 2411 nunc
2336 2373 2453 2413 eam
2493 2358 2613 2411 dico
2639 2374 2759 2428 quae
2798 2357 3109 2412 teStimouia
3143 2356 3412 2409 factorum
3444 2354 3547 2406 ha-

1974 2451 2104 2513 bet;
2160 2452 2361 2533 quippe
2422 2452 2537 2505 ﬁeri
2594 2451 2801 2520 nequit,
2834 2451 3017 2520 nequit
3056 2449 3280 2503 omnino
3311 2447 3448 2511 ﬂeri,
3485 2454 3548 2500 ut

1975 2543 2063 2610 qui
2104 2545 2639 2612 votuerint,scopum
2678 2560 2784 2597 non
2816 2545 3105 2612 attingant.
3141 2542 3273 2594 Nam
3303 2539 3426 2609 quia
3456 2554 3549 2593 sae

1976 2640 2094 2689 nari
2130 2636 2400 2701 nolumus,
2445 2637 2647 2689 idcirco
2683 2638 2734 2689 iu
2780 2636 2935 2689 nobis
2974 2634 3139 2687 animi
3171 2634 3297 2686 vitia
3349 2633 3551 2686 durare

1978 2738 2408 2782 consueverunt:
2444 2728 2645 2798 quippe
2688 2728 2732 2780 si
2774 2706 3094 2780 resistamus
3130 2724 3367 2788 fortiter,
3399 2738 3554 2791 pror-

1976 2834 2069 2874 sus
2097 2820 2148 2873 in
2182 2821 2395 2875 animos
2412 2836 2473 2876 ea
2506 2835 2609 2875 non
2634 2819 2954 2889 pervadunt.
2983 2819 3191 2873 Etenim
3226 2825 3285 2872 ut
3334 2817 3465 2870 ﬁant
3498 2823 3555 2871 et

1978 2924 2231 2969 maneant
2253 2914 2400 2981 mali,
2430 2914 2723 2982 itidemque
2756 2922 2812 2966 ut
2834 2912 2957 2968 boni
2982 2912 3090 2966 sint
3118 2925 3179 2963 ac
3202 2917 3555 2978 perseverent.

1977 3009 2030 3063 in
2062 3009 2226 3072 bono,
2251 3007 2413 3064 dubio
2438 3007 2625 3077 procul
2650 3022 2715 3061 ex
2747 3021 2867 3061 sese
2893 3004 3151 3059 mortales
3172 3004 3393 3058 habent.
3415 3000 3554 3057 Nam

1978 3098 2092 3154 ﬁeri
2125 3100 2315 3169 nequit
2343 3108 2397 3153 ut
2429 3099 2519 3167 qui
2553 3099 2677 3153 boni
2719 3112 2841 3154 esse
2871 3098 3081 3159 volunt,
3112 3098 3177 3151 ab
3210 3105 3470 3149 extranea
3496 3108 3556 3149 re

1977 3194 2229 3263 quapiam
2251 3204 2511 3263 cogantur
2539 3192 2771 3247 evadere
2792 3191 2941 3256 mali,
2962 3207 3063 3246 nec
3084 3200 3139 3245 ut
3162 3191 3194 3244 ii
3220 3191 3311 3260 qui
3333 3190 3557 3244 electio-

1977 3302 2045 3342 ne
2078 3287 2239 3341 animi
2261 3287 2496 3355 pessima
2521 3286 2645 3340 mali
2671 3285 2795 3340 iacti
2818 3296 2967 3349 sunt,
2990 3284 3187 3338 deinde
3221 3299 3325 3337 non
3373 3297 3557 3337 emen-

1978 3380 2196 3445 dentur,
2218 3381 2261 3434 si
2294 3381 2510 3449 quidem
2541 3380 2591 3433 id
2623 3378 3104 3447 voluerint.Atque
3126 3377 3230 3432 hoc
3252 3391 3380 3431 sane
3401 3377 3446 3432 si
3470 3389 3563 3430 ve-

1980 3487 2099 3527 rum
2122 3483 2224 3537 est,
2249 3473 2527 3527 inventum
2548 3480 2635 3526 est
2668 3471 3143 3533 medicamentum,
3166 3470 3383 3537 jamque
3413 3482 3561 3521 mor-

1916 3620 1919 3623 .
1980 3567 2082 3621 bus
2116 3566 2205 3619 ille
2253 3566 2650 3635 deSperationis
2689 3566 2863 3618 victus
2907 3561 3195 3617 abscessit.
3226 3560 3369 3615 Sane
3402 3575 3552 3619 vero.

1980 3657 2189 3726 inquiet
2248 3658 2482 3725 allquis:
2537 3666 2592 3709 at
2627 3658 2791 3712 miser
2832 3656 2932 3708 iste
2983 3654 3157 3707 factus
3188 3665 3269 3706 est
3304 3653 3560 3707 omnibus

1981 3750 2143 3818 plane
2176 3749 2319 3803 vitiis
2369 3749 2659 3811 obnoxius,
2712 3749 3017 3817 szepiusque
3047 3757 3293 3808 sanatus,
3362 3746 3561 3800 multu-

1985 3840 2084 3893 tics
2113 3839 2300 3891 eadem
2326 3848 2584 3907 expertus
2604 3847 2688 3891 est
2716 3840 2935 3891 vulnera
2962 3851 3230 3905 ;quonam
3261 3835 3423 3906 igitur
3442 3837 3560 3892 ﬁeri

1983 3939 2146 4000 pacto
2180 3929 2350 3996 possit
2379 3929 2811 3983 utemendetur?
2846 3927 3200 3996 Nequaquam
3232 3929 3294 3981 de
3327 3929 3551 3981 homine

1988 4018 2366 4087 desperemus.
2429 4018 2640 4085 Quippe
2694 4019 2740 4072 si
2773 4018 2928 4073 letale
2973 4020 3167 4073 vulnus
3227 4020 3371 4075 haud
3411 4023 3559 4075 adsit

1993 4111 2447 4183 (desperationem
2488 4121 2665 4164 autem
2696 4100 2997 4187 intelligo).
3033 4113 3294 4168 sanabilis
3335 4115 3558 4169 morbus

1930 4254 1937 4259 ρ
1992 4213 2075 4259 est
2108 4205 2159 4257 in
2194 4203 2259 4257 iis
2282 4203 2376 4272 qui
2402 4202 2728 4258 medicinam
2759 4203 3008 4259 lubenter
3025 4205 3309 4260 admittere
3339 4208 3556 4273 volunt;

1992 4300 2191 4367 quippe
2242 4298 2287 4351 si
2323 4312 2431 4351 non
2456 4297 2510 4350 in
2544 4298 2692 4352 hunc
2724 4299 2942 4353 modum
2977 4307 3298 4373 comparata:
3331 4314 3417 4353 res
3458 4313 3559 4353 no-

1991 4399 2120 4444 strze
2151 4388 2346 4451 forent,
2400 4404 2499 4443 nec
2527 4405 2664 4443 unus
2696 4391 2918 4444 omnino
2953 4389 3134 4445 salvus
3170 4389 3455 4445 evasisset.
3492 4390 3559 4445 Ut

1991 4482 2136 4535 enim
2165 4495 2320 4534 nemo
2351 4480 2527 4535 bonus
2558 4491 2661 4545 est,
2690 4480 2983 4535 secundum
3009 4482 3137 4535 illud
3166 4480 3406 4535 divinum
3435 4497 3561 4535 ora-

301 4567 417 4619 τουῖ
438 4585 455 4601 ο
486 4566 583 4618 καὶ
614 4565 803 4616 τούτου
831 4564 1169 4633 καταλλήλου
1191 4564 1612 4633 τετυχηκόσι,τὸ
1640 4565 1876 4618 εὐεκτεῖν

1989 4573 2191 4636 cuhun,
2231 4571 2301 4624 ita
2338 4586 2434 4625 nec
2456 4586 2649 4640 reapse
2675 4572 2798 4641 quis
2833 4572 3091 4627 immunis
3122 4589 3151 4628 a
3196 4584 3440 4642 peccato,
3475 4585 3559 4628 ta-

301 4657 464 4717 seen;
494 4655 700 4710 ἔπεισι.
735 4654 852 4706 Κᾶν
884 4671 967 4717 τις
1002 4654 1307 4723 ἀνθρώπων
1354 4657 1663 4727 ὕπερελάσῃ
1704 4657 1883 4726 πολλῷ

301 4748 379 4815 ’ιῷ
421 4749 614 4817 μέτρῳ
640 4745 774 4811 ὁμοῦ
806 4747 930 4808 τοὺς
958 4746 1116 4808 ὄντας
1146 4747 1240 4799 καὶ
1272 4748 1566 4815 γεγονότας
1596 4751 1688 4801 ἐπὶ
1716 4751 1885 4821 κακίᾳ

304 4838 702 4909 βεϐοημένονς,
761 4837 973 4905 θρήνων
1035 4838 1135 4905 μὲν
1184 4842 1264 4891 ὃτι
1309 4838 1519 4893 πολλῶν
1569 4844 1597 4893 ὁ
1643 4843 1884 4901 τοιοῦτος

302 4933 455 4997 ἄξιος
482 4931 557 4992 ὡς
599 4929 812 4998 ἀληθῶς
839 4929 1080 4997 γέγονεν,
1118 4930 1196 4983 ὅτι
1228 4930 1396 4992 καλὸς
1418 4932 1515 4984 καὶ
1542 4932 1628 4985 ἐπ’
1658 4934 1884 5000 ἀγαθοῖς

304 5021 759 5093 δημιουργηθεὶς,
790 5025 818 5074 ὁ
863 5022 919 5073 δὲ
956 5022 1165 5076 πολλῶν
1216 5023 1356 5075 ἑκὼν
1392 5024 1579 5076 κακῶν
1611 5026 1707 5095 τὴν
1753 5027 1883 5079 έαυ-

306 5115 402 5167 τοῦ
458 5115 641 5186 ψυχὴν
685 5113 998 5183 ἐνέπλησεν,
1031 5113 1106 5176 ὡς
1145 5115 1320 5178 οὐδεὶς
1370 5115 1578 5183 ἕτερος.
1612 5117 1759 5185 Πλὴν
1791 5119 1884 5171 καὶ

232 5252 245 5255 ,ν
303 5202 463 5271 οὗτός
498 5226 559 5275 γε
600 5206 784 5272 αὐτὸς,
820 5205 885 5260 ἂν
928 5207 1159 5276 ἐραστὴς
1197 5209 1574 5275 μανικώτατος
1611 5209 1709 5278 τῆς
1746 5211 1884 5273 ιδίας

305 5301 655 5370 διορθώσεως
684 5298 929 5368 γένηται,
968 5300 1016 5350 εξ
1073 5300 1171 5367 μὲν
1204 5299 1451 5367 ἀπογνῷ,
1487 5300 1715 5370 εὐήθης,
1749 5302 1885 5370 μᾶλ-

306 5393 397 5447 λον
458 5394 515 5446 δὲ
562 5392 813 5462 ἀνόητος,
866 5391 963 5460 τὴν
1019 5391 1435 5459 φιλανθρωπίαν
1482 5393 1583 5462 τὴν
1631 5392 1881 5461 ἄπειρον,

312 5489 588 5558 ἁμαρτίας
619 5487 797 5555 πέρας
832 5484 1085 5554 ἐχούσης,
1117 5485 1265 5555 ἥττω
1292 5484 1545 5553 νομίσας.
1583 5485 1644 5538 Εί
1672 5486 1729 5538 δὲ
1762 5486 1883 5555 Θεῷ

312 5582 593 5654 θαρρήσας
626 5579 833 5645 οὑτοσὶ,
864 5579 974 5631 τῶν
1012 5578 1115 5648 μὲν
1165 5578 1354 5633 κακῶν
1397 5578 1691 5650 ἀποσταίη,
1723 5581 1883 5633 ἀνθέ-

314 5670 463 5735 ξεται
513 5674 570 5726 δὲ
632 5672 743 5724 τῶν
797 5670 979 5723 καλῶν
1027 5672 1125 5741 ὅση
1170 5670 1419 5739 δύναμις,
1454 5671 1605 5723 οὐδὲν
1648 5670 1882 5724 κωλύσει

312 5764 500 5818 τοῦτον
534 5765 848 5827 ἐπανιόντα,
880 5764 978 5835 τὴν
1012 5765 1282 5832 προτέραν
1312 5765 1649 5818 κατάστασιν
1682 5765 1885 5817 ἐπανα-

314 5850 512 5919 λαϐεῖν,
544 5855 576 5925 ἢ
602 5857 698 5911 καὶ
730 5853 907 5925 πολλῷ
937 5854 1227 5926 παρελθεῖν
1254 5870 1267 5884 ·
1297 5856 1345 5908 εξ
1381 5854 1440 5928 δή
1470 5857 1562 5910 καὶ
1597 5854 1877 5925 ὑπερϐολή

1988 4664 2146 4718 metsi
2194 4664 2349 4732 longe
2407 4665 2620 4717 caeteris
2674 4665 2877 4719 virtute
2938 4672 3180 4733 praestet.
3220 4664 3562 4735 Quapropter

1987 4755 2254 4809 universis
2301 4755 2402 4809 hoc
2451 4756 2866 4819 medicamento,
2927 4757 3244 4825 poenitentia
3301 4758 3558 4826 inquam,

1985 4863 2120 4917 opus
2166 4849 2310 4901 erit:
2345 4849 2485 4915 quod
2535 4850 2580 4902 si
2629 4848 2720 4918 qui
2797 4849 2905 4902 tale
2956 4850 3099 4902 nacti
3155 4849 3359 4905 fuerint
3401 4856 3563 4921 quale

1986 4940 2144 4993 debet
2218 4954 2376 5003 esse,
2435 4955 2557 4992 mox
2633 4949 2775 4993 recta
2851 4940 3105 4995 valetudo
3179 4956 3557 5012 recuperatur.

1988 5030 2213 5084 Etiamsi
2239 5031 2363 5100 quis
2404 5031 2589 5085 multis
2623 5030 2797 5085 modis
2818 5042 2871 5085 et
2905 5048 2996 5085 eos
3029 5034 3119 5101 qui
3157 5050 3305 5088 nunc
3331 5046 3475 5103 sunt,
3510 5047 3562 5091 et

1985 5123 2075 5191 qui
2140 5123 2354 5176 fuerunt
2412 5138 2476 5176 ex
2521 5124 2818 5178 vitiositate
2874 5124 3135 5190 celebres,
3200 5130 3561 5197 superaverit,

1988 5213 2169 5268 multis
2206 5214 2293 5267 ille
2320 5214 2534 5282 quidem
2589 5214 2844 5285 lacrymis
2902 5232 3087 5271 revera
3145 5219 3361 5287 dignus,
3418 5223 3562 5289 quod

1986 5321 2107 5360 cum
2147 5315 2201 5361 et
2231 5307 2402 5361 bonus
2427 5318 2482 5361 et
2519 5310 2583 5361 ad
2606 5307 2741 5361 bona
2780 5309 3049 5376 conditus,
3104 5324 3295 5380 Sponte
3320 5330 3415 5367 sna
3447 5313 3565 5379 plu-

1988 5399 2135 5457 ribus
2158 5403 2395 5453 animum
2427 5400 2771 5470 vitiis,quam
2811 5402 2946 5457 alius
2976 5406 3282 5473 quisquam,
3308 5405 3568 5473 implere-

1986 5494 2093 5545 rit:
2136 5495 2227 5546 sed
2260 5491 2611 5547 nihilominus
2658 5493 2822 5558 idem,
2887 5495 3048 5549 modo
3095 5497 3277 5549 studio
3330 5497 3561 5562 quodam

1986 5581 2178 5637 insano
2208 5585 2597 5638 correctionem
2628 5600 2780 5639 suam
2832 5587 3085 5652 sitiverit,
3118 5588 3163 5641 si
3208 5586 3421 5654 quidem
3474 5583 3567 5635 de-

1986 5683 2186 5741 speret,
2219 5676 2451 5729 stulidus
2481 5683 2584 5738 est,
2617 5676 2699 5729 vel
2732 5693 2918 5732 amens
2970 5680 3168 5746 potius,
3203 5676 3295 5740 qui
3326 5674 3562 5727 divinam

1987 5764 2130 5817 illam
2163 5765 2549 5832 benignitatem
2590 5766 2854 5822 inﬁnitam
2888 5780 3111 5839 peccato
3142 5766 3298 5818 linem
3334 5765 3566 5819 habente

1988 5866 2135 5924 putet
2188 5857 2497 5915 interiorem
2551 5877 2563 5914 :
2616 5859 2697 5917 sin
2742 5862 2999 5918 collocata
3043 5860 3093 5913 iu
3145 5855 3313 5913 Deum
3371 5856 3562 5911 [idm-ia
