4098 6272
545 410 655 476 437

1743 393 2141 459 MANUEL-IS
2162 389 2612 454 PAL/EOLOGI

3707 393 3815 460 488

545 522 802 587 resilierit
825 536 853 575 a
887 518 1064 585 malfs,
1091 524 1146 570 et
1171 514 1329 571 bonis
1374 511 1667 569 adhaeserit
1711 511 1961 565 omnibus
1991 507 2122 562 viri-
2150 558 2157 569 ,

2259 523 2346 562 τισι
2385 506 2529 572 δόξει
2558 506 2620 560 τὸ
2658 505 2972 577 εἰρημένον.
3001 507 3111 561 Ἂν
3155 507 3444 578 ἁμαρτίας
3475 514 3818 579 παρατηρή-

547 625 666 684 bus,
705 617 840 673 nihil
868 614 972 668 erit
1007 611 1401 680 impedimento
1453 607 1586 677 quin
1640 618 1896 660 reversus
1949 600 2135 672 pristi-

548 727 675 768 num
704 716 902 764 statum
940 711 1248 772 recuperet,
1287 700 1368 755 vel
1398 701 1564 754 etiam
1607 698 1764 768 longe
1797 706 2019 764 superet
2049 698 2136 748 iu-

547 803 817 864 tervallu;
853 806 974 851 utut
1021 796 1122 849 hoc
1176 791 1502 862 prolatuma
1535 790 1693 845 nobis
1748 787 1994 844 nonnulli
2056 786 2140 839 ni-

547 897 716 951 mium
773 891 1057 961 putabunt.
1088 885 1148 941 Si
1176 883 1372 938 delicta
1393 882 1771 946 observaveris,
1804 881 1921 950 quis
1971 877 2140 933 susti-

548 989 682 1042 nebit
708 986 731 1038 .’
756 983 929 1052 inquit
955 980 1042 1035 ille
1063 981 1101 1032 ¹.
1133 978 1356 1034 Peccata
1385 980 1502 1046 quis
1533 973 1866 1045 intelliget'?
1895 972 2047 1032 item,
2077 968 2138 1022 Si

549 1097 645 1134 uos
687 1092 926 1147 peccasse
977 1073 1363 1144 negaverimus,
1419 1069 1592 1137 ipsum
1654 1065 1952 1120 mendacem
2004 1059 2140 1129 faci-

548 1191 663 1226 mus
698 1174 748 1237 ³;
797 1170 947 1235 item,
988 1167 1150 1222 Nemo
1181 1166 1366 1229 bonus,
1399 1159 1666 1216 uisisolus
1699 1159 1835 1212 Deus
1861 1157 1902 1209 ⁸.
1939 1155 2001 1208 Et
2049 1165 2142 1221 per

550 1267 837 1320 universas
871 1263 1104 1316 Litteras
1181 1273 1388 1332 sacras,
1424 1256 1466 1309 si
1529 1251 1828 1322 quaesieris,
1877 1241 2140 1316 ejusmodi

549 1357 720 1411 multa
779 1354 1040 1423 reperies.
1101 1348 1274 1415 Venit,
1306 1358 1360 1400 ut
1423 1348 1586 1399 vitam
1635 1343 1940 1404 habeamus,
1970 1348 2018 1390 et
2056 1353 2146 1390 su-

549 1451 810 1518 perﬂuum
864 1445 1170 1498 habeamus.
1216 1441 1372 1505 Item,
1417 1437 1480 1491 Si
1524 1433 1875 1503 conﬁteantur
1927 1437 2144 1498 peccata

552 1553 755 1604 nostra,
780 1539 920 1607 ﬁdus
937 1531 999 1590 et'
1012 1537 1194 1605 justus
1220 1540 1319 1595 est,
1351 1541 1404 1584 ut
1435 1538 1650 1597 peccata
1677 1525 1824 1579 nobis
1844 1524 2075 1576 remittat
2098 1521 2142 1574 ⁵.

552 1634 686 1688 Nam
706 1632 855 1687 dedit
870 1645 991 1684 eum
1013 1629 1175 1682 Pater
1196 1625 1263 1678 ad
1285 1621 1663 1692 ignominiam,
1683 1627 1736 1672 et
1751 1616 2072 1679 cruciatum,
2090 1621 2146 1666 et

560 1735 814 1784 mortem,
841 1722 1025 1783 proiis
1058 1720 1154 1788 qui
1183 1715 1400 1770 obnoxii
1435 1710 1800 1783 perpetiendis
1831 1707 1934 1762 iliis
1967 1713 2143 1767 erant,

558 1827 616 1871 ut
643 1815 878 1886 quisquis
920 1815 975 1866 in
996 1827 1116 1865 eum
1165 1808 1358 1873 credit,
1388 1822 1488 1858 non
1516 1813 1694 1873 pereat
1721 1802 1742 1832 ⁸
1776 1816 1790 1866 ;
1823 1799 1978 1862 item,
2009 1794 2146 1851 San-

554 1869 672 1981 guis
702 1869 872 1974 ipsius
906 1904 1086 1973 expiat
1139 1917 1234 1977 pos
1260 1899 1329 1953 ab
1344 1869 1746 1966 vomui'peccato
1767 1893 1810 1945 ⁷.
1864 1889 2140 1956 Quamob-
2174 1869 2216 1925 Β

557 2017 670 2056 rem
714 1999 926 2068 quoties
979 2011 1078 2048 nos
1109 1995 1256 2064 ipsos
1299 2000 1350 2045 et
1372 2005 1493 2060 quae
1532 1999 1718 2043 nosua
1779 1993 1906 2041 sunt
1947 1982 2145 2051 aspici-

560 2107 701 2154 mus,
729 2091 936 2159 justum
970 2095 1074 2147 est,
1102 2097 1290 2138 omnes
1338 2083 1644 2148 deSperare,
1674 2076 1892 2148 quando
1913 2072 2148 2144 perscri-

557 2194 706 2255 ptum
740 2183 967 2251 legimus
999 2195 1014 2233 :
1049 2179 1127 2232 Ne
1156 2177 1319 2229 intres
1353 2175 1406 2227 in
1421 2173 1682 2243 judicium
1714 2187 1833 2224 cum
1864 2183 2008 2222 servo
2033 2175 2146 2230 tuo,

557 2277 805 2345 quoniam
833 2274 1016 2342 justus
1056 2271 1111 2323 in
1143 2278 1423 2334 conspectu
1465 2278 1554 2319 tuo
1591 2280 1696 2317 non
1735 2259 2150 2333 deprehendetur

561 2385 742 2425 eorum
773 2368 1051 2437 quisquam
1088 2363 1177 2432 qui
1207 2363 1381 2414 vivunt
1407 2360 1464 2424 ⁸;
1497 2367 1552 2411 at
1583 2373 1706 2412 cum
1731 2354 1899 2409 Deum
1921 2353 2151 2421 ejusque

557 2460 907 2518 clementiam
953 2458 1254 2517 intuemur,
1303 2451 1508 2506 nemini
1581 2448 1980 2517 desperandum
2040 2443 2148 2509 aio,

560 2556 653 2626 qui
685 2553 872 2608 salt-us
909 2551 1023 2604 ﬁeri
1082 2547 1275 2603 saltem
1317 2546 1465 2598 velit.
1525 2541 1658 2595 Nam
1706 2540 1848 2594 Deus
1870 2546 1924 2592 et
1976 2535 2153 2605 diligit

560 2664 687 2705 eum
707 2659 868 2714 quem
885 2641 1136 2696 manibus
1155 2636 1388 2708 propriis
1407 2635 1598 2690 deluto
1620 2633 1794 2697 tinxit,
1815 2632 1955 2700 quod
1976 2628 2150 2698 ipsum

561 2749 778 2806 quoque
806 2733 959 2803 prius
984 2745 1014 2784 e
1044 2729 1214 2784 nihilo
1237 2728 1562 2797 produxerat
1591 2741 1604 2790 ;
1657 2731 1713 2779 et
1752 2735 1945 2776 omnes
1973 2720 2152 2774 salvos

566 2826 684 2880 ﬁeri
722 2825 835 2878 vult
858 2834 1075 2892 propter
1132 2819 1428 2875 bonitatem
1477 2831 1631 2870 suam
1665 2833 1678 2880 ;
1714 2828 1876 2884 quam
1927 2812 1996 2868 ob
2027 2825 2153 2865 cau-

567 2934 685 2974 sam
706 2925 759 2971 et
781 2916 948 2970 homo
971 2915 1148 2968 factus
1179 2921 1281 2979 est,
1303 2921 1357 2966 et
1379 2925 1474 2980 pro
1492 2909 1645 2964 nobis
1675 2922 1888 2977 passus,
1915 2919 2039 2959 cum
2059 2918 2156 2972 pa-

561 3012 701 3065 riter
728 3018 782 3062 ct
809 3008 978 3062 nostri
1006 3005 1199 3062 similis
1229 3014 1374 3058 esset
1423 3010 1476 3056 et
1529 3001 1796 3070 passionis
1842 3013 2056 3068 expers.
2087 2997 2157 3052 Et

567 3102 786 3173 quidem
806 3097 1089 3170 ejusmodi
1113 3097 1263 3151 luere
1291 3095 1587 3160 cruciatus,
1619 3103 1679 3148 ut
1707 3093 1789 3147 vel
1827 3092 1944 3150 sola
1971 3105 2157 3145 recor-

565 3196 784 3251 datione
806 3191 892 3247 sui
918 3198 1250 3246 cunctorum
1288 3189 1340 3243 in
1367 3186 1566 3242 animis
1613 3185 1840 3241 nimium
1889 3194 2152 3254 quantum

564 3287 786 3359 pavoris
813 3295 868 3340 et
896 3282 1138 3339 horroris
1187 3282 1430 3338 excitare
1454 3289 1679 3352 queant.
1734 3278 1924 3348 Itaque
1942 3277 1988 3333 si
2041 3275 2158 3331 vult

567 3396 756 3440 Omnes
779 3379 895 3434 ﬁeri
923 3376 1124 3442 salvos,
1182 3375 1274 3447 qui
1314 3374 1692 3445 paenitentiam
1724 3372 1970 3442 egerint;
2005 3386 2157 3440 qua:-

566 3488 779 3544 cunque
809 3487 939 3527 vero
971 3470 1107 3537 vult,
1151 3479 1374 3539 potest:
1429 3469 1562 3523 nihil
1605 3481 1735 3536 ergo
1777 3467 1926 3521 deest
1961 3465 2027 3520 iis
2067 3464 2158 3534 qui

568 3567 849 3622 constituti
907 3571 1033 3618 sunt
1086 3564 1138 3617 in
1187 3561 1448 3632 peccatis,
1482 3560 1548 3616 ad
1579 3561 1683 3615 hoc
1716 3567 1776 3614 ut
1824 3557 1958 3613 salvi
2003 3557 2158 3623 ﬁant,

569 3675 734 3730 quam
781 3665 840 3712 ut
893 3656 1215 3726 resipiscere
1266 3639 1436 3710 velint
1465 3662 1518 3710 et
1574 3653 1952 3722 paenitentiam
2003 3651 2162 3707 factis

569 3751 878 3807 ostendere.
913 3753 1162 3815 Quonam
1197 3749 1361 3817 igitur
1409 3758 1572 3818 pacto
1625 3762 1732 3802 non
1776 3755 1958 3801 mente
1995 3746 2163 3802 desti-

573 3853 720 3896 tutus
739 3849 843 3908 est,
877 3841 967 3911 qui
999 3840 1064 3894 de
1103 3839 1322 3894 illorum
1379 3838 1554 3894 salute
1597 3837 1874 3906 desperat,
1916 3836 2008 3907 qui
2038 3849 2164 3906 pro-

574 3944 696 4005 pter
722 3949 782 3989 se
811 3933 1030 4004 quidem
1061 3931 1315 4000 factaque
1338 3946 1433 3986 sua
1479 3932 1858 4001 desperarunt,
1891 3939 1946 3983 at
1971 3921 2166 3984 nihilo--~

575 4024 758 4078 minus
787 4023 839 4076 in
872 4022 1014 4077 bona
1043 4036 1140 4092 spe
1165 4023 1350 4075 vivunt
1383 4030 1603 4090 propter
1627 4025 1798 4088 ipsum
1825 4017 2161 4074 Salvatorem

578 4126 629 4171 et
651 4131 744 4171 eos
777 4117 1053 4170 cruciatus
1076 4130 1213 4185 quos
1233 4115 1326 4169 ille
1377 4128 1666 4183 perpessus
1698 4121 1802 4178 est,
1838 4112 1894 4167 in
1944 4126 2161 4168 crucem

481 4221 484 4224 ‘
579 4225 676 4279 pro
708 4207 863 4264 nobis
891 4208 1089 4262 actus?
1117 4206 1486 4274 Quamobrem
1527 4219 1710 4270 nemo,
1767 4205 1859 4273 qui
1899 4213 2084 4274 sperat
2112 4203 2164 4257 in

577 4304 776 4372 ipsum,
841 4315 938 4356 sua
987 4301 1057 4356 de
1111 4300 1290 4354 salute
1359 4298 1632 4367 desperet.
1685 4295 1802 4352 Non
1855 4297 2000 4352 enim
2050 4296 2168 4365 ipse

577 4406 767 4452 nostro
802 4411 952 4450 more
976 4393 1124 4449 Tacta
1156 4402 1342 4449 nostra
1387 4392 1674 4461 iudicabit,
1733 4405 1831 4446 nec
1877 4391 1930 4445 in
1962 4391 2169 4461 judicio

2241 613 2387 667 σῃς,
2413 602 2506 666 τίς
2536 600 2990 667 ὑποστήσεται;
3040 602 3196 673 φησί.
3227 603 3357 663 Καί,
3395 601 3819 673 Ἀμαρτήματα

2239 692 2330 756 τίς
2353 691 2654 760 συγήσει;
2683 693 2798 753 καὶ,
2841 690 2985 745 Ἐὰν
3034 691 3314 762 εἴπωμεν,
3344 693 3434 747 ὅτι
3468 696 3582 764 οὐχ
3630 696 3817 772 ἡμαρ-

2238 783 2531 851 τήκαμεν,
2555 784 2836 851 ψεύστην
2872 783 3166 853 ποιοῦμεν
3187 785 3393 840 αὐτόν.
3440 788 3574 851 Καὶ,
3607 788 3820 852 Οὐδεὶς

2239 876 2485 946 ἀγαθὸς,
2517 879 2570 930 εί
2617 875 2704 946 μὴ
2756 868 2845 942 εἴς
2896 879 2928 931 ὁ
2974 877 3136 943 Θεός.
3175 876 3288 945 Καὶ,
3337 877 3442 932 ἀνὰ
3489 855 3670 932 πᾶσαν
3723 879 3839 946 τὴν-

2241 969 2464 1039 Γραφὴν
2517 969 2702 1040 εὕροις
2753 968 2820 1023 ἂν
2875 969 3045 1022 πολλὰ
3096 967 3320 1023 τοιαῦτα
3372 968 3641 1039 ζητήσας.
3678 971 3820 1023 Ἀλλ’

2241 1057 2426 1133 ἦλθεν,
2475 1061 2564 1114 ἵνα
2617 1061 2764 1132 ζωὴν
2809 1061 3058 1131 ἔχωμεν,
3104 1061 3201 1114 καὶ
3261 1062 3532 1133 περισσὸν
3583 1063 3820 1132 ἔχωμεν.

2241 1155 2389 1218 Καὶ,
2453 1154 2598 1207 Ἐὰν
2655 1153 3043 1222 ὁμολογῶμεν
3107 1157 3216 1220 τὰς
3281 1155 3569 1223 ἁμαρτίας
3631 1154 3824 1225 ulla".

2244 1247 2457 1312 πιστός
2513 1247 2648 1300 ἐστι
2706 1247 2803 1299 καί
2875 1247 3128 1312 δίκαιος,
3181 1249 3282 1301 ἵνα
3338 1246 3465 1317 ἀφῇ
3524 1247 3671 1316 ἡμῖν
3720 1249 3828 1315 τὰς

2243 1341 2560 1409 ἁμαρτίας.
2593 1338 2819 1392 Δέδωκε
2853 1339 2961 1406 τὰρ
3011 1338 3200 1394 αὐτὸν
3228 1343 3260 1394 ὁ
3293 1339 3492 1408 Πατὴρ
3537 1342 3626 1406 εὶς
3656 1341 3830 1409 ὕβριν

2243 1450 2308 1486 τε
2352 1432 2449 1485 καὶ
2480 1431 2693 1497 πάθος,
2724 1434 2822 1484 καὶ
2860 1431 3144 1496 θάνατον,
3173 1431 3304 1485 ἀντὶ
3352 1432 3472 1484 τῶν
3509 1434 3828 1501 ὑπόχρεων

2243 1525 2434 1597 ταῦτα
2464 1526 2697 1586 παθεῖν.
2733 1526 2834 1578 ἵνα
2863 1525 2982 1589 πᾶς
3024 1529 3055 1578 ό
3081 1526 3387 1578 πιστεύων
3407 1527 3496 1591 είς
3532 1525 3718 1579 αὐτὸν
3739 1525 3827 1593 μὴ

2245 1617 2564 1682 ἀπόληται.
2601 1617 2731 1681 Καὶ,
2769 1618 2837 1669 Τὸ
2883 1611 3025 1684 αἷμα
3074 1615 3262 1671 αὐτοῦ
3313 1616 3606 1683 καθαρίζει
3668 1613 3831 1684 ἡμᾶς

2245 1699 2591 1775 ἀπό’πάσης
2625 1710 2936 1778 ἁμαρτίας.
2973 1707 3130 1761 Ὠσθ’
3166 1709 3294 1761 ὅταν
3343 1710 3421 1771 είς
3453 1710 3599 1778 ἡμᾶς
3629 1709 3829 1771 αὐτοὺς

2248 1803 2343 1856 καὶ
2373 1804 2438 1856 τὰ
2485 1801 2608 1854 καθ’
2662 1802 2812 1870 ἡμᾶς
2869 1800 3174 1869 βλέπωμεν,
3202 1801 3408 1852 δίκαιον
3440 1801 3648 1862 παντας
3685 1802 3831 1852 ἀπο-

2248 1884 2540 1963 γινώσκειν
2574 1895 2691 1966 (Μὴ
2719 1896 2825 1963 γὰρ
2857 1893 3142 1966 εἰσέλθῃς
3181 1897 3268 1960 είς
3315 1895 3518 1961 κρίσιν
3543 1894 3695 1961 μετὰ
3723 1895 3830 1947 τοῦ

2246 1989 2477 2044 δούλου
2524 2003 2665 2053 σου,
2696 1988 2783 2041 ὅτι
2813 1988 2884 2041 οὐ
2927 1987 3384 2053 δικαιωθήσεται
3414 1986 3671 2040 ἐνώπιόν
3712 2002 3828 2040 σου

2248 2080 2368 2147 πᾶς
2420 2079 2554 2147 ζῶν)
2582 2097 2594 2110 ·
2630 2082 2758 2134 ὅταν
2802 2080 2856 2132 δὲ
2905 2081 2985 2141 είς
3029 2080 3120 2132 τὸν
3165 2079 3302 2131 Θεὸν
3350 2079 3444 2132 καὶ
3491 2077 3588 2149 τὴν
3617 2077 3827 2130 ἐκείνου

2250 2169 2691 2242 φιλανθρωπίαν,
2722 2171 2929 2239 μηδένα
2954 2171 3100 2238 λέγω
3130 2170 3241 2223 τῶν
3271 2171 3535 2223 θελόντων
3561 2169 3824 2239 σωθῆναι.

2249 2265 2399 2318 Φιλεῐ
2448 2281 2505 2316 τε
2555 2264 2664 2333 γὰρ
2710 2262 2770 2316 ὃν
2819 2263 3025 2316 ἔπλασε
3067 2264 3258 2332 χερσὶν
3299 2262 3456 2324 ἰδίαις
3501 2261 3609 2314 ἀπὸ
3637 2261 3822 2331 πηλοῦ,

2253 2355 2684 2426 προῦποστήσας
2725 2355 2822 2408 καὶ
2875 2356 3064 2408 τοῦτον
3094 2356 3152 2420 ἐξ
3200 2356 3443 2422 οὐδενὸς,
3479 2355 3576 2407 καὶ
3625 2356 3816 2414 πάνττς

2255 2453 2400 2506 θέλει
2442 2453 2681 2522 σωθῆναι
2712 2451 2779 2505 δι’
2810 2452 3018 2507 οίκείαν
3065 2453 3400 2522 ἀγαθότητα,
3436 2451 3522 2522 ἐφ’
3553 2445 3598 2518 ᾧ
3624 2451 3709 2503 καὶ
3734 2449 3818 2516 γέ-

2255 2564 2411 2616 γονεν
2450 2546 2758 2614 ἄνθρωπος,
2790 2547 2886 2599 καὶ
2940 2546 3207 2599 πέπονθεν
3255 2547 3396 2617 ὑπὲρ
3448 2545 3628 2614 ἡμῶν,
3658 2545 3686 2596 ὁ
3716 2541 3822 2594 καθ’

2255 2641 2404 2710 ἡμᾶς
2431 2658 2512 2700 τε,
2546 2640 2641 2693 καὶ
2678 2640 2915 2710 ἀπαθής.
2943 2641 3136 2694 Καίτοι
3177 2639 3404 2693 τοιαῦτα
3434 2639 3504 2693 τὰ
3539 2637 3715 2706 πάθη,
3752 2633 3829 2690 οἷα

2255 2733 2352 2786 καὶ
2417 2733 2870 2802 μνημονευόμενα
2920 2733 3108 2801 μόνον,
3170 2733 3432 2787 ἔκστασιν
3477 2731 3575 2785 καὶ
3635 2731 3834 2799 φρίκην

2259 2823 2461 2894 μυρίαν
2492 2827 2612 2886 ταῖς
2647 2824 2756 2876 τῶν
2788 2823 3046 2878 ἁπάντων
3092 2824 3295 2894 ψυχαῖς
3327 2825 3605 2887 ἐντήκειν,
3646 2823 3712 2875 Εἰ
3735 2822 3835 2873 τοί-

2256 2936 2354 2971 νυν
2380 2917 2526 2970 θέλει
2570 2918 2780 2979 πάντας
2827 2918 3071 2983 σωθῆναι
3117 2919 3587 2987 μετανοήσαντας,
3620 2916 3840 2969 δύναται

2257 3011 2304 3063 δ’
2337 3011 2547 3080 ὅσαπερ
2593 3009 2784 3062 θέλειο
2820 3010 2975 3064 οὐδέν
3022 3027 3074 3064 τι
3105 3011 3276 3082 δήπου
3321 3009 3569 3063 λείπεται
3625 3013 3738 3072 τοῖς
3785 3010 3839 3060 ὲν

2259 3101 2565 3171 ἁμαρτίαις
2619 3103 2754 3170 πρὸς
2809 3101 2870 3154 τὸ
2926 3101 3261 3172 σωθῆναι,ἢ
3317 3100 3380 3154 τὸ
3411 3100 3643 3170 θελῆσαι
3683 3117 3840 3170 μετα-

2257 3195 2470 3262 νοῆσαι,
2502 3196 2598 3249 καὶ
2648 3194 2789 3263 ἔργα
2835 3194 3011 3261 δεῖξαι
3051 3193 3151 3264 τῆς
3207 3193 3524 3264 μετανοίας.
3579 3194 3702 3256 Πῶς
3749 3189 3840 3244 οὖν

2258 3273 2360 3342 οὐκ
2389 3287 2495 3355 ἔξω
2545 3288 2763 3357 φρενῶν
2815 3289 2988 3353 ἐστιν,
3020 3291 3048 3342 ὀ
3092 3289 3191 3358 τὴν
3245 3289 3522 3360 σωτηρίαν
3569 3289 3843 3357 ἁπογινώο

2263 3398 2430 3448 σκων,
2464 3381 2576 3435 τῶν
2619 3381 3023 3451 ἀπεγνωκότων
3073 3381 3172 3451 μὲν
3205 3380 3275 3434 δι’
3325 3383 3549 3443 ἑαυτοὺς
3597 3383 3691 3433 καὶ
3734 3383 3844 3442 τὰς

2262 3472 2510 3543 πράξεις,
2541 3475 2810 3543 χρησταῖς
2857 3473 2901 3525 δ’
2947 3467 3042 3526 οὖν
3080 3473 3231 3536 ὅπως
3289 3472 3501 3537 ζώντων
3536 3472 3714 3524 ἐλπίσι
3763 3473 3842 3525 δι’

2261 3566 2427 3618 αὐτόν
2471 3582 2538 3634 γε
2588 3566 2678 3620 τὸν
2728 3567 2982 3636 Σωτῆρα,
3033 3566 3129 3620 καὶ
3175 3566 3321 3636 ἆπερ
3369 3563 3513 3629 οὗτος
3563 3563 3844 3618 πέπονθεν

2265 3658 2406 3728 ὑπὲρ
2455 3657 2614 3729 ἡμῶν
2680 3658 3051 3729 σταυρωθείς;
3091 3658 3298 3727 Μηδεὶς
3353 3654 3448 3711 οὖν
3499 3659 3575 3720 εἰς
3631 3658 3847 3709 ἐκεῖνον

2265 3751 2522 3816 ἐλπίζων,
2555 3752 2780 3822 ἀπογνῷ
2831 3751 2931 3822 τὴν
2985 3751 3181 3804 ἑαυτοῦ
3225 3752 3532 3821 σωτηρίαν.
3564 3749 3700 3803 Οὐδὲ
3733 3749 3848 3817 γὰρ

2265 3844 2469 3914 ὁμοίως
2497 3843 2630 3914 ἡμῖν
2663 3844 2873 3908 ἐκεῖνος
2898 3844 3076 3913 κρινεῖ
3097 3843 3168 3896 τὰ
3195 3843 3471 3913 ἡμέτερα,
3491 3840 3612 3894 οὖδέ
3638 3829 3850 3910 ἅνθρωο

2267 3936 2398 4008 πείᾳ.
2431 3935 2748 4007 δικαιοσύνῃ
2777 3953 2837 3989 τε
2873 3936 2968 3989 καὶ
3010 3936 3395 4007 φιλανθρωπίᾳ
3424 3951 3440 3968 ο
3473 3934 3610 3988 ἀλλὰ
3640 3936 3708 4002 τῇ
3743 3934 3853 4004 ἰδία

2270 4029 2466 4098 κρινεῖ,
2507 4026 2676 4097 μηδέν
2725 4042 2778 4078 τι
2826 4025 2959 4095 παρ’
3013 4025 3172 4096 ὴμῶν
3217 4025 3470 4078 ἁπαιτῶν
3523 4023 3616 4076 νῦν
3662 4024 3695 4094 ῆ
3754 4024 3858 4092 τὴν

2270 4119 2602 4189 γιγνομένην
2671 4119 2986 4187 μετάνοιαν,
3053 4119 3189 4188 πρὸς
3246 4117 3308 4169 τὸ
3366 4119 3496 4186 ἡμῖν
3571 4114 3858 4175 λυσιτελὲς

2271 4215 2492 4284 ἀφορῶν
2518 4230 2531 4245 ·
2567 4213 2630 4266 οὐ
2655 4213 2724 4266 δι’
2756 4213 2948 4266 ἑαυτὸν
2998 4212 3091 4266 καὶ
3141 4212 3348 4284 ταύτην
3384 4213 3685 4278 ἐπιζητῶν.
3717 4213 3859 4266 Οὐδὲ

2272 4305 2381 4374 γὰρ
2420 4304 2489 4357 τὰ
2534 4303 2643 4356 τῶν
2697 4305 2934 4372 ἀχρείων
2985 4303 3184 4370 γένοιτ’
3250 4303 3315 4355 ἂν
3369 4302 3522 4372 αὐτῷ
3577 4303 3862 4372 χρήσιμα.

2285 4397 2477 4466 Ἡμεῖς
2541 4396 2596 4449 δὲ
2649 4395 2850 4458 πάντες
2908 4395 3037 4464 ἑξῆς
3093 4393 3317 4464 φροῦδοι
3355 4394 3422 4446 ἂν
3472 4396 3638 4456 εὐθὺς
3671 4393 3865 4462 ἐγενό-

579 4504 678 4544 suo
705 4488 954 4541 humana:
982 4485 1210 4556 iustitia:
1275 4483 1760 4554 benignitatisque,
1792 4483 1894 4538 sed-
1936 4485 2157 4553 propria

2276 4489 2438 4560 μεθα,
2467 4489 2639 4550 εἴτις
2681 4489 2747 4541 ἂν
2787 4489 3040 4558 ἀφείλετο
3090 4488 3190 4556 τὴν
3247 4487 3378 4558 παρ’
3431 4486 3685 4555 ἀλλήλων
3740 4488 3868 4557 βοῆ-

580 4581 844 4637 rationem
865 4579 1112 4645 habebit,
1139 4577 1273 4632 nihil
1304 4592 1446 4632 nunc
1487 4577 1634 4632 aliud
1661 4593 1687 4630 a
1713 4577 1868 4630 nobis
1891 4576 2170 4642 postulans

579 4675 685 4731 nisi
727 4685 933 4728 rectam
973 4671 1352 4742 paenitentiam
1381 4686 1396 4736 ;
1425 4685 1591 4739 quam
1626 4668 1800 4738 ipsam
1827 4667 2170 4736 respiciendo

545 4771 830 4816 .nostram
875 4759 1162 4813 utilitatem
1215 4773 1322 4812 non
1389 4768 1613 4828 propter
1643 4772 1702 4814 se
1762 4758 2013 4828 requirit,
2047 4773 2170 4812 nam

582 4867 702 4921 qua:
723 4852 1143 4920 proﬁciscuntur
1171 4851 1239 4906 ab
1275 4849 1576 4916 inutilibus,
1627 4851 1727 4920 ipsi
1777 4851 2002 4906 minime
2053 4850 2173 4905 fue-

583 4943 894 4994 rintutilia.
923 4941 1031 4996 Nos
1055 4956 1182 4996 vero
1234 4955 1456 5010 prorsus
1502 4941 1555 4995 in
1599 4940 1827 4996 nihilum
1873 4947 2056 4996 statim
2090 4957 2175 4997 re-

583 5034 893 5100 digerentur
933 5049 1145 5098 omnes,
1175 5034 1220 5088 si
1247 5033 1368 5102 quis
1421 5049 1575 5103 opem
1645 5043 1886 5087 mutuam
1932 5050 1963 5089 e
1998 5035 2175 5090 medio

585 5127 820 5181 tolleret.
855 5127 975 5192 Quo
1009 5129 1066 5180 iit
1093 5137 1170 5192 ut,
1209 5127 1253 5181 si
1280 5128 1403 5196 quis
1427 5127 1968 5197 accuratejustitiam
1991 5136 2046 5182 et
2069 5127 2176 5182 cle-

590 5219 850 5274 mentium
908 5229 1148 5277 nostram
1204 5222 1664 5286 considerat-erit,
1717 5228 1772 5276 et
1811 5235 1933 5276 cum
1967 5219 2174 5288 justitia

585 5312 983 5382 clementiaque
1007 5313 1304 5368 Salvatoris
1338 5313 1762 5384 comparaverit,
1803 5313 2052 5383 equidem
2083 5328 2175 5366 ar-

586 5409 774 5470 bitrer,
809 5406 958 5460 illum
1002 5407 1203 5463 nostris
1239 5408 1548 5478 nejustitiae
1583 5409 1802 5476 quidem
1847 5416 1902 5460 et
1941 5407 2176 5462 clemen-

589 5503 675 5554 tia:
709 5515 904 5555 nomen
934 5515 1344 5556 concessurum.
1379 5501 1534 5566 Quod
1585 5517 1719 5557 sane
1759 5502 1812 5555 in
1853 5502 2000 5558 hunc
2053 5517 2173 5556 mo-

585 5591 711 5648 dum
745 5595 1194 5664 contemplemur.
1234 5591 1401 5649 Nobis
1437 5595 1550 5650 haec
1573 5595 1919 5665 amplissimae
1940 5597 2177 5652 elemen-

2274 4581 2444 4635 θειαν.
2481 4580 2634 4633 Ὠστ’
2662 4581 2716 4632 εῖ
2741 4598 2793 4632 τι
2823 4581 3071 4650 ἀκριϐῶς
3108 4580 3410 4650 Θεωρήσειε
3443 4582 3542 4648 τὴν
3571 4581 3868 4650 ἡμετέραν

2274 4673 2625 4743 δικαιοσύνην
2669 4689 2730 4725 τε
2779 4673 2873 4726 καὶ
2923 4671 3365 4742 φιλανθρωπίαν,
3423 4673 3517 4724 καὶ
3576 4672 3868 4740 παραθείη

2273 4770 2394 4831 ⁴ταῖς
2440 4765 2533 4820 τοῦ
2597 4766 2874 4836 Σωτῆρος,
2919 4765 3042 4835 μηδ’
3087 4765 3152 4818 ἂν
3199 4761 3351 4836 οἶμαι
3407 4765 3593 4831 τοῦτον
3642 4765 3871 4818 ἐθέλειν

2276 4859 2624 4928 δικαιοσύνην
2657 4875 2718 4911 τε
2751 4859 2846 4912 καὶ
2870 4858 3287 4928 φιλανθρωπίαν
3322 4858 3527 4920 ταύτας
3557 4858 3623 4926 δὴ
3660 4857 3878 4926 ἡμετέ-

2281 4970 2380 5022 ρας
2421 4951 2737 5005 ἀποκαλεῖν.
2769 4951 3074 5021 Σκοπῶμεν
3109 4951 3189 5005 δέ.
3229 4951 3395 5020 Ἡμῖν
3431 4968 3515 5012 τις
3569 4950 3747 5018 νόμος
3786 4968 3878 5019 φι-

2279 5043 2600 5112 λανθρωπίᾳ
2627 5042 2862 5113 μεγίστῃ
2887 5043 3160 5109 κείμενος,
3194 5040 3562 5093 ἁποδεδωκόσι
3584 5040 3880 5112 τάδίκημα

2281 5137 2696 5205 συγγινώσκειν.
2732 5135 2852 5189 Κᾶν
2887 5136 2961 5205 μὴ
3009 5135 3214 5206 δυνηθῇ
3261 5152 3346 5194 τις
3377 5136 3612 5199 ἐκτῖσαι,
3652 5136 3882 5203 πληγαὶ

2281 5229 2374 5280 καὶ
2406 5230 2587 5292 πέδαι,
2619 5228 2713 5282 καί
2741 5228 3142 5297 δεσμωτήριον,
3179 5227 3270 5278 καὶ
3300 5227 3477 5280 πάντα
3514 5225 3581 5278 τὰ
3612 5227 3879 5279 τοιαῦτα.

2281 5321 2390 5375 Καί
2425 5339 2527 5374 που
2563 5321 2657 5374 καὶ
2683 5322 2914 5382 θάνατος
2943 5320 3145 5380 ἔπεισι,
3175 5317 3254 5388 τῷ
3280 5319 3350 5371 τὰ
3381 5317 3575 5378 δεινῶς
3602 5318 3884 5379 πιέζονται

2283 5415 2381 5483 τὴν
2407 5414 2516 5466 τῶν
2547 5414 2885 5484 πιεζομένων
2918 5415 3076 5486 νικᾷν
3105 5413 3357 5482 δύναμιν.
3397 5413 3510 5465 Καὶ
3542 5413 3748 5464 σιωπῶ
3784 5415 3886 5475 τὰς

2284 5507 2493 5580 ὕϐρεις,
2525 5513 2626 5574 τὰς
2677 5510 2966 5580 λοιδορίας,
3018 5511 3128 5562 πᾶν
3174 5510 3201 5561 ὅ
3255 5526 3306 5560 τι
3349 5511 3518 5580 φέρον
3573 5507 3886 5577 αἰσχύνην,

2293 5602 2458 5678 πολλῇ
2493 5602 2782 5674 περιουσίᾳ.
2815 5601 2990 5672 θυμοῦ
3038 5600 3359 5671 γιγνόμενον
3399 5615 3414 5630 ⁸
3477 5599 3512 5653 ἃ
3540 5600 3655 5662 τοῖς
3688 5600 3893 5652 ταλαι-

659 5807 850 5883 '_Psal.
881 5803 1154 5883 cx_tux,_1’3.
1226 5807 1254 5883 f
1287 5802 1426 5857 Psal.
1456 5819 1608 5883 ιιι-ιιι,
1663 5807 1751 5864 15.
1831 5809 1898 5863 ³Ι
1951 5811 2154 5867 Jnan.t

2259 5813 2312 5868 θ.
2391 5812 2411 5843 ⁸
2445 5812 2612 5868 Marc.
2643 5828 2696 5876 κς
2734 5814 2798 5868 l8
2875 5816 2893 5846 ⁵
2930 5813 3142 5870 Hoan.
3175 5829 3210 5876 ι,
3245 5814 3299 5872 9.
3382 5815 3402 5846 °
3444 5813 3606 5869 Joan.
3642 5828 3737 5883 Ill,
3802 5817 3888 5872 16.

591 5880 610 5912 ⁷
642 5881 657 5932 l
687 5877 839 5932 Joan.
877 5892 917 5942 ι,
943 5880 993 5933 7.
1071 5875 1092 5905 ⁸
1115 5871 1260 5926 l’sal.
1281 5889 1447 5942 CXLII,
1474 5877 1529 5930 2.
