4098 6272
600 346 705 411 491
1768 336 2167 398 MANUELIS
2204 324 2653 396 PALAEOLOGI
3723 316 3827 385 έθὲ

586 456 815 527 impellit
844 495 859 519 ,
888 455 1095 521 absque
1115 450 1398 506 eoaetione
1428 459 1617 521 tamen
1637 458 1691 505 et
1714 450 1992 516 violentia,
2019 451 2163 519 quod

2270 445 2421 509 Θεός.
2467 444 2758 515 Συγχωρεῖ
2800 441 2857 494 δὲ
2904 438 3063 492 τοῦτο
3114 435 3370 505 γενέσθαι
3418 436 3477 488 οὺ
3523 434 3608 488 8ιά
3650 435 3710 487 τὸ
3757 430 3833 487 δί-

588 552 664 604 ita
699 563 808 603 rem
839 544 952 599 ﬁeri
984 543 1202 598 minime
1246 541 1551 597 conveniat.
1577 541 1758 596 Animi
1811 556 2042 610 namque
2073 558 2157 597 sa-

2269 551 2416 589 καιον
2440 534 2621 604 μόνον,
2638 534 2754 588 ἀλλ’
2772 534 2851 585 ὅτι
2878 532 2973 585 καὶ
2999 529 3279 599 συμφέρον
3296 546 3347 579 τι
3370 527 3628 580 λανθάνον
3654 528 3810 595 μῖγνυ

592 640 743 693 natio
774 635 980 690 medico
1016 635 1234 704 quidem
1266 634 1466 703 indiget
1500 633 1616 688 solo
1644 632 1783 700 Deo;
1819 636 1909 689 sed
1942 635 2155 689 interim

2269 644 2352 679 ται
2380 629 2499 690 ταῖς
2530 627 2839 681 κολάσεσιν.
2887 624 2951 676 Ἥ
3007 622 3117 690 γὰρ
3168 622 3232 690 δὴ
3275 620 3406 688 περὶ
3448 621 3595 688 ἡμᾶς
3627 620 3833 671 ἐκείνου

587 744 767 783 rerum
825 740 891 783 ex
929 742 1115 782 earum
1169 735 1254 781 εει
1311 740 1533 779 numero
1574 740 1692 793 quae
1761 740 1789 778 a
1839 735 2024 780 nostra
2060 745 2159 782 νο·

2269 717 2577 786 χρηστότης
2606 714 2945 786 πανταχόθεν
2992 712 3294 782 ἀναγκάζει
3336 711 3494 764 ταυτὶ
3523 709 3831 761 πιστεᾶειι.

583 826 789 877 luntate
815 820 1072 892 pendent.
1111 817 1491 887 Oportetenim
1526 818 1757 887 primum
1822 819 2023 875 habere
2070 837 2288 882 sensum
2340 830 2724 885 imbecillita‘is
2774 843 2906 895 suae,
2958 827 3153 882 deinde
3208 839 3368 880 nosse
3442 823 3734 883 medicum.
3786 831 3841 878 el

582 919 788 973 adeum
822 929 1045 968 currere
1076 912 1235 979 velle,
1267 912 1312 967 si
1355 914 1447 982 qui
1510 912 1876 967 valetudinem
1923 915 2188 987 integram
2266 924 2601 979 desiderant.
2657 926 3001 995 Quapropter
3051 923 3129 977 illi
3187 924 3278 991 qui
3337 922 3512 989 ptenis
3574 918 3835 972 alliciendi

548 1011 929 1082 'sunt(neque
970 1007 1193 1064 nuncde
1223 1007 1471 1063 ﬁdelibus
1515 1017 1720 1064 tantum
1754 1010 1993 1079 loquor),
2026 1012 2246 1080 ipsimet
2265 1020 2485 1073 omnino
2507 1020 2609 1075 sibi
2646 1036 2932 1090 poenarum
2995 1027 3249 1072 auctores
3294 1026 3437 1077 sunt,
3506 1028 3610 1068 non
3680 1010 3836 1069 Deus.

581 1106 670 1171 qui
696 1120 831 1159 sane
855 1103 1121 1173 permit-tit
1156 1102 1257 1155 hoc
1298 1100 1438 1162 fieri,
1470 1116 1576 1155 non
1602 1102 1828 1171 iustitiae
1852 1118 1963 1158 suae
1992 1120 2153 1161 causa
2196 1116 2424 1174 tantum,
2448 1112 2541 1166 sed
2566 1113 2728 1166 etiam
2762 1113 2903 1182 quod
2965 1110 3166 1180 aliquid
3223 1110 3398 1162 tacita:
3444 1106 3691 1161 utilitatis
3743 1109 3838 1161 ad-

580 1205 805 1257 mi~tum
838 1202 910 1256 sit
953 1201 1085 1270 ipsis
1123 1200 1324 1267 pomis.
1380 1197 1513 1252 Nam
1561 1200 1666 1255 hoc
1721 1200 1796 1254 uti
1842 1200 2151 1268 credamus,
2194 1207 2414 1260 omnino
2455 1223 2551 1263 nos
2587 1210 2755 1277 ipsius
2801 1225 2929 1275 erga
2974 1222 3072 1262 nos
3110 1206 3324 1260 bonitas
3356 1203 3521 1273 cogit.

654 1296 838 1361 Quare
888 1295 931 1347 si
975 1293 1091 1346 haec
1114 1292 1185 1346 ita
1238 1305 1297 1346 se
1343 1290 1543 1345 habere
1602 1283 1857 1346 videntur
1889 1293 2168 1363 (videntur

582 1399 762 1443 autem
799 1385 1065 1452 omnino),
1109 1397 1341 1453 quonam
1374 1392 1532 1453 pacto
1564 1382 1644 1437 fas
1661 1383 1730 1437 sit
1762 1390 1819 1437 ut
1845 1383 1911 1438 de
1945 1383 2167 1439 homine

579 1479 666 1534 vel
701 1477 1023 1544 pravissimo
1055 1485 1217 1546 atque
1248 1476 1483 1545 pessimo
1531 1475 1584 1529 in
1621 1476 1721 1531 hac
1754 1477 1859 1529 vita
1913 1478 2034 1546 quis
2066 1478 2165 1531 de-

582 1581 927 1640 speret,cum
959 1569 1224 1623 medelam
1256 1569 1299 1621 is
1332 1568 1383 1621 in
1422 1569 1674 1621 manibus
1698 1568 1915 1633 habeat,
1960 1570 2163 1624 saluta-

584 1680 698 1717 rem
729 1663 875 1717 illam
902 1662 1300 1729 paenitentiam,
1336 1662 1471 1715 sicut
1506 1670 1559 1713 et
1583 1676 1745 1729 supra
1773 1660 1975 1717 dictum
2018 1677 2163 1715 ann-

585 1754 669 1808 bis
699 1764 782 1808 est
812 1754 834 1806 ?
865 1755 924 1806 Et
946 1753 1161 1820 quando
1211 1752 1457 1804 Salvator
1491 1751 1604 1819 ipse
1652 1754 1809 1806 nobis
1870 1754 2157 1819 promittit,

2345 1298 2407 1353 Et
2437 1300 2529 1352 οὖν
2554 1300 2618 1369 δὴ
2653 1299 2827 1353 ταῦτα
2858 1300 3005 1352 δοκεῖ
3034 1297 3225 1367 (δόξειε
3250 1297 3295 1350 δ’
3322 1296 3388 1351 ἂν
3423 1297 3689 1363 πάντωςὶ,
3737 1286 3841 1348 ποῦ

2272 1392 2467 1461 καιρὸν
2500 1392 2621 1460 ἔχον
2656 1391 2794 1457 ἐστὶ,
2828 1392 2919 1444 τὸν
2948 1389 3202 1443 ἐνταυθοῖ
3232 1390 3572 1457 φαυλότατον
3603 1390 3699 1441 καὶ
3727 1388 3841 1458 χεί-

2276 1499 2457 1551 ριστον
2502 1482 2839 1550 ἀπογνῶναι,
2884 1482 2939 1533 ἐν
2970 1482 3152 1551 χεροῖν
3183 1480 3243 1531 τὸ
3295 1479 3585 1548 φάρμακον
3624 1478 3838 1548 ἔχοντα,

2266 1572 2364 1640 τὴν
2401 1571 2682 1636 σώζουσαν
2721 1573 3036 1642 μετάνοιαν,
3073 1570 3147 1633 ὼς
3180 1571 3283 1622 κάν
3324 1571 3438 1631 τοῖς
3473 1569 3841 1639 προλασούσιν

2263 1666 2396 1733 ἡμῖν
2428 1665 2678 1735 εῐρηται;
2735 1664 2884 1717 Ἐπεὶ
2913 1662 2968 1715 δέ
3001 1662 3095 1714 καὶ
3134 1664 3159 1714 ὁ
3189 1660 3379 1730 Σωτὴρ
3395 1663 3526 1729 ἡμῖν
3563 1661 3839 1728 ὑπισχνεῖ·

2266 1772 2376 1817 ται,
2401 1754 2853 1823 ἐπικαλουμένοις
2881 1753 3044 1814 εὐθὺς
3071 1751 3431 1819 παρέσεσθαι,
3456 1749 3549 1802 καὶ
3576 1749 3841 1819 πάρεστιν

588 1859 646 1897 se
675 1841 1185 1897 moxinvocantibus
1218 1840 1551 1901 adfuturum,
1585 1840 1828 1909 adeoque
1862 1841 2165 1909 inaspecta-

2269 1843 2332 1896 ἐκ
2357 1814 2452 1895 τοῦ
2477 1814 2740 1910 ἀφανούς,
2768 1814 2865 1894 καὶ
2894 1839 3080 1910 βοηθεῖ
3107 1814 3358 1907 φανερῶς
3383 1838 3518 1905 πρὸς
3542 1838 3642 1904 τὴν
3664 1814 3842 1907 σωτή-

590 1936 769 1988 bilitcr
797 1931 969 1995 adest,
1001 1938 1054 1985 et
1082 1927 1366 1983 manifesto
1391 1929 1454 1981 ad
1489 1930 1778 1982 salutarem
1808 1933 1947 1985 hanc
1972 1932 2167 1985 volun-

591 2035 756 2079 tatem
790 2025 944 2094 juvat
993 2035 1180 2077 omnes
1206 2020 1296 2088 qui
1350 2021 1448 2073 boc
1507 2020 1574 2073 ah
1604 2035 1668 2074 eo
1723 2021 1989 2089 ﬂagitant,
2048 2025 2167 2090 quis

590 2118 836 2178 obsecro,
871 2114 974 2168 nisi
1000 2118 1347 2168 vehementer
1402 2111 1657 2177 insaniat,
1690 2122 1834 2167 recte
1875 2113 1954 2167 vel
1991 2114 2057 2169 de
2082 2115 2164 2184 ja-

592 2210 835 2265 centibus
867 2209 921 2261 in
942 2208 1057 2275 ipso
1104 2206 1367 2258 malorum
1424 2204 1636 2273 gurgite
1667 2205 2038 2273 desperaverit
2066 2222 2166 2258 un-

591 2318 780 2373 quam,
800 2302 843 2356 si
862 2300 961 2355 soli
982 2297 1360 2352 misericordiae
1382 2297 1741 2365 potestatique
1770 2298 1996 2351 ﬁdentes
2023 2298 2167 2352 illius

590 2394 682 2462 qui
716 2393 884 2461 gratis
907 2396 1105 2453 servat,
1153 2385 1512 2453 resipiscaut?
1556 2384 1916 2449 Quamobrem
1962 2388 2025 2439 de
2049 2386 2167 2438 nul-

589 2486 661 2542 lis
697 2486 915 2538 omniuo
955 2478 1371 2549 desperandum.
1408 2478 1506 2531 nisi
1553 2478 1641 2544 qui
1701 2490 1890 2545 magna
1936 2477 2165 2544 quadam

592 2577 804 2631 insania
839 2574 905 2629 de
926 2571 1123 2639 seipsis
1161 2571 1536 2638 despcrurunt.
1575 2562 1711 2620 Nam
1747 2578 1965 2635 propter
2018 2584 2168 2623 acer-

592 2684 715 2721 vum
771 2662 1146 2731 multiplicium
1180 2668 1524 2728 peccatorum
1575 2659 1885 2726 desperare,
1943 2658 2164 2712 stultum

592 2757 813 2810 omnino
851 2753 1036 2819 fuerit,
1078 2753 1245 2805 donec
1290 2750 1453 2802 vitam
1496 2749 1636 2803 hanc
1683 2760 2007 2817 praesentem
2058 2765 2163 2801 non

594 2844 1027 2914 deposuerimus.
1063 2840 1192 2893 Nam
1227 2838 1363 2893 velle
1397 2839 1563 2891 Deum
1618 2837 1995 2893 misericordia
2054 2854 2168 2890 mo-

596 2944 708 2989 tum
736 2931 812 2997 uti
841 2938 1107 3000 potestate
1136 2942 1230 2980 sua
1257 2941 1354 2995 pro
1386 2925 1449 2978 iis
1488 2924 1579 2993 qui
1613 2938 1735 2979 eum
1770 2923 2047 3000 invocant,
2074 2938 2165 2977 sa-

596 3026 684 3088 tis,
710 3022 923 3090 opinor,
954 3024 1377 3073 consentaneum
1412 3022 1530 3068 est:
1570 3014 1707 3068 idem
1761 3015 1805 3068 si
1837 2999 2166 3084 quid'facere

2271 1950 2387 2001 ριον
2417 1931 2619 1999 ταύτην
2665 1929 2925 2001 βούλησιν
2983 1930 3119 1981 πᾶσι
3166 1928 3279 1988 τοῖς
3311 1925 3473 1978 αὐτὸν
3525 1922 3834 1991 ἐκζητοῦσι·

2267 2027 2373 2087 τίς,
2437 2027 2486 2078 εί
2520 2025 2594 2093 μὴ
2624 2024 2829 2092 σφόδρα
2863 2022 3106 2090 μαίνοιτο
3134 2018 3341 2080 δίκαιος
3370 2018 3435 2071 ἂν
3468 2016 3552 2085 εῖη
3593 2016 3725 2068 ποτὲ
3750 2018 3839 2069 καὶ

2269 2117 2395 2177 τοὺς
2431 2117 2487 2167 ἐν
2532 2114 2679 2182 αὐτῷ
2718 2113 2793 2183 τῷ
2829 2111 2975 2182 βυθῷ
3007 2110 3116 2163 τῶν
3148 2109 3337 2161 κακῶν
3385 2106 3671 2177 κειμένους
3701 2107 3836 2159 ἀπο-

2269 2206 2581 2273 γινώσκειν,
2617 2205 2754 2273 ἐλέῳ
2791 2202 2938 2272 μόνῳ
2977 2198 3335 2272 θαρροῦντας,
3379 2198 3471 2250 καὶ
3503 2201 3568 2266 τῇ
3605 2197 3833 2265 δυνάμει

2269 2300 2364 2353 τοῦ
2393 2302 2594 2369 προῖκα
2626 2298 2891 2361 σώζοντος
2906 2294 3388 2365 μεταμελομένους
3415 2311 3427 2357 ;
3452 2292 3605 2343 Ὢστ’
3623 2292 3830 2353 οὐδένας

2270 2408 2332 2458 γε
2360 2390 2468 2445 τῶν
2494 2391 2713 2443 πάντων
2738 2386 3122 2455 ἀπογνωστέον
3150 2387 3287 2456 ἡμῖν,
3306 2384 3368 2435 ἂ)
3396 2384 3505 2450 εἴη,
3533 2384 3580 2433 εξ
3610 2382 3677 2450 μὴ
3704 2381 3820 2442 τοὺς

2270 2484 2411 2552 σφᾶς
2444 2499 2505 2549 γε
2538 2482 2737 2543 αὐτοὺς
2766 2476 3159 2545 ἀπεγνωκότας
3191 2474 3356 2542 πολλῇ
3392 2473 3583 2542 μανίᾳ.
3609 2474 3694 2523 Διά
3719 2472 3822 2538 γὰρ

2271 2572 2446 2643 σωρὸν
2473 2572 2892 2642 ἁμαρτημάτων
2923 2565 3286 2619 παντοδαπῶν
3320 2561 3513 2631 εὔηθες
3554 2564 3834 2615 παντάπα-

2270 2680 2355 2716 σιν
2389 2662 2730 2730 ἀπογνῶναι,
2758 2661 2862 2722 ἕως
2888 2660 2952 2714 ἂν
2990 2659 3064 2729 μὴ
3093 2660 3191 2728 τὴν
3222 2656 3506 2725 παροῦσαν
3533 2657 3679 2724 ζωὴν
3710 2658 3837 2707 ἀπο-

2263 2752 2512 2822 θώμεθα.
2566 2751 2802 2821 Θελῆσαι
2858 2752 2959 2820 μὲν
3013 2752 3122 2819 γάρ
3170 2747 3263 2800 τὸν
3311 2749 3448 2800 Θεὸν
3500 2748 3608 2800 ὑπὸ
3661 2747 3836 2809 ἐλέους

2268 2845 2594 2913 κινούμενον
2636 2848 2700 2913 τῇ
2738 2844 2966 2912 δυνάμει
3016 2841 3322 2912 χρήσασθαι
3352 2839 3491 2907 ὑπὲρ
3534 2840 3648 2890 τῶν
3682 2839 3839 2891 αὐτὶν

2269 2937 2714 3006 ἐπικαλουμένων
2741 2937 2997 2997 ἐπιεικῶς
3021 2936 3169 2996 είκός
3192 2936 3358 2997 ἐστιν,
3378 2930 3553 3001 οἶμαιο
3580 2932 3840 2999 ἀτονῆσαι

2267 3025 2323 3077 δέ
2368 3042 2499 3077 ποτε
2562 3024 2868 3092 θελήσαντά
2922 3041 2975 3076 τι
3029 3022 3431 3093 διαπράξασθαι
3492 3023 3838 3075 παντάπασιν

588 3113 847 3175 voluerit,
867 3111 917 3163 in
942 3123 1008 3163 eo
1042 3105 1376 3175 perﬁciundo
1398 3104 1601 3159 viribus
1649 3114 1705 3158 ut
1734 3104 2078 3167 destituatur,
2107 3104 2162 3156 li-

2272 3116 2553 3169 ἀδύνατον.
2601 3116 2768 3168 Οὐδὲν
2811 3117 2921 3187 ἀρα
2974 3114 3220 3187 λείπεται
3264 3114 3376 3175 τοῖς
3429 3115 3487 3165 ἐν
3538 3114 3839 3184 ἁμαρτίαις

595 3206 675 3261 eri
709 3201 852 3256 nullo
879 3200 1035 3254 modo
1062 3204 1257 3266 potest.
1283 3194 1425 3249 Nihil
1451 3194 1610 3261 igitur
1645 3195 1712 3248 iis
1761 3196 1853 3259 qui
1885 3193 2089 3247 luerent
2115 3199 2165 3248 in

598 3293 862 3367 peccatis,
888 3291 952 3344 ad
990 3291 1091 3343 hoc
1120 3287 1294 3348 deest,
1323 3295 1380 3340 ut
1408 3285 1540 3339 salvi
1578 3285 1727 3350 ﬁant,
1758 3299 1919 3353 quam
1955 3295 2011 3338 ut
2044 3300 2168 3354 ger-

602 3399 818 3441 manam
837 3394 995 3452 agere
1012 3377 1381 3450 paenitentiam
1404 3376 1575 3431 velint
1600 3390 1615 3429 :
1642 3377 1843 3444 quippe
1861 3375 1950 3444 qui
1973 3375 2164 3430 Jonam

599 3494 629 3531 e
660 3483 849 3530 ventre
893 3469 1081 3525 bellua:
1106 3476 1270 3534 atque
1305 3464 1411 3518 imo
1436 3462 1602 3516 maris
1625 3462 1845 3527 eripuit,
1899 3460 2037 3515 idem
2070 3460 2168 3513 hos

599 3580 813 3639 quoque
844 3563 913 3618 de
956 3568 1146 3615 ventre
1175 3556 1346 3612 hostis
1400 3564 1454 3609 et
1494 3555 1601 3607 imo
1654 3552 1963 3607 vitiositatis
2000 3551 2167 3606 fluido

598 3658 883 3714 extrahere
922 3658 1116 3721 potest.
1174 3646 1334 3715 Atqui
1391 3644 1538 3699 Jonae
1584 3643 1924 3698 conservatio
1987 3644 2170 3710 prodi-

603 3751 750 3820 gium
781 3746 1052 3817 quoddam
1084 3747 1224 3804 erat,
1263 3753 1435 3808 neque
1460 3736 1771 3791 necessario
1794 3737 2167 3805 requirebatur

603 3853 660 3896 ut
703 3840 845 3894 Deus
874 3833 950 3890 .‘id
993 3836 1231 3899 faceret;
1265 3845 1371 3884 non
1427 3831 1573 3883 enim
1614 3838 1769 3885 certe
1811 3827 2171 3893 ﬂagitabimus

603 3935 671 3988 ab
705 3946 791 3996 eo,
822 3940 1154 3998 quarcunque
1198 3930 1402 3993 potest,
1433 3921 1619 3976 eadem
1655 3929 1711 3973 ut
1763 3922 1946 3974 omnia
1988 3921 2168 3984 faciat,

602 4038 789 4077 verum
818 4021 893 4073 uti
918 4015 1207 4087 prostratis
1236 4029 1267 4067 a
1318 4022 1558 4083 peccato,
1589 4013 1679 4081 qui
1729 4011 1922 4065 deinde
1972 4010 2170 4079 corrigi

601 4112 787 4173 velint,
822 4124 1036 4163 manmn
1072 4109 1185 4176 ipse
1225 4105 1488 4173 porrigat,
1526 4103 1663 4158 haud
1716 4103 1875 4157 dubie
1924 4116 2182 4157 necessa-

2272 3208 2407 3278 πρὸς
2430 3207 2488 3259 τὸ
2516 3206 2778 3276 σωθῆναι,
2806 3203 2840 3275 ἢ
2865 3200 2930 3257 τὸ
2956 3205 3184 3274 θελῆσαι
3210 3202 3448 3272 γνησίως
3477 3205 3832 3272 μετανοῆσαι.

2284 3300 2344 3353 'U
2372 3300 2552 3351 τοίνυν
2578 3299 2672 3350 καὶ
2698 3298 2791 3350 τὸν
2823 3298 3011 3350 Ἰωνᾶν
3041 3296 3207 3366 θηρὸς
3233 3297 3468 3365 γαστρὸς
3492 3297 3836 3366 ἀναρπάσας,

2268 3393 2363 3443 καὶ
2396 3390 2688 3444 θαλαττίου
2738 3389 2928 3459 βυθοῦ,
2960 3389 3185 3442 δύναται
3227 3389 3322 3441 καὶ
3355 3389 3634 3440 τουτουσὶν
3677 3388 3838 3440 ἀνελο

2269 3479 2436 3531 κύσαι
2460 3478 2559 3547 τῆς
2583 3494 2641 3529 τε
2666 3477 2904 3546 γαστρὸς
2928 3476 3021 3528 τοῦ
3051 3474 3269 3546 ἐχθροῦ,
3289 3473 3485 3525 καὶτοῦ
3506 3474 3603 3537 τῆς
3627 3474 3830 3535 κακίας

2272 3567 2456 3637 βυθοῦ.
2492 3568 2684 3621 Καίτοι
2736 3566 2796 3621 τὸ
2835 3565 2931 3620 τοῦ
2971 3565 3127 3618 Ἰωνᾶ
3168 3565 3358 3633 θαῦμα
3390 3560 3475 3634 ἦν,
3503 3563 3595 3615 καὶ
3630 3564 3728 3615 οὐκ
3756 3558 3827 3629 ἦν

2270 3662 2485 3729 ἀνάγκη
2512 3659 2672 3712 τοῦτο
2705 3659 2951 3728 ποιῆσαι.
2984 3658 3058 3710 Οὐ
3098 3657 3208 3727 γὰρ
3245 3657 3619 3724 ἀπαιτήσομεν
3648 3654 3830 3718 αὑτὸν,

2270 3752 2369 3804 ὅσα
2403 3751 2468 3820 δὴ
2512 3752 2606 3804 καὶ
2641 3750 2886 3813 δύναται,
2936 3749 3109 3803 ταῦτα
3156 3750 3330 3803 ποιεῖν
3374 3747 3611 3803 ᾶπαντα.
3662 3748 3735 3800 Τὸ
3778 3748 3832 3800 δὲ

2268 3844 2382 3905 τοῖς
2410 3841 2833 3911 καταϐληθεῖσιν
2861 3840 2965 3893 ὑπὸ
2993 3839 3094 3907 τῆς
3124 3839 3425 3910 ἁμαρτίας,
3463 3839 3652 3892 ἔπειτα
3683 3839 3834 3909 θελήι

2273 3950 2430 3986 σασιν
2461 3931 2932 4002 ἐπανορθωθῆναι,
2959 3934 3117 4002 χεῖρα
3148 3932 3365 4000 ὀρέγειν
3394 3931 3572 4002 σαφὴς
3602 3932 3833 3997 ἀνάγκη.

2275 4022 2432 4088 Πῶς;
2462 4022 2589 4076 Ὀτι
2630 4021 2777 4075 τοῦτ’
2804 4021 2965 4084 αὐτὸς
3010 4022 3403 4090 ἐπηγγείλατο,
3450 4023 3509 4075 ὲν
3543 4019 3625 4085 οἷς
3668 4024 3834 4075 αἰτεῖν

2272 4129 2331 4165 τε
2360 4113 2453 4167 καὶ
2501 4112 2710 4182 ζητεῖν,
2736 4112 2829 4166 καί¹
2862 4112 3083 4181 κρούειν
3108 4113 3281 4166 ἅπασι
3313 4116 3591 4182 παραινεῖ.
3623 4114 3695 4167 Οὐ
3727 4114 3835 4182 γὰρ

598 4202 743 4258 rium
768 4208 870 4254 est.
898 4199 1261 4264 Quamobrem
1280 4195 1302 4247 Ἰ
1323 4194 1583 4259 Quoniam
1614 4192 1877 4260 istucipse
1901 4193 2165 4246 facturum

2271 4208 2336 4278 δὴ
2378 4208 2513 4279 πρὸς
2536 4208 2711 4262 ταῦτα
2744 4208 2841 4277 μὲν
2873 4206 3284 4275 παρακέκληκε,
3317 4206 3378 4258 τδ
3398 4206 3453 4258 δὲ
3491 4208 3599 4258 ἀπὸ
3634 4207 3837 4259 τούτων

599 4309 658 4349 se
701 4290 971 4359 promisit,
1014 4288 1141 4341 dum
1177 4286 1242 4339 ad
1277 4284 1589 4351 petendum,
1626 4291 1679 4334 et
1711 4285 2083 4347 qumrendum,
2120 4290 2165 4335 et

2273 4298 2643 4375 ἐκϐησόμενον
2696 4284 3014 4367 σεσίγηκεν,
3050 4299 3104 4349 ἐν
3143 4296 3338 4364 ἀδηλίσ.
3372 4298 3501 4363 τοὺς
3542 4296 3841 4364 λογισμοὺς

600 4385 922 4455 pulsandum
957 4381 1203 4432 hortatur
1241 4376 1541 4427 universos.
1572 4371 1685 4424 Non
1704 4374 1842 4425 enim
1863 4383 1922 4427 ut
1954 4374 2041 4427 illa
2060 4375 2165 4442 qui-

2275 4371 2468 4454 ἀφείς(
2492 4387 2626 4439 ἀλλά
2656 4388 2750 4438 καὶ
2781 4387 2940 4439 τοῦτο
2967 4388 3098 4456 ἡμῖν
3134 4386 3325 4451 ἔδειξε,
3351 4388 3609 4455 προσθεὶς
3645 4391 3709 4456 τῇ
3741 4389 3841 4455 μὲν

597 4477 717 4529 dem
768 4472 1027 4526 faciamus
1080 4480 1178 4520 nos
1213 4464 1529 4516 adhortatus
1556 4470 1658 4524 est,
1690 4462 1900 4530 atquid
1951 4463 2073 4517 inde
2102 4465 2165 4519 sil

2277 4477 2493 4545 αἰτήσει
2532 4477 2630 4545 τὴν
2661 4478 2829 4541 δόσιν,
2859 4480 2924 4547 τῇ
2956 4478 3013 4530 δὲ
3059 4478 3285 4547 ζητήσει
3334 4478 3431 4546 τὴν
3466 4478 3710 4547 εὕρεσιν,
3744 4480 3843 4529 καὶ

595 4574 910 4621 eventurum
947 4559 1131 4616 tacuit,
1168 4554 1580 4621 cogitationibus
1606 4554 1804 4608 nostris
1839 4555 1889 4608 in
1924 4556 2165 4624 ambiguo

2275 4563 2335 4615 τὸ
2365 4563 2461 4625 τὰς
2493 4562 2664 4629 θύρας
2689 4564 3076 4632 ἀνοιγήσεσθαι
3108 4563 3321 4632 μέλλειν
3339 4566 3451 4623 τοῖς
3470 4565 3581 4616 τῶν
3610 4569 3841 4616 κοπτόνο

597 4657 822 4718 relictis,
854 4652 945 4707 sed
976 4648 1100 4703 illud
1126 4648 1299 4715 ipsum
1333 4659 1545 4713 quoque
1577 4644 1731 4698 nobis
1760 4645 2017 4709 ostendit,
2048 4660 2165 4699 cum

2274 4670 2381 4705 των
2413 4652 2708 4721 κρούμασι.
2740 4655 2915 4720 Χάρις
2950 4654 3050 4721 μὲν
3080 4651 3175 4706 οὖν
3224 4653 3285 4704 τὸ
3311 4654 3658 4722 ἐπάγγελμα,
3697 4655 3871 4706 πάν-.

597 4747 838 4818 petitioni
869 4743 1053 4812 adjicit
1087 4732 1537 4808 impetrationem,
1572 4734 1870 4806 qutesitioni
1902 4738 2165 4791 inventio-

2272 4761 2381 4798 των
2406 4742 2462 4795 δὲ
2496 4744 2603 4796 τῶν
2636 4744 2695 4796 ἐν
2728 4743 3032 4814 ἀνθρώποις
3065 4744 3395 4812 ὀφλημάτων
3426 4746 3842 4811 ἀσφαλεστέραν

500 5598 507 5609 ι
596 5570 702 5618 hoc
759 5561 922 5616 etiam
984 5558 1212 5614 accedit.

599 4854 742 4900 nem,
775 4836 1024 4906 quodque
1075 4830 1219 4885 fores
1274 4829 1579 4898 aperienda:
1604 4837 1714 4881 smt
1748 4828 1813 4882 ad
1846 4828 2054 4882 illorum
2075 4828 2164 4896 qui

596 4928 811 4993 pulsant
840 4927 999 4979 ictus.
1023 4927 1208 4993 Itaque
1238 4921 1569 4989 promissum
1606 4920 1707 4973 hoc
1740 4921 1913 4988 gratia
1936 4929 2037 4984 est,
2072 4934 2168 4975 cu-

594 5018 683 5087 jus
714 5018 910 5069 certior
932 5014 1224 5083 persolutio
1259 5026 1419 5080 quam
1471 5012 1710 5065 omnium
1746 5011 1885 5064 inter
1925 5012 2167 5065 homines

546 5129 551 5135 ·
598 5109 926 5163 debitorum.
956 5106 1087 5159 Nam
1110 5121 1206 5157 nos
1232 5119 1362 5157 sane
1412 5104 1552 5171 quod
1579 5102 1790 5165 attinet,
1826 5102 1932 5192 ﬁni
1986 5102 2167 5156 multis

598 5200 737 5254 amxi
769 5212 953 5252 sumus
982 5197 1147 5259 vitiis,
1181 5211 1243 5250 ac
1281 5210 1386 5249 non
1449 5209 1571 5247 raro
1618 5195 1833 5262 quidem
1897 5194 2168 5261 resipisci-

598 5306 742 5356 mus,
791 5299 979 5342 verum
1024 5286 1341 5354 plerumque
1377 5286 1576 5353 justam
1629 5286 1694 5338 ad
1748 5284 2162 5353 persolutionem

597 5382 760 5435 nimis
795 5377 1089 5434 imbecilles
1123 5391 1331 5438 sumus,
1378 5383 1801 5429 consentaneum
1862 5383 1964 5440 est,
1989 5387 2163 5442 neque

594 5472 849 5541 gratiam,
907 5482 1081 5536 neque
1129 5466 1369 5520 debitum
1422 5464 1648 5530 exsolvi,
1679 5465 1897 5536 quando
1963 5464 2158 5518 malum

900 5542 922 5614 n
984 5558 1212 5614 accedit.
1295 5557 1504 5626 Quippe
1578 5573 1701 5612 cum
1777 5572 2161 5627 nonnunquam

596 5655 650 5707 id
728 5662 987 5722 praestare
1066 5661 1350 5721 possemus
1400 5649 1542 5715 quod
1619 5649 1863 5717 decebat,
1946 5660 2164 5719 praesta-

596 5756 659 5797 re
687 5759 789 5798 non
817 5744 1084 5799 volumus.
1135 5741 1203 5795 At
1234 5738 1336 5792 ista
1370 5738 1545 5793 locum
1579 5740 1631 5793 in
1655 5738 1762 5795 Deo
1794 5754 1899 5795 non
1922 5742 2156 5795 habent:

2271 4834 2369 4902 τὴν
2401 4833 2659 4886 ἀπόδοσιν
2687 4834 2824 4903 ἔχει.
2868 4834 2981 4902 Ἐφ’
3014 4834 3169 4903 ἡμῶν
3205 4834 3301 4903 μὲν
3332 4834 3438 4903 γὰρ
3470 4835 3581 4886 τῶν
3626 4852 3844 4904 προση-

2268 4925 2529 4993 λωμένων
2561 4925 2775 4988 πολλοῖς
2811 4926 3032 4990 πάθεσι,
3074 4926 3169 4978 καὶ
3224 4926 3691 4993 μεταμελομένων
3738 4926 3847 4993 μὲν

2269 5015 2370 5067 οὐκ
2402 5015 2669 5081 ὀλιγάκις,
2701 5016 2839 5088 πρὸς
2867 5016 2923 5069 δὲ
2949 5018 3165 5069 δικαίαν
3193 5017 3397 5069 ἔκτισιν
3428 5018 3846 5071 ἀδυνατούντων

2270 5107 2551 5169 πολλάκις,
2578 5107 2725 5169 εἰκός
2753 5110 2864 5159 ἐστι
2892 5111 2986 5161 καὶ
3020 5109 3180 5177 χάριν
3210 5110 3304 5161 καὶ
3334 5107 3555 5177 ὄφλημα
3591 5109 3663 5178 μὴ
3698 5110 3845 5161 ἀπο-

2267 5196 2510 5265 δοθῆναι.
2558 5198 2711 5250 Ἐπεὶ
2742 5201 2833 5251 καὶ
2863 5199 3023 5251 τοῦτο
3054 5200 3305 5267 γίγνεται
3343 5200 3400 5251 τὸ
3428 5198 3625 5252 δεινόν.
3661 5201 3843 5252 Δυνά-

2271 5305 2422 5356 μενοι
2456 5290 2566 5359 γάρ
2593 5289 2739 5342 ἔστιν
2770 5290 2858 5343 ὅτε
2887 5292 2945 5343 τὸ
2975 5294 3184 5361 πρέπον
3224 5291 3578 5360 ἐργάσασθαι,
3618 5292 3678 5343 οὐ
3712 5290 3847 5359 βου-

2265 5378 2493 5448 λόμεθα.
2532 5380 2651 5431 Ἐπὶ
2699 5379 2756 5430 δέ
2796 5378 2931 5430 Θεοῦ
2967 5381 3033 5432 τὰ
3062 5380 3287 5434 τοιαῦτα
3332 5379 3515 5449 χώραν
3544 5381 3646 5431 οὐκ
3688 5379 3836 5448 ἔχει.

2266 5469 2440 5522 Ὅπου
2483 5470 2589 5539 γὰρ
2620 5470 2752 5534 Θεὸς
2788 5472 2816 5523 ὀ
2851 5471 3347 5538 ἐπαγγελλόμενος,
3388 5471 3490 5523 οὐκ
3540 5468 3652 5521 ἐσθ’
3680 5470 3838 5530 ὅπως

2262 5561 2364 5614 οὐκ
2396 5562 2689 5623 ἐκτελέσει,
2713 5562 2808 5615 καὶ
2836 5561 2911 5629 δῷ
2937 5565 3058 5624 ταῖς
3085 5562 3413 5631 ὑποσχέσεσι
3441 5560 3596 5622 τέλος
3627 5560 3832 5627 ῐσχεινο

2265 5652 2395 5706 ὥστ’
2451 5652 2627 5713 οὐδεὶς
2669 5654 2726 5703 ἐν
2759 5652 3091 5719 ἀπογνώσει,
3130 5655 3177 5705 εί
3226 5652 3301 5723 μὴ
3350 5653 3377 5703 ὀ
3421 5648 3844 5716 ἀπογινώσκειν

2264 5742 2502 5815 νομίζων
2550 5742 2697 5807 ἄξιος
2744 5739 2907 5797 εῖναι.
2942 5743 3140 5812 Μηδεὶς
3188 5740 3279 5796 οὖν
3324 5745 3496 5797 ταῦτα
3540 5740 3845 5809 γινώσκων
