4098 6272
370 326 477 393 D3

1771 308 2052 384 o‘Rt'rIo
2078 326 2180 386 Vt.

3496 326 3599 390 494

369 441 461 492 καὶ
510 433 827 504 σωφρονῶν,
875 426 999 504 ἐμοὶ
1047 434 1387 503 πειθόμενος,
1439 434 1678 503 ἀπογνῷ·
1735 435 1850 488 ἀλλ’
1888 435 1919 503 ἢ

2027 446 2147 483 nam
2174 432 2260 485 tibi
2298 431 2433 486 Deus
2456 442 2539 486 est
2566 430 2655 500 qui
2690 431 2977 501 promittit,
3007 432 3118 485 fieri
3143 448 3246 485 non
3266 440 3434 500 potcSt
3470 434 3596 499 quin

367 528 629 598 τρυφάτω
665 527 785 589 ταῖς
815 526 1051 592 ἀγαθαῖς
1094 528 1274 580 ἐλπίσι
1307 527 1436 592 ζῶν,
1466 529 1524 579 ἐν
1570 525 1798 594 ἀγαθαῖς
1841 528 1930 579 ἀεὶ

367 616 656 684 πράξεσιν,
690 616 722 684 ἢ
761 616 893 685 περὶ
929 613 1027 685 τὴν
1062 616 1362 696 ἑνδεκάτην
1392 617 1564 670 ἐλθὼν
1598 620 1676 679 είς
1704 617 1798 669 τὸν
1829 622 1929 669 κα-

364 705 460 775 λὸν
512 706 832 774 ἀμπελῶνα,
893 706 1199 778 ὲκδεχέσθω
1262 709 1464 779 προῖκα
1528 707 1738 773 λαϐεῖν,
1803 708 1928 761 ὅσον

366 798 586 859 δικαίως
617 798 826 850 δέδοται
852 800 962 861 τοῖς
1011 798 1314 867 βαστάσασι
1344 797 1406 852 τδ
1438 799 1604 869 βάρος
1647 799 1749 868 τῆς
1796 798 1930 868 ἠμέ-

370 906 493 959 ρας,
514 889 720 942 καὶτὸν
746 888 1008 944 καύσονα.
1029 882 1169 957 Ἐγὼ
1206 893 1337 954 τοὺς
1356 893 1566 954 πάντας
1589 890 1929 961 ὑπερελάσας

370 979 463 1031 ἐπὶ
534 983 746 1045 κακοῖς,
794 981 895 1032 οὐκ
954 980 1191 1048 ὲμαυτδν
1244 981 1653 1050 ἀπογνώσομαιο
1702 980 1798 1033 καὶ
1840 977 1931 1032 διὰ

368 1069 544 1133 τοῦτο,
572 1071 680 1123 οὐδ’
709 1070 949 1123 ὁντινοῦν
974 1071 1083 1125 τῶν
1110 1070 1386 1126 ἁπάντωνο
1412 1073 1487 1137 ὡς
1516 1072 1712 1142 ὄφελόν
1742 1089 1805 1140 γε
1834 1071 1930 1124 καὶ

370 1161 430 1213 σὲ
458 1162 549 1212 τὸν
580 1160 901 1224 ἄπταιστον,
930 1163 1017 1216 ἶνα
1043 1165 1117 1232 μὴ
1150 1164 1350 1234 κρίνων
1373 1165 1499 1227 τοὺς
1526 1164 1740 1227 ἄλλους,
1770 1165 1930 1226 αὐτὸς

368 1250 583 1321 κριθῆς,
648 1254 745 1306 καὶ¹
802 1254 1180 1318 καταδικάζων
1239 1257 1618 1327 ἀπαραίτητα,
1676 1256 1805 1309 αὐτό
1864 1271 1929 1322 γε

366 1344 524 1396 τοῦτο
551 1344 729 1415 πάθῃς
764 1346 868 1398 ὑπὸ
900 1345 1055 1412 Θεοῦ,
1094 1348 1235 1402 κατὰ
1272 1349 1363 1402 τὸν
1395 1350 1607 1403 ἐκείνου
1644 1346 1923 1419 χρησμόν.

291 1412 313 1467 δ’
368 1435 429 1487 Εἰ
466 1436 575 1505 γὰρ
603 1437 795 1490 ἑαυτὸν
839 1438 898 1490 ού
928 1439 1137 1493 δίκαιον
1171 1440 1509 1509 ἀπογνῶναι,
1541 1442 1806 1510 οὖμενουν
1837 1440 1927 1493 ού-

363 1526 489 1579 δὲνα
522 1527 628 1580 τῶν
678 1529 920 1595 πάντων,
968 1532 1078 1585 οὐδ’
1122 1532 1188 1585 ἄν
1238 1534 1345 1586 ὑπὸ
1397 1533 1620 1587 πάντων
1658 1535 1930 1600 ἀπογινώ-

366 1633 583 1684 σκηται·
622 1617 738 1681 πῶς
771 1620 836 1672 ἄν
868 1636 952 1680 τις
986 1621 1209 1683 δικαίως
1240 1625 1368 1684 τοὺς
1416 1624 1628 1687 ἄλλους,
1675 1626 1815 1693 μήτε
1863 1623 1931 1677 τὰ

363 1708 587 1761 ἐκείνων
644 1710 1092 1781 πλημμελήματα
1175 1714 1424 1782 ἀκριϐῶς
1486 1715 1664 1777 εἰδὼς,
1730 1715 1805 1779 ὡς
1858 1717 1928 1770 τὰ

361 1799 536 1853 οἰκεῖα
568 1800 734 1859 κακὰ.
765 1803 903 1871 μήτε
928 1804 1025 1871 τὴν
1058 1805 1177 1857 τότε
1210 1805 1453 1861 διάθεσιν
1484 1806 1583 1874 τῆς
1617 1807 1675 1857 ὲν
1702 1807 1920 1877 ἑκάστῳ

359 1882 559 1959 ψυχῆς,
596 1891 628 1961 ἢ
670 1892 879 1953 τᾶνδον,
919 1886 950 1963 ἢ
996 1895 1060 1947 τὰ
1098 1890 1332 1967 θύραθεν
1364 1890 1548 1959 αὐτοῖς
1582 1896 1919 1966 ἐπισυμϐαί-

362 1997 519 2033 νοντα
570 1984 901 2051 πράγματας
950 1986 1060 2039 Καὶ
1103 1985 1191 2038 διὰ
1240 1986 1411 2039 ταῦτα
1460 1984 1509 2039 οἱ
1558 1988 1663 2041 τῶν
1707 1984 1918 2057 ἀνδρῶν

361 2070 571 2138 ἄριστοι
602 2071 712 2123 οὔτ’
750 2073 1187 2141 ἀπογινώσκουοι
1234 2078 1362 2139 τοὺς
1407 2079 1509 2131 οὐκ
1556 2081 1919 2148 ἀπογνόντας,

359 2160 471 2215 οὔτ’
506 2163 743 2233 εὐχερῶς
786 2166 1197 2234 κατακρίνουσι.
1253 2167 1424 2222 Τοῦτο
1462 2170 1568 2251 γὰρ
1599 2172 1922 2240 κεκρίκασιν

362 2253 582 2320 εὖλογον
612 2252 772 2317 εἶναι,
805 2258 943 2323 σφᾶς
974 2258 1072 2327 μὶν
1092 2254 1670 2329 αὐτοῦςκατακρίνειν,
1700 2264 1922 2318 ἐπειδάν

361 2358 464 2398 που
493 2346 585 2399 τοῦ
620 2348 986 2416 προσήκοντος
1014 2348 1405 2416 παρεξέλθωσι,
1448 2352 1667 2424 μακρὰν
1697 2351 1920 2408 ἐλαυνοι

363 2435 532 2503 μένης
564 2436 733 2489 ἅπασι
764 2437 984 2504 τρόποις
1013 2432 1112 2499 τῆς
1144 2440 1267 2492 καθ’
1298 2442 1455 2510 ἡμῶν
1482 2443 1764 2513 λυττώσης
1789 2446 1923 2498 ἁπο-

360 2525 641 2591 γνὼσεως·
673 2523 797 2588 τοὺς
832 2527 886 2579 δὲ
918 2528 1137 2599 ἑτέρους
1169 2531 1378 2600 κρίνειν
1410 2533 1505 2603 ὲᾷν
1539 2534 1629 2586 τὸν
1646 2536 1921 2606 Δημιουρ-

300 2664 313 2667 -
361 2612 482 2679 γδν,
514 2607 557 2680 ᾧ
611 2616 780 2684 μηδὲν
816 2616 915 2686 τῆς
942 2619 1172 2683 κτίσεως
1219 2616 1444 2675 ἄδατον.
1496 2625 1768 2691 Κριτικὸς
1814 2628 1921 2698 γὰρ

360 2704 752 2774 ἐνθυμήσεων
803 2708 902 2762 καὶ
955 2709 1209 2765 ἐννοιῶν
1259 2715 1527 2783 καρδίας,
1577 2718 1603 2767 ὁ
1652 2719 1925 2790 μακάριος

359 2793 462 2866 ἔφη
511 2797 741 2860 Παῦλος.
772 2799 866 2868 Μὴ
903 2802 1154 2868 κρίνετε,
1188 2806 1352 2875 φησὶν
1397 2807 1425 2859 ό
1469 2807 1682 2876 Σωτὴρ,
1715 2810 1813 2864 καὶ
1847 2812 1918 2865 οὐ

354 2887 441 2956 μὴ
476 2890 737 2957 κριθῆτε.
764 2892 858 2959 Μὴ
893 2895 1324 2963 καταδικάζετε,
1355 2898 1455 2952 καὶ
1503 2902 1575 2956 οὐ
1599 2901 1685 2971 μὴ
1730 2918 1922 2957 κατα-

357 2977 709 3050 δικασθῆτε.
758 2983 976 3036 Τούτων
1022 2986 1202 3039 τοίνυν
1246 2990 1357 3041 τῶν
1387 2991 1581 3057 φωνῶν
1625 2993 1922 3059 διαπαντὸς

2040 522 2177 576 idem
2214 524 2526 591 perficiatet
2547 525 2611 577 ad
2633 524 2793 578 tinem
2815 526 3077 591 promissa
3103 526 3387 589 perducat.
3411 527 3597 594 Itaque

2037 617 2102 668 de
2127 617 2341 670 nemine
2372 617 2788 686 desperandum,
2822 618 2926 672 nisi
2954 633 3011 671 se
3038 620 3255 688 dignum
3309 622 3601 674 arbitretur

2035 706 2101 759 de
2130 720 2237 774 quo
2272 707 2591 775 desperetur
2624 721 2833 777 ;eaqne
2876 711 3113 761 decausa
3139 708 3427 777 nem0,qni
3451 711 3601 762 novit

2035 797 2215 851 [meet
2235 799 2395 866 sapit,
2416 798 2542 852 mihi
2565 799 2606 851 si
2625 814 2813 867 parere
2837 798 2983 865 velit,
3001 800 3271 868 desperet,
3291 803 3382 855 sed
3405 803 3483 853 vel
3505 801 3601 854 bo—

2036 902 2099 940 na
2124 902 2217 956 spe
2237 882 2412 942 fretus
2438 888 2654 956 gestiat,
2673 890 2831 945 bonis
2857 890 2911 944 in
2931 890 3187 958 operibus
3202 890 3365 944 vitam
3390 907 3602 961 semper

2033 979 2278 1048 exigens,
2299 981 2382 1033 vel
2405 980 2745 1051 injegregiam
2762 980 2909 1035 illam
2933 983 3143 1036 vineam
3170 984 3391 1037 veniens
3409 987 3473 1037 ad
3499 1002 3602 1037 titt-

2034 1072 2294 1126 decimam
2327 1074 2534 1138 horam,
2564 1074 2732 1142 gratis
2782 1083 3058 1144 exspectet
3073 1076 3320 1143 accipere
3343 1090 3600 1144 quantum

2029 1164 2150 1231 jure
2172 1164 2351 1217 datum
2372 1172 2455 1218 est
2478 1164 2547 1220 iis
2587 1167 2679 1237 qui
2704 1176 2755 1219 et
2772 1182 2909 1221 onus
2932 1178 2987 1221 et
3009 1179 3198 1223 azstum
3218 1168 3319 1221 diei
3346 1169 3602 1224 tnlernnt.

2035 1254 2146 1321 Ego
2193 1256 2282 1323 qni
2320 1256 2466 1309 vitiis
2517 1270 2705 1311 omnes
2743 1268 3086 1325 antegressus
3118 1275 3262 1319 sum.
3300 1261 3363 1314 de
3389 1262 3603 1329 meipse

2035 1356 2143 1394 non
2166 1344 2470 1412 desperabo
2503 1361 2517 1411 ;
2551 1355 2603 1399 et
2632 1350 2879 1402 eamdem
2900 1349 2967 1402 ob
2991 1364 3232 1417 causam,
3259 1368 3355 1407 nec
3373 1354 3435 1406 de
3464 1370 3601 1421 quo-

2034 1447 2195 1502 quam
2229 1438 2493 1491 omuinm.
2527 1436 2680 1503 Quod
2709 1442 2910 1493 utinam
2940 1453 2992 1495 tu
3035 1458 3273 1511 quoque,
3299 1446 3387 1514 qui
3422 1448 3604 1516 lapsus

2033 1542 2096 1581 es
2122 1542 2340 1595 expers,
2375 1527 2562 1593 facias,
2593 1547 2660 1584 ne
2684 1531 2937 1599 judicans
2959 1534 3114 1600 alios,
3158 1537 3272 1604 ipse
3307 1538 3598 1606 iudiceris,

2032 1626 2089 1670 et
2117 1617 2529 1673 inexorabiliter
2571 1623 2854 1687 damnans,
2921 1627 3062 1693 quod
3120 1637 3203 1681 est
3254 1629 3306 1682 in
3356 1634 3594 1697 oraculo,

2040 1709 2222 1762 itidem
2252 1726 2280 1764 a
2303 1710 2411 1764 Deo
2438 1713 2732 1768 damneris.
2765 1714 2898 1770 Nam
2920 1722 2961 1771 si
2986 1718 3054 1773 de
3071 1721 3254 1789 seipso
3277 1738 3600 1794 quemquam

2038 1800 2324 1871 desperare
2357 1803 2497 1857 haud
2524 1816 2737 1874 parest,
2770 1824 2866 1863 nec
2901 1811 3063 1865 etiam
3086 1813 3153 1868 de
3183 1829 3453 1884 quoquam
3487 1834 3604 1873 om-

2033 1892 2184 1957 nino,
2220 1909 2321 1946 non
2348 1894 2390 1947 si
2414 1898 2645 1950 maxime
2665 1899 2731 1954 de
2768 1915 2831 1953 eo
2859 1902 3147 1972 desperent
3179 1908 3439 1973 universi,
3462 1928 3600 1980 quo-

2035 1997 2156 2035 nam
2181 1992 2337 2051 pacto
2354 1987 2418 2038 de
2432 1986 2681 2054 aliisjure
2699 1990 2821 2059 quis
2849 1992 3235 2064 desperaverit,
3251 2013 3477 2067 quorum
3502 2019 3601 2057 nec

2030 2082 2281 2128 accurate
2299 2075 2491 2131 delicta
2510 2079 2587 2133 sic
2611 2082 2783 2146 novit,
2811 2095 2868 2137 ut
2898 2085 3038 2138 mala
3071 2090 3311 2158 propria,
3349 2108 3446 2147 nec
3482 2095 3599 2163 ejus

2032 2168 2293 2235 temporis
2329 2169 2493 2224 animi
2534 2170 2869 2229 affectionem
2901 2176 2951 2231 in
2976 2180 3241 2247 quolibet,
3270 2194 3362 2239 ant
3394 2202 3481 2243 res
3510 2192 3597 2244 vel

2032 2248 2649 2319 intbsvelextrinseens
2684 2266 2762 2320 eis
2787 2268 3091 2327 accidentes
3140 2273 3163 2328 ?
3220 2277 3448 2347 ideoque
3496 2282 3600 2337 viri

2035 2344 2467 2413 praestantissimi
2494 2367 2590 2408 nec
2622 2356 2911 2426 desperant
2946 2362 3009 2415 de
3038 2361 3108 2417 iis
3139 2366 3227 2433 qui
3262 2344 3373 2421 non
3407 2372 3596 2439 despe-

2031 2448 2240 2500 rarunt.
2273 2455 2370 2495 nec
2400 2442 2557 2498 facile
2613 2448 2981 2506 condemnant
3022 2469 3041 2507 :
3076 2470 3198 2509 nam
3236 2458 3337 2512 hoc
3398 2464 3595 2517 rationi

2032 2539 2457 2603 consentaneum
2497 2548 2617 2591 esse
2666 2537 2938 2605 judicant,
2997 2546 3206 2616 seipsos
3246 2552 3463 2618 quidem
3522 2559 3599 2610 ιιιί

2032 2618 2311 2686 damnent,
2372 2624 2543 2678 sicubi
2599 2636 2793 2694 preter
2845 2631 3077 2690 oﬂicium
3140 2643 3389 2709 fecerint,
3444 2648 3601 2717 longe

2034 2715 2247 2769 interim
2277 2728 2480 2772 remota
2511 2723 2683 2777 modis
2716 2727 2967 2783 omnibus
3000 2731 3213 2789 furente
3264 2748 3453 2795 contra
3496 2715 3597 2798 nos

2034 2807 2437 2875 desperatione,
2481 2819 2537 2865 at
2570 2826 2696 2868 vero
2751 2814 3014 2881 judicium
3042 2823 3108 2879 de
3138 2826 3257 2882 aliis
3310 2841 3366 2885 ut
3415 2837 3595 2904 opifici

2033 2913 2212 2953 rerum
2261 2903 2594 2970 permittant,
2648 2907 2734 2961 cui
2772 2909 2903 2964 nihil
2942 2912 2992 2967 in
3052 2918 3212 2973 rebus
3267 2903 3465 2981 creatis
3514 2938 3597 2983 est

2032 2985 2392 3060 incognitum,
2430 2996 2625 3065 quippe
2656 2998 2966 3057 facultatem
3022 3006 3300 3074 judicandi
3333 3016 3400 3070 de
3449 3022 3597 3087 Cogi-

364 3072 721 3142 μεμνημένοι,
740 3074 846 3126 οὐδ’
863 3077 1103 3129 ὁντινοῦν
1121 3080 1569 3147 κατακρίνουσιν,
1588 3084 1708 3137 οὐδὲ
1735 3086 1919 3153 μισοῦ-

2029 3080 2327 3165 tationibus
2360 3094 2415 3139 et
2453 3090 2730 3157 conceptis
2762 3095 2944 3149 cordis
2967 3072 3147 3164 habet,
3196 3112 3254 3156 ut
3282 3106 3469 3162 beatus
3501 3072 3594 3165 ille

361 3177 467 3216 σιν.
499 3161 714 3230 Ἀπαγε
746 3164 759 3217 ι
796 3166 914 3217 οὐδὲ
966 3167 1075 3237 γὰρ
1124 3169 1375 3223 τοσοῦτον
1413 3170 1579 3241 ὁμόσε
1608 3172 1918 3247 χωρήσουσι

2025 3158 2224 3227 Paulus
2252 3173 2443 3242 inquit.
2469 3172 2592 3232 Non
2623 3179 2883 3249 judicate,
2939 3187 3015 3240 ait
3065 3158 3336 3259 Salvator.
3388 3158 3465 3252 ὲῖ

361 3254 501 3306 κατὰ
534 3255 633 3323 τῆς
668 3256 853 3325 κοινῆς
883 3256 1122 3324 φύσεως,
1160 3260 1266 3313 κᾶν
1300 3261 1327 3314 ὅ
1355 3279 1407 3314 τι
1438 3264 1588 3334 πάθῃ
1617 3262 1703 3319 διὰ
1729 3266 1919 3338 προαί-

2024 3258 2385 3327 iudicabimim‘
2414 3265 2449 3320 '.
2473 3266 2821 3339 Quapropter
2850 3275 3042 3332 ltorum
3080 3282 3344 3339 dictorum
3377 3304 3595 3361 semper

360 3359 532 3413 psatv'
561 3346 697 3398 ἀλλὰ
726 3347 825 3415 τὴν
854 3350 952 3417 μὲν
987 3350 1291 3422 μοχθηρίαν
1315 3354 1680 3423 βδελύξονται,
1712 3362 1839 3423 τοὺς
1864 3360 1920 3415 δὲ

359 3432 775 3503 ἁμαρτάνοντας
839 3439 1223 3509 δακρύσουσιν·
1288 3445 1316 3498 δ
1383 3449 1560 3500 ποιεῖν
1620 3448 1916 3522 εἰώθαμεν,

365 3527 558 3592 μέλους
589 3530 719 3596 ἡμῖν
764 3532 1076 3599 σηπομένου
1104 3538 1325 3606 πονήρῳ
1358 3538 1529 3607 ἕλκει,
1561 3537 1593 3611 ἢ
1642 3542 1803 3611 ἡνίκα
1835 3559 1921 3609 τις

302 3600 305 3601 ν
363 3618 509 3699 νοσεῖ
533 3617 641 3689 τῶν
675 3619 911 3686 μάλιστα
943 3624 1189 3691 συνήθων
1227 3600 1329 3681 ὐἱέι
1368 3600 1672 3699 συγγέιίῦνί
1703 3600 1919 3697 Ειδότες

359 3698 414 3757 δὲ
443 3706 537 3757 καὶ
578 3707 672 3760 τὸν
709 3710 937 3779 Χριστὸν
961 3714 1099 3786 ὑπὲρ
1133 3718 1242 3769 τῶν
1293 3698 1729 3791 σταυρωσάντων
1754 3727 1919 3790 εὐξάο

362 3808 546 3862 μενον,
575 3800 665 3849 καὶ
689 3798 778 3871 διᾲ
808 3803 1023 3858 πάντων
1052 3808 1318 3875 ἐνάγοντα
1352 3812 1487 3879 πρὸς
1515 3815 1804 3881 μετάνοιαν
1829 3816 1920 3871 τὸν

357 3882 562 3953 ὀλίγοις
603 3890 887 3961 ἀργυρίοις
934 3898 1095 3951 αὑτὸν
1136 3906 1479 3970 πεπρακότα,
1511 3906 1605 3958 τὸν
1652 3908 1924 3977 προδεδω-

358 3975 514 4039 κότα,
548 3978 640 4032 τὸν
701 3981 967 4051 φιλήματι
1018 3989 1465 4057 παραδεδωκότα,
1498 3994 1609 4060 τὸν,
1651 3975 1753 4051 κάν
1799 4000 1827 4052 ὅ
1866 4008 1917 4053 τι

356 4066 600 4134 γένηται,
632 4070 996 4138 διαμενοῦντα
1032 4077 1223 4129 κακόν·
1276 4079 1446 4134 ταῦτα
1472 4083 1536 4153 δὴ
1594 4087 1689 4139 καὶ
1719 4087 1787 4141 τὰ
1812 4106 1920 4143 τοι·

354 4157 496 4211 αὔτα
548 4160 654 4227 πρὸ
709 4161 1006 4232 ὀφθαλμῶν
1036 4166 1296 4237 -ἐχοντες,
1353 4170 1447 4226 καὶ
1498 4175 1750 4243 κήδονται
1808 4180 1917 4234 τῶν

354 4250 775 4323 ἡμαρτηκότων,
799 4259 894 4313 καὶ
921 4263 1225 4331 πειρῶνται
1249 4264 1576 4335 θεραπεύειν
1602 4270 1662 4324 τὸ
1689 4271 1914 4336 λυποῦν,

355 4342 449 4395 καὶ
479 4344 738 4411 γίνονται,
764 4349 860 4402 καὶ
903 4352 1239 4420 πράττουσιν
1271 4355 1488 4409 ἅπαντα
1522 4362 1657 4429 πρὸς
1689 4363 1786 4432 τὴν
1817 4363 1927 4433 ’τοῦ¹

354 4435 525 4486 κακοῦ
549 4436 721 4503 λύσιν,
756 4441 848 4493 καὶ
876 4444 1162 4513 χαίρουσιν
1206 4446 1482 4511 ἀνύοντες,
1516 4453 1609 4503 καὶ
1656 4453 1914 4509 ἀνιῶνται

356 4526 523 4596 μηδὲν
551 4530 924 4598 περαίνοντεςσ
957 4535 1203 4599 εἰκότως.
1238 4540 1300 4591 Et
1332 4543 1438 4610 γὰρ
1473 4544 1611 4611 μετὰ
1655 4547 1755 4616 τὴν
1786 4550 1915 4601 πολ-

352 4616 448 4686 λὴν
476 4620 821 4689 ἐπιμέλειαν,
849 4626 938 4676 καὶ
961 4628 1313 4699 τάλεξιτήρια
1341 4633 1632 4705 φάρμακα,
1658 4638 1718 4689 τὸ
1745 4639 1913 4693 διενο-

350 4705 510 4774 χλοῦν
547 4714 736 4779 χωρεῖ,
762 4712 878 4775 δέος
906 4715 1054 4768 ἐστὶν
1081 4718 1141 4768 οὐ
1180 4720 1395 4788 μικρὸν,
1428 4723 1503 4792 μὴ
1536 4723 1911 4795 ύπερνικῆσαν

350 4798 428 4866 τῷ
452 4800 648 4869 χρόνῳ,
679 4802 760 4863 είς
790 4806 911 4865 τοὺς
942 4808 1039 4873 τῆς
1070 4808 1429 4875 ἀπογνώσεως
1460 4814 1658 4881 βυθοὺς
1682 4820 1778 4882 τὰς
1805 4822 1913 4873 τῶν

352 4889 671 4943 ἑαλωκότων
715 4891 887 4961 ψυχὰς
918 4898 1283 4969 παραπέμψῃ,
1317 4902 1452 4971 πρὸς
1488 4904 1580 4968 οὓς
1617 4908 1789 4973 οὐδείς
1825 4928 1909 4965 πω

352 4980 623 5035 κατελθὼν
646 4983 939 5049 ἐπανῆκεν.
968 4974 1155 5050 Οὕτως
1189 4991 1239 5041 οἱ
1267 4990 1559 5061 ἀκίϐδηλον
1588 4997 1684 5065 τὴν
1706 4999 1908 5069 ἀρετὴν

350 5069 700 5135 κεκτημένοι.
746 5070 887 5123 Ἀλλ’
919 5071 998 5135 οἷς
1024 5091 1086 5141 γε
1114 5075 1318 5147 ταύτης
1350 5080 1585 5147 μέτεστι
1608 5083 1729 5152 μὲν,
1756 5104 1907 5140 νενο-

350 5156 623 5225 θευμὲνης
653 5158 699 5209 δ’
722 5156 813 5214 οῦν
846 5161 1016 5228 ὅμως,
1045 5164 1172 5227 τοὺς
1200 5168 1256 5217 ὲν
1282 5168 1581 5237 ἁμαρτίαις
1605 5175 1906 5245 κατειλημ⁴

351 5248 548 5317 μένους
570 5248 665 5317 οὐχ
687 5250 760 5313 ὡς
786 5253 1065 5321 σχετλίους
1089 5257 1439 5327 δακρύουσιν,
1462 5260 1571 5313 οὐδ’
1589 5263 1665 5323 ὡς
1689 5270 1905 5320 νοσοῦσι

345 5336 557 5397 τούτοις
581 5336 897 5404 ἀμύνουσιν,
922 5341 1041 5393 οὐδὲ
1073 5345 1472 5415 παρερχόμενοι
1500 5348 1566 5400 τὰ
1594 5353 1905 5407 συνοίσοντα

346 5426 681 5489 διδάσκουσι,
735 5430 829 5482 καὶ
879 5434 1325 5502 περινοστοῦντες
1374 5436 1628 5505 ζητοῦσιν
1681 5442 1903 5497 ὁθενοῦν

353 5514 604 5586 βοήθειαν
651 5518 863 5581 τούτοις
910 5523 1247 5591 εἰσαγαγείνο
1297 5525 1414 5580 ἀλλ’
1455 5529 1530 5592 ὡς
1583 5532 1820 5604 ἐκραγέν
1847 5553 1899 5590 τι

424 5696 443 5728 ¹
471 5695 665 5752 Matth.
698 5711 748 5763 ν,
779 5700 827 5755 Ι.

2023 3367 2308 3420 memores,
2339 3356 2604 3412 neminem
2651 3365 3034 3429 condemnant.
3072 3387 3169 3428 nec
3221 3376 3347 3432 odio
3402 3356 3593 3449 prose-

2020 3454 2280 3513 quuntur.
2318 3447 2471 3502 Absit
2493 3459 2551 3505 ut
2577 3452 2679 3509 hoc
2709 3454 2929 3512 faciant.
2967 3459 3081 3515 Non
3107 3466 3248 3519 enim
3312 3447 3592 3539 tantOpere

2021 3540 2205 3587 contra
2234 3545 2481 3589 naturam
2503 3553 2851 3597 communem
2879 3548 3032 3614 quasi
3062 3549 3196 3616 pede
3246 3554 3445 3610 collato
3496 3575 3593 3625 pu-

2020 3626 2279 3691 gnabunt,
2330 3627 2454 3682 licet
2478 3631 2527 3683 ei
2584 3633 2803 3701 quidvis
2839 3638 3043 3693 accidit
3076 3656 3137 3696 ex
3195 3644 3366 3713 ipsius
3424 3651 3587 3707 animi

2021 3715 2316 3781 proposito,
2341 3719 2435 3772 sed
2455 3720 2646 3775 vitium
2666 3724 2881 3791 quidem
2906 3729 3083 3799 ipsum
3108 3732 3586 3809 abominabuntur,

2019 3816 2307 3876 peccantes
2341 3823 2469 3863 vero
2512 3811 2830 3870 deﬂebunt:
2886 3823 3044 3887 quale
3102 3826 3358 3893 quiddam
3409 3831 3589 3890 facere

2019 3898 2425 3963 consuevimus,
2460 3916 2578 3956 cum
2615 3903 2799 3962 ulcere
2839 3910 2979 3965 malo
3016 3920 3315 3973 membrum
3366 3924 3581 3995 aliquod

2020 3996 2264 4040 nostrum
2293 3992 2579 4057 putrescit,
2609 3993 2691 4048 vel
2721 4001 2843 4065 quis
2875 4003 3110 4060 maxime
3156 3992 3470 4068 familiaris—
3495 4028 3588 4071 aut

2017 4077 2349 4147 propinquus
2377 4092 2623 4152 aegrotat.
2666 4085 2827 4142 Iidem
2850 4106 2971 4147 cum
3004 4098 3185 4151 norint
3216 4101 3493 4161 Christum
3525 4125 3587 4162 e-

2021 4168 2148 4221 tiam
2171 4183 2267 4237 pro
2285 4166 2347 4223 iis
2367 4173 2735 4242 deprecatum,
2757 4181 2845 4243 qui
2874 4196 2997 4236 eum
3020 4184 3072 4237 in
3098 4202 3313 4245 crucem
3334 4208 3585 4263 egerunt,

2015 4263 2067 4309 et
2107 4259 2356 4314 omnibus
2386 4256 2535 4314 illum
2586 4265 2762 4321 modis
2795 4267 2862 4322 ad
2893 4272 3323 4342 resipisccndum
3353 4256 3588 4340 invitati;

2019 4356 2147 4413 tem,
2178 4349 2266 4417 qui
2289 4352 2474 4417 paucis
2497 4352 2672 4423 ipsum
2699 4361 2934 4417 nummis
2954 4368 3225 4434 argenteis
3246 4373 3583 4445 vendiderat,

1947 4433 1990 4488 ι)
2020 4437 2113 4507 qui
2153 4441 2486 4509 prodiderat,
2546 4446 2662 4514 qtti-
2688 4449 2875 4504 osculo
2916 4433 3234 4527 tradiderat,
3291 4466 3382 4533 qui
3424 4433 3582 4522 deni:

2012 4544 2138 4599 que,
2157 4532 2416 4600 qttidquid
2440 4536 2654 4591 tandem
2678 4538 2847 4607 fieret,
2874 4546 3044 4600 malus
3069 4554 3245 4603 tamen
3267 4532 3586 4620 permansu-

2016 4637 2107 4675 rns
2137 4631 2254 4675 erat
2289 4639 2302 4675 :
2337 4623 2448 4678 lucc
2483 4624 2667 4693 igitur,
2689 4640 2740 4683 et
2762 4631 3068 4700 hujnsmodi
3090 4654 3214 4701 cum
3248 4655 3373 4698 ante
3402 4650 3584 4703 oculos

2013 4716 2266 4779 habeant,
2301 4726 2354 4769 et
2387 4714 2602 4772 solliciti
2651 4731 2777 4774 sunt
2806 4722 2869 4776 de
2900 4725 2964 4780 iis
2996 4728 3086 4795 qui
3136 4731 3494 4804 deliquerunt,
3529 4752 3583 4795 et

2012 4806 2381 4873 mgritndinem
2428 4823 2621 4864 sanare
2672 4824 2959 4881 conantur,
3012 4821 3299 4891 omniaque
3352 4828 3485 4883 fiunt
3527 4844 3582 4889 et

2015 4894 2325 4963 aguntmali
2376 4895 2584 4950 levandi
2614 4911 2801 4965 causa,
2849 4912 3010 4971 atque
3034 4908 3108 4959 uti
3151 4924 3209 4963 re
3256 4918 3580 4976 succedente

2013 4986 2267 5052 gaudent,
2291 4987 2363 5039 ita
2389 4986 2432 5039 si
2455 4984 2584 5039 nihil
2608 4990 2908 5057 perficiant,
2928 4990 3130 5052 dolent.
3150 4999 3223 5053 Ac
3249 5006 3437 5059 merito
3463 5012 3580 5076 qui-

2013 5077 2169 5130 dem:
2199 5090 2318 5129 nam
2340 5077 2382 5130 si
2414 5086 2534 5146 post
2558 5079 2851 5135 adhibitam
2885 5098 3067 5139 curam
3102 5089 3408 5147 diuturnam
3426 5100 3575 5151 salu-

2013 5167 2236 5237 briaque
2264 5170 2518 5236 remedia,
2553 5171 2750 5226 malum
2781 5174 3007 5232 ulterius
3028 5192 3230 5249 serpat,
3259 5200 3362 5238 non
3385 5203 3573 5255 parum

2014 5264 2297 5316 verendum
2317 5273 2420 5328 est,
2440 5277 2507 5317 ne
2525 5278 2645 5318 cum
2673 5266 2922 5333 paulatim
2942 5273 3299 5338 praevalnerit,
3319 5278 3367 5325 in
3389 5279 3575 5345 despe-

2012 5355 2240 5408 rationis
2272 5354 2503 5409 vortices
2530 5368 2907 5426 correptorum
2944 5364 3152 5418 animos
3196 5367 3467 5431 deturbet,
3513 5369 3568 5425 in

2008 5459 2145 5513 quos
2176 5446 2541 5515 prmcipitatus
2579 5463 2735 5502 nemo
2788 5467 3025 5520 unquam
3081 5457 3325 5510 emersit.
3380 5455 3454 5511 Ita
3507 5473 3567 5512 se

2006 5545 2199 5607 gerunt
2241 5536 2316 5590 illi
2343 5538 2433 5605 qui
2464 5554 2777 5608 germanam
2813 5546 3138 5614 minimeque
3165 5548 3405 5600 vitiatam
3458 5547 3570 5604 vir-
