4098 6272
557 362 665 423 495

1709 366 1757 421 lli
1774 367 1808 420 ,Χ
1823 366 1860 419 Ν
1881 363 1922 420 U
1939 363 2102 420 ΕΗΒ
2151 359 2564 418 ιἈιωιςηΑιΟ

3695 368 3799 429 ιλιι

557 482 726 527 tutem
766 474 1043 540 possident
1099 491 1113 528 :
1149 485 1201 528 at
1240 489 1328 542 qut
1374 471 1665 540 participes
1697 473 1912 541 quidem
1975 472 2110 524 illius

2228 471 2386 537 μέ).ος
2441 471 2534 521 τοῦ
2590 472 2711 523 ὅλου
2758 471 3030 540 σώματος,
3089 474 3179 526 καὶ
3237 475 3452 544 νεκρὸν,
3491 478 3583 529 καὶ
3629 479 3796 533 ἕωλον

554 573 702 627 sunt,
752 564 845 618 sed
894 564 1207 618 adulteratae
1238 573 1628 633 corruptaeque,
1675 564 2035 630 deprehensos
2072 564 2123 614 in

552 651 790 718 peccatis
821 665 924 704 non
961 651 1259 706 utmiseros
1307 652 1523 712 deﬂent,
1583 665 1678 704 nec
1717 661 1772 703 ut
1802 651 1958 718 mgris
1987 651 2116 703 sub-

552 743 794 806 veniunt,
853 741 952 796 nec
988 754 1374 809 pra-tcreuntes
1425 741 1706 810 profutura
1766 743 1976 803 docent,
2030 749 2120 793 aut

2231 563 2617 630 γεγενημένον,
2659 565 3062 634 ἁπαγορεύουσί
3117 583 3174 619 τε
3230 568 3324 619 καὶ
3367 569 3794 638 ἀπορρίπτουσι,

2227 657 2529 722 σπάραγμα
2565 659 2689 708 κυσί
2712 673 2769 708 τε
2804 658 2906 708 καὶ
2932 657 3176 727 κόραξιν
3216 659 3246 728 ἤ
3279 660 3339 712 τό
3371 676 3433 726 γε
3462 663 3793 733 οἰκειότερον

2224 746 2412 812 φάναι,
2449 745 2646 817 βρῶμα
2683 749 2956 818 δαίμοσιν·

550 834 879 904 obvagantes
902 850 1056 904 Opem
1094 838 1448 903 undecunque
1471 836 1816 902 conquirunt,
1853 851 2011 903 quam
2037 835 2115 888 eis
2170 836 2368 906 ferant,
2433 841 2524 895 sed
2588 843 2756 896 veluti
2791 843 3098 898 membrum
3189 844 3456 914 quoddam
3487 860 3516 897 a
3571 860 3796 914 corpore

550 941 668 985 toto
737 932 1003 998 avulsum,
1061 944 1113 985 et
1170 939 1475 986 emortuum
1541 933 1949 998 marcidumqnc
2006 929 2116 1000 jam
2139 930 2359 995 factum,
2403 934 2658 990 abdicant
2729 946 2890 1005 atque
2946 935 3218 1005 rejiciunt,
3262 936 3489 992 canibus
3541 947 3594 994 et
3617 942 3795 993 corvis

549 1022 978 1089 dilacerandum,
1008 1024 1092 1094 vel
1129 1024 1202 1075 uti
1241 1023 1410 1092 magis
1443 1022 1658 1092 proprie
1718 1021 1928 1089 loquar,
1963 1022 2122 1075 malis
2153 1024 2324 1091 geniis
2365 1029 2754 1082 devorandum.
2784 1028 2942 1086 Poeta
2975 1029 3444 1103 quidem‘liceret,

775 1179 788 1193 .
851 1140 1004 1208 Ipsos
1062 1149 1237 1192 autem
1292 1140 1610 1206 canibusque
1663 1139 1945 1207 avibusque

762 1211 958 1263 eunetis
985 1209 1172 1260 obtulit
1205 1212 1256 1260 in
1287 1211 1546 1276 pra’dam.

628 1303 696 1353 At
755 1316 890 1368 quos
929 1299 1198 1360 homines,
1251 1298 1527 1352 obsecro?
1569 1313 1795 1363 quorum
1833 1298 1912 1350 vel
1956 1298 2125 1350 hostis

555 1393 808 1444 misertus
841 1390 1021 1452 fuerit,
1080 1389 1336 1456 humique
1381 1387 1686 1453 jacentibus
1719 1401 1934 1439 manum
1994 1401 2120 1454 por-

553 1482 780 1535 rexerit.
843 1480 958 1533 lmo
1017 1490 1258 1532 mortuos
1311 1479 1470 1532 etiam
1527 1477 1772 1532 homines
1818 1479 2117 1530 honoribus

548 1569 767 1623 afﬁcere
793 1570 1198 1630 consuevimus,
1233 1578 1286 1620 et
1327 1569 1494 1618 nitilta
1529 1568 1772 1634 eisjusta
1809 1567 2115 1620 necessario

548 1662 908 1732 persolvimus
939 1678 952 1714 :
990 1660 1056 1712 ab
1089 1660 1290 1713 eisdem
1326 1657 1631 1711 membrum
1685 1672 1896 1725 quoque
1943 1658 2120 1709 abcis-

2455 1179 2469 1194 .
2528 1144 2754 1209 Αὐτοὺς
2787 1143 2856 1197 δὲ
2893 1145 3108 1212 ἑλώρια
3146 1144 3321 1213 τεῦχε
3361 1144 3678 1208 κύνεσσιν,

2400 1213 2665 1279 οἰωνοῖσί
2691 1231 2754 1267 τε
2783 1215 2994 1268 πᾶσιν.
3038 1253 3052 1266 .
3100 1253 3113 1268 .
3159 1254 3173 1270 .
3218 1253 3232 1267 .

2225 1299 2376 1354 εἶπεν
2427 1303 2491 1356 ἂν
2546 1305 2573 1355 ὁ
2624 1306 2871 1374 ποιητής.
2928 1305 3038 1358 Καὶ
3081 1304 3274 1368 ταῦτα,
3324 1304 3505 1371 τίνας;
3555 1303 3648 1367 οὓς
3692 1305 3792 1359 κᾶν

2225 1396 2414 1462 ἐχθρὸς
2449 1397 2677 1466 ⁴ἠλέησεν
2722 1397 3031 1466 ἄνθρωπος,
3075 1399 3170 1450 καὶ
3208 1398 3368 1466 χεῖρά
3416 1414 3480 1462 γε
3518 1400 3791 1466 κειμένοις

2225 1484 2424 1555 ὤρεξεν
2448 1486 2529 1541 ἄν.
2554 1487 2747 1538 Καίτοι
2775 1489 2864 1539 καὶ
2889 1489 3115 1557 νεκροὺς
3137 1487 3438 1556 ἀνθρώπων
3463 1488 3579 1549 ἔθος
3599 1490 3785 1558 τιμᾷν,

2226 1580 2317 1629 καὶ
2348 1579 2517 1631 πολλά
2545 1580 2612 1631 τὰ
2643 1579 2975 1648 νομιζόμενα
3001 1581 3090 1632 ἐπ’
3116 1580 3311 1642 αὐτοὺς
3345 1580 3563 1647 ἀνάγκη
3593 1579 3786 1631 τελεῖν·

2227 1672 2320 1722 καὶ
2353 1673 2511 1738 μέ).ος
2540 1663 2597 1723 δέ
2621 1673 2805 1735 αὐτοῖς
2828 1673 3056 1740 τμηθὲν,
3088 1672 3181 1726 καὶ
3207 1672 3476 1726 ἀποθανὺν
3505 1671 3628 1723 καθ’
3651 1674 3788 1724 οἱον-

547 1771 689 1818 sum,
715 1769 777 1807 ac
813 1766 1139 1820 quocunque
1178 1750 1336 1803 modo
1372 1760 1664 1813 mortuum,
1726 1763 2109 1815 nonnumquam

2219 1728 2410 1829 ¹δήτινα
2460 1728 2682 1832 τρόπον,
2727 1728 2826 1816 καὶ
2864 1728 3077 1828 ,ἐὶέέουξ
3129 1764 3225 1816 καὶ
3263 1766 3459 1832 ταφῆς,
3513 1764 3606 1815 καὶ
3656 1763 3785 1832 παρ’

549 1849 616 1902 ab
647 1847 753 1903 illis
777 1847 910 1915 ipsis
943 1845 1033 1914 qui
1072 1850 1445 1905 resecuerunt,
1480 1849 1534 1894 et
1556 1840 2110 1905 conuniserationem,

547 1951 602 1994 et
657 1939 993 2007 sepulturam
1055 1935 1441 2003 consequitur:
1508 1945 1736 2000 quarum
1777 1946 1907 1984 sane
1940 1931 2112 1999 legum

549 2031 858 2086 meminisse
883 2027 1051 2082 multo
1083 2027 1252 2096 magis
1282 2024 1566 2094 oportebat
1598 2027 1649 2077 in
1686 2023 1749 2075 iis
1781 2024 1868 2090 qui
1901 2033 1954 2075 et
2009 2022 2113 2075 viti

547 2131 669 2177 sunt
696 2132 750 2176 et
780 2123 928 2190 mgri,
969 2135 1128 2187 quam
1184 2121 1261 2176 in
1294 2116 1398 2169 illis
1430 2116 1520 2183 qui
1571 2115 1748 2167 onmis
1799 2117 1916 2182 opis
1957 2127 2113 2166 sensu

547 2221 754 2267 carent.
816 2213 999 2266 Atisti
1057 2212 1436 2279 praeelararum
1497 2209 1550 2261 in
1587 2210 1685 2261 bac
1725 2214 1880 2274 parte
1938 2206 2113 2274 legum

545 2307 957 2368 obliviscuntur,
986 2307 1075 2360 ubi
1105 2306 1272 2357 multo
1299 2305 1533 2358 maxime
1562 2303 1773 2356 illarum
1803 2298 2116 2353 meminisse

547 2397 833 2460 debebant,
868 2395 1076 2448 etiamsi
1111 2404 1425 2448 cazterarum
1461 2393 1699 2447 omnium
1736 2390 2117 2444 oblivisceren-

547 2497 679 2548 tur;
721 2502 823 2539 non
861 2502 925 2540 eo
957 2485 1218 2538 dumtaxat
1279 2487 1418 2552 quod
1457 2486 1525 2537 ita
1569 2485 1830 2536 rationem
1881 2479 2113 2532 habituri

545 2579 791 2631 vivorum
819 2589 1000 2630 essent
1061 2593 1122 2630 ac
1162 2577 1479 2644 plerumque
1517 2574 1867 2636 sanabilinm,
1928 2583 2111 2623 verum

545 2670 704 2722 etiam
743 2677 1024 2736 propterea
1070 2661 1211 2734 'quod
1244 2665 1296 2719 bi
1333 2666 1520 2719 morbo
1581 2664 1827 2718 laborent
1875 2661 2115 2714 minante

546 2777 648 2814 non
680 2761 893 2828 corpori
923 2769 1174 2820 mortem,
1205 2772 1366 2827 quam
1407 2757 1558 2809 obire
1601 2755 1909 2809 necessario
1959 2755 2112 2821 Cogi—

543 2869 686 2917 mur,
720 2851 1064 2906 accedentem
1094 2858 1285 2916 sponte
1326 2863 1443 2912 sua,
1506 2862 1703 2916 perque
1763 2848 2116 2900 resurrectiov

543 2962 666 3001 nem
723 2944 1063 3011 abolendam,
1105 2943 1196 2995 sed
1244 2943 1446 3006 animo,
1507 2940 1659 3002 cujus
1711 2948 1910 2990 aeterna
1971 2953 2114 2990 mors

544 3048 650 3102 est,
693 3052 811 3090 cum
843 3045 898 3089 et
929 3037 1041 3109 ipse
1070 3032 1140 3086 sit
1179 3042 1412 3084 atternus
1445 3046 1459 3093 ;
1507 3030 1668 3081 animi
1707 3043 1937 3096 namque
1969 3044 2109 3081 mor-
2137 3061 2176 3117 ϐ

545 3142 650 3185 tom
699 3126 997 3194 intelligere
1049 3124 1308 3177 debemus
1352 3136 1473 3176 esse
1534 3122 1857 3187 diremptqu
1895 3136 1922 3173 a
1973 3119 2102 3174 Deo.
2155 3145 2163 3149 -

543 3221 695 3288 Quod
731 3220 776 3274 si
808 3219 944 3273 Deus
979 3231 1104 3270 vera
1144 3215 1250 3267 vita
1283 3224 1383 3277 est,
1419 3213 1509 3281 qui
1562 3227 1784 3280 prorsus
1820 3211 1927 3265 Deo
1985 3226 2108 3279 spo-

543 3313 654 3367 liati
673 3320 804 3368 sunt
837 3310 1024 3373 animi,
1061 3322 1239 3360 veram
1274 3308 1438 3358 vitam
1475 3306 1792 3367 amiserunt,
1841 3305 1905 3357 ad
1942 3318 2102 3372 quam

542 3406 748 3459 reditus
779 3402 1001 3455 omnino
1032 3400 1207 3452 imllus
1236 3413 1355 3452 esse
1389 3403 1584 3466 potest.
1617 3395 1913 3463 Caeteroqui
1977 3410 2102 3448 vero

541 3511 737 3567 corpus
767 3496 854 3550 ubi
886 3502 1156 3547 umrtuum
1204 3490 1401 3578 fuerit,
1438 3498 1495 3542 ut
1558 3504 1676 3541 cum
1734 3503 1797 3541 eo
1840 3487 2102 3539 moriatur

540 3593 752 3644 animus
787 3587 900 3641 ﬂeri
935 3601 1038 3639 non
1076 3591 1285 3652 potest..
1310 3582 1374 3634 At
1423 3581 1509 3634 ubi
1546 3580 1906 3633 tristissimam
1959 3579 2100 3631 illam

541 3691 772 3736 mortem
799 3677 1091 3748 Oppctierit
1117 3677 1352 3736 animus,
1383 3673 1544 3726 etiam
1573 3686 1764 3739 corpus
1792 3672 1965 3740 ipsum
1985 3682 2105 3738 post

544 3772 994 3829 resurrectionem
1026 3767 1182 3836 quasi
1216 3774 1487 3819 mortuum
1525 3772 1576 3817 ct
1611 3764 1862 3816 miserum
1930 3763 2105 3816 modis

540 3865 790 3921 omnibus
819 3861 923 3918 erit
957 3878 970 3914 :
1002 3874 1123 3912 nam
1159 3873 1262 3927 quo
1298 3867 1455 3925 pacto
1490 3871 1576 3910 res
1611 3857 1767 3908 aliter
1805 3856 2004 3910 habere
2035 3870 2092 3908 se

541 3956 730 4022 possit,
765 3965 886 4007 cum
924 3950 975 4004 id
1005 3949 1150 4019 quod
1189 3948 1361 4018 ipsmu
1393 3961 1588 4015 corpus
1620 3946 1886 4013 ivivilicat,
1923 3960 2099 3999 veram

539 4046 726 4110 vitam,
788 4059 906 4112 qua:
939 4043 1075 4097 Dens
1116 4048 1218 4105 est,
1251 4040 1538 4096 amiserit?
1577 4037 1776 4092 Eadem
1805 4046 1883 4091 est
1904 4047 1956 4091 ct
1992 4039 2100 4092 drc-

539 4153 759 4192 monum
782 4137 954 4202 ratio;
991 4151 1111 4190 nam
1159 4152 1272 4201 eos,
1312 4134 1402 4201 qui
1456 4147 1632 4185 veram
1688 4135 1852 4183 vitam
1908 4130 2102 4183 amise-

541 4239 686 4292 runt,
719 4244 824 4282 non
848 4227 928 4281 fas
962 4236 1042 4280 est
1074 4227 1292 4280 mutatis
1345 4225 1539 4277 animis
1585 4223 1649 4273 ad
1704 4236 1821 4273 eam
1882 4220 2098 4274 redire:

539 4323 678 4392 quod
707 4321 922 4389 quidem
959 4318 1064 4370 illis
1101 4317 1143 4369 si
1193 4324 1518 4392 superesset,
1580 4308 1932 4362 consimiliter
1977 4308 2093 4360 ﬁeri

539 4383 740 4482 posset,
769 4416 825 4461 ut
855 4405 1124 4460 emendati
1193 4405 1300 4454 vita
1333 4383 1472 4477 'illai
1508 4412 1720 4468 quoque
1780 4399 2098 4466 potirentur.
2139 4409 2181 4463 ί)

607 4499 967 4571 Quamobrem
1002 4510 1150 4549 mors
1189 4492 1350 4546 animi
1387 4506 1472 4545 res
1502 4498 1585 4544 est
1611 4489 1848 4542 omnium
1873 4489 2105 4542 maxime

540 4590 916 4654 formidabilis,
971 4595 1023 4642 et
1059 4586 1147 4655 qui
1231 4583 1417 4636 morbo
1484 4581 1727 4635 laborant
1781 4580 1847 4634 ad
1905 4581 2101 4634 malum

539 4687 641 4740 boe
676 4683 956 4745 tendente,
1005 4693 1108 4732 non
1167 4683 1347 4730 mente
1403 4673 1642 4743 prmlitis
1700 4687 1818 4728 esse
1847 4672 1975 4726 odio
2011 4673 2106 4726 de-

537 4779 686 4843 bent,
731 4775 824 4830 sed
877 4768 1304 4827 misericordiam
1351 4768 1527 4836 potius
1592 4767 1807 4819 mereri.
1865 4765 1943 4818 Ae
2008 4778 2106 4831 par

537 4869 753 4935 quidem
821 4876 938 4917 erat
996 4861 1159 4916 dubio
1225 4859 1435 4928 procul,
1499 4857 1684 4924 utqui
1733 4865 1783 4908 et
1847 4856 2096 4906 virtutem

537 4967 588 5012 et
665 4956 1040 5018 vitiositatcm,
1107 4950 1368 5020 quasique
1448 4949 1604 5002 ambo
1670 4948 1817 5000 ista'c
1901 4945 2102 5010 promi-

537 5061 668 5102 scue
714 5046 1012 5116 possident,
1048 5044 1311 5098 adversus
1357 5047 1582 5094 caeteros
1617 5052 1737 5092 sese
1783 5054 1888 5090 non
1941 5038 2099 5090 cder-

536 5150 658 5196 rent
691 5140 761 5194 ob
802 5153 963 5192 unam
997 5137 1138 5190 illam
1176 5145 1382 5206 partem
1421 5132 1721 5197 meliorem,
1761 5145 1861 5184 nec
1890 5130 2099 5183 vitiosi-

535 5234 662 5288 tatis
695 5245 854 5285 causa
889 5228 1088 5284 vultum
1116 5228 1168 5280 in
1198 5237 1393 5281 terram
1417 5224 1734 5294 deligerent.
1764 5223 1830 5275 At
1861 5223 1943 5276 isti
1973 5239 2100 5276 con-

535 5319 725 5387 trario,
759 5335 920 5390 quam
953 5334 1050 5388 par
1075 5327 1214 5382 erat,
1251 5319 1410 5371 modo
1435 5330 1492 5369 se
1527 5323 1750 5384 gerunt..
1777 5311 1906 5366 Nam
1940 5327 2098 5382 prop-

534 5428 615 5470 ter
651 5411 861 5468 virtutis
889 5409 1215 5480 portionem,
1271 5417 1478 5461 tantum
1532 5421 1637 5460 non
1687 5405 1859 5473 ipsqu
1899 5405 2096 5458 cmlum

533 5503 888 5567 somniantes,
930 5501 1123 5568 graves
1153 5511 1216 5550 ac
1264 5495 1632 5549 intolerabiles
1690 5506 1836 5558 sunt,
1868 5505 2097 5551 caeteros

536 5609 630 5658 pro
658 5592 826 5647 nihilo
848 5595 1124 5655 ducentes,
1147 5589 1316 5655 ipsam
1351 5602 1476 5643 vero
1496 5587 1863 5652 vitiositatem,
1889 5603 2008 5656 quae
2043 5590 2094 5643 in

535 5685 616 5739 eis
651 5693 758 5751 est,
793 5698 892 5739 nec
924 5694 1068 5737 recte
1094 5688 1414 5749 agnoscunt,
1441 5693 1561 5733 cum
1593 5679 1661 5732 ab
1685 5693 1743 5734 ea
1771 5694 1922 5734 mens
1952 5682 2099 5749 ipso-

537 5789 656 5828 rum
687 5784 941 5839 corrupta
997 5776 1086 5841 sit,
1113 5785 1163 5830 οδ
1227 5771 1460 5840 agnitum
1503 5787 1597 5827 oro
1623 5787 1680 5826 rc
1735 5771 1834 5824 ιον·
1871 5776 2098 5836 ducunt,

2217 1853 2441 1907 ἐκείνων
2489 1853 2669 1907 αὐτῶν
2732 1855 2880 1908 ἔστιν
2927 1856 3017 1908 ὅτε
3063 1857 3170 1908 τῶν
3221 1855 3605 1923 ἀποτεμόντων
3659 1855 3786 1908 αὐτὸ

2216 1936 2495 2010 τυγχάνει.
2518 1944 2626 1998 Καὶ
2656 1945 2764 1998 ἔδει
2792 1962 2855 2013 γε
2891 1946 3198 2016 μεμνῆσθαι
3224 1945 3332 1998 τῶν
3359 1945 3540 2012 νόμων
3570 1943 3783 1997 τούτων

2218 2035 2396 2105 πολλῷ
2433 2053 2494 2104 γε
2537 2037 2743 2106 μᾶλλον
2790 2039 2881 2090 ἐπὶ
2928 2039 3035 2091 τῶν
3075 2038 3293 2102 ζώντων
3325 2053 3384 2090 τε
3435 2039 3531 2090 καὶ
3562 2036 3782 2090 νοσούν-

2216 2144 2344 2191 των,
2371 2125 2401 2198 ἢ
2429 2129 2534 2180 τῶν
2563 2129 2826 2198 μηδαμῶς
2849 2129 3259 2198 αἰσθανομένων
3283 2128 3599 2197 ἡστινοσοῦν
3658 2127 3785 2198 βοης

2218 2220 2387 2283 θείας.
2425 2221 2486 2272 Oi
2531 2220 2588 2271 δέ
2643 2221 2877 2273 ἐνταῦθα
2933 2221 3043 2274 τῶν
3098 2221 3278 2274 καλῶν
3333 2219 3778 2274 ἐπιλανθάνονται

2220 2313 2418 2379 νόμων,
2449 2310 2578 2364 ἔνθα
2611 2311 2826 2366 πάντων
2849 2311 3061 2379 μάλιστ’
3093 2312 3258 2382 ἐχρῆν
3294 2311 3629 2381 μεμνῆσθαι,
3678 2311 3772 2364 κᾶν

2219 2402 2266 2452 εἰ
2296 2402 2511 2455 πάντων
2532 2402 2666 2470 ὁμοῦ
2693 2401 2804 2453 τῶν
2836 2401 3011 2454 ἄλλων
3042 2401 3507 2454 ὲπιλανθάνοιντο·
3533 2403 3591 2453 οῦ
3622 2403 3765 2468 μόνον
3843 2433 3846 2436 λ

2220 2494 2302 2545 ὅτι
2351 2491 2572 2556 ζώντων
2599 2494 3024 2565 ἐπιμελήσονται
3047 2495 3139 2547 καὶ
3168 2492 3398 2562 ἰασίμων
3421 2493 3496 2554 ὡς
3521 2490 3772 2554 sustollit,

2216 2584 2331 2637 ἀλλ’
2364 2585 2556 2655 ὅτιπερ
2595 2586 2690 2638 καὶ
2737 2587 2891 2639 νόσον
2938 2577 3083 2638 οὗτοι
3133 2583 3403 2650 νοσοῦσιν,
3451 2582 3778 2636 ἀπειλοῦσαν

2215 2677 2272 2729 οὐ
2300 2677 2376 2746 τῴ
2409 2677 2620 2748 σώματι
2654 2677 2912 2742 θάνατον,
2945 2677 3001 2740 ὃς
3034 2679 3126 2730 καὶ
3153 2678 3448 2743 ἀναγκαζος
3480 2677 3616 2746 ἡμῖν
3643 2677 3778 2738 ἐστι,

2217 2769 2307 2820 καὶ
2343 2769 2554 2821 ἔπεισιν
2583 2769 2906 2837 αὐτόματος,
2940 2769 3036 2821 καί
3071 2785 3204 2820 ποτε
3232 2767 3527 2836 λυθήσεται
3554 2769 3620 2837 τῇ
3650 2769 3780 2821 ἀνα.

2217 2861 2426 2913 στάσει·
2458 2861 2592 2913 ἀλλὰ
2623 2863 2686 2931 τῇ
2713 2862 2879 2932 ψυχῇ,
2907 2858 2974 2932 ἦς
2999 2860 3268 2922 ἀθάνατος
3291 2862 3318 2913 ὁ
3345 2859 3575 2920 θάνατός
3605 2861 3776 2913 ἐστιν’

2217 2951 2432 3014 αἰώνιος
2459 2952 2586 3020 γάρ.
2617 2952 2812 3023 Ψυχῆς
2847 2953 2956 3021 γὰρ
2987 2952 3218 3005 θάνατον
3244 2951 3325 3003 δεῖ
3345 2953 3487 3003 νοεῖν
3515 2951 3576 3002 τὸ
3609 2967 3781 3018 κεχω-

2217 3043 2395 3113 ρίσθαι
2427 3043 2584 3096 Θεοῦ.
2630 3045 2740 3096 Καὶ
2795 3046 2896 3096 elo
2941 3042 3074 3106 Θεός
3119 3044 3266 3096 ἐστιν
3300 3043 3332 3109 ἡ
3365 3040 3596 3110 ἀληθινὴ
3645 3039 3776 3109 ζωὴν

2218 3140 2273 3189 al
2311 3139 2400 3191 τὸν
2448 3138 2582 3190 Θεὸν
2623 3136 2878 3200 καθάπαξ
2911 3135 3272 3204 ζημιωθεῖσαι
3303 3133 3476 3202 ψυχαὶ
3519 3134 3618 3202 τὴν
3650 3134 3780 3202 ἀλη-

2220 3230 2372 3300 θινὴν
2423 3230 2566 3297 ζωὴν
2601 3227 2891 3282 ἀπέὅαλον·
2929 3229 3009 3290 εἰς
3038 3229 3105 3297 ἦν
3155 3244 3216 3294 γε
3263 3226 3430 3290 πάλιν
3460 3226 3778 3277 ἐπανελθεῖν

2221 3321 2502 3390 ἀμήχανον
2539 3318 2838 3380 παντελῶς.
2879 3319 3062 3386 Χωρὶς
3110 3317 3164 3369 δὲ
3208 3317 3410 3370 τούτων
3457 3315 3774 3368 ἀποθανόντι

2223 3411 2319 3479 μὲν
2352 3409 2428 3477 τῷ
2472 3410 2684 3476 σώματι
2715 3411 2812 3462 οὐκ
2855 3409 3028 3462 ἔνεστι
3065 3408 3454 3462 συναποθανεῖν
3495 3407 3638 3474 αὐτῷ
3668 3407 3767 3474 τὴν

2217 3500 2420 3569 ψυχήν·
2454 3500 2552 3567 τῆς
2579 3501 2633 3551 δὲ
2661 3499 2840 3568 ψυχῆς
2863 3499 3187 3567 τεθνηκυίας
3223 3498 3313 3550 τὸν
3343 3497 3590 3548 οἴκτιστον
3618 3495 3761 3546 ἐκεῖ·

2217 3610 2303 3645 νον
2335 3592 2582 3656 θάνατον,
2610 3592 2704 3643 καὶ
2737 3591 2796 3643 τὸ
2825 3591 2982 3656 σῶμα
3009 3589 3145 3656 μετὰ
3175 3589 3232 3642 τὸ
3255 3586 3770 3656 ἀναστῆναιὼσιτέρ-

2219 3687 2266 3738 εὶ
2317 3684 2530 3746 τεθνεός
2564 3683 2658 3735 καὶ
2707 3683 2891 3735 ἄθλιον
2922 3684 3265 3737 παντάπασιν
3301 3682 3473 3734 ἔσται.
3513 3678 3632 3742 Πῶς
3667 3678 3774 3746 γὰρ

2214 3777 2274 3830 οὔ
2301 3796 2315 3841 ;
2345 3777 2439 3828 τοῦ
2477 3775 2872 3843 ζωογονοῦντος
2924 3775 3074 3841 αὐτὸ,
3109 3777 3170 3827 τὸ
3220 3774 3424 3842 κυρίως
3476 3772 3597 3842 ζῇν,
3633 3771 3774 3836 λέγω

2214 3868 2278 3936 δὴ
2311 3869 2399 3920 τὸν
2434 3868 2588 3928 Θεὸν,
2627 3866 3054 3929 ἀπολωλεκότος.
3092 3864 3247 3917 Οὕτω
3284 3865 3377 3917 καὶ
3411 3865 3458 3916 οἱ
3493 3862 3772 3930 δαῖμονες.

2215 3962 2342 4031 Τὴν
2371 3961 2476 4032 γὰρ
2523 3960 2784 4028 ἀληθινὴν
2813 3959 2959 4029 ζωὴν
3001 3959 3394 4021 ἀπολέσαντας,
3432 3955 3532 4008 οὐκ
3567 3955 3774 4006 ἔνεστιν

2214 4045 2530 4104 ἐπανελθεῖν
2562 4052 2639 4112 εἰς
2690 4050 2858 4119 αὐτὴν
2895 4049 3283 4118 μεταγνόντας.
3316 4048 3401 4107 Ὠς
3429 4047 3476 4098 εἰ
3503 4042 3777 4114 καὶτοῦτο

2216 4142 2430 4210 περιῆν,
2460 4139 2527 4212 ἦν
2573 4141 2637 4193 ἂν
2677 4142 2880 4208 ὁμοίως
2910 4140 3323 4210 διορθωθέντας,
3363 4138 3455 4190 καὶ
3491 4135 3587 4205 τῆς
3632 4134 3777 4203 ζωῆς

2211 4233 2428 4301 ἐκείνης
2459 4235 2834 4302 τετυχηκὲναι.

2288 4500 2346 4553 Ὀ
2372 4501 2467 4569 τῆέ
2498 4500 2677 4568 ψυχῆς
2705 4499 2810 4568 ἄρα
2841 4502 3068 4565 θάνατος
3105 4502 3165 4552 τὸ
3211 4500 3590 4569 φοϐερώτατόν
3623 4504 3774 4555 ἐστιν

2207 4595 2482 4648 ἁπάντωνο
2504 4593 2594 4645 καὶ
2623 4595 2670 4645 οἱ
2700 4595 2854 4647 νόσον
2882 4611 2944 4660 γε
2971 4593 3253 4656 νοσοῦντες
3280 4587 3360 4655 εἰς
3390 4593 3548 4646 τοῦτο
3575 4596 3774 4662 φέρω)-

2206 4706 2302 4740 σαν
2330 4687 2389 4737 τὸ
2422 4686 2592 4738 δεινὸν
2625 4687 2684 4738 οὐ
2721 4690 2968 4756 μισητέοι
3000 4687 3124 4739 νοῦν
3167 4688 3401 4758 ἔχουσιν,
3440 4687 3553 4738 ἀλλ’
3584 4686 3772 4748 ἐλέους

2203 4778 2363 4842 ἄξιοι.
2394 4771 2501 4827 Ἦν
2533 4777 2631 4846 μὲν
2677 4773 2790 4840 οὖν,
2837 4773 3009 4845 οἶμαι,
3049 4779 3324 4849 προσῆκον
3354 4777 3610 4838 ἐπιεικῶς
3644 4780 3774 4838 τοὺς

2207 4867 2576 4935 κεκτημένους
2614 4866 2714 4936 μὲν
2761 4869 2981 4938 ἀρετὴν,
3020 4869 3396 4936 κεκτημένους
3442 4867 3498 4919 δὲ
3544 4869 3768 4931 κακίαν,

2207 4956 2297 5008 καὶ
2319 4953 2428 5008 οῖον
2451 4955 2652 5024 ἀναμὶξ
2678 4941 2864 5023 ἄμφω,
2890 4958 2977 5025 μὴ·
2995 4957 3103 5008 τῶν
3134 4957 3308 5010 ἄλλων
3334 4957 3772 5026 κατεπαίρεσθαι

2204 5049 2292 5101 διὰ
2317 5049 2374 5102 τὸ
2391 5049 2752 5121 χρηστότερον
2779 5049 2964 5118 μέροςσ
2995 5050 3089 5118 τῆς
3117 5049 3170 5102 δὲ
3203 5049 3394 5112 κακίας
3425 5049 3589 5102 ἓνεκα
3619 5049 3773 5104 κάτω

2204 5143 2453 5204 κύπτειν,
2479 5143 2526 5193 oi
2556 5141 2600 5193 δ’
2629 5139 2858 5204 ἐναλλὰξ
2888 5140 3217 5211 ἐργάζονται
3251 5141 3311 5193 τὺ
3344 5140 3642 5212 προσῆκον.
3669 5141 3773 5194 Διά

2199 5235 2306 5302 γὰρ
2337 5235 2396 5286 τὸ
2427 5233 2592 5303 μέρος
2621 5231 2721 5300 τῆς
2751 5232 2979 5301 ἀρετῆς,
3004 5232 3228 5302 μονονοὺ
3255 5231 3344 5285 τὸν
3373 5231 3601 5301 οὐρανὸν
3631 5230 3773 5284 ὀνει-

2201 5323 2580 5392 ροπολοῦντες,
2618 5322 2802 5392 βαρεῖς
2832 5323 2937 5374 εἰσι
2979 5324 3071 5375 καὶ
3110 5323 3398 5393 ἀφόρητοι,
3428 5321 3596 5391 μηδὲν
3635 5323 3770 5385 τοὺς

2197 5414 2391 5476 ἄλλους
2439 5409 2580 5466 εἶναι
2616 5413 2948 5480 νομίζοντες·
2983 5413 3155 5483 αὐτὴν
3193 5413 3248 5465 δέ
3297 5413 3394 5482 τὴν
3422 5413 3622 5465 κακίαν
3665 5412 3769 5477 τὴν

2201 5506 2257 5555 ἐν
2289 5503 2470 5563 αὐτοῖς
2500 5501 2624 5554 οὔτε
2674 5500 2848 5563 καλῶς
2888 5501 3271 5568 γινώσκουσιν,
3310 5502 3403 5554 ὑπ’
3442 5501 3658 5570 ἐκείνης
3695 5517 3766 5568 γι

2197 5593 2294 5656 τὰς
2325 5595 2526 5662 φρένας
2558 5593 2944 5662 βεϐλαμμένοι,
2977 5596 3068 5646 καὶ
3098 5595 3251 5664 παρὰ
3293 5593 3497 5663 φαῦλον
3532 5594 3765 5660 ἄγουσιν

2197 5684 2568 5754 ἐγνωσμένην.
2590 5685 2698 5736 Καὶ
2720 5685 2838 5736 οὐδὲ
2865 5684 3212 5738 αἰσθάνονται
3235 5686 3404 5740 ταῦτα
3433 5688 3759 5754 πάσχοντες.

2200 5777 2300 5831 Ἢν
2333 5775 2386 5828 δέ
2415 5779 2525 5834 τοῖς
2571 5777 2752 5833 αὐτοῖς
2783 5776 3010 5840 ἐκείνοις
3047 5777 3158 5848 ἁλῷ
3188 5794 3271 5842 τις
3317 5778 3502 5840 ἕτερος
3530 5778 3763 5845 πάθεσι,
